4102 6336
812 323 849 335 ’4

298 395 392 455 657
1429 398 1662 461 SERMO
1698 395 1789 455 AD
1826 391 2390 459 CATECHUMENOS.

369 520 385 575 i
425 528 580 578 erant
620 519 873 579 Ecclesiae
909 532 1319 595 persecutores,
1347 523 1466 595 ejus
1489 523 1612 581 tacti
1639 531 1763 579 sunt
1786 518 1880 573 de-

321 608 556 649 ειιεοιες.

365 664 594 738 CAPUT
633 664 809 738 VL-j-
841 663 933 738 De,
952 667 1211 737 sepultura
1249 667 1383 738 ejus.
1406 666 1718 738 Resurrectio
1755 680 1881 735 quo-

299 735 445 789 modo
465 736 611 790 tertia
634 736 731 790 die.
778 735 1112 806 Sepulturam
1145 735 1280 792 vero
1299 737 1453 804 hujus
1481 737 1718 791 crucifixi
1759 751 1881 806 san-

297 815 438 860 cuun
487 806 684 878 indicat
726 805 1103 877 Evangelium:
1141 809 1283 878 quod
1310 817 1586 876 susceptus
1626 808 1693 862 sit
1722 805 1883 878 alo-

298 878 467 945 seplt,
493 877 880 945 obvoltttusque
919 877 1345 941 linteaminibus,
1384 894 1505 933 cum
1552 877 1880 932 aromatibus

300 947 504 1013 positus
551 947 622 1001 sit
662 948 715 1001 in
760 959 1105 1002 monumento
1131 964 1289 1003 novo.
1323 950 1493 1004 Homo
1527 949 1669 1004 enim
1712 962 1879 1002 novus

301 1019 414 1071 sine
442 1018 548 1072 ulla
576 1020 916 1085 corruptione
945 1036 1010 1073 ex
1040 1021 1240 1089 virgine
1264 1029 1587 1089 procreatus,
1621 1021 1672 1073 in
1699 1034 1881 1073 monuo

305 1097 481 1142 mento
507 1103 647 1144 novo
668 1090 872 1158 positus
900 1100 980 1144 est
1000 1132 1023 1161 ,ί
1046 1091 1096 1143 in
1125 1107 1230 1161 qtto
1259 1092 1491 1145 nondum
1542 1094 1743 1158 positus
1766 1098 1882 1143 erat

304 1167 541 1213 mortuus
567 1177 584 1215 :
613 1170 670 1214 ut
702 1162 955 1215 sanctitas
979 1160 1249 1230 virginalis
1280 1162 1415 1216 uteri
1439 1163 1488 1215 in
1517 1161 1764 1215 omnibus
1787 1175 1878 1213 or-

301 1242 518 1357 ινιτεὲ-
538 1232 998 1357 ἓὶεοιιιειιὶειιιίε
1050 1233 1368 1288 inviolabilis
1404 1232 1633 1303 sepulcri
1670 1230 1867 1303 (Joan.

301 1316 409 1357 xix.
512 1333 531 1342 -
641 1343 652 1355 .

301 1316 409 1363 xix,
433 1306 652 1371 58-52).

369 1371 427 1426 6.
470 1373 650 1428 Tertia
679 1373 764 1429 die
789 1388 819 1427 a
846 1374 1071 1429 mortuis
1099 1375 1409 1430 resurrexit.
1441 1373 1693 1443 Quamvis
1731 1371 1881 1427 multi

298 1445 472 1514 sancti
502 1444 665 1499 multa
697 1445 821 1500 hinc
847 1448 1112 1500 senserint
1145 1456 1305 1514 atque
1329 1445 1578 1500 dixerint.
1607 1442 1737 1497 Nam
1760 1445 1881 1514 qui-

305 1513 427 1567 dam
453 1518 691 1571 volentes
721 1525 828 1571 tres
852 1515 965 1571 dies
985 1526 1039 1571 et
1075 1526 1182 1571 tres
1207 1513 1389 1571 noctes
1433 1531 1601 1582 usque
1647 1515 1699 1568 in
1738 1513 1879 1568 diem

306 1584 631 1640 dominicum
660 1588 958 1657 exprimere
977 1630 993 1652 ,
1018 1602 1047 1641 a
1074 1597 1228 1641 nocte
1256 1588 1587 1656 praecedente
1615 1593 1778 1639 sextae
1805 1584 1883 1639 fe-

305 1657 420 1722 riae,
451 1668 505 1711 et
544 1659 713 1726 ipsam
744 1668 945 1712 sextam
987 1658 1168 1712 feriam
1213 1659 1589 1713 conclttserunt
1629 1657 1679 1709 in
1718 1671 1884 1710 unum

305 1727 473 1794 diem,
497 1736 554 1782 et
585 1737 791 1783 noctem
823 1727 1025 1783 sabbati
1055 1738 1109 1783 et
1134 1729 1410 1783 sabbatum
1429 1771 1441 1791 ,
1471 1736 1524 1783 et
1551 1735 1759 1782 noctem
1789 1726 1886 1782 do-

306 1798 489 1868 minici
517 1797 621 1853 diei
649 1809 702 1854 et
741 1801 912 1868 ipsum
953 1799 1093 1854 diem
1126 1800 1550 1854 resurrectionis.
1581 1799 1681 1853 Alii
1707 1807 1884 1853 autem

304 1867 374 1922 ab
405 1870 517 1940 ipsa
547 1881 693 1925 sexta
726 1867 875 1934 feria,
898 1878 952 1923 et
981 1879 1137 1924 nocte
1161 1886 1279 1940 qum
1311 1870 1481 1926 media
1504 1868 1590 1925 die
1617 1869 1753 1924 facta
1780 1878 1881 1936 est,

306 1941 592 1995 voluerunt
621 1952 728 1996 tres
753 1941 865 1996 dies
891 1950 944 1995 et
984 1952 1090 1996 tres
1126 1950 1308 1995 noctes
1333 1956 1500 2011 usque
1536 1941 1587 1994 in
1617 1941 1757 1995 diem
1785 1940 1884 1994 do-

308 2011 564 2081 minicum
595 2028 881 2081 exponere,
917 2019 1130 2081 propter
1156 2012 1302 2066 illam
1328 2012 1643 2065 sententiam
1679 2011 1885 2066 Domini

307 2080 360 2134 in
389 2080 682 2151 Evangelia
704 2083 927 2150 positam
961 2098 975 2136 ε
1011 2080 1157 2137 Sicut
1177 2084 1309 2136 enim
1324 2081 1486 2136 Jonas
1513 2083 1607 2150 fuit
1635 2083 1687 2135 in
1721 2091 1888 2136 ventre

307 2154 404 2223 ceti
422 2153 578 2207 tribus
607 2153 781 2208 diebus
807 2162 852 2208 et
884 2152 1041 2208 tribus
1066 2154 1309 2219 noctibus,
1336 2154 1405 2206 ita
1435 2163 1626 2223 Oportet
1669 2169 1773 2206 esse
1794 2151 1888 2205 Fi-

308 2222 433 2276 lium
462 2225 680 2279 hominis
704 2226 756 2278 in
783 2225 933 2279 corde
979 2235 1124 2279 terra:
1152 2225 1305 2277 tribus
1335 2222 1506 2278 diebus
1539 2232 1584 2278 et
1610 2224 1764 2277 tribus
1789 2240 1885 2277 no-

307 2294 469 2349 ctibus
513 2294 726 2363 (Matth.
760 2312 854 2363 xu,
884 2294 997 2365 40).
1029 2295 1133 2350 Sed
1174 2310 1270 2350 nos
1298 2304 1539 2349 neutram
1570 2309 1752 2349 eorum
1798 2310 1889 2365 va-

306 2373 534 2420 cuantes
577 2367 915 2433 sententiam,
955 2364 1149 2421 melius
1178 2377 1374 2431 tamen,
1406 2368 1449 2420 si
1484 2367 1675 2436 placet,
1710 2366 1760 2436 in
1807 2364 1888 2419 liis

306 2436 638 2507 spiritualem
666 2438 997 2507 requiramus
1032 2438 1355 2492 intellectum
1377 2479 1391 2502 ,
1428 2434 1692 2504 quomodo
1722 2434 1888 2507 Filius

308 2503 546 2561 hominis
588 2503 758 2563 l'tterit'
778 2511 829 2563 in
854 2509 1016 2563 corde
1041 2518 1194 2562 teme
1234 2508 1399 2562 tribus
1431 2503 1616 2562 diebus
1641 2514 1694 2560 et
1721 2506 1889 2561 tribus

310 2578 559 2648 noctibus
581 2596 593 2631 :
620 2587 729 2634 tres
746 2579 859 2634 dies
885 2583 980 2633 tria
1006 2588 1241 2647 tempora
1260 2580 1437 2634 steculi
1461 2588 1738 2648 ponentes,
1764 2586 1889 2632 ante

307 2646 534 2717 Legem,
566 2650 664 2704 sub
692 2650 851 2720 Lege,
882 2651 981 2704 sub
1022 2646 1239 2713 Gratia;
1272 2658 1326 2704 et
1375 2646 1481 2703 tres
1532 2659 1714 2703 noctes
1764 2658 1888 2709 .lres

308 2729 537 2784 mortes,
568 2720 620 2801 id
651 2730 752 2785 est,
786 2730 1315 2803 tresmmortuosquos
1336 2721 1615 2803 suscitavit
1637 2720 1888 2803 Dominus

308 2804 552 2862 praesens
582 2791 631 2845 itt
654 2807 813 2846 carne
834 2834 847 2855 ,
877 2793 1034 2846 tiliam
1064 2788 1463 2862 archisynagogi
1494 2792 1544 2862 in
1586 2791 1743 2845 domo
1773 2788 1884 2862 (Id.

308 2875 383 2933 lx.
422 2861 636 2931 18-25),
671 2863 832 2917 lilium
859 2863 1029 2917 vidum
1061 2863 1190 2917 foris
1211 2860 1459 2932 portam"
1487 2861 1637 2933 (Lucr.
1667 2877 1756 2927 vlt,
1792 2860 1887 2914 12-

310 2932 427 2999 15),
453 2941 508 2985 ει
528 2932 783 2987 Lazarum
805 2933 1223 3003 quadriduanum
1247 2934 1312 2987 de
1331 2933 1574 3003 sepulcro
1604 2932 1779 3002 (Joan.
1812 2947 1884 2994 XI,

309 3003 527 3071 14-“).
561 3003 709 3059 Unde
734 3006 873 3076 enim
904 3020 1067 3070 mors,
1098 3005 1197 3059 nisi
1220 3020 1316 3075 per
1339 3003 1653 3076 peccatum?
1684 3011 1736 3056 et
1763 3003 1887 3068 quid

307 3081 437 3127 sunt
462 3084 697 3146 peccata,
715 3075 811 3129 nisi
834 3091 1038 3145 magna:
1065 3076 1295 3130 tenebrae
1310 3092 1429 3146 quae
1454 3075 1652 3129 faciunt
1672 3089 1885 3146 gravem

308 3145 565 3216 noctem?
593 3147 664 3200 Ita
695 3162 820 3216 ergo
864 3146 963 3200 sibi
1004 3144 1352 3208 cenvenitmt,
1386 3155 1441 3200 ut
1482 3162 1616 3199 unus
1661 3144 1776 3199 dies
1822 3144 1890 3198 sit

307 3225 438 3270 ante
466 3215 684 3286 Legem,
712 3215 925 3287 quando
945 3227 1216 3286 peccatum
1242 3218 1435 3271 latebat
1463 3233 1478 3269 :
1509 3225 1563 3271 et
1588 3216 1708 3270 huic
1737 3230 1890 3269 acce-

308 3287 388 3339 dit
435 3301 538 3341 nox
582 3289 692 3352 illa,
736 3287 879 3357 quod
918 3288 1086 3356 puella
1118 3298 1324 3342 mortua
1365 3289 1417 3342 in
1463 3287 1622 3341 domo
1654 3287 1884 3355 jacebat,

309 3363 563 3427 tanquam
595 3370 862 3427 peccatum
882 3360 1014 3412 intra
1043 3359 1418 3414 conscientiam
1443 3358 1654 3412 latebat.
1688 3358 1888 3413 Secun-

308 3426 411 3499 dus
453 3429 565 3481 dies
598 3426 681 3483 sit
723 3430 829 3499 sub
867 3430 1024 3499 Lege,
1056 3431 1268 3499 quando
1311 3429 1510 3484 dictum
1553 3438 1634 3483 est
1664 3429 1885 3496 homini,

310 3495 439 3572 Non
459 3503 779 3569 concupisces
810 3495 1002 3572 (Exod.
1032 3495 1118 3563 xx,
1148 3502 1269 3572 i7);
1295 3511 1350 3556 et
1376 3510 1647 3571 peccatum
1676 3515 1890 3572 proces-

308 3568 377 3623 sit
408 3572 477 3624 ad
509 3568 776 3639 publicum
809 3568 829 3624 ε’
845 3580 899 3626 ει
924 3570 1046 3625 huic
1066 3568 1270 3626 accedit
1296 3568 1398 3626 nox
1434 3572 1539 3634 illa,
1569 3570 1711 3639 quod
1751 3572 1888 3625 lilius

306 3640 487 3712 vidua:
514 3642 641 3696 foris
682 3652 916 3712 portam,
950 3650 1196 3712 tanquam
1226 3652 1497 3712 peccatum
1528 3642 1717 3696 animm
1745 3642 1887 3712 quod

308 3709 483 3784 intus~
498 3709 711 3780 latebat,
741 3713 1004 3784 processit
1027 3709 1092 3767 ad
1119 3709 1404 3782 publicum.
1435 3714 1642 3768 Tertius
1670 3709 1785 3767 dies
1820 3714 1890 3767 sit

306 3783 413 3855 sub
445 3781 648 3846 Gratia,
677 3781 890 3853 quando
912 3783 1020 3853 jam
1063 3781 1178 3853 plus
1205 3795 1388 3855 peccat
1417 3786 1613 3849 anima,
1638 3785 1759 3855 quia
1788 3785 1890 3839 scit

307 3853 646 3926 voluntatem
678 3855 881 3909 Domini
908 3853 1219 3917 sui,ett‘acit
1241 3857 1396 3925 digna
1428 3856 1593 3926 plagis
1614 3853 1762 3925 (Luc.
1792 3871 1883 3922 xtt,

306 3922 426 3991 47),
462 3932 518 3979 ει
545 3925 646 3979 sub
690 3934 835 3980 tanta
882 3926 1203 3994 plenitudine
1231 3922 1444 3994 gratim;
1477 3922 1663 3981 m'erit'o
1704 3942 1889 3995 pecca-

307 4001 492 4049 torum
513 3995 624 4064 jam
649 4005 829 4065 putet:
862 4005 917 4051 et
949 3996 1072 4050 huic
1096 3999 1298 4051 accedit
1330 4012 1430 4051 nox
1466 3998 1548 4051 illa
1579 3997 1763 4052 tnortis
1787 3997 1890 4052 La-

307 4066 419 4138 zari
467 4068 519 4120 in
564 4068 809 4138 sepulcro
842 4067 1103 4136 jacentis,
1152 4076 1399 4138 tanquam
1439 4069 1628 4122 anima:
1658 4070 1887 4137 peccatis

306 4135 521 4190 obruto
551 4146 604 4191 et
631 4135 856 4194 fetentis.
889 4138 943 4192 In
991 4138 1072 4191 his
1118 4135 1282 4193 tribus
1329 4138 1514 4194 diebus
1553 4148 1607 4192 et
1647 4135 1887 4195 noctibus

305 4204 410 4279 [uit
449 4207 695 4264 Christus
742 4211 791 4264 in
830 4209 991 4264 corde
1028 4219 1218 4275 terrae;
1258 4209 1359 4263 hoc
1400 4221 1511 4270 est,
1551 4210 1717 4279 jacuit
1758 4211 1886 4268 ﬁdes

302 4275 513 4332 Christi
547 4281 598 4333 in
624 4280 872 4336 cordibus
896 4295 1080 4335 eorum
1114 4282 1200 4345 qui
1231 4280 1467 4335 habitant
1507 4275 1566 4334 inv
1591 4290 1747 4334 terra.
1778 4281 1885 4336 Ha-

304 4346 441 4421 bent
468 4364 599 4420 ergo
627 4351 816 4405 anima:
848 4352 898 4404 in
931 4350 1011 4404 bis
1038 4350 1224 4406 diebus
1254 4362 1308 4407 et
1341 4352 1580 4406 noctibus
1610 4361 1664 4405 et
1690 4368 1886 4421 pnece-

303 4427 397 4488 pta
430 4420 652 4493 legisret
688 4436 855 4493 voces,
884 4423 1205 4490 paenitentia:
1227 4464 1242 4487 ,
1280 4431 1336 4477 ιιι
1376 4438 1653 4491 resurgere
1681 4420 1888 4493 possint

300 4502 433 4562 eum
462 4491 694 4547 Christo.
723 4494 804 4548 Ad
828 4492 967 4546 diem
996 4501 1048 4547 et
1071 4502 1276 4548 noctem
1309 4495 1519 4547 latentis
1550 4491 1769 4562 peccati,
1802 4496 1885 4550 lex

302 4560 398 4634 illa
430 4571 516 4634 est
538 4565 818 4633 generalis,
861 4564 1009 4626 Quod
1044 4564 1129 4617 tibi
1155 4564 1266 4631 ﬁeri
1293 4581 1391 4618 non
1420 4566 1492 4619 vis
1511 4606 1525 4630 ,
1551 4560 1643 4618 alii
1668 4582 1729 4618 ne
1757 4570 1887 4634 fece-

299 4633 378 4686 ris
404 4632 558 4703 (Tob.
591 4650 665 4699 tv,
700 4636 811 4703 16).
837 4634 901 4687 Ει
930 4650 1033 4688 vox
1064 4636 1387 4702 paenitentia:
1411 4636 1525 4702 ejus
1554 4645 1655 4700 est,
1688 4632 1886 4691 Delicta

301 4704 584 4777 iuventutis
612 4716 676 4777 ret
714 4707 1013 4777 ignorantiae
1050 4721 1171 4777 mea:
1210 4722 1271 4758 ne
1306 4722 1493 4777 memor
1513 4706 1668 4774 fueris
1711 4706 1881 4775 (Psol.

301 4788 462 4848 xxtv,
493 4776 671 4848 7)._l§d
700 4775 1009 4848 sequentem
1032 4776 1170 4848 diem
1203 4775 1519 4831 manifestati
1549 4779 1768 4848 peccati,
1800 4778 1885 4834 lex

298 4844 394 4929 illa
429 4855 533 4929 est,
570 4844 689 4929 Non
713 4844 1032 4929 concupisces
1052 4847 1253 4929 (Exod.
1285 4863 1370 4929 xx,
1395 4848 1526 4929 Π).-
1549 4847 1615 4901 Ει
1645 4863 1742 4901 vox
1768 4865 1884 4919 pm-

298 4917 551 4987 nitentjze
578 4917 693 4986 ejus
719 4928 819 4982 est,
851 4916 959 4971 Tibi
987 4916 1082 4971 soli
1107 4918 1324 4987 peccavi,
1358 4927 1402 4972 et
1423 4919 1611 4971 malum
1642 4916 1811 4973 coram
1838 4931 1885 4974 te

296 4988 406 5059 feci
432 4986 663 5055 (Psal.t.,
686 4989 762 5059 6).
792 4988 870 5043 Ad
890 4989 1103 5043 tertium
1130 4989 1269 5042 diem
1301 4998 1353 5043 et
1394 4999 1607 5044 noctem
1649 4991 1757 5058 jam
1801 5005 1885 5047 se.

298 5058 472 5123 pulta;
499 5059 692 5113 anima:
722 5058 1101 5114 Consuetudine
1124 5061 1342 5128 peccati,
1369 5059 1450 5114 lex
1477 5061 1561 5114 illa
1602 5069 1716 5127 est,
1753 5060 1885 5117 Ecce

293 5143 464 5202 sanus
485 5131 650 5196 factus
669 5146 737 5191 es,
760 5133 871 5201 jam
901 5131 1004 5202 noli
1025 5147 1230 5198 peccare
1255 5130 1430 5202 (Joan.
1463 5147 1515 5194 v,
1545 5132 1654 5202 M).
1687 5132 1756 5187 Et
1782 5149 1883 5189 vox

296 5201 641 5265 tmnitentite
668 5199 783 5268 eius
809 5210 910 5267 est,
942 5199 1178 5264 Domine,
1207 5200 1362 5255 libera
1381 5199 1784 5256 animantntcant
1822 5205 1885 5258 de

292 5280 470 5325 ntorte
497 5269 670 5342 (Psal.
698 5287 839 5339 cxtv,
870 5273 961 5342 4);
988 5282 1061 5337 et,
1092 5272 1327 5326 Eduxisti
1360 5275 1423 5327 ab
1449 5274 1624 5341 inferis
1661 5276 1885 5328 animum

292 5341 667 5416 meamﬂ’sal.
696 5358 843 5405 xxix,
869 5341 945 5413 4).
967 5344 1066 5398 Ρει·
1082 5343 1181 5397 tria
1213 5344 1574 5416 ista_tempora
1604 5346 1763 5401 veluti
1792 5362 1885 5416 per

293 5419 421 5465 tres
446 5413 563 5468 dies
590 5423 873 5486 resurgunt
909 5412 1100 5486 animm
1135 5430 1253 5467 cum
1284 5412 1515 5481 Christo,
1540 5417 1731 5486 quibus
1754 5412 1885 5471 dici-

291 5489 391 5555 tur
426 5498 520 5555 per
550 5485 885 5554 prophetam,
919 5485 1199 5555 Resurgent
1221 5486 1433 5548 mortui,
1464 5496 1509 5540 et
1536 5485 1887 5542 excitabuntur

289 5554 389 5618 qui
418 5553 473 5607 in
492 5553 829 5610 manumentt's
853 5565 1001 5623 sunt,
1026 5553 1423 5609 et'exsultabunt
1457 5574 1625 5611 omnes
1658 5560 1743 5623 qui
1771 5567 1888 5613 sunt

288 5640 462 5699 super
483 5636 673 5699 terram
717 5625 862 5699 (Isai.
894 5643 1043 5694 xxVI,
1074 5627 1182 5699 l9).
1202 5626 1279 5699 Et
1316 5627 1506 5697 quibus
1537 5645 1627 5697 per
1656 5625 1885 5699 Aposto-

290 5692 440 5769 ιωῃῄ
464 5696 679 5769 dicitur,
720 5692 905 5769 Surge,
934 5692 1253 5769 qui'dorntis,
1280 5692 1559 5769 et'exsurg'e
1586 5715 1617 5752 a
1657 5692 1885 5764 mortuis,

289 5773 340 5818 et
365 5764 685 5821 illuminabit
710 5778 756 5821 te
778 5764 1006 5824 Christus
1032 5768 1243 5842 (Ephes.
1267 5785 1322 5837 v,
1357 5768 1465 5843 14).
1490 5764 1554 5824 Et
1572 5770 1682 5841 jam
1713 5788 1889 5829 resur-

359 5901 382 5935 ι
423 5906 566 5956 Juxta
588 5908 666 5956 an
688 5905 833 5969 Lugd.
854 5913 972 5959 ven.
992 5911 1124 5967 tam,
1147 5900 1331 5969 {crisin
1362 5909 1517 5969 porto.
1579 5910 1642 5958 ιι.

3457 402 3566 470 658

1985 516 2250 598 gentibus,
2404 530 2514 598 est,
2545 538 2574 577 a
2611 523 2842 595 peccatis
2868 524 3105 583 liberatis
3129 525 3278 594 dicit,
3300 526 3364 584 Si
3389 544 3563 598 surre-

1983 590 2126 641 xistis
2146 604 2258 642 cum
2286 590 2514 667 Christo,
2539 590 2651 667 quis
2674 612 2875 651 sursum
2900 606 3016 652 sunt
3037 590 3277 667 quarite,
3305 598 3392 654 ubi
3416 597 3564 655 Citrio

1985 667 2091 741 stus
2120 668 2191 739 est
2229 661 2579 741 ad_dexterant
2617 666 2712 721 Dei
2754 670 2931 723 sedens
2957 661 3174 741 (Colon.
3204 661 3281 731 tu,
3307 670 3402 737 1):
3440 670 3564 738 quia

1989 729 2242 810 Dominus
2281 732 2438 810 Jesus
2474 752 2758 810 resurgens
2784 753 2812 792 a
2855 729 3079 793 mor‘tuis
3101 779 3117 804 ,
3145 729 3565 809 assumptus-est

1987 800 2041 854 in
2070 800 2234 854 caelos
2261 813 2314 858 et
2342 805 2490 861 sedet
2515 808 2579 862 ad
2611 800 2881 864 dexteram
2913 811 3003 865 Dei
3034 800 3224 864 Patris.

2056 871 2280 945 CAP‘UT
2320 874 2427 930 Vll.
2448 909 2514 917 —
2542 880 2593 933 7.
2624 879 2853 935 Christus
2883 890 2937 933 ut
2974 882 3122 934 homo
3144 922 3159 945 ,
3184 879 3319 934 sedet
3347 880 3415 933 ad
3440 880 3563 935 ἀρπ-

1988 949 2146 1021 terant
2167 941 2444 1021 Patris;_ut
2480 948 2647 1021 Dens,
2676 951 2855 1019 ubique
2881 961 2970 1006 est.
2999 941 3242 1020 Quis-est
3276 951 3367 1021 qtti
3413 951 3564 1005 sedet

1985 1013 2052 1092 ad
2083 1013 2353 1069 dexteram
2376 1018 2585 1074 Patris?
2609 1013 3055 1076 llomo'Cbristus.
3080 1022 3210 1077 Nam
3233 1013 3560 1092 in'quantmn

1988 1081 2128 1137 Deus
2150 1125 2166 1151 ,
2193 1099 2403 1162 semper
2425 1106 2544 1162 cum
2575 1092 2729 1147 Patre
2754 1102 2808 1148 et
2846 1109 2907 1147 ex
2951 1093 3134 1155 Patre;
3167 1101 3222 1147 et
3251 1081 3462 1162 quando
3495 1094 3562 1145 ad

1987 1169 2085 1224 nos
2109 1161 2383 1224 processit,
2410 1175 2437 1212 a
2456 1161 2611 1216 Patre
2634 1180 2736 1216 non
2762 1163 2997 1218 recessit.
3030 1164 3140 1218 Hoc
3169 1174 3251 1218 est
3273 1161 3417 1217 enim
3445 1178 3562 1215 esse

1988 1223 2187 1304 Deum.
2218 1223 2573 1304 ubiqtteesse
2619 1242 2807 1288 totum.
2845 1234 3012 1289 Totus
3055 1250 3182 1304 ergo
3214 1234 3379 1289 Filius
3425 1234 3564 1301 apud

1987 1293 2219 1377 Patrem,
2251 1293 2391 1353 totus
2418 1300 2471 1377 i_u
2511 1304 2671 1369 caalo,
2700 1312 2842 1359 totus
2870 1306 2920 1358 itt
2949 1314 3088 1360 terra
3114 1293 3143 1369 ξ
3160 1314 3300 1359 totus
3327 1307 3378 1358 in
3414 1293 3563 1356 ut'ero

1987 1371 2227 1447 virginis,
2258 1377 2394 1447 lotus
2423 1371 2474 1425 in
2502 1388 2679 1447 cruce,
2712 1385 2851 1447 totus
2874 1377 2927 1429 in
2957 1377 3182 1447 inferno.
3212 1385 3353 1429 totus
3386 1377 3437 1429 in
3473 1391 3562 1443 pa-

1988 1436 2167 1491 radiso
2193 1454 2298 1515 quo
2320 1439 2578 1515 latronem
2606 1436 2911 1501 introduxit.
2936 1446 3049 1500 Non
3083 1463 3177 1515 per
3201 1447 3410 1501 diversa
3432 1436 3566 1498 tetu-

1990 1520 2117 1586 pora
2138 1509 2221 1586 vel
2248 1509 2360 1563 loca
2389 1511 2612 1586 dicimus
2637 1516 2828 1586 ubique
2849 1532 2967 1571 esse
2991 1509 3158 1572 totum
3182 1560 3196 1581 ,
3228 1528 3282 1571 ut
3310 1517 3468 1569 modo
3495 1516 3561 1567 ibi

1989 1584 2134 1653 totus
2168 1580 2257 1653 sit,
2287 1589 2340 1633 et
2367 1581 2470 1635 alio
2510 1580 2898 1653 tempore'alibi
2929 1598 3070 1644 totus
3099 1606 3111 1642 :
3144 1580 3235 1641 sed
3266 1597 3322 1640 ut
3347 1602 3565 1651 St'tttpct‘

1991 1647 2185 1730 ubique
2208 1652 2281 1730 sit
2306 1660 2464 1707 totus.
2491 1655 2544 1730 Si
2576 1647 2717 1711 enim
2746 1657 2885 1730 Deus
2916 1659 3018 1713 hoc
3045 1659 3285 1727 praestitit
3313 1647 3563 1730 htticluci

1992 1734 2110 1799 qua:
2136 1720 2342 1776 videtur
2379 1726 2577 1799 nostris
2618 1729 2948 1799 aSpectibus,
2981 1720 3222 1782 nt'sitnul
3245 1739 3349 1783 tota
3374 1728 3566 1799 ubique

1994 1794 2108 1865 sit:
2135 1806 2307 1865 neque
2346 1794 2486 1848 enim
2526 1794 2738 1865 quando
2782 1798 2865 1852 ltic
2892 1809 2990 1862 est,
3023 1801 3073 1852 itt
3111 1798 3328 1853 Oriente
3377 1798 3456 1852 vel
3482 1794 3561 1851 in

1993 1860 2111 1942 aliis
2130 1864 2368 1942 partibus
2398 1860 2656 1920 terrarum
2687 1884 2790 1922 non
2828 1879 2942 1929 est;
2976 1860 3068 1924 sed
3101 1870 3291 1942 ubique
3320 1878 3428 1921 tota
3458 1878 3562 1930 est,

1990 1940 2042 1984 et
2070 1934 2120 1985 in
2152 1934 2399 1989 omnibus
2436 1944 2542 1990 tota
2569 1948 2670 2002 est,
2701 1949 2755 1993 et
2797 1942 3032 1996 omnium
3077 1934 3263 1995 oculos
3301 1947 3475 1999 satiat,
3508 1949 3564 1992 et

1991 2002 2103 2070 ipsa
2150 2003 2373 2077 integra
2404 2019 2709 2074 perseverat
2759 2027 2771 2064 :
2830 2012 2874 2064 si
2927 2011 3027 2065 hoc
3079 2020 3251 2077 potest
3296 2019 3561 2072 creatura,

1992 2083 2191 2149 quanto
2237 2076 2462 2149 amplius
2510 2078 2622 2149 ipse
2661 2078 2919 2135 Creator‘!
2956 2081 3059 2136 Sed
3091 2080 3191 2134 hoc
3220 2080 3359 2149 quod
3397 2077 3565 2134 Filius

1993 2142 2188 2198 dicitur
2244 2146 2433 2201 sedere
2476 2142 2543 2202 ad
2588 2150 2861 2205 dexteram
2909 2153 3118 2215 Patris,
3169 2142 3567 2205 demonstratur

1991 2216 2131 2282 quod
2165 2216 2455 2292 ip_se_ltomo
2484 2234 2639 2292 quem
2666 2223 2900 2292 suscepit
2933 2222 3175 2277 Christus
3198 2262 3213 2287 ,
3247 2229 3564 2291 potestatem

1992 2287 2255 2352 acceperit
2278 2287 2581 2352 judicantis.

2018 2425 2027 2443 ἲ
2063 2354 2287 2443 ΟᾼΡρτ
2317 2357 2443 2438 Vill.
2463 2389 2534 2400 —
2623 2362 2876 2443 Adventus
2895 2361 3079 2443 Christi
3093 2362 3161 2416 ad
3170 2362 3426 2443 judicium
3444 2376 3570 2430 quo:

1992 2425 2075 2479 Iis.
2116 2426 2241 2500 Inde
2280 2429 2421 2482 enim
2454 2441 2709 2486 venturus
2739 2442 2820 2487 est
2858 2433 3097 2500 judicare
3138 2425 3285 2487 vivos
3326 2444 3379 2486 et
3420 2425 3567 2485 mor-

1996 2505 2132 2551 tuos.
2160 2497 2455 2571 adventum
2485 2501 2600 2571 ejus
2621 2503 2751 2557 liber
2775 2497 2969 2557 indicat
3012 2505 3238 2558 Actuum
3282 2501 3559 2570 Apostolo-

1993 2581 2129 2622 rum.
2160 2567 2346 2623 Postea
2387 2567 2528 2626 ettitti
2572 2589 2728 2640 quam
2770 2590 2797 2624 a
2836 2575 3058 2628 mortuis
3100 2567 3407 2633 resurrexit,
3439 2587 3568 2625 con-

1994 2650 2232 2714 versatus
2268 2650 2349 2714 est
2385 2658 2504 2695 cum
2544 2642 2816 2711 discipulis
2846 2645 2955 2698 suis
2994 2644 3338 2714 quadraginta
3377 2643 3567 2714 diebus

1993 2718 2047 2763 et
2090 2709 2433 2781 quadraginta
2476 2709 2746 2776 noctibus,
2781 2716 2985 2769 intrans
3010 2709 3062 2770 et
3091 2709 3274 2769 exie'ns
3295 2755 3308 2775 .
3339 2713 3566 2767 mandu-

1992 2793 2121 2853 cans
2160 2789 2213 2833 et
2253 2780 2454 2845 bibens,
2486 2799 2589 2837 non
2632 2786 2771 2853 quod
2806 2787 3025 2841 haberet
3054 2785 3445 2847 inﬁrmitatem,
3471 2782 3567 2838 sed

1996 2859 2051 2926 ut
2079 2850 2297 2906 doceret
2321 2855 2616 2926 veritatem.
2644 2850 3058 2926 Quadragesimo
3087 2857 3194 2921 die,
3226 2857 3353 2924 ipsis
3384 2854 3567 2926 viden-

1995 2920 2136 2998 tibus
2156 2931 2210 2975 et
2235 2924 2463 2998 quodam
2482 2926 2649 2998 modo
2668 2920 2722 2998 in
2740 2920 2942 2998 C(13le
2969 2928 3137 2982 oculis
3159 2920 3562 2998 deducentibus,

1993 2994 2277 3066 astiterunt
2305 2994 2429 3066 illis
2462 2995 2568 3050 duo
2599 2997 2692 3049 viri
2735 2997 2785 3051 in
2831 3009 2977 3053 veste
3005 2998 3121 3052 alba
3144 3039 3157 3053 .
3189 2999 3277 3066 qui
3319 2997 3568 3066 dixerunt

1992 3061 2070 3136 eis
2104 3080 2117 3116 :
2161 3061 2262 3136 Viri
2292 3064 2511 3129 Galilwi,
2542 3067 2665 3136 quid
2690 3069 2834 3121 statis
2869 3071 3112 3121 intuentes
3139 3068 3191 3120 in
3209 3061 3429 3121 caelum?
3456 3064 3563 3118 Iste

1991 3131 2143 3185 Jesus
2170 3134 2253 3202 qui
2294 3131 2579 3204 assumptus
2618 3148 2689 3191 est
2727 3140 2778 3191 in
2818 3139 2996 3192 caelum
3039 3156 3069 3190 α
3115 3138 3269 3200 vobis,
3299 3138 3369 3189 sic
3407 3137 3566 3189 veniet

1992 3204 2413 3278 quemadmodum
2456 3207 2646 3278 uidistis
2683 3225 2793 3262 eum
2827 3220 3024 3262 euntem
3056 3210 3110 3262 in
3149 3208 3326 3261 coelum
3354 3207 3501 3278 (Act.
3528 3221 3564 3268 ι,

1993 3273 2168 3347 3-H).
2198 3274 2383 3347 Veniet
2404 3292 2551 3347 ergo,
2580 3276 2771 3333 fratres
2801 3278 2925 3343 mei,
2957 3280 3130 3333 veniet
3159 3295 3171 3331 :
3202 3279 3289 3332 ille
3315 3273 3403 3347 qni
3423 3277 3567 3345 prius

1995 3346 2139 3417 venit
2181 3346 2439 3417 occultus,
2481 3349 2656 3403 veniet
2700 3350 2751 3404 in
2792 3358 3050 3417 potestate
3089 3346 3434 3411 manifestus;
3476 3347 3566 3402 ille

1992 3415 2083 3485 qui
2104 3414 2367 3489 judicatus
2394 3427 2507 3482 est,
2542 3419 2715 3474 veniet.
2753 3414 3114 3489 judicaturus;
3157 3420 3244 3474 ille
3280 3420 3369 3486 qui
3420 3419 3567 3472 stetit

1992 3496 2115 3557 ante
2159 3486 2450 3554 hominem,
2490 3486 2821 3557 judicaturtts
2868 3500 2950 3545 est
3013 3506 3226 3545 omnem
3269 3489 3560 3542 hominem.

1991 3554 2129 3628 Deus
2158 3557 2450 3628 manifestus
2481 3554 2658 3614 ueniet.
2688 3562 2822 3627 Quid
2853 3572 2953 3623 cst,
2983 3559 3121 3615 Deus
3159 3561 3451 3628 manifestus
3480 3575 3566 3612 ve-

1994 3627 2131 3699 niet?
2159 3627 2273 3682 Non
2298 3631 2434 3684 sicut
2465 3632 2636 3699 prius,
2670 3633 2829 3687 homo
2855 3633 3097 3697 humilis;
3136 3630 3230 3686 sed
3261 3627 3398 3684 sicut
3425 3631 3564 3684 Deus

1993 3696 2186 3775 homo,
2218 3696 2783 3775 majestatesublimis.
2825 3702 2887 3757 Et
2916 3703 3166 3775 judicabit
3195 3702 3213 3775 (
3233 3700 3376 3755 Psal.
3405 3715 3526 3755 xm
3545 3740 3561 3764 ,

1992 3768 2071 3839 ὅ).
2100 3768 2377 3836 Quomodo
2401 3771 2695 3841 judicabit?
2720 3774 2832 3829 Non
2860 3768 3001 3829 en'im
3037 3782 3093 3828 ut
3126 3773 3290 3842 judex
3322 3780 3564 3826 terrenus

1992 3841 2309 3909 quaesiturus
2345 3853 2427 3897 est
2466 3853 2626 3899 testes
2650 3853 2707 3899 ut
2746 3855 2797 3900 te
2839 3841 3137 3904 convincat.
3168 3852 3261 3897 aut
3284 3844 3562 3897 veritatem

1993 3925 2088 3993 per
2110 3921 2372 3993 tormenta
2390 3915 2752 3993 requisiturus
2780 3924 2834 3969 ut
2858 3918 3157 3993 conliessum
3187 3915 3406 3993 puniat;
3438 3927 3561 3993 cum

1988 3981 2150 4050 iudex
2179 3982 2361 4038 sedeat
2390 3981 2497 4053 ipsa
2524 3985 2724 4051 justitia
2744 4029 2759 4052 ,
2788 3995 2841 4040 et
2862 3988 3012 4041 testis
3037 3987 3134 4040 sibi
3172 3981 3241 4039 sit
3285 3985 3394 4053 ipsa
3424 3982 3562 4036 mala

1993 4054 2340 4126 conscientia.
2374 4055 2465 4109 Ille
2495 4056 2677 4124 judex.
2704 4057 3050 4118 dilectissimi,
3087 4071 3186 4111 nec
3209 4054 3377 4126 gratia
3425 4068 3562 4126 pra}-

1992 4124 2221 4186 venitur,
2257 4140 2360 4180 nec
2386 4127 2745 4181 misericordia
2773 4127 2882 4196 jam
2913 4127 3179 4191 ﬂectitur;
3211 4123 3565 4196 itecpectmia

1992 4196 2369 4281 corrumpitur,
2425 4213 2523 4251 nec
2566 4194 2923 4281 satisfactione
2958 4200 3244 4281 mitigatur.
3292 4195 3406 4257 Hic.
3454 4194 3560 4260 ltic,

1991 4264 2120 4338 dum
2153 4274 2358 4336 tempus
2397 4278 2499 4334 est,
2526 4269 2778 4338 quidquid
2809 4279 2977 4337 potest
3008 4264 3181 4323 anima
3208 4276 3328 4337 agat
3358 4281 3451 4334 pro
3479 4279 3561 4331 se,

1993 4335 2079 4389 ubi
2111 4337 2257 4391 locus
2285 4347 2367 4392 est
2394 4335 2771 4394 tnisericordim
2805 4335 2819 4392 ἐ
2850 4356 2969 4394 nam
3001 4340 3071 4393 ibi
3092 4338 3215 4408 qttid
3244 4335 3425 4408 prose
3443 4344 3567 4405 agat

1994 4421 2099 4461 non
2137 4407 2375 4472 habebit,
2408 4411 2528 4477 quia
2552 4411 2769 4478 justitia’.
2800 4412 2964 4465 solius
2993 4407 3139 4465 locus
3168 4410 3289 4464 erit.
3324 4407 3419 4461 llic
3442 4414 3566 4476 agat

1990 4479 2166 4549 anima
2198 4480 2583 4547 paenitentiam,
2606 4490 2661 4533 ut
2679 4482 2767 4535 ille
2789 4481 2955 4549 possit
2977 4491 3182 4535 mutare
3204 4478 3560 4549 sententiam:

1992 4546 2192 4633 biodet
2220 4565 2405 4631 panem
2427 4590 2442 4614 ,
2461 4560 2532 4633 ¹ιιι
2558 4546 2801 4633 accipiat
2810 4551 3154 4633 postmodum
3183 4551 3405 4633 salutem
3427 4566 3441 4613 ;
3478 4547 3566 4602 hic

1992 4617 2605 4690 facithmiscricordiam,
2632 4617 2692 4674 ut
2713 4622 2779 4675 ibi
2809 4617 3043 4677 inveniat
3069 4620 3469 4690 indulgentiam.

2060 4688 2285 4763 CAPUT
2333 4690 2422 4763 IX.
2448 4721 2517 4763 έ-
2538 4690 2591 4763 9.
2619 4690 2737 4746 Tres
2762 4708 3000 4763 personas
3032 4710 3136 4748 esse
3177 4688 3332 4745 unum
3377 4688 3562 4742 Deum.

1990 4758 2269 4831 Credimus
2290 4771 2342 4816 ct
2368 4762 2419 4815 ιιι
2452 4762 2703 4831 Spiritum
2737 4758 3004 4819 sanctum.
3031 4764 3282 4831 Spiritum
3322 4768 3565 4831 sanctum

1991 4832 2155 4886 Dettm
2183 4830 2409 4888 dicimus
2429 4873 2444 4901 ,
2475 4829 2572 4888 nec
2594 4844 2767 4887 tamen
2813 4834 3035 4888 dicimus
3058 4829 3265 4888 Patrem
3293 4840 3344 4885 et
3370 4829 3563 4901 Filium

1990 4912 2043 4959 et
2067 4901 2319 4971 Spiritum
2347 4900 2585 4959 sanctum
2610 4914 2717 4959 tres
2762 4904 2919 4966 deos,
2947 4904 3039 4959 sed
3079 4920 3272 4967 unmn;
3304 4900 3424 4971 quia
3463 4915 3564 4953 una

1989 4985 2072 5031 est
2098 4980 2394 5045 aeternitas,
2429 4990 2530 5029 una
2553 4974 2834 5043 majestas,
2861 4992 2961 5029 una
2994 4983 3244 5045 potestas.
3279 4974 3433 5045 Pater
3458 4985 3563 5023 non

1989 5056 2071 5101 est
2100 5043 2284 5107 Filius,
2314 5047 2407 5103 sed
2436 5046 2592 5100 Pater
2629 5041 2710 5099 est
2730 5045 2880 5111 Filii;
2917 5041 3078 5099 Filins
3108 5060 3211 5099 non
3252 5051 3333 5096 est
3373 5041 3561 5103 Pater,

1989 5117 2083 5173 sed
2110 5118 2273 5172 Filius
2298 5127 2379 5172 est
2407 5116 2609 5180 Patris;
2636 5115 2862 5185 Spiritus
2902 5124 3114 5169 sanctus
3144 5129 3241 5185 nec
3266 5115 3421 5167 Pater
3439 5119 3523 5165 est
3544 5150 3560 5177 ,

1990 5203 2090 5243 nec
2116 5188 2310 5262 Filius,
2343 5187 2437 5242 sed
2475 5184 2707 5262 Spiritus
2734 5197 2817 5241 est
2840 5187 3013 5262 Patris
3038 5195 3092 5241 et
3131 5184 3247 5262 _Filii
3271 5201 3285 5237 :
3307 5191 3417 5237 tres
3442 5196 3564 5262 per-

1988 5275 2156 5326 sonaz,
2180 5256 2272 5314 sed
2299 5274 2433 5312 unus
2474 5258 2631 5311 Deus.
2659 5256 2966 5322 Quomodo,
3000 5256 3175 5326 inquis
3198 5296 3212 5321 ,
3237 5262 3346 5309 tres
3394 5256 3561 5326 nomi-

1990 5346 2107 5398 nas,
2134 5320 2189 5385 ει
2216 5345 2376 5383 unum
2406 5327 2580 5382 dicis?
2601 5320 2834 5383 Ostende
2854 5320 2957 5381 hoc
2979 5320 3319 5398 attt_'ratione,
3351 5332 3440 5398 aut
3469 5320 3565 5376 ali-

2028 5396 2099 5456 ua
2115 5398 2499 5465 similitudine,
2534 5413 2628 5467 per
2651 5414 2808 5468 quam
2860 5396 3093 5468 intelligi
3121 5397 3285 5465 possit
3310 5396 3561 5468 quidnam

2028 5418 2092 5456 ua
2115 5418 2466 5455 Slmlllluulne
2484 5440 2499 5465 ,
2534 5418 2628 5467 per
2651 5418 2808 5468 quam
2860 5418 3080 5466 Inwlttgt
3121 5418 3285 5465 passu
3310 5418 3561 5464 qutunatu

1989 5418 2117 5527 altu!
2140 5472 2227 5525 sit.
2256 5470 2385 5537 Quae
2414 5469 2567 5533 ratio,
2597 5480 2688 5522 aut
2712 5485 2828 5536 qua:
2848 5467 3136 5522 similitudo
3166 5468 3239 5521 illi
3272 5467 3349 5522 rei
3380 5466 3564 5521 invisi-

1992 5543 2085 5597 bili
2110 5540 2402 5609 comparari
2457 5539 2669 5608 potest?
2698 5538 2796 5593 Det
2840 5548 3012 5592 tamen
3048 5539 3255 5594 veniam
3286 5538 3399 5605 ejus
3434 5551 3564 5609 nta-

1988 5614 2155 5684 jestas
2179 5654 2193 5675 ,
2226 5608 2345 5679 quia
2386 5610 2613 5684 aliquam
2645 5610 3039 5684 similitudinem
3077 5626 3193 5681 quae
3239 5608 3469 5684 occurrit
3498 5621 3564 5684 e_x

1993 5676 2108 5753 ejus
2133 5676 2370 5737 creatura
2404 5676 2550 5749 ponit
2588 5690 2763 5753 nostra
2786 5676 3387 5753 inlirntitasfpergquam
3417 5676 3565 5753 intel-

1994 5749 2157 5826 ligere
2188 5752 2351 5826 possit
2376 5760 2551 5805 vestra
2571 5752 2977 5826 Δ(ζιιιιιίιιιιιε,Νιςιι
3003 5749 3141 5826 enim
3179 5750 3266 5826 ille
3296 5749 3567 5826 permitto:

1996 5814 2112 5892 ret,
2139 5814 2256 5894 quis
2281 5830 2519 5894 nostrum
2550 5822 2617 5894 de
2661 5822 2775 5891 ejus
2820 5822 3092 5894 divinitate
3126 5821 3266 5894 loqui
3296 5814 3567 5894 auderet}

1995 5887 2113 5955 Non
2130 5887 2283 5953 v'acat
2303 5892 2446 5966 quod
2467 5893 2643 5953 omnis
2669 5887 2915 5951 creatura
2942 5893 3178 5963 subjecta
3195 5887 3275 5949 ἰιι
3296 5887 3566 5959 Creatori;
