4102 6336
453 470 585 528 test?
600 469 656 527 Si
677 481 853 527 autem
876 469 1083 525 videbat
1103 482 1225 524 eum
1243 466 1471 540 Moyses,
1494 466 1619 538 quid
1636 477 1716 523 est
1740 468 1881 540 quod
1902 469 2043 524 idem

454 544 569 613 ipse
592 552 709 610 post
734 542 1003 612 paululum
1027 555 1122 610 pro
1148 538 1343 613 magno
1368 540 1515 613 petit,
1542 548 1600 593 et
1621 540 1768 603 dicit,
1793 538 1854 613 _Si
1880 541 2047 595 inveni

457 611 675 680 gratiam
695 611 811 667 ante
832 624 905 677 te,
934 612 1135 666 ostende
1161 612 1283 665 mihi
1305 611 1481 679 faciem
1507 619 1683 675 tuam;
1713 618 1765 664 et
1793 611 2055 667 Dominus

454 671 531 740 illi
554 727 568 748 ,
600 683 780 737 Facies
805 671 1005 752 quidem
1027 699 1137 735 mea
1162 698 1261 735 non
1288 671 1531 734 uidebitur
1553 682 1638 735 tibi
1661 671 1679 733 ἓ
1705 698 1803 734 non
1826 683 1957 734 enim
1973 683 2046 735 vi-

457 755 594 809 debit
621 758 733 826 quis
754 756 933 826 facient
960 771 1121 807 meam
1146 762 1190 806 et
1209 753 1383 826 ~tn'vet?
1412 752 1506 826 Ubi
1537 752 1769 826 estillud
1797 752 2046 826 quodvi-

455 823 649 881 debat?
670 826 736 880 Et
755 823 798 879 Si
821 826 1053 887 videbat,
1075 839 1173 878 cur
1191 823 1528 878 desiderabat
1547 823 1731 878 videre
1745 824 1885 893 quod
1909 823 2048 879 vide-

456 896 586 952 bat?
618 901 685 949 At
715 897 983 965 quomodo
1015 895 1086 948 illi
1113 895 1405 965 negabatur
1431 893 1483 947 id
1516 894 1654 963 quod
1681 895 1786 965 jam
1819 894 2045 965 demon-

456 964 758 1022 strabatur?
790 968 1014 1021 Exercet
1040 964 1306 1035 ingenium
1329 966 1635 1034 quzerentis.
1659 964 1883 1018 Videbat
1904 964 2049 1035 Moy-

458 1052 547 1092 ses
580 1038 744 1092 Deum
780 1053 882 1091 nun
909 1037 1077 1091 oculis
1108 1036 1398 1105 corporeis,
1427 1036 1521 1090 sed
1544 1036 1711 1090 oculis
1736 1037 1947 1090 mentis.
1978 1036 2048 1091 Et

456 1109 580 1179 quia
610 1109 695 1161 lux
722 1109 805 1161 illa
839 1116 1120 1177 perpetua,
1154 1122 1271 1177 qua:
1304 1108 1441 1179 Deus
1470 1116 1570 1171 est,
1597 1106 1863 1179 pluscqu
1887 1121 2046 1179 quam

457 1176 683 1233 (Steteros
714 1176 1069 1233 illustraverat
1089 1218 1103 1242 ,
1153 1179 1273 1231 ideo
1301 1177 1500 1231 dictum
1533 1186 1645 1240 est,
1699 1176 1769 1229 0s
1794 1177 1863 1229 ad
1887 1195 1942 1229 os
1972 1178 2049 1232 Io-

456 1249 700 1319 quebatur
724 1249 803 1302 illi
824 1265 840 1301 :
861 1264 923 1304 ac
944 1250 987 1304 si
1017 1249 1300 1310 diceretur,
1330 1249 1455 1301 Plus
1474 1248 1720 1301 omnibus
1743 1248 2048 1319 manifesta-

455 1317 542 1374 tus
573 1328 654 1374 est
685 1321 776 1373 illi.
807 1320 862 1374 lu
902 1335 967 1375 eo
1008 1328 1183 1373 autent
1213 1318 1354 1390 quod
1385 1318 1585 1373 dictum
1617 1330 1697 1373 est
1719 1360 1731 1383 ,
1766 1317 1885 1373 Non
1915 1320 2049 1373 enim

456 1390 568 1459 quis
617 1391 798 1460 poterit
827 1390 993 1444 videre
1041 1391 1219 1461 faciem
1261 1407 1425 1443 meant
1463 1400 1509 1443 et
1551 1391 1742 1455 vivere;
1774 1402 2045 1445 ostensum

456 1468 540 1514 est
569 1462 836 1516 neminem
872 1462 951 1516 his
979 1461 1148 1515 oculis
1169 1461 1441 1531 corporeis
1476 1461 1638 1515 Deum
1667 1476 1820 1529 posse
1843 1461 2044 1515 videre.

458 1531 595 1595 Quid
645 1540 822 1585 autem
873 1547 1187 1587 concessum
1245 1534 1313 1585 sit
1361 1531 1666 1585 fidelissimo
1710 1532 1906 1586 famulo
1954 1531 2047 1585 Dei

459 1597 662 1673 Moysi,
698 1618 764 1657 ne
795 1613 898 1656 tam
930 1618 1176 1673 maguum
1211 1603 1327 1670 ejus
1352 1602 1674 1656 desiderium
1707 1602 1757 1656 in
1801 1603 2049 1658 omnibus

459 1670 829 1737 fruStraretur,
859 1670 1201 1729 debct'nosse
1238 1674 1478 1727 Charitas
1506 1681 1697 1726 vestra.
1732 1674 1935 1727 Dictum
1968 1682 2051 1728 est

459 1742 591 1797 illia
636 1744 879 1809 Domino,
900 1746 1038 1798 sicut
1071 1744 1254 1798 eadem
1294 1744 1565 1813 Scriptura
1612 1753 1827 1799 narrat:
1870 1744 2045 1809 Vade,

460 1814 675 1885 ascende
702 1831 853 1883 super
879 1826 1070 1885 petram
1112 1816 1164 1868 in
1205 1814 1404 1880 Horeb,
1435 1824 1479 1867 et
1513 1823 1590 1868 sta
1627 1815 1727 1877 ibi;
1770 1825 1814 1867 et
1842 1816 2049 1870 transiet

459 1883 666 1938 claritas
686 1902 795 1937 mea
821 1883 937 1938 ante
952 1896 1017 1947 te,
1038 1896 1084 1939 et
1116 1887 1392 1957 posteriora
1417 1885 1733 1957 nteaividebis
1756 1901 1774 1938 :
1796 1887 1949 1957 facies
1965 1903 2050 1953 au-_

463 1957 1073 2029 t_e_m_m_eanoutvidebitur
1091 1958 1177 2010 tibi
1195 1955 1379 2029 (Nunt.
1409 1971 1507 2021 xu,
1526 1956 1578 2015 8.
1598 1966 1643 2009 et
1666 1955 1835 2010 Exod.
1862 1972 2045 2023 χχχιιι,

461 2024 669 2097 15-25).
700 2026 777 2080 Ne
810 2025 948 2081 forte
986 2024 1237 2096 subrepat
1267 2042 1548 2097 pervorsus
1584 2028 1915 2092 intellectus,
1959 2037 2050 2082 aut

459 2095 747 2168 ha'reticus
765 2112 976 2162 sensus,
996 2107 1049 2151 et
1068 2095 1215 2168 putet
1236 2095 1354 2166 quis
1379 2099 1541 2151 Deum
1570 2114 1687 2151 esse
1708 2096 2045 2167 corporeum,

458 2166 643 2240 vigilet
678 2170 770 2240 pia
804 2168 935 2240 ﬁdes
955 2176 1017 2240 et
1041 2166 1301 2223 catholica
1331 2169 1592 2222 doctrina.
1645 2166 1876 2240 MystiCis
1905 2171 2047 2223 enim

460 2236 645 2305 ﬁguris
677 2238 911 2305 loquitur
937 2238 1116 2293 divina
1144 2240 1439 2307 Scriptura,
1480 2236 1710 2293 servans
1727 2242 1886 2294 rebus
1916 2250 2050 2294 tem-

461 2321 625 2379 pora,
656 2310 844 2377 quibus
871 2309 1157 2379 recognitis
1183 2309 1461 2364 manifesta
1502 2319 1749 2363 exerceat
1786 2310 2044 2365 veritate:

461 2378 712 2450 quoniam
745 2394 842 2433 nec
887 2379 987 2432 hoc
1006 2378 1164 2434 vacat
1192 2396 1218 2432 a
1260 2382 1513 2450 mysterio
1538 2422 1551 2445 ,
1599 2380 1740 2450 quod
1785 2381 1836 2434 in
1868 2393 2049 2436 monte

460 2446 827 2522 Horeh_super
859 2460 1058 2518 petram
1085 2452 1266 2519 jussus
1295 2446 1377 2505 est
1403 2446 1696 2505 ascendere
1725 2450 1961 2522 Moyses,
1993 2461 2047 2507 et

462 2526 628 2594 stare.
652 2518 774 2594 Ipsa
794 2521 994 2594 cstilla
1011 2532 1177 2594 petra,
1203 2536 1322 2590 qua:
1342 2536 1586 2594 percussa
1616 2518 1862 2594 produxit
1885 2536 2047 2591 aquas

460 2590 661 2714 Bupqu
693 2591 889 2645 sitienti
926 2590 1121 2661 (Exod.
1148 2608 1275 2654 xvu,
1317 2593 1371 2662 6)
1401 2610 1413 2645 :
1443 2591 1510 2645 de
1531 2590 1649 2661 'qna
1677 2592 1805 2645 dicit
1833 2590 2048 2647 sanctus

513 2661 650 2714 avid.
675 2660 903 2714 Disruot't
925 2672 1137 2714 petram.
1157 2672 1200 2714 et
1219 2664 1471 2714 ﬂuxerunt
1490 2678 1634 2714 aqua:
1650 2666 1664 2714 ι
1676 2661 1815 2714 Psal.
1839 2679 2044 2714 Lxxvu.

513 2661 650 2732 avid,
675 2660 825 2715 Disru
832 2663 903 2731 pit
924 2660 1137 2732 petram,
1157 2672 1200 2716 et
1216 2660 1471 2732 ﬂuxerunt
1490 2660 1634 2732 aqua:
1650 2661 1815 2731 (Psal.
1839 2679 2044 2729 Lxxvn,

459 2729 577 2801 20).
610 2729 896 2802 Apostolus
923 2729 1100 2787 autem
1127 2729 1401 2802 exponens
1433 2729 1625 2788 Itoc'ait
1646 2729 1667 2787 ί
1687 2732 1867 2787 Patres
1889 2735 2047 2787 nostri

463 2816 629 2876 escam
672 2804 987 2876 spiritualem
1029 2804 1459 2876 manducauermtt
1483 2845 1496 2868 ,
1532 2814 1577 2857 et
1607 2805 1833 2876 eumdem
1876 2814 2047 2876 potum

463 2872 782 2933 spiritualem
800 2873 1046 2928 biberunt.
1081 2874 1325 2929 Bibebant
1348 2876 1480 2929 enint
1511 2876 1572 2946 de
1594 2872 2050 2946 spiritttaliiconse-

537 2951 645 3017 cute
667 2960 754 3017 eos
791 2955 933 3015 petra
957 2961 975 2999 .'
1002 2955 1144 3017 petra
1170 2956 1338 3001 autem
1372 2955 1479 3017 erat
1508 2944 1738 3017 Christus
1769 2946 1811 3016 (Ι
1836 2945 1954 3001 Cor.
1987 2962 2044 3014 ιι,

515 3012 934 3086 ειῦληίιρετιὲυηι
956 3012 1041 3070 illa
1066 3018 1360 3085 posteriora
1384 3016 1499 3079 Dei,
1524 3012 1903 3071 Christus'Dei.
1938 3012 2049 3072 Hoc

461 3083 830 3157 vidit‘anses
872 3083 1271 3156 prophetando,
1313 3087 1455 3157 quod
1494 3088 1690 3141 Paulus
1718 3088 1935 3155 exponit
1962 3088 2043 3142 di-

463 3155 673 3228 cendo:
705 3155 832 3210 Cum
874 3155 1038 3224 venit,
1082 3158 1285 3227 inquit,
1315 3155 1573 3227 plenitudo
1618 3159 1889 3228 temporis,
1912 3161 2048 3214 misit

462 3223 605 3314 gens
647 3226 836 3314 Filiam
883 3223 1031 3314 suum
1059 3223 1247 3301 factum
1272 3223 1595 3314 lebnntutiere
1639 3223 1834 3314 (Galat.
1861 3245 1933 3313 tv,
1967 3228 2044 3314 4).

463 3295 737 3368 Mulierem
760 3298 845 3352 hic
873 3301 1039 3368 ponit,
1059 3295 1505 3355 consuetudinem
1528 3295 1747 3355 servans
1769 3295 2047 3357 locutionis

464 3366 717 3440 llellrtl‘m,
749 3366 1079 3439 quaeomnes
1106 3370 1332 3426 feminas
1358 3372 1610 3426 mulieres
1638 3372 1889 3440 appellat.
1915 3372 2046 3427 Nam

462 3439 720 3509 scriptum
751 3450 877 3512 est,
897 3440 1103 3496 Servate
1142 3443 1375 3496 mulieres
1410 3458 1522 3512 qua:
1556 3439 1783 3496 nondum
1806 3459 2050 3512 cognove-

464 3522 584 3561 runt
612 3512 771 3583 t_virum
800 3510 986 3583 (Nam.
1028 3528 1153 3567 xxxr
1173 3554 1188 3578 ,
1222 3513 1312 3580 l8)
1339 3531 1352 3566 :
1385 3510 1437 3567 et
1465 3514 1532 3567 de
1569 3514 1680 3582 ipsa
1709 3513 1816 3583 Eva
1847 3510 2045 3569 dictum

469 3588 584 3654 est,
601 3579 995 3654 Formatiit‘eam
1016 3584 1068 3636 in
1088 3579 1350 3638 mulierem
1371 3583 1526 3654 (Gen.
1540 3579 1602 3649 u,
1618 3580 1730 3654 22);
1758 3594 2046 3654 antequam

464 3648 609 3725 illam
629 3653 767 3725 _\‘_i_t:t
802 3650 1191 3725 coniungeret,
1234 3648 2013 3725 eam,'mulierem'appellavit.

486 3737 491 3741 '
537 3722 761 3776 CAPUT
801 3723 887 3777 IV.
915 3722 991 3764 1-
1017 3722 1073 3779 1.
1106 3725 1291 3781 Christi
1319 3724 1590 3780 Nntitvitas.
1614 3722 1968 3781 Fide—samem
1993 3736 2049 3782 et

464 3792 793 3866 veritasboc
819 3795 1092 3864 przedicat,
1121 3796 1262 3866 quod
1290 3794 1533 3850 Christus
1558 3797 1628 3849 sit
1657 3806 1813 3849 natus
1842 3813 1907 3850 ex
1933 3801 2043 3852 vir-

464 3862 608 3988 gine.
636 3863 724 3919 Sic
752 3862 1035 3935 accepistis
1056 3907 1069 3929 ,
1097 3862 1174 3922 sic
1204 3882 1298 3920 vos
1330 3867 1552 3922 credere
1573 3867 1808 3930 dixistis,
1848 3868 2044 3922 Credo.

517 3949 594 3988 tec
620 3936 865 3988 nativitas
894 3938 985 3988 Dei
1007 3949 1059 3988 et
1081 3938 1313 3988 hominis
1338 3938 1471 3988 facta
1492 3948 1574 3988 est
1593 3952 1753 3988 causa
1777 3938 2005 3988 hominis
2030 3959 2044 3988 ε

517 3949 594 3989 tec
620 3936 865 3990 nativitas
894 3938 985 3990 Dei
1007 3949 1059 3992 et
1081 3938 1313 3993 hominis
1338 3938 1471 3993 facta
1492 3948 1574 3992 est
1593 3952 1753 3993 causa
1777 3938 2005 3995 hominis
2030 3959 2044 3995 :

462 4005 798 4077 ut_sublimis
823 4007 909 4061 illa
934 4008 1179 4077 Majestas
1218 4010 1514 4077 procedens
1538 4023 1605 4064 ex
1633 4009 1798 4063 corde
1837 4010 2009 4065 Patris
2030 4053 2042 4073 ,

463 4073 768 4150 infunderet
793 4092 852 4132 se
891 4080 940 4150 in
969 4073 1121 4133 utero
1149 4073 1362 4146 matris,
1409 4095 1566 4133 causa
1592 4080 1769 4149 exegit
1799 4081 2043 4150 pietatis;

466 4154 525 4227 nt
555 4147 714 4227 homo
741 4148 1067 4227 inveniretur
1096 4150 1328 4227 perditus
1348 4193 1363 4217 ,
1410 4152 1604 4227 et__Deo
1633 4147 1774 4204 Patri
1801 4147 1909 4227 iper
1933 4152 2045 4207 Me-

464 4214 726 4272 diatorem
762 4214 1131 4274 restitueretur
1152 4214 1415 4276 inventus.
1444 4220 1571 4274 Mira
1602 4232 1776 4275 tamen
1806 4214 1919 4275 haec
1949 4237 2044 4275 na-

464 4287 645 4342 tivitas
670 4289 922 4354 secunda,
947 4290 1137 4345 fratres
1179 4291 1531 4345 dilectissimi.
1585 4291 1850 4346 Caeterum
1902 4292 2045 4348 illam

462 4359 691 4429 primam
734 4375 836 4427 qua
867 4361 934 4413 de
977 4361 1131 4415 Patre
1177 4371 1331 4417 natus
1372 4372 1456 4417 est
1483 4362 1597 4416 sine
1641 4362 1815 4430 aliqua
1843 4373 2043 4427 matre,

463 4430 584 4503 quis
623 4431 933 4503 euzn-rabit?
962 4431 1018 4485 Si
1053 4433 1188 4488 hanc
1215 4447 1317 4486 non
1348 4447 1633 4503 possumus
1656 4434 1952 4503 explicare,
1981 4435 2046 4488 il-

462 4499 568 4553 lam
601 4502 813 4569 quando
856 4504 1096 4558 valemus
1138 4504 1224 4559 vel
1262 4499 1550 4559 inchoare?
1595 4503 1650 4560 Si
1682 4499 1796 4558 haec
1834 4505 1903 4558 ita
1949 4520 2048 4561 nos

464 4580 699 4637 exercet,
729 4583 785 4626 ut
806 4572 923 4646 fidei
955 4574 1043 4628 det
1070 4574 1243 4629 locum
1267 4590 1281 4640 ;
1315 4576 1459 4629 illam
1485 4575 1697 4644 quando
1717 4576 2042 4646 attingimus,

462 4657 622 4715 quam
652 4644 934 4715 neccorda
964 4653 1248 4713 potuerunt
1272 4646 1725 4715 comprehendere
1752 4644 2046 4715 Propheta-

462 4713 621 4768 rum?
650 4716 723 4768 De
762 4714 859 4769 hac
886 4723 1061 4769 tamen
1098 4715 1330 4771 secunda
1373 4713 1505 4772 mira
1535 4726 1589 4771 et
1612 4713 1871 4772 ineffabili
1905 4718 2051 4773 dica-

463 4799 585 4839 mus
623 4785 821 4857 aliquid
844 4827 857 4850 ,
897 4786 1036 4857 quod
1080 4786 1276 4842 factum
1299 4796 1383 4843 est
1410 4803 1509 4857 pro
1533 4788 1710 4853 nobis,
1740 4797 1796 4842 ut
1817 4788 2047 4844 Verbum

463 4869 590 4929 caro
620 4854 802 4921 ﬁeret,
834 4869 888 4911 et
916 4854 1179 4914 habitaret
1223 4861 1278 4913 in
1320 4854 1474 4913 nobis
1505 4858 1680 4929 (Joan.
1710 4874 1748 4923 ι,
1779 4861 1889 4928 14).
1920 4860 2050 4927 Quis

462 4927 603 4981 enim
637 4942 740 4981 non
766 4939 1116 4997 expavescat,
1147 4944 1266 4985 cum
1298 4929 1443 4984 audit
1473 4927 1642 4985 Deum
1687 4927 1910 4984 uatum?
1938 4937 2048 4985 Au-

464 5070 628 5141 Alvus
654 5072 901 5124 tumescit
922 5071 1159 5141 virginis,
1190 5070 1477 5126 claustrum
1502 5071 1718 5140 pudoris
1734 5081 2046 5141 permanet:

466 5138 716 5212 impletur
754 5150 941 5212 uterus
986 5138 1173 5196 matris
1217 5144 1331 5196 sine
1379 5143 1485 5195 ullo
1505 5138 1805 5212 complexu
1849 5145 2045 5212 patris,

463 5210 624 5264 sentit
653 5211 853 5279 prolem
880 5227 998 5281 qua:
1020 5226 1078 5266 se
1100 5214 1375 5282 ignorabat
1395 5210 1698 5282 conjugem.
1728 5210 1962 5282 Angelus
1982 5214 2049 5268 ad

463 5282 718 5353 virginem
743 5283 995 5353 loquitur.
1021 5298 1049 5336 a
1081 5286 1282 5353 virgine
1307 5298 1403 5338 cor
1428 5293 1774 5352 pra'paratur,
1806 5282 2052 5340 Christus

426 5351 568 5434 ,ηας
609 5351 1185 5434 concipiiur._Miraris
1217 5354 1367 5409 lucc?
1416 5351 1606 5434 Adhuc
1650 5353 1867 5434 mirare.
1909 5355 2054 5434 Parit

463 5429 633 5501 mater
656 5433 709 5477 et
733 5424 900 5494 virgo,
924 5425 1029 5501 feta
1051 5434 1106 5501 et
1130 5427 1322 5501 intacta
1351 5444 1364 5478 :
1400 5428 1633 5479 nascitur
1654 5424 1792 5501 fili_us
1814 5428 1930 5481 sine
1956 5428 2053 5482 ho-

464 5494 607 5573 mine
636 5503 818 5573 patre,
849 5496 939 5564 qui
972 5494 1097 5573 fecit
1120 5507 1173 5551 et
1220 5498 1386 5566 ipsam
1433 5507 1677 5573 matrem.
1712 5496 1907 5573 Factor
1930 5513 2051 5552 om-

462 5566 607 5644 nium
632 5566 692 5617 iit
716 5566 1059 5644 inter_om_nia
1088 5586 1101 5622 :
1127 5578 1375 5644 portatur
1401 5568 1644 5644 manibus
1665 5570 1851 5623 matris
1876 5578 2053 5625 rector

460 5635 625 5709 totius
651 5635 794 5689 orbis
819 5654 831 5688 :
865 5636 1051 5709 lambit
1088 5640 1252 5693 ubera
1275 5683 1289 5707 ,
1322 5653 1514 5709 regens
1544 5639 1723 5694 sidera
1750 5658 1762 5693 :
1793 5649 1957 5705 tacet,
2001 5650 2054 5695 et

463 5703 699 5759 Verbum
739 5715 838 5760 est.
867 5705 1101 5781 Necdum
1147 5725 1243 5780 per
1278 5703 1516 5781 liug'uant
1552 5726 1611 5765 se
1657 5703 2056 5781 demonstrabat

459 5792 580 5845 quis
611 5786 788 5841 esset,
815 5787 868 5831 ct
895 5778 1413 5836 univerSa'creatura
1456 5784 1611 5835 suum
1644 5778 2055 5839 natum'iudieat

457 5846 786 5907 Creatorem.
819 5850 1007 5923 Angeli
1034 5854 1337 5924 pastoribus
1362 5847 1708 5923 annuntiaut,
1757 5855 1915 5914 stella
1940 5856 2052 5914 Ma-

1874 353 1965 411 ns
2003 350 2337 429 svueow.

3638 354 3745 413 664

2188 483 2250 525 os
2274 469 2496 541 invitat:
2520 466 2789 541 rusticitas
2816 475 3091 541 pastorum
3129 466 3741 541 admonitionemnexigit

2202 540 2477 610 ugelorum
2498 582 2514 606 ,
2541 540 2822 595 curiositas
2848 540 3119 609 Magorum
3150 538 3405 593 instructa
3433 547 3516 594 est
3555 538 3739 610 lingua

2150 608 2436 680 mal—orum1
2461 612 2593 680 Magi
2632 608 2953 666 Judaeorum’
2974 625 3154 679 regem
3196 610 3518 678 praedicant,
3565 608 3739 667 Judaei

2150 673 2450 753 abnegant':
2481 673 2843 753 illivquagrunt
2868 673 3142 753 (adorare,
3192 673 3279 735 isti
3306 673 3554 751 qua-runt
3593 684 3740 735 occi-

2149 752 2307 838 dere.
2329 755 2519 838 Dicunt
2549 752 2679 838 blagi
2707 752 2901 838 llerodi
2944 752 3056 823 regi
3080 767 3253 838 quem
3280 760 3529 838 quierunt
3552 759 3736 838 natum
3790 814 3797 817 Α

2151 824 2386 895 Regem:
2414 825 2597 881 dicunt
2621 822 2790 878 Judaei
2810 839 2881 895 ex
2917 822 3023 889 qua
3046 824 3258 877 civitate
3281 822 3527 895 Christus
3558 832 3741 895 surgat

2150 892 2394 965 regnare.
2433 895 2653 964 Utrique
2682 894 2988 963 praedicant,
3020 894 3229 963 utrique
3252 892 3573 965 confitentur
3594 910 3617 965 :7
3641 892 3739 965 sed

2151 964 2231 1021 illi
2251 967 2425 1031 aliter,
2469 966 2554 1020 isti
2582 966 2769 1028 aliter;
2798 965 2891 1031 illi,
2921 974 2979 1018 ut
3016 965 3263 1020 inventus
3289 964 3576 1027 adoretur;
3608 964 3695 1018 isti
3720 1006 3734 1028 ,

2151 1046 2413 1106 utcaptus
2442 1045 2678 1092 necetur.
2705 1036 2750 1090 0
2773 1034 2965 1100 Judaei,
3005 1035 3070 1089 ad
3101 1036 3203 1090 hoc
3226 1033 3461 1106 ferentes
3487 1035 3538 1089 iu
3568 1037 3740 1091 mani-

2150 1107 2249 1162 bus
2280 1104 2549 1163 lucernam
2580 1107 2767 1177 Legis,
2810 1116 2866 1160 ut
2903 1106 3022 1160 aliis
3059 1108 3196 1177 viam
3227 1104 3641 1177 demonstretis,
3682 1116 3740 1162 et

2150 1180 2303 1233 vobis
2329 1178 2574 1233 tenebras
2596 1175 2846 1247 ingeratis
2872 1194 2884 1230 :
2909 1191 3037 1232 ecce
3061 1176 3194 1246 Magi
3218 1175 3465 1245 primitia:
3484 1175 3737 1231 Gentium

2151 1248 2361 1305 Christo
2385 1249 2614 1303 offerunt
2638 1262 2889 1313 munera,
2935 1263 3039 1302 non
3067 1248 3239 1302 solum
3268 1262 3454 1300 aurum
3474 1287 3488 1310 ,
3535 1247 3656 1301 thus
3683 1258 3741 1302 et

2152 1322 2446 1403 myrrham,
2476 1334 2659 1402 verum
2689 1320 2852 1403 etiarn
2878 1318 3082 1400 animas
3113 1332 3274 1381 suas;
3303 1326 3357 1398 et
3379 1318 3736 1403 vosrepudi-at

2152 1389 2405 1460 iniquitas
2434 1392 2645 1461 propria
2668 1433 2682 1457 ,
2716 1399 2774 1461 ut
2803 1390 2946 1444 illum
2974 1390 3062 1459 qui
3089 1404 3183 1443 vos
3213 1389 3360 1461 venit
3385 1389 3644 1461 obligatos
3674 1390 3739 1461 li:

2151 1458 2359 1523 iterare,
2391 1458 2664 1515 dementes
2683 1460 2858 1515 etl‘eeti
2879 1458 2999 1514 eum
3023 1459 3274 1529 qumratis
3298 1459 3573 1513 occidere!
3596 1458 3737 1527 Quid

2152 1533 2301 1587 vobis
2323 1532 2522 1603 profuit
2542 1573 2556 1595 ,
2585 1533 2726 1602 quod
2772 1530 3075 1603 prodidistis
3101 1529 3357 1603 Herodi._
3376 1529 3460 1603 ubi
3492 1529 3741 1603 Christus

2153 1600 2495 1658 nasceretur?
2525 1600 2709 1657 Nonne
2732 1617 2829 1656 vos
2873 1602 3085 1656 lazsistis
3114 1616 3271 1669 quam
3301 1600 3512 1655 Christo
3538 1600 3736 1669 aliquid

2152 1674 2445 1729 nocuistis?
2476 1674 2712 1728 Audiens
2734 1673 2876 1727 enim
2901 1672 2991 1727 ille
3023 1688 3053 1726 a
3083 1672 3233 1726 vobis
3258 1671 3343 1725 ubi
3369 1670 3613 1725 Christus
3639 1687 3738 1725 na-

2152 1755 2237 1799 tus
2275 1746 2442 1813 possit
2482 1744 2741 1810 inveniri,
2773 1753 2967 1798 vestra:
3010 1744 3184 1813 gentis
3223 1741 3452 1797 infantes
3476 1742 3737 1813 continuo

2155 1812 2404 1885 praecepit
2430 1816 2618 1872 occidi.
2654 1815 2817 1870 Srevit
2844 1814 3102 1878 Herodes,
3136 1823 3193 1867 ut
3230 1814 3367 1885 inter
3390 1812 3582 1867 multos
3605 1828 3738 1883 per-

2151 1881 2240 1941 dat
2268 1881 2429 1941 unum
2457 1906 2469 1939 :
2501 1895 2556 1941 et
2585 1885 2841 1954 plurimos
2870 1885 3107 1939 necando
3137 1900 3196 1940 se
3220 1881 3587 1954 efﬁcitgreum,
3608 1881 3739 1940 'uec

2152 1958 2345 2012 occidit
2385 1972 2541 2027 quem
2585 1952 2775 2025 quaerit
2817 1954 3088 2027 hominem
3138 1955 3326 2011 Deum.
3377 1952 3421 2009 Ο
3464 1954 3736 2022 Herodes,

2152 2044 2340 2097 magna
2380 2025 2465 2083 tua
2512 2027 2798 2097 iniquitas!
2842 2034 2898 2081 et
2941 2025 3170 2081 infantes
3200 2041 3378 2089 necas,
3421 2034 3475 2079 et
3505 2034 3608 2097 tuzc
3635 2041 3738 2080 ue-

2152 2096 2331 2169 quitize
2370 2107 2532 2153 testes
2573 2096 2845 2169 comulas;
2879 2107 2932 2169 et
2974 2097 3217 2169 Christus
3243 2112 3273 2150 a
3315 2106 3367 2169 te
3394 2096 3739 2169 non_inveni-

2151 2167 2259 2236 tur,
2290 2172 2409 2241 quia
2437 2169 2672 2225 nondum
2700 2168 2981 2241 venitejns
3002 2168 3130 2223 hora
3159 2178 3215 2223 ut
3241 2168 3488 2241 patiatur.
3512 2167 3738 2241 Teneris

2152 2237 2365 2310 quidem
2396 2250 2703 2310 persecutor
2740 2238 2933 2310 Christi
2970 2248 3026 2295 et
3052 2253 3178 2294 reus
3213 2240 3403 2310 mortis
3430 2238 3573 2307 ejus,
3601 2237 3738 2292 nihil

2152 2308 2358 2381 agendo
2396 2308 2447 2365 in
2490 2315 2643 2379 ipso:
2676 2308 2770 2364 sed
2788 2310 2924 2381 dum
2956 2310 3119 2364 multa
3154 2309 3266 2378 agis
3302 2318 3486 2381 contra
3518 2310 3689 2377 ipsum
3719 2348 3734 2372 ,

2152 2380 2426 2461 perdidisti
2455 2392 2507 2437 te
2546 2383 2741 2450 ipsum.
2769 2380 3139 2461 Quidnmetnis
3162 2380 3597 2461 .talentnltegem,
3644 2381 3737 2461 qui

2152 2450 2229 2507 sic
2258 2454 2396 2508 venit
2420 2468 2661 2523 regnare,
2686 2461 2743 2505 ut
2764 2460 2816 2505 te
2838 2451 2968 2505 nolit
2986 2451 3302 2506 excludere?
3325 2450 3494 2517 Quem
3515 2450 3736 2520 quaeris,

2152 2523 2263 2579 Rex
2299 2540 2479 2607 regum
2518 2533 2599 2577 est
2620 2523 2711 2607 :“si
2750 2523 2917 2577 velles
2955 2537 3176 2607 sec-prus
3204 2523 3445 2602 obtinere
3473 2531 3738 2607 tuumure-

2151 2610 2335 2666 gnum,
2369 2593 2469 2663 ipsi
2490 2594 2835 2666 supplicares,
2868 2604 2925 2645 ut
2952 2593 3131 2666 abillo
3154 2593 3425 2666 acciperes
3453 2597 3737 2662 sempiter-

2152 2664 2279 2737 num
2347 2666 2553 2737 Regnet
2574 2664 2841 2737 Christus
2860 2664 3128 2732 quomodo
3156 2664 3300 2718 venit
3331 2678 3590 2737 regnare:
3620 2679 3740 2718 sus-

2151 2736 2313 2805 cipiat
2351 2732 2666 2796 credentes,
2717 2732 2934 2789 irrideat
2961 2744 3373 2805 persequentes,
3422 2734 3742 2805 faciatcer-

2152 2803 2345 2872 tantes,
2378 2807 2590 2877 adjuvet
2629 2803 2972 2868 laborantes,
2998 2803 3220 2860 coronet
3241 2805 3549 2867 vincentes;
3574 2803 3740 2877 donet

2151 2876 2521 2939 sanctitatem.
2569 2886 2714 2931 amet
2756 2877 3087 2940 castitatem,
3132 2884 3439 2930 remuneret
3468 2876 3743 2945 virginita-

2152 2956 2279 3002 tem.
2310 2948 2572 3012 Gaudete,
2613 2949 2847 3017 virgines
2876 2956 3073 3001 sanctae
3094 2987 3109 3009 ,
3150 2948 3299 3016 virgo
3340 2943 3564 3017 peperit
3585 2943 3743 3000 Citri-

2152 3029 2313 3074 stum.
2342 3020 2458 3074 Non
2486 3035 2580 3073 vos
2610 3016 2890 3073 contristet
2914 3018 3187 3083 sterilitas,
3212 3032 3432 3086 quarum
3464 3016 3594 3070 fides
3622 3033 3742 3071 ma—

2150 3105 2251 3161 gna
2282 3099 2364 3146 est
2388 3090 2713 3153 fecunditas;
2744 3103 2841 3142 nec
2862 3088 3089 3161 deleatis
3120 3104 3225 3142 non
3251 3101 3344 3141 vos
3362 3101 3482 3141 esse
3505 3097 3731 3161 matres,

2150 3155 2269 3232 quae
2290 3162 2635 3231 spiritualiter
2654 3160 2943 3230 generatis,
2966 3160 3201 3232 virgines
3229 3157 3569 3232 permanetis,
3584 3155 3740 3232 filios

2150 3228 2453 3302 suscipitis,
2500 3228 2856 3299 integritatem
2888 3244 2992 3283 non
3037 3228 3299 3302 amittitis.
3332 3228 3629 3302 Accepistis
3668 3228 3739 3284 ab

2150 3303 2243 3357 illo
2265 3299 2456 3358 nomen
2484 3310 2803 3363 maternum,
2841 3308 2899 3354 ut
2921 3302 3087 3356 decus
3123 3301 3381 3355 castitatis
3408 3299 3459 3353 in
3487 3313 3581 3353 vos
3613 3314 3738 3367 per-

2152 3383 2364 3429 maneat
2389 3377 2793 3442 sempiternum.
2817 3372 3006 3442 Amate
3029 3371 3169 3442 quod
3190 3371 3341 3436 estis,
3364 3378 3573 3442 servate
3596 3370 3741 3442 quod

2142 3444 2449 3514 accepistis.
2493 3440 2775 3499 l'mitamini
2799 3440 2999 3514 ﬁdeles
3038 3440 3261 3514 matrem
3311 3440 3499 3509 capitis
3538 3441 3736 3514 vestri,

2146 3512 2332 3585 'spon'si
2364 3517 2524 3571 vestri
2551 3533 2564 3568 :
2598 3531 2701 3569 non
2726 3513 2875 3585 vobis
2898 3513 3180 3585 denegavit
3204 3513 3443 3585 pignora.
3468 3512 3556 3585 qui
3583 3522 3742 3585 natus

2152 3583 2236 3641 est
2262 3587 2329 3642 de
2352 3588 2554 3657 virgine
2574 3585 2754 3657 Maria.
2787 3583 2941 3657 Quod
2961 3592 3125 3657 tanta:
3146 3584 3303 3657 matri
3328 3583 3572 3657 contulit,
3604 3590 3658 3636 et
3685 3583 3739 3636 in

2151 3672 2247 3712 sua
2273 3653 2701 3719 carne'servavit,
2730 3654 2835 3711 hoc
2862 3655 3021 3709 etiam
3045 3655 3195 3709 vobis
3214 3654 3434 3709 donavit
3456 3653 3600 3722 virgo
3628 3669 3743 3706 ma-

2154 3737 2254 3792 ter,
2287 3737 2467 3783 sancta
2499 3742 2625 3782 caro
2649 3726 2869 3790 Christi,
2897 3726 2964 3781 ab
2989 3724 3135 3780 omni
3161 3726 3479 3795 contagione
3507 3724 3735 3792 integra.

2150 3797 2255 3854 Sed
2282 3814 2382 3854 nec
2402 3800 2513 3869 ipsa
2536 3812 2662 3852 caro
2680 3796 2798 3869 ejus
2824 3797 3018 3852 sterilis
3043 3796 3159 3863 fuit,
3181 3796 3310 3869 dum
3342 3812 3435 3869 per
3456 3810 3572 3869 eam
3600 3809 3743 3864 pra:-

2152 3870 2379 3924 dicando
2420 3865 2720 3939 spirituales
2763 3866 2922 3922 ﬁlios
2961 3867 3294 3939 regeneravit
3335 3865 3639 3939 adivitant,
3686 3873 3743 3920 et

2152 3950 2273 4024 post
2301 3935 2602 4013 passionem
2635 3954 2730 4012 per
2763 3946 2931 3994 totum
2970 3935 3230 3995 mundum
3262 3935 3602 3993 fructificavit
3643 3949 3741 3992 oc-

2152 4027 2282 4067 etsa.

2222 4081 2449 4139 CAPUT
2477 4080 2544 4138 ν.
2571 4081 2719 4137 -5.
2764 4080 2968 4135 Passio.
3013 4078 3285 4135 Crucilixi.
3327 4079 3406 4134 Ex
3452 4077 3552 4133 hoc
3591 4078 3742 4133 omni

2152 4154 2399 4209 libertate
2446 4160 2738 4223 assumpta,
2766 4152 3011 4207 ﬁduciam
3050 4152 3132 4223 sui
3161 4150 3337 4223 anima
3368 4149 3543 4223 capiat
3590 4148 3737 4204 chri-

2153 4224 2477 4279 stiana.Non
2508 4220 2650 4279 enim
2695 4223 3014 4279 erubescere
3053 4222 3211 4278 debet
3258 4222 3310 4276 in
3336 4220 3647 4276 crucifixum
3681 4233 3743 4275 se

2152 4295 2445 4351 credidisse
2466 4293 2758 4349 Christum.
2807 4295 2947 4349 Crux
2984 4293 3073 4348 illa
3104 4292 3349 4348 ﬁdelibus
3393 4306 3498 4346 non
3524 4303 3611 4363 est
3638 4307 3741 4361 op-

2155 4367 2416 4435 probium,
2450 4366 2542 4421 sed
2574 4364 2893 4434 triumphus.
2938 4364 3077 4419 Crux
3108 4364 3197 4418 illa
3217 4363 3468 4435 vexillum
3496 4372 3742 4435 nostrum

2153 4432 2234 4492 est
2262 4447 2444 4492 contra
2483 4432 2843 4491 adversarium
2876 4447 3117 4489 nostrum
3155 4434 3459 4489 diabolum:
3490 4432 3746 4504 pugnavit

2154 4509 2295 4562 enim
2325 4508 2437 4563 Rex
2494 4518 2675 4563 noster
2703 4523 2798 4576 pro
2835 4506 2991 4561 nobis
3028 4515 3213 4560 contra
3256 4504 3617 4576 adversarium
3647 4519 3745 4576 no-

2122 4598 2125 4599 '
2154 4589 2343 4633 strum.
2376 4573 2734 4634 Adversarius
2754 4577 2996 4631 diabolus
3025 4586 3208 4631 uoster
3233 4585 3459 4630 mortem
3487 4573 3745 4629 minando

2155 4650 2408 4715 terrebat,
2460 4650 2553 4705 sed
2584 4648 2832 4704 Christus
2871 4657 3126 4703 aeternam
3175 4647 3333 4700 sitam
3378 4645 3744 4715 promittebat.

2155 4720 2507 4776 Adversarius
2549 4720 2794 4775 diabolus
2837 4733 3051 4773 carnem
3078 4725 3480 4788 perempturum
3531 4732 3593 4772 se
3620 4730 3746 4771 esse

2155 4791 2398 4847 dicebat:
2438 4791 2554 4847 Rex
2578 4799 2756 4845 autem
2796 4797 2977 4845 noster
3002 4798 3060 4844 ut
3083 4787 3303 4844 doceret
3327 4788 3595 4858 quomodo
3625 4787 3746 4857 ejus

2156 4863 2421 4917 exercitus
2451 4864 2706 4928 vinceret,
2748 4862 2800 4916 in
2843 4860 3311 4915 sedemonstravit
3354 4867 3583 4914 mortem
3623 4873 3748 4912 cor-

2122 4952 2125 4957 '
2155 4933 2304 5001 poris
2330 4948 2433 4988 non
2462 4948 2581 4988 esse
2618 4932 2929 4994 timendam,
2957 4932 3083 4986 dum
3110 4931 3254 5001 prior
3295 4930 3405 5000 ipse
3438 4929 3742 5001 proontni-

462 4946 603 4981 enun
637 4946 740 4981 non
766 4946 1116 4997 expavescat,
1147 4946 1266 4985 cum
1298 4946 1443 4984 autut
1474 4946 1642 4985 ueum
1687 4946 1866 4983 uatum
1888 4946 1910 4984 ι
1938 4946 2048 4985 Αιι-
2122 4952 2125 4957 ν

462 4997 547 5071 dis
572 5008 901 5065 nascentem,
934 5000 1055 5054 vide
1085 5001 1136 5055 in
1170 5002 1284 5071 ipso
1311 5009 1430 5055 ortu
1462 5001 1717 5054 miracula
1745 5000 2047 5055 facientem.
2116 5022 2123 5025 ·
2155 4946 2192 5058 ﬁ

2197 5020 2256 5057 us
2279 5003 2523 5075 dignatus
2548 5013 2631 5059 est
2657 5004 2833 5075 mori,
2859 5018 2929 5057 ne
2955 5003 3073 5075 ejus
3101 4999 3366 5075 esercitus
3391 5016 3420 5055 a
3444 4999 3663 5075 diabolo
3692 4999 3748 5053 in

2158 5071 2545 5144 anima'posset
2573 5074 2763 5129 occidi.
2796 5074 2907 5128 Hoc
2933 5074 3123 5143 agebat
3152 5072 3205 5127 in
3232 5071 3528 5144 illoprzelio
3559 5071 3749 5144 diabo-

2114 5148 2125 5218 ξ
2160 5145 2263 5210 lus,
2302 5147 2345 5218 si
2369 5141 2470 5199 Sibi
2491 5146 2922 5218 consentiretur:
2955 5141 3164 5218 animas
3207 5142 3441 5218 perdere
3469 5141 3742 5218 cupiebat,

2158 5225 2211 5271 et
2260 5217 2485 5271 salutem
2540 5216 2854 5285 corporibus
2902 5214 3263 5284 promittebat.
3318 5213 3564 5281 Christus
3610 5213 3747 5267 mori

2160 5287 2385 5343 docebat
2425 5288 2489 5341 ad
2518 5295 2749 5356 tempus,
2795 5296 2850 5341 et
2885 5288 3115 5341 animam
3155 5294 3212 5340 et
3250 5300 3447 5353 corpus
3484 5286 3667 5356 vivere
3684 5287 3748 5356 in

2116 5418 2118 5421 ,
2160 5367 2438 5413 aeternum.
2479 5359 2575 5414 Ille
2619 5354 2851 5422 dicebat,
2895 5358 2950 5412 Si
2989 5356 3119 5411 mihi
3153 5357 3555 5417 cousenseritis,
3607 5354 3750 5411 dabo

2161 5429 2312 5484 vobis
2341 5431 2501 5483 vitam
2532 5430 2688 5484 istam
2725 5430 3071 5499 temporalem
3098 5446 3112 5493 ;
3139 5427 3385 5499 Christus
3424 5426 3657 5499 dicebat,
3691 5425 3751 5479 Si

2161 5514 2190 5553 a
2233 5515 2319 5555 me
2357 5516 2461 5555 non
2492 5500 2864 5561 discesseritis,
2905 5514 3006 5555 nec
3045 5498 3392 5567 temporalem
3426 5498 3664 5566 perditis,
3698 5507 3751 5550 et

2163 5573 2468 5660 interualem
2490 5572 2783 5660 accipietis.
2809 5571 3058 5660 Diabolus
3078 5569 3308 5660 dicebat,
3326 5568 3501 5660 l‘lplitc
3523 5568 3752 5660 perdere

2112 5670 2117 5675 -
2160 5642 2317 5697 istam
2348 5644 2557 5710 lucem;
2588 5638 2827 5697 Christus
2852 5644 3081 5706 dicebat,
3114 5640 3225 5710 Ego
3251 5638 3461 5708 qnifeci
3488 5647 3543 5694 et
3566 5640 3754 5706 istam,

2161 5712 2300 5768 dabo
2351 5716 2646 5769 meliorem.
2708 5713 2858 5781 Quod
2906 5713 2997 5767 ille
3054 5712 3343 5781 promittit,
3388 5710 3461 5763 ait
3503 5710 3753 5764 Christus

2164 5798 2365 5849 uoster,
2409 5786 2750 5855 inpotestate
2778 5784 2908 5840 dare
2934 5801 3039 5838 non
3071 5784 3250 5849 habet,
3280 5793 3335 5855 et
3364 5781 3479 5855 lucc
3507 5781 3592 5836 lux
3616 5796 3753 5836 mea

2161 5866 2264 5926 est,
2291 5867 2345 5915 et
2388 5852 2505 5914 haec
2542 5859 2647 5915 vita
2678 5873 2708 5913 a
2744 5871 2833 5916 me
2856 5867 3036 5915 creata
3065 5864 3188 5923 est:
3239 5852 3343 5911 sed
3390 5854 3476 5912 illa
3532 5863 3753 5927 pt'Optcr

2204 5960 2211 5981 ι
2254 5968 2271 5981 ,κ
2524 5967 2543 5973 -.
2932 5948 2963 5976 Vt
