4102 6336
1712 217 1873 261 gi,.‘iro.l
1890 213 1963 231 μετ
1980 214 1993 225 δ
2014 212 2123 233 λίνικ,
2163 215 2179 225 .-

1754 246 1800 261 Ὦ.

1754 246 1780 261 Ὦ

1716 272 1777 283 ’νυ
1820 278 1831 283 α

881 349 3493 521 Ξῗὶῦἱὶῖῆ-ἱπῗπ

1438 594 1946 661 HIPPONENSIS
1986 598 2344 662 EPISCOPI

1728 733 2131 818 SERMO

424 865 696 1011 DE
821 778 3427 1025 DISCIPLIKXMCHRISTIANA‘.
3558 792 3561 793 ξ

1674 1064 2166 1101 mm

351 1144 577 1203 CAPUT
636 1142 920 1201 PRIMUM.
972 1172 1045 1183 —
1090 1142 1139 1197 i.
1188 1141 1449 1198 Sermonis
1487 1150 1861 1215 argumentum.

286 1237 508 1293 Locutus
572 1245 654 1292 est
704 1236 780 1290 .ad
836 1248 933 1290 nos
985 1249 1165 1290 sermo
1218 1235 1358 1301 Dei,
1414 1242 1468 1289 et
1523 1234 1868 1313 depromptus

285 1340 360 1385 est
386 1328 452 1384 ad
506 1328 935 1384 exhortationem
978 1336 1213 1381 nostram
1239 1370 1254 1395 ,
1301 1326 1512 1382 dicente
1557 1327 1867 1398 Scriptura,

283 1420 502 1493 Accipite
532 1422 852 1491 disciplinam
885 1421 938 1473 in
976 1416 1125 1473 domo
1155 1418 1438 1491 disciplina:
1468 1418 1652 1493 (Eccli.
1684 1436 1754 1486 ιι,
1778 1420 1866 1486 51,

282 1516 386 1587 56).
418 1516 728 1587 Disciplina,
757 1530 787 1569 a
817 1513 1073 1571 discendo
1104 1512 1243 1567 dicta
1267 1522 1350 1569 est
1391 1532 1405 1566 :
1438 1512 1734 1582 disciplina:
1763 1512 1863 1566 do-

281 1623 425 1679 mus,
478 1616 560 1663 est
610 1607 848 1677 Ecclesia
896 1603 1110 1660 Christi.
1156 1604 1294 1673 Quid
1320 1620 1447 1675 ergo
1478 1604 1565 1659 hic
1608 1604 1864 1673 discitur,

279 1700 358 1755 vel
384 1713 550 1771 quare
570 1698 793 1754 discitur
812 1696 835 1751 ?
858 1696 959 1766 Qui
979 1706 1104 1752 sunt
1122 1696 1213 1767 qui
1240 1696 1487 1764 discunt,
1519 1705 1574 1752 et
1598 1712 1629 1752 a
1656 1712 1762 1767 quo
1782 1695 1866 1750 di-

280 1791 466 1853 scunt?
497 1789 724 1844 Discitur
748 1789 883 1845 bene
903 1789 1101 1845 vivere.
1127 1787 1352 1859 Propter
1375 1788 1476 1842 hoc
1492 1787 1715 1842 discitur
1729 1787 1868 1843 bene

279 1884 471 1947 vivere,
507 1890 565 1936 ut
617 1880 960 1953 perveniatur
1004 1879 1072 1935 ad
1123 1894 1342 1951 semper
1388 1879 1588 1935 vivere.
1642 1879 1868 1935 Discant

276 1972 579 2042 Christiani,
611 1973 768 2030 docet
794 1973 1056 2029 Christus.
1086 1973 1266 2028 Primo
1293 1987 1443 2044 ergo,
1473 1971 1600 2044 quid
1629 1972 1698 2027 sit
1730 1972 1866 2029 bene

276 2069 475 2134 vivere;
509 2067 723 2135 deinde,
755 2084 874 2139 quae
918 2069 988 2123 sit
1038 2082 1249 2122 merces
1294 2067 1447 2122 bona:
1478 2067 1631 2133 vitae;
1667 2068 1821 2122 tertio
1846 2108 1863 2141 ,

273 2161 355 2234 qui
373 2162 481 2216 sint
507 2162 618 2217 veri
648 2160 970 2229 Christiani;
1000 2171 1192 2233 quarto
1214 2203 1228 2229 ,
1262 2161 1383 2232 quis
1410 2162 1479 2216 sit
1507 2176 1666 2217 verus
1694 2162 1864 2233 magi-

272 2263 395 2320 ster,
420 2268 591 2325 pauca
624 2253 969 2324 loquentibus
999 2252 1188 2319 nobis,
1215 2253 1353 2308 sicut
1378 2252 1544 2307 donat
1566 2251 1857 2323 Dominus,

270 2346 448 2403 audire
475 2345 790 2419 dignemini.
820 2346 1019 2402 Omnes
1043 2346 1096 2400 in
1127 2345 1288 2401 domo
1316 2344 1614 2415 disciplina:
1640 2359 1856 2412 sumus,

267 2438 356 2495 sed
379 2439 536 2495 multi
563 2437 750 2493 nolunt
779 2438 974 2493 habere
989 2437 1358 2508 disciplinam;
1383 2447 1436 2492 et
1466 2436 1606 2511 quod
1630 2446 1711 2492 est
1730 2451 1856 2506 per-

267 2531 494 2599 versius,
530 2545 629 2586 nec
654 2530 709 2585 in
734 2530 893 2585 domo
930 2530 1227 2600 disciplina:
1255 2530 1441 2585 volunt
1472 2517 1669 2584 habere
1696 2527 1862 2583 disci-

264 2626 484 2697 plinam.
511 2624 645 2681 Cum
673 2634 952 2696 propterea
989 2624 1217 2680 debeant
1266 2624 1316 2679 in
1346 2623 1511 2679 domo
1566 2622 1862 2692 disciplina:

265 2717 509 2789 accipere
535 2715 869 2787 disciplinam
889 2758 903 2781 ,
938 2723 993 2770 ut
1026 2723 1239 2770 servent
1274 2715 1418 2769 illam
1445 2722 1499 2769 et
1528 2713 1584 2768 in
1608 2712 1857 2769 domibus

265 2811 399 2874 suis;
425 2810 527 2880 ipsi
555 2818 766 2876 contra,
790 2808 1335 2878 indiscipliuationcm
1358 2824 1463 2863 non
1483 2806 1655 2885 solum
1690 2806 1740 2861 in
1767 2806 1863 2861 do-

264 2902 436 2958 mibus
465 2902 582 2958 suis
611 2902 808 2957 habere
838 2902 1041 2967 volunt,
1071 2900 1164 2956 sed
1190 2900 1333 2956 ferre
1353 2901 1497 2961 illam
1517 2915 1698 2955 secum
1718 2897 1853 2954 etad

263 2994 479 3069 domum
506 2992 965 3066 disciplinaeJdeo
994 2992 1133 3064 apud
1164 3008 1299 3063 quos
1320 3006 1426 3046 non
1452 3000 1606 3046 vacat
1629 2990 1859 3046 verbum

264 3070 391 3157 Dei,
423 3088 518 3160 qui
546 3101 641 3143 cor
667 3086 781 3141 auri
812 3086 1175 3158 coniungunt;
1203 3083 1294 3156 qui
1322 3100 1428 3139 non
1457 3094 1583 3139 sunt
1609 3084 1724 3147 via,
1770 3082 1859 3139 ubi

262 3196 446 3238 semen
476 3195 604 3236 cum
654 3178 907 3235 ceciderit
933 3178 1001 3233 ab
1050 3176 1238 3232 avibus
1284 3175 1585 3247 colligitur;
1634 3175 1722 3245 qui
1755 3190 1862 3229 non

262 3282 384 3331 sunt
408 3281 630 3344 petrosa
656 3272 772 3327 loca
799 3314 815 3338 ,
847 3271 932 3325 ubi
964 3284 1149 3326 semen
1191 3269 1351 3323 altam
1398 3266 1634 3322 radicem
1665 3265 1863 3321 habere

265 3382 369 3423 non
400 3373 604 3438 potest,
626 3372 680 3420 et
708 3363 773 3419 ad
802 3364 985 3419 horam
1014 3363 1142 3429 exit,
1177 3370 1231 3416 et
1258 3361 1311 3415 in
1355 3368 1487 3415 aestu
1518 3359 1741 3421 arescit;
1772 3358 1861 3427 qui

263 3473 365 3515 non
388 3467 518 3527 sunt
546 3472 675 3529 ager
700 3455 972 3528 spinosus,
1002 3453 1090 3508 ubi
1112 3467 1298 3509 semen
1325 3466 1447 3507 cum
1483 3446 1863 3522 germinaverit

264 3552 385 3609 etin
408 3534 571 3607 auras
598 3563 817 3621 surgere
848 3546 1094 3619 coeperit,
1122 3546 1399 3617 spinarum
1422 3540 1861 3598 deusitatesull‘o-

265 3625 413 3698 catur
442 3660 457 3696 :
489 3641 584 3697 sed
613 3642 702 3712 qui
726 3648 849 3695 sunt
874 3650 1010 3693 terra
1040 3638 1177 3694 bona
1205 3644 1389 3707 parata
1419 3650 1605 3690 semen
1647 3633 1859 3703 accipe-

266 3750 322 3813 re
339 3776 356 3803 ,
385 3742 441 3791 et
465 3733 697 3807 fructum
719 3732 944 3788 reddere
965 3729 1051 3785 vel
1074 3738 1379 3793 centenum,
1399 3727 1480 3783 vel
1509 3741 1857 3798 sexagenum,

268 3827 347 3884 vel
376 3828 643 3883 tricenum
678 3823 1075 3898 (recordamini,
1108 3822 1196 3894 qui
1228 3836 1333 3875 non
1359 3819 1474 3875 sine
1504 3834 1664 3874 causa
1692 3818 1860 3873 intra-

269 3922 333 3977 tis
355 3920 654 3990 disciplinae
676 3918 911 3979 scholam
931 3957 946 3982 ,
968 3916 1063 3970 has
1093 3930 1179 3971 me
1201 3911 1575 3968 similitudines
1600 3927 1663 3965 ex
1689 3910 1863 3964 Evan-

265 3996 404 4085 gelio
429 4023 886 4066 commemorasse
929 4005 1139 4080 [Matt/i.
1169 4020 1283 4072 xui,
1328 4002 1558 4076 5-25“:
1592 4003 1681 4073 qui
1729 4017 1861 4072 ergo

269 4106 401 4163 tales
433 4113 578 4172 sunt,
607 4103 868 4173 accipiant
920 4100 1061 4173 quod
1104 4116 1201 4172 per
1245 4114 1332 4154 me
1389 4096 1645 4152 Dominus
1684 4095 1863 4151 dicere

266 4197 536 4271 dignatur.
571 4197 681 4271 Ego
702 4196 844 4251 enim
862 4237 876 4261 ,
900 4193 1153 4264 quoniam
1176 4192 1264 4246 ille
1291 4190 1535 4255 seminat,
1557 4188 1858 4269 quidsum?

264 4288 367 4347 Vix
393 4287 657 4363 cophinus
682 4285 1012 4342 seminantis.
1041 4285 1157 4355 Ipse
1202 4283 1255 4338 in
1301 4298 1387 4338 me
1431 4296 1630 4352 ponere
1673 4279 1861 4350 digna-

264 4391 355 4440 tur
375 4386 395 4415 ¹
423 4381 568 4455 quod
598 4381 749 4436 vobis
767 4364 1002 4453 Spargat.
1033 4377 1210 4433 Nolite
1238 4391 1364 4449 ergo
1388 4373 1663 4430 attendere
1685 4372 1751 4427 ad
1780 4373 1860 4427 vi-

264 4477 469 4534 litatem
493 4474 707 4545 cophini
728 4516 741 4540 ,
770 4473 861 4529 sed
885 4473 952 4528 ad
982 4472 1295 4527 eharitatem
1321 4469 1547 4526 seminis
1573 4475 1627 4524 et
1657 4466 1723 4522 ad
1756 4482 1857 4537 po-

266 4576 514 4625 testatem
545 4565 908 4623 seminatoris.

336 4657 568 4715 CAPUT
601 4655 665 4712 ll.
700 4684 773 4697 -ο
809 4654 864 4710 2.
914 4652 1201 4708 Dicendum
1244 4650 1369 4723 quid
1414 4651 1478 4705 sit
1517 4650 1637 4704 bene
1679 4650 1859 4707 vivere.

266 4750 534 4821 Praecepta
560 4747 683 4804 bene
711 4747 906 4802 vivendi
923 4763 1020 4800 uno
1039 4746 1173 4800 brevi
1197 4752 1440 4815 etaperto
1466 4744 1705 4797 mandato
1727 4760 1865 4799 cont-

265 4845 536 4915 pre/tensa.
583 4840 721 4910 Quid
770 4849 853 4896 est
920 4854 1047 4909 ergo
1103 4837 1240 4892 bene
1304 4835 1525 4903 vivere,
1587 4834 1726 4905 quod
1779 4833 1866 4899 hic

266 4934 529 4991 discitur?
543 4932 815 5002 Praecepta
830 4929 994 4985 multa
1010 4937 1133 4983 sunt
1150 4928 1201 4983 in
1217 4926 1377 4998 Lege,
1393 4926 1583 4998 quibus
1597 4927 1706 4995 ipsa
1724 4925 1863 4982 bona

268 5028 376 5083 vita
414 5020 741 5092 continetur,
774 5023 1066 5095 imperatur
1092 5029 1147 5075 et
1175 5019 1414 5075 discitur.
1445 5017 1603 5073 Multa
1638 5019 1857 5077 omnino

263 5128 534 5191 praecepta
562 5123 723 5185 sunt,
757 5112 1183 5193 innumerabilia.
1207 5112 1601 5182 Praeceptorum
1621 5111 1859 5182 ipsorum

266 5212 491 5283 paginas
519 5212 607 5268 vix
634 5208 919 5283 quisquam
946 5213 1245 5274 enumerat,
1274 5215 1474 5277 quanto
1500 5204 1667 5275 magis
1696 5204 1810 5276 ipsa
1837 5205 1861 5260 Ἰ

1974 1143 2105 1211 Quae
2134 1142 2303 1199 voluit
2356 1151 2534 1200 tamen
2564 1144 2727 1213 Deus,
2756 1153 2976 1217 propter
2998 1162 3093 1204 eos
3136 1147 3225 1220 qui
3266 1163 3324 1205 se
3353 1159 3571 1221 possent

1978 1251 2274 1303 excusare,
2323 1236 2409 1291 vel
2452 1236 2571 1307 quia
2629 1237 2707 1293 eis
2738 1253 2841 1292 non
2870 1247 3024 1295 vacat
3051 1240 3229 1312 legere
3257 1284 3271 1308 ,
3320 1240 3403 1297 vel
3448 1245 3569 1313 quia

1978 1344 2083 1384 non
2132 1337 2325 1384 norunt
2384 1329 2605 1402 legere,
2672 1331 2753 1385 vel
2803 1332 2926 1402 quia
2980 1348 3085 1387 non
3134 1343 3361 1405 possunt
3417 1334 3569 1389 facile

1977 1422 2313 1493 intelligere,
2374 1430 2433 1477 ut
2483 1424 2882 1479 excusationem
2939 1439 3098 1480 nemo
3142 1416 3335 1481 habeat
3383 1427 3434 1480 in
3486 1424 3571 1481 die

1971 1514 2194 1586 judicii,
2248 1514 2455 1581 voluit,
2508 1515 2644 1571 sicut
2696 1517 2957 1587 scriptum
3021 1526 3138 1585 est,
3194 1534 3569 1575 consummare

1975 1615 2028 1661 et
2082 1606 2325 1662 breviare
2378 1606 2602 1663 verbum
2661 1624 2823 1679 super
2879 1619 3112 1676 terram,
3169 1611 3307 1666 sicut
3356 1611 3423 1667 de
3477 1613 3570 1668 illo

1974 1698 2235 1781 prepheta
2297 1698 2618 1769 praedixerat
2664 1719 2677 1755 :
2732 1699 2953 1756 Verbum
3014 1703 3146 1757 enim
3214 1719 3569 1760 consummant

1974 1802 2019 1847 et
2040 1791 2268 1848 brevians
2296 1794 2443 1865 faciet
2468 1793 2717 1850 Dominus
2747 1812 2899 1866 super
2928 1806 3111 1851 terram
3155 1795 3316 1870 (Isai.
3364 1814 3419 1863 x,
3447 1798 3568 1868 25).

1974 1884 2087 1940 Hoc
2110 1887 2286 1955 ipsum
2317 1887 2541 1943 verbum
2570 1898 2998 1944 consummatum
3030 1896 3083 1944 et
3117 1889 3435 1958 breviatum,
3466 1907 3568 1947 nec

1972 1976 2257 2033 obscurum
2292 1993 2413 2034 esse
2444 1978 2586 2034 Deus
2608 1979 2793 2034 voluit.
2823 1978 2949 2035 ideo
2979 1979 3162 2044 breve,
3186 1997 3255 2037 ne
3281 1996 3385 2036 non
3407 1997 3564 2037 vaca-

1970 2077 2053 2123 ret
2073 2068 2252 2140 legere
2284 2087 2296 2123 :
2330 2070 2448 2125 ideo
2477 2079 2753 2141 apertum,
2803 2086 2871 2126 ne
2901 2071 3077 2139 dicat,
3108 2070 3234 2139 Mihi
3274 2089 3380 2128 non
3406 2073 3559 2130 licuit

1970 2158 2288 2232 intelligere.
2336 2160 2643 2217 Thesanrus
2690 2178 2818 2233 ergo
2860 2172 2944 2219 est
2985 2178 3209 2233 magnus
3255 2163 3557 2221 divinarum

1969 2252 2384 2324 Scripturarum,
2415 2255 2616 2310 habens
2640 2255 2691 2309 in
2717 2270 2774 2311 se
2800 2256 3061 2311 mirabilia
3087 2266 3352 2327 praecepta
3368 2258 3556 2322 multa,

1970 2353 2219 2416 tanquam
2251 2346 2445 2401 multas
2471 2362 2728 2418 gemmas,
2758 2357 2811 2402 et
2838 2349 3071 2419 pretiosa
3099 2350 3341 2414 monilia,
3360 2359 3556 2405 etvasa

1970 2438 2201 2509 ingentia
2230 2447 2283 2495 et
2317 2438 2493 2512 magni
2540 2440 2761 2496 metalli.
2814 2440 2921 2496 Sed
2968 2441 3086 2513 quis
3117 2450 3293 2512 potest
3334 2444 3562 2498 scrutari

1970 2533 2279 2588 thesaurum
2304 2534 2461 2589 istum
2484 2577 2498 2604 ,
2528 2543 2583 2589 et
2622 2534 2697 2589 uti
2728 2549 2793 2590 eo
2815 2578 2829 2603 ,
2872 2542 2925 2590 et
2954 2535 3237 2605 pervenire
3285 2534 3352 2590 ad
3382 2535 3561 2591 omnia

1968 2637 2088 2695 quae
2112 2623 2183 2678 ibi
2215 2623 2382 2678 sunt?
2407 2623 2630 2693 Quando
2656 2624 2794 2680 hanc
2845 2625 3249 2681 similitudinem
3303 2624 3560 2682 Dominus

1968 2713 2116 2770 dedit
2140 2716 2191 2770 in
2224 2716 2509 2786 Evangelio
2530 2732 2647 2782 suo,
2682 2726 2736 2771 et
2758 2717 2909 2783 dixit,
2936 2717 3115 2772 Simile
3138 2725 3210 2772 est
3231 2734 3439 2788 regnum
3461 2733 3566 2771 cae-

1970 2807 2132 2862 lorum
2158 2810 2391 2863 thesauro
2410 2810 2610 2863 invento
2633 2810 2684 2863 in
2710 2826 2856 2880 agro;
2878 2825 2946 2865 ne
2969 2810 3087 2880 quis
3130 2824 3189 2865 se
3219 2811 3393 2865 minus
3438 2808 3554 2865 ido-

1968 2916 2126 2955 neum
2158 2900 2358 2956 diceret
2384 2900 2448 2955 ad
2472 2902 2914 2971 perscrutandum
2936 2902 3245 2959 thesaurum
3266 2945 3280 2970 ,
3303 2901 3557 2958 continuo

1968 2991 2113 3047 dedit
2146 2993 2301 3047 aliam
2335 2994 2758 3058 similitudinem,
2807 2995 2988 3049 Simile
3026 3004 3135 3060 est,
3167 2996 3446 3067 inquiens,
3475 3012 3561 3050 re-

1968 3100 2123 3153 gnum
2150 3084 2389 3137 coelorum
2420 3083 2609 3138 homini
2637 3084 2936 3157 negotiatori
2964 3085 3206 3155 qna’renti
3226 3084 3383 3138 bonas
3417 3101 3558 3140 mar-

1968 3175 2193 3245 garitas,
2249 3176 2335 3245 qui
2377 3175 2563 3228 invenit
2607 3192 2761 3228 unam
2808 3176 3082 3248 pretiosam
3113 3176 3475 3245 margaritam,
3508 3184 3555 3231 et

1968 3265 2191 3320 vendidit
2217 3266 2386 3319 omnia
2406 3282 2518 3334 qua:
2538 3265 2732 3333 habuit,
2756 3276 2803 3320 et
2842 3266 2957 3321 emit
2993 3266 3137 3321 illam
3172 3265 3381 3339 (Matth.
3427 3282 3522 3323 xm
3543 3309 3558 3333 ,

1970 3358 2160 3430 44-46)
2180 3377 2193 3414 :
2210 3367 2265 3412 ut
2290 3359 2332 3413 si
2355 3359 2500 3429 piger
2526 3374 2645 3414 eras
2669 3357 2733 3414 ad
2755 3359 3196 3430 perscrutandum
3227 3358 3557 3429 thesaurum,

1970 3466 2074 3505 non
2102 3451 2175 3506 sis
2202 3451 2348 3525 piger
2374 3466 2535 3507 unam
2575 3453 2916 3521 margaritam
2960 3453 3061 3507 sub
3093 3452 3270 3523 lingua
3298 3453 3437 3509 ferre
3458 3496 3473 3522 ,
3496 3461 3553 3510 et

1969 3556 2074 3612 quo
2096 3542 2173 3596 vis
2200 3526 2421 3598 seCurus
2450 3543 2724 3598 ambulare
2751 3543 2792 3596 ί.

2039 3632 2266 3690 CAPUT
2295 3629 2379 3688 ΙΙΙ.
2411 3664 2483 3675 --
2501 3634 2555 3689 5.
2588 3633 2893 3689 Mandatum
2915 3632 3160 3707 diligendi
3188 3632 3351 3689 Deum
3374 3642 3420 3689 et
3438 3650 3561 3706 pro-

1968 3722 2463 3780 ximum.Proximus
2487 3725 2617 3797 quis.
2641 3724 2793 3794 Quod
2815 3734 2897 3781 cst
2920 3741 3046 3797 ergo
3072 3726 3292 3781 verbum
3310 3740 3564 3782 consum-

1972 3833 2123 3872 mans
2139 3826 2191 3872 et
2207 3818 2493 3873 brevians?
2514 3815 2709 3889 Diliges
2737 3816 3011 3871 Dominum
3031 3817 3187 3871 Deum
3210 3827 3348 3873 tuum
3371 3834 3436 3872 ea:
3460 3826 3565 3873 toto

1970 3910 2119 3963 corde
2147 3918 2253 3977 tuo,
2287 3918 2333 3964 et
2361 3926 2422 3964 ea:
2447 3918 2550 3963 tota
2579 3911 2749 3963 anima
2771 3919 2887 3977 tua,
2911 3918 2958 3963 et
2979 3926 3041 3964 ea:
3070 3919 3173 3963 tota
3200 3921 3364 3966 mente
3384 3920 3494 3976 tua;
3517 3919 3566 3965 et

1972 4000 2150 4071 diliges
2177 4003 2463 4071 proximum
2486 4010 2632 4055 tuum
2661 4003 2792 4056 sicut
2820 4011 2866 4055 te
2910 4007 3099 4073 ipsum.
3142 3999 3209 4055 In
3252 4001 3330 4056 his
3371 4001 3566 4057 duobus

1972 4096 2234 4166 prteceptis
2263 4104 2367 4149 tota
2410 4095 2519 4150 Lea:
2567 4096 2750 4166 pendet
2791 4104 2836 4150 et
2866 4094 3141 4168 Prop/teut
3176 4092 3287 4169 (Id.
3317 4112 3449 4163 xxu,
3469 4096 3567 4152 37-

1972 4187 2086 4258 40).
2116 4187 2254 4243 Ecce
2270 4187 2411 4259 quod
2440 4188 2664 4243 discitur
2686 4189 2737 4243 in
2769 4186 2930 4243 domo
2956 4188 3254 4259 disciplinac
3284 4207 3297 4243 :
3334 4189 3565 4259 Diligcre

1973 4280 2161 4349 Deum,
2192 4280 2413 4353 diligere
2462 4284 2796 4353 proximum;
2846 4281 3012 4337 Deum
3068 4291 3316 4352 tanquam
3348 4282 3514 4337 Deum
3538 4323 3554 4350 ,

1972 4374 2271 4442 proximum
2301 4382 2551 4446 tanquam
2576 4384 2647 4429 te.
2678 4373 2791 4429 Non
2820 4376 2962 4430 enim
2992 4374 3199 4431 invenis
3223 4389 3399 4445 parem
3427 4376 3555 4440 Deo,

1971 4476 2029 4521 ut
2056 4468 2224 4537 possit
2250 4468 2341 4522 tibi
2365 4467 2490 4534 dici,
2512 4468 2681 4540 Dilige
2710 4468 2877 4524 Deum
2910 4469 3051 4524 sicut
3089 4469 3265 4541 diligis
3288 4470 3455 4526 illum.
3489 4471 3565 4528 De

1975 4559 2216 4629 proximo
2245 4559 2457 4613 inventa
2502 4570 2584 4614 est
2642 4560 2734 4615 tibi
2786 4560 3007 4631 regula,
3039 4562 3161 4632 quia
3210 4563 3455 4617 inventus
3510 4577 3567 4618 es

1973 4650 2218 4722 proximo
2245 4659 2336 4706 tuo
2366 4667 2462 4722 par
2511 4661 2564 4707 tu
2620 4653 2754 4724 ipse.
2802 4653 3008 4722 Quaeris
3063 4654 3335 4726 quomodo
3379 4654 3568 4724 diligas

1972 4745 2274 4816 proximum
2295 4745 2562 4801 ?Attende
2585 4756 2635 4803 te
2666 4747 2870 4818 ipsum;
2893 4755 2947 4803 et
2980 4747 3250 4817 quomodo
3282 4754 3336 4803 te
3366 4745 3564 4816 diligis,

1974 4838 2051 4894 sic
2080 4837 2238 4911 dilige
2265 4840 2593 4909 proximum.
2637 4838 2752 4895 Non
2799 4848 2882 4896 est
2923 4838 3011 4894 ubi
3052 4853 3224 4894 erres.
3283 4835 3419 4891 Volo
3456 4834 3566 4905 jam

1975 4945 2103 5002 ergo
2140 4939 2195 4987 et
2243 4931 2336 4987 tibi
2359 4932 2697 4988 committere
2729 4934 3028 5005 proximum
3060 4938 3208 4985 tuum
3232 4970 3245 4994 ,
3277 4937 3336 4981 ut
3376 4925 3567 4998 diligas

1975 5039 2096 5080 eum
2130 5032 2379 5095 tanquam
2411 5033 2461 5079 te
2487 5025 2658 5096 ipsum
2685 5043 2697 5077 :
2727 5025 2868 5090 volo,
2899 5014 2990 5078 sed
3022 5021 3193 5076 adhuc
3219 5020 3403 5073 timeo.
3432 5016 3564 5073 Volo

1974 5117 2069 5172 tibi
2111 5117 2288 5174 dicere
2318 5158 2333 5182 ,
2379 5117 2547 5187 Dilige
2600 5117 2901 5188 proximum
2957 5124 3107 5169 tuum
3138 5114 3277 5169 sicut
3306 5110 3481 5180 diligis
3513 5117 3565 5165 te

1976 5209 2148 5281 ipsum
2166 5226 2180 5276 ;
2199 5218 2253 5265 et
2269 5210 2430 5266 timeo
2448 5226 2463 5265 :
2481 5209 2657 5266 adhuc
2688 5210 2831 5265 enim
2859 5208 3125 5264 discutere
3153 5205 3280 5261 volo
3300 5199 3567 5275 quomodo

1448 5311 1732 5355 ADMONITIO
1770 5315 1851 5354 PP.
1892 5316 2376 5358 BENEDICTINOBUK.

330 5406 497 5451 Sermo
514 5399 580 5449 de
600 5395 856 5461 Disciplina
868 5393 1408 5461 christianacastigatus
1430 5398 1508 5442 est
1529 5392 2194 5461 adporheieusemcodicem
2216 5403 2331 5461 ante
2353 5408 2505 5461 annos
2524 5392 2717 5445 circiter
2732 5390 2824 5461 8_00
2838 5390 3089 5461 scriptum,
3102 5387 3565 5461 aduermanensem,

269 5454 742 5519 Gemmeticensem,’
756 5460 1067 5523 Bigotianum,
1092 5457 1151 5507 ad
1174 5454 1508 5507 Fossatensem
1529 5456 1737 5506 abbatize
1759 5464 1805 5505 s.
1832 5459 1995 5517 Mauri,
2020 5458 2081 5507 ad
2100 5459 2450 5509 Cistercienses
2470 5457 2610 5518 duos,
2637 5462 2690 5505 et
2709 5455 2769 5504 ad
2793 5454 3037 5503 editiones
3058 5459 3133 5502 Er.
3157 5458 3211 5503 et
3229 5460 3340 5503 ιον.

352 5545 869 5627 Comparavimus
896 5550 1200 5624 praeterea
1234 5558 1331 5602 eas
1362 5558 1568 5602 omnes
1599 5540 1901 5603 editiones
1931 5543 2117 5607 initio
2151 5544 2321 5605 Retr.
2346 5550 2403 5600 et
2427 5540 2741 5615 Confess.,
2762 5547 2809 5599 t.
2841 5540 2901 5613 1,
2930 5545 3321 5601 memoratas.
3395 5536 3484 5603 Π.

338 5653 357 5685 ³
375 5660 441 5720 ,ιη
464 5661 571 5720 Mss
596 5651 848 5720 plerisque
884 5646 1176 5720 appellave-
1191 5645 1359 5720 ιοίρεζι
1374 5644 1694 5720 astitisti“,
1714 5656 1870 5720 τίμθα-

276 5712 389 5766 81ὸή
408 5717 470 5768 de
488 5705 1076 5778 'Chris'tiana,
1089 5712 1197 5761 sive
1215 5711 1278 5778 de
1295 5705 1563 5778 Disciplina

280 5766 477 5829 rmftn
502 5766 649 5830 editi's
670 5782 745 5825 Er.
773 5780 949 5837 etim.
972 5766 1182 5837 additur,
1204 5770 1279 5826 vel
1300 5770 1363 5825 de
1379 5766 1515 5823 Dono

345 5841 369 5873 ³
401 5836 589 5907 Aliquot
608 5845 741 5903 8158.,
766 5832 1007 5902 dignetur.

2042 5648 2062 5681 ί
2096 5646 2321 5711 Plerique
2340 5652 2474 5709 usa,
2490 5647 2537 5697 et
2556 5640 2757 5709 quovis,
2777 5653 2975 5697 securus
2992 5638 3205 5695 uincula.
