4102 6336
487 416 589 477 671

486 536 675 607 diligas
692 543 744 592 te
765 532 959 605 ipsum.
978 530 1092 588 Noli
1107 545 1237 602 ergo
1251 543 1392 601 :egre
1409 527 1568 585 ferre.
1586 526 1703 582 Non
1720 540 1777 581 es
1795 534 1849 580 tu
1868 524 1979 595 ipse
1996 522 2078 576 fa-

485 630 586 686 cile
602 626 970 689 dimtttendus,
999 625 1084 680 cui
1105 632 1189 680 est
1209 622 1487 693 proximus
1500 618 1912 677 committendus
1932 636 1944 671 :
1972 631 2082 672 non

488 721 793 779 transitorie
817 729 990 774 tecum
1020 717 1285 788 agendum
1311 723 1413 770 est.
1428 714 1509 769 Tu
1525 729 1658 769 unus
1676 712 1839 767 homo
1856 726 1935 776 es,
1957 725 2087 780 pro-

488 816 615 873 ximi
636 816 709 871 tui
726 814 874 870 multi
892 821 1034 868 sunt.
1054 810 1171 866 Non
1190 811 1331 866 enim
1351 810 1523 879 primo
1540 809 1615 864 sic
1633 807 1797 863 debes
1814 805 2080 875 intellige-

488 929 546 967 re
560 906 978 981 proximum,vel
996 905 1245 970 fratrem,
1275 904 1361 958 vel
1381 912 1663 973 cognatum
1685 941 1698 964 ,
1728 899 1812 955 vel
1841 898 2076 954 allinem.

491 1003 772 1057 Proximus
796 999 936 1054 enim
963 1007 1044 1053 est
1060 997 1203 1051 omni
1226 995 1428 1050 homini
1450 996 1623 1049 omnis
1643 993 1824 1049 homo.
1844 991 2079 1046 Proximi

485 1098 586 1150 sibi
621 1096 870 1150 dicuntur
892 1102 1041 1163 pater
1070 1102 1123 1146 et
1152 1091 1309 1155 filius,
1333 1103 1487 1145 socer
1514 1096 1567 1142 et
1594 1103 1778 1158 gener.
1808 1084 1951 1141 Nihil
1974 1094 2079 1139 tant

488 1191 787 1259 proximum
813 1229 825 1249 .
849 1201 1007 1257 quam
1037 1184 1197 1240 homo
1225 1193 1280 1238 et
1308 1182 1488 1237 homo.
1507 1179 1610 1235 Sed
1632 1180 1676 1235 si
1706 1188 1951 1249 putamus
1974 1193 2080 1233 non

486 1299 605 1339 esse
629 1283 921 1353 proximos,
960 1279 1059 1334 nisi
1086 1278 1177 1349 qui
1206 1279 1273 1333 de
1301 1276 1490 1332 iisdem
1518 1275 1825 1346 parentibus
1852 1288 2082 1328 nascun—

485 1385 603 1440 tur;
644 1374 811 1430 Adam
859 1381 913 1427 et
947 1373 1110 1428 Evam
1147 1369 1515 1433 attendamus;
1545 1376 1599 1422 et
1648 1381 1837 1422 omnes
1888 1366 2080 1419 fratres

486 1483 690 1525 sumus.
724 1469 789 1523 Et
818 1467 1030 1538 quidem
1071 1464 1263 1520 fratres
1306 1463 1598 1518 secundum
1642 1459 1782 1532 quod
1834 1458 2079 1513 homines

486 1576 689 1626 sumus,
721 1567 918 1629 quanto
954 1557 1120 1627 magis
1165 1555 1456 1611 secundum
1486 1552 1625 1623 quod
1665 1551 1940 1607 christiani
1985 1564 2079 1605 su-

486 1654 652 1710 mus?
679 1654 746 1707 At
777 1653 824 1707 id
849 1651 987 1719 quod
1035 1651 1193 1704 homo
1238 1664 1328 1712 es,
1378 1663 1512 1702 unus
1546 1655 1698 1717 pater
1748 1644 1845 1699 fuit
1874 1644 2077 1710 Adam,

487 1763 591 1801 una
618 1756 785 1801 mater
809 1745 919 1801 Eva
949 1762 962 1798 :
993 1744 1058 1800 ad
1091 1744 1142 1798 id
1186 1742 1325 1813 quod
1357 1740 1678 1795 christianus
1697 1754 1791 1806 es,
1816 1752 1953 1792 unus
1980 1750 2077 1808 pa-

489 1848 569 1895 ter
588 1849 670 1894 est
688 1841 845 1904 Dens,
876 1853 980 1893 una
1010 1845 1182 1891 mater
1209 1834 1469 1889 Ecclesia.

560 1931 789 1987 CAPUT
823 1930 909 1985 IV.
935 1929 1082 1984 -4.
1118 1926 1382 1994 Quomodo
1423 1923 1631 1995 diligere
1658 1938 1710 1977 se
1756 1919 1953 1987 debeat,
1998 1921 2079 1974 cui

485 2024 695 2097 jubclur
740 2022 949 2093 diligere
980 2021 1269 2090 proximum
1318 2028 1556 2087 tanquam
1598 2031 1669 2068 se.
1704 2013 1894 2068 Videte
1951 2026 2080 2083 ergo

486 2124 713 2186 quantos
743 2114 1016 2183 proximos
1040 2111 1231 2165 habeat
1254 2126 1389 2163 unus
1403 2109 1591 2163 homo.
1609 2106 1810 2163 Omnes
1834 2106 2082 2161 homines

490 2207 544 2261 in
581 2220 714 2276 quos
744 2204 1065 2269 incurrerit,
1115 2203 1307 2272 quibus
1345 2200 1495 2270 jungi
1528 2199 1796 2269 potuerit,
1853 2196 2081 2264 proximi

488 2298 602 2367 ejus
633 2306 775 2351 sunt.
808 2293 1088 2364 Quomodo
1114 2308 1242 2363 ergo
1267 2290 1633 2345 discutiendns
1658 2299 1740 2343 est
1784 2298 1960 2342 utrum
1993 2287 2077 2341 di-

488 2388 613 2459 ligat
640 2402 717 2451 se,
748 2388 833 2441 cui
859 2383 1229 2440 committendi
1259 2392 1383 2437 sunt
1413 2390 1490 2436 tot
1520 2381 1778 2451 proximi,
1803 2389 1857 2434 ut
1885 2380 1963 2434 sic
1987 2393 2082 2434 eos

434 2468 439 2473 ’
486 2478 671 2549 diligat
700 2487 947 2548 tanquam
976 2474 1205 2530 se?Non
1237 2489 1365 2544 ειῈο
1397 2474 1657 2528 irascatur
1692 2472 2077 2541 unusquisque,

492 2571 539 2625 si
560 2569 791 2624 discutio
817 2566 1085 2639 quomodo
1110 2582 1170 2622 se
1215 2566 1418 2636 diligat.
1475 2566 1629 2619 Certe
1673 2579 1772 2635 ego
1813 2561 2076 2627 discutio,

487 2663 600 2733 ipse
625 2677 683 2717 se
705 2661 957 2716 inveniat.
980 2659 1178 2730 thuid
1222 2659 1365 2714 enim
1391 2657 1662 2712 discutio?
1692 2656 1815 2727 quia
1858 2670 1957 2725 ego
1999 2654 2081 2709 in-

485 2765 744 2811 venturus
774 2754 939 2811 sum?
964 2753 1089 2808 ldeo
1118 2752 1371 2818 discutio,
1404 2759 1462 2804 ut
1510 2751 1624 2819 ipse
1666 2763 1725 2803 se
1754 2749 2076 2818 interroget,

486 2847 602 2918 ipse
630 2847 729 2901 sibi
761 2855 1033 2917 appareat,
1055 2845 1169 2914 ipse
1193 2858 1251 2899 se
1280 2859 1384 2898 non
1418 2843 1601 2909 lateat,
1622 2842 1735 2911 ipse
1763 2839 1862 2894 sibi
1892 2855 1951 2894 se
1971 2854 2076 2893 non

484 2939 811 3006 abscondat,
870 2941 984 3011 ipse
1015 2938 1116 2993 sibi
1155 2952 1214 2993 se
1242 2944 1365 2991 ante
1393 2936 1579 2990 oculos
1608 2948 1736 2989 suos
1762 2974 1776 2997 ,
1811 2947 1915 2986 non
1960 2938 2079 3002 post

486 3031 705 3087 dorsum
736 3040 916 3102 ponat.
949 3031 1032 3085 Me
1060 3031 1310 3101 loquente
1341 3029 1498 3083 faciat
1530 3028 1652 3093 hoc,
1684 3041 1770 3081 me
1800 3024 2077 3115 nesciente

484 3124 646 3181 faciat
673 3125 793 3180 hoc.
822 3124 1104 3193 Quomodo
1136 3133 1186 3178 te
1211 3122 1387 3193 diligis
1417 3121 1439 3174 ?
1467 3120 1721 3190 Quisquis
1752 3134 1837 3173 me
1876 3116 2032 3172 audis
2053 3156 2070 3183 ,

486 3218 592 3273 imo
619 3218 859 3288 quisquis
888 3217 1053 3271 Deum
1083 3232 1176 3285 per
1193 3231 1278 3271 me
1304 3214 1477 3280 audis,
1502 3214 1553 3267 in
1578 3213 1678 3267 hac
1708 3211 1869 3266 domo
1910 3209 2074 3265 disci-

483 3312 663 3381 phum,
689 3310 905 3365 attende
942 3320 993 3364 te
1017 3350 1031 3371 ,
1066 3307 1337 3380 quomodo
1371 3318 1421 3363 te
1442 3305 1635 3377 diligis.
1668 3304 1913 3360 Profecto
1932 3302 2074 3358 enim

483 3403 527 3458 si
554 3412 603 3457 te
631 3402 952 3471 interrogem
980 3409 1155 3455 utrutn
1186 3399 1377 3471 diligas
1410 3408 1481 3462 te,
1511 3396 1809 3469 respondes
1839 3400 1961 3469 quia
1988 3397 2075 3452 di-

484 3494 623 3562 ligis.
670 3494 801 3562 Quis
846 3494 987 3548 enim
1027 3508 1086 3548 se
1113 3492 1225 3547 odit
1262 3492 1286 3546 ἲ
1336 3492 1446 3546 Ηοε
1493 3490 1734 3547 dicturus
1775 3507 1836 3548 es
1880 3511 1893 3546 :
1942 3493 2071 3563 Quis

481 3587 626 3641 enim
674 3602 733 3640 sc
797 3584 913 3640 odit
952 3585 975 3639 ?
1021 3583 1161 3655 Ergo
1207 3598 1311 3638 non
1373 3583 1547 3654 diligis
1602 3584 1976 3655 iniquitatem,
2025 3586 2072 3642 si

483 3687 536 3733 te
557 3677 748 3747 diligis.
783 3676 914 3731 Nam
956 3676 998 3729 si
1025 3674 1199 3745 diligis
1244 3676 1575 3745 iniquitatem
1601 3716 1616 3743 ,
1648 3692 1755 3731 non
1783 3693 1882 3748 ego
1912 3676 2068 3747 dico,

480 3768 749 3825 Psalmum
780 3767 924 3835 audi,
958 3768 1059 3834 Qui
1086 3767 1253 3839 diligit
1280 3768 1594 3838 iniquitatem
1620 3810 1633 3832 ,
1684 3769 1788 3847 odit
1845 3769 2071 3823 animum

480 3878 625 3916 suam
653 3859 821 3929 (Paul.
850 3876 901 3924 x,
946 3859 1025 3929 6).
1060 3860 1196 3929 Ergo
1222 3858 1265 3913 si
1298 3859 1474 3927 diligis
1529 3859 1894 3928 iniquitatem,
1945 3861 2069 3917 audi

481 3956 794 4014 veritatem;
828 3953 1101 4007 veritatem
1146 3968 1251 4006 non
1276 3962 1327 4006 te
1356 3951 1659 4021 palpantem
1685 3994 1701 4018 ,
1744 3952 1838 4007 sed
1884 3962 2070 4023 aperte

482 4045 576 4100 tibi
605 4046 902 4111 dicentem,
926 4044 1055 4098 Odis
1084 4052 1156 4099 te.
1188 4043 1397 4111 Quanto
1419 4043 1584 4113 magis
1614 4042 1748 4097 dicis
1772 4044 1892 4114 quia
1921 4060 2069 4100 amas

483 4149 553 4201 te,
588 4137 704 4190 odis
726 4144 779 4190 te
810 4154 822 4189 :
858 4136 959 4199 Qui
984 4136 1125 4189 enim
1157 4134 1322 4205 diligit
1350 4135 1685 4204 iniquitatem,
1716 4136 1819 4189 odit
1845 4138 2069 4192 animam

479 4245 645 4284 suam.
674 4226 810 4295 Quid
830 4227 1000 4281 dicam
1025 4225 1091 4279 de
1122 4241 1306 4291 carne,
1336 4242 1452 4295 qua:
1471 4241 1593 4296 pars
1620 4226 1776 4281 vilior
1794 4237 1877 4283 est
1896 4228 2069 4284 homi-

484 4320 567 4375 nis
594 4319 617 4373 ?
647 4319 699 4374 Si
728 4320 959 4373 animam
984 4316 1116 4381 odit,
1140 4332 1355 4372 carnem
1380 4318 1650 4388 quomodo
1677 4318 1891 4389 diligit?
1915 4322 2071 4377 Deni-

479 4428 583 4480 que
604 4414 693 4482 qui
715 4419 898 4465 amnit
923 4409 1279 4480 iniquitatem,
1300 4417 1354 4463 et
1381 4408 1612 4464 oderunt
1637 4411 1869 4466 animam
1888 4427 2062 4481 suam,

478 4521 691 4579 onmem
739 4506 1116 4577 turpitudinem
1165 4515 1419 4561 exercent
1466 4505 1534 4561 de
1578 4520 1739 4562 carne
1782 4522 1899 4562 sua.
1945 4507 2064 4565 Jam

478 4614 630 4670 ergo,
668 4600 756 4670 qui
785 4599 960 4668 diligis
1011 4598 1371 4669 iniquitatem,
1419 4599 1688 4670 quomodo
1730 4599 1823 4655 tibi
1851 4600 2067 4658 volebas

475 4691 735 4747 committi
786 4691 1128 4761 proximum,
1159 4699 1217 4745 ut
1245 4690 1493 4762 diligeres
1521 4707 1642 4747 eum
1672 4701 1925 4764 tanquam
1966 4703 2016 4749 te
2041 4694 2065 4749 ?

478 4783 684 4848 lintuo,
708 4780 832 4851 quid
875 4780 1053 4852 perdis
1092 4782 1188 4835 te?
1225 4781 1278 4836 Si
1309 4782 1452 4836 enim
1486 4791 1537 4835 tu
1564 4782 1680 4852 ipse
1707 4783 1783 4838 sic
1811 4792 1862 4838 te
1887 4784 2065 4856 diligis

475 4887 532 4932 nt
560 4877 751 4946 perdas
782 4884 868 4942 te;
893 4876 969 4931 sic
999 4874 1240 4946 profecto
1269 4876 1577 4947 perditurus
1599 4892 1657 4932 es
1687 4885 1741 4933 et
1757 4892 1877 4933 eum
1902 4895 2064 4950 quem

475 4968 655 5038 diligis
676 4970 815 5023 sicut
840 4976 911 5023 te.
943 4967 1077 5023 Nolo
1104 4983 1231 5038 ergo
1259 4983 1579 5038 quemquam
1605 4968 1791 5039 diligas
1814 4988 1827 5023 :
1850 4971 1935 5024 vel
1972 4986 2063 5025 so-

473 5060 1035 5131 lus,peri.Autcorrige
1063 5060 1401 5115 dilectionem
1431 5100 1445 5127 ,
1483 5067 1574 5115 aut
1610 5076 1804 5131 respue
1837 5063 2063 5120 societa-

476 5163 601 5207 tcttt.

540 5243 767 5299 CAPUT
805 5242 870 5298 ν.
893 5245 1034 5301 ——5.
1065 5243 1189 5309 Quis
1233 5243 1509 5315 perniciose
1550 5245 1726 5315 diligat
1748 5250 2059 5318 proximum.

470 5334 735 5390 Belluinus
765 5337 932 5391 homo.
977 5337 1221 5392 Dicturus
1264 5335 1393 5391 mihi
1426 5352 1521 5391 es:
1556 5337 1724 5409 Diligo
1763 5341 2060 5407 proximum

472 5437 721 5497 tanquam
750 5445 833 5483 me
856 5431 1047 5499 ipsum.
1082 5430 1254 5485 Audio
1290 5430 1466 5500 plane,
1494 5430 1672 5486 audio.
1700 5431 1954 5490 lnebriari
1984 5436 2064 5492 vis

469 5535 591 5575 cum
620 5520 728 5583 illo,
750 5537 907 5590 quem
942 5523 1115 5593 diligis
1145 5530 1393 5593 tanquam
1426 5533 1480 5579 te
1506 5525 1698 5593 ipsum.
1727 5524 1868 5581 Bene
1908 5527 2062 5582 nobis

472 5610 726 5665 faciamus
769 5612 959 5676 hodie,
1006 5624 1258 5684 quantum
1302 5630 1583 5686 possumus
1620 5616 1885 5675 bibamus.
1929 5619 2061 5675 Vide

468 5705 592 5775 quia
626 5706 702 5758 sic
732 5714 782 5759 te
805 5705 1012 5775 diligis,
1042 5716 1091 5761 et
1122 5708 1267 5762 illum
1306 5710 1371 5763 ad
1417 5719 1469 5766 te
1504 5711 1671 5766 trahis
1692 5755 1707 5780 ,
1738 5722 1789 5767 et
1819 5713 1884 5768 ad
1916 5716 2058 5785 quod

475 5814 624 5855 amas
650 5814 829 5853 vocas.
853 5798 1081 5853 Necesse
1108 5810 1187 5855 est
1220 5813 1275 5856 ιιι
1308 5817 1463 5873 quem
1501 5803 1676 5875 diligis
1717 5814 1966 5878 tanquam
2005 5817 2056 5864 te

472 5909 651 5971 psum,
678 5892 805 5952 illuc
839 5892 986 5952 illum
1018 5893 1197 5952 trahas
1222 5895 1287 5953 ad
1316 5896 1458 5969 quod
1488 5907 1541 5956 et
1570 5908 1625 5956 tu
1664 5908 1715 5957 te
1749 5916 1916 5960 amas.
1944 5902 2057 5961 llu-

1718 408 1775 466 S.
1817 399 2184 464 AUGUSTlNl
2223 401 2524 464 EPISCOPI

3673 426 3784 485 672

2193 538 2382 582 manus
2414 528 2592 601 homo,
2617 531 2724 589 imo
2751 533 3034 604 belluinus,
3057 536 3287 596 amando
3308 537 3431 596 talia
3454 540 3627 613 qualia
3657 542 3779 600 bel-

2191 616 2312 673 luae.
2346 620 2556 680 Belluas
2592 626 2734 680 enim
2766 628 2906 683 Deus
2944 637 3234 699 prostratas
3274 632 3329 687 in
3371 632 3562 690 faciem
3611 634 3777 703 fecit,

2190 720 2397 780 pastum
2433 727 2734 783 quaerentes
2759 717 2826 772 de
2853 729 2991 774 terra
3021 738 3034 774 :
3069 730 3120 776 te
3150 723 3201 776 in
3232 723 3366 780 duos
3408 725 3576 797 pedes
3604 729 3781 785 erexit

2188 800 2256 858 de
2285 812 2442 859 terra.
2478 806 2642 862 Tuam
2672 807 2859 866 faciem
2891 826 3103 868 sursum
3135 815 3414 872 attendere
3444 817 3627 875 voluit.
3658 819 3778 874 Non

2188 894 2455 954 discordet
2494 914 2588 955 cor
2617 911 2765 957 tuum
2803 918 2833 958 a
2877 904 3010 961 facie
3048 914 3157 963 tua.
3188 907 3303 963 Non
3342 910 3542 966 habeas
3586 912 3776 967 faciem

2188 1000 2421 1058 sursum,
2454 1000 2508 1046 et
2534 1007 2627 1047 cor
2656 994 2906 1052 deorsum
2940 1017 2952 1052 :
2984 999 3089 1055 imo
3127 1016 3316 1056 verum
3344 1002 3466 1057 audi
3502 1012 3555 1059 et
3584 1019 3770 1059 verum

2188 1076 2289 1143 fac,
2320 1078 2541 1136 Sursum
2570 1099 2702 1150 cor;
2744 1102 2810 1143 ne
2850 1090 3125 1145 mentiaris
3165 1091 3216 1146 in
3258 1090 3420 1148 domo
3458 1092 3774 1165 disciplinae.

2184 1170 2410 1239 Quando
2444 1177 2584 1231 enim
2615 1179 2798 1245 audis,
2839 1183 3146 1253 responde:
3179 1184 3275 1241 sed
3305 1186 3376 1241 sit
3412 1202 3596 1243 verum
3632 1190 3775 1259 quod

2184 1267 2496 1335 respondes.
2514 1268 2601 1326 Sic
2628 1280 2679 1327 te
2709 1273 2889 1345 dilige,
2916 1285 2969 1329 et
2990 1276 3179 1348 diliges
3201 1278 3503 1347 proximum
3521 1289 3774 1349 tanquam

2182 1363 2237 1436 te
2265 1358 2456 1429 ipsum.
2478 1362 2612 1430 Quid
2644 1374 2725 1420 est
2747 1368 2887 1421 enim
2911 1383 3122 1424 sursum
3143 1369 3341 1426 habere
3368 1386 3483 1436 cor,
3505 1372 3605 1427 nisi
3633 1354 3781 1444 quod

2183 1450 2382 1508 dictum
2414 1465 2495 1510 est
2527 1457 2688 1527 prius,
2722 1459 2911 1532 Diliges
2936 1460 3206 1518 Dominum
3243 1463 3407 1519 Deum
3431 1475 3572 1520 tuum
3591 1483 3653 1521 ea:
3672 1476 3779 1522 toto

2183 1544 2335 1598 corde
2363 1555 2469 1613 tuo,
2508 1556 2555 1600 et
2582 1565 2644 1603 ea:
2673 1560 2777 1604 tota
2809 1553 2978 1605 anima
3005 1562 3113 1622 tua,
3147 1564 3195 1609 et
3225 1572 3289 1613 ea:
3319 1565 3421 1612 tota
3452 1566 3613 1612 mente
3645 1568 3734 1612 tua
3752 1558 3781 1612 1’

2182 1633 2317 1701 Quia
2361 1651 2488 1707 ergo
2527 1638 2634 1693 duo
2674 1652 2939 1712 praecepta
2974 1653 3116 1710 sunt,
3148 1646 3192 1700 si
3215 1661 3376 1701 unum
3403 1646 3641 1714 diceret,
3665 1664 3780 1705 non

2184 1726 2494 1784 sufﬁceret?
2520 1730 2728 1787 Sufficit
2753 1743 2807 1788 et
2834 1752 2996 1790 unum
3021 1778 3034 1801 ,
3059 1737 3103 1791 si
3134 1738 3475 1809 intelligatur.
3506 1740 3637 1797 Nam
3668 1742 3778 1797 ali-

2185 1821 2395 1890 quando
2421 1823 2498 1878 sic
2524 1823 2757 1895 loquitur
2777 1825 3072 1897 Scriptura,
3090 1830 3229 1887 sicut
3254 1832 3450 1889 Paulus
3469 1838 3742 1906 apostolus
3758 1855 3778 1893 :

2188 1911 2307 1967 Non
2335 1915 2668 1985 adulterabis,
2699 1937 2800 1973 non
2821 1921 3145 1977 homicidium
3193 1926 3370 1996 facies,
3401 1944 3501 1982 non
3536 1931 3783 2001 concupi-

2184 2019 2291 2058 sces
2312 2021 2330 2061 :
2354 2016 2399 2059 et
2428 2009 2473 2061 si
2492 2010 2628 2079 quod
2647 2021 2721 2065 est
2753 2012 2898 2066 aliud
2926 2016 3418 2081 mandatum,inlioc
3433 2036 3657 2076 sermone
3694 2038 3783 2077 re-

2186 2097 2516 2167 capitulatur,
2550 2100 2745 2174 Diliges
2776 2104 3062 2172 proximum
3094 2117 3234 2161 tuum
3253 2119 3492 2181 tanquam
3515 2120 3561 2165 te
3583 2112 3777 2181 ipsum.

2185 2187 2402 2244 Dilectio
2428 2193 2643 2259 proximi
2671 2196 2861 2249 malum
2887 2213 2986 2251 non
3014 2208 3271 2267 operatur.
3305 2199 3580 2256 Plenitudo
3606 2213 3778 2259 autent

2188 2279 2335 2353 Legi;
2379 2295 2451 2338 est
2486 2284 2707 2340 eharitas
2735 2286 2909 2353 (Rom.
2944 2305 3039 2343 xut
3060 2330 3073 2354 ,
3105 2290 3157 2357 9,
3184 2290 3292 2363 10).
3323 2292 3460 2360 Quid
3492 2304 3572 2349 est
3595 2295 3781 2351 chari-

2186 2374 2303 2428 tas?
2329 2375 2571 2431 Dilectio.
2596 2378 2735 2431 Nihil
2782 2379 2991 2434 videtur
3024 2381 3229 2437 dixisse
3256 2383 3321 2438 de
3349 2385 3630 2441 dilectione
3657 2388 3780 2456 Dei,

2185 2464 2279 2520 sed
2320 2467 2485 2521 solam
2524 2470 2750 2537 proximi
2778 2470 3117 2528 dilectionem
3148 2474 3281 2529 dixit
3306 2476 3550 2533 sufficere
3577 2479 3641 2533 ad
3670 2480 3780 2533 im-

2189 2559 2430 2628 plendam
2453 2560 2643 2631 legem.
2675 2563 2940 2635 Quidquid
2966 2575 3048 2621 est
3067 2566 3209 2622 aliud
3236 2569 3565 2639 mandatum,
3600 2571 3650 2627 in
3674 2571 3782 2629 hoc

2185 2665 2433 2707 sermone
2460 2654 2857 2724 recapitulatur,
2889 2658 2939 2711 in
2974 2659 3075 2713 hoc
3116 2674 3367 2717 sermone
3411 2662 3681 2734 impletur.
3716 2665 3778 2721 In

2184 2742 2330 2812 quo?
2357 2742 2546 2815 Diliges
2568 2747 2855 2815 proximum
2881 2758 3023 2803 tuum
3050 2760 3291 2821 tanquam
3332 2762 3380 2807 te
3416 2754 3600 2823 ipsum.
3636 2757 3781 2812 Ecce

2185 2849 2345 2888 unum
2389 2844 2492 2891 est.
2524 2837 2679 2893 Certe
2709 2839 2813 2895 duo
2841 2849 3106 2913 praecepta
3146 2853 3307 2910 sunt,
3350 2845 3401 2900 in
3430 2847 3620 2918 quibus
3661 2855 3780 2904 tota

2183 2923 2291 2980 Lex
2321 2927 2516 2993 pendet
2540 2937 2593 2983 et
2610 2929 2910 2999 Propheta}.

2252 3017 2479 3076 CAPUT
2507 3020 2591 3075 Vl.
2611 3052 2682 3062 —-
2698 3021 2839 3077 Deus
2855 3023 3065 3094 homini,
3087 3035 3140 3080 ut
3162 3027 3333 3083 beatus
3356 3029 3437 3093 sit,
3462 3028 3778 3100 diligendus.

2182 3109 2408 3168 Pecunia
2432 3130 2532 3168 non
2560 3116 2632 3169 sic
2651 3116 2891 3185 amanda,
2915 3126 2971 3172 ut
2990 3135 3089 3173 non
3105 3119 3173 3175 sis
3195 3131 3397 3190 paratus
3416 3122 3635 3178 dividere
3652 3141 3780 3182 cum

2116 3205 2124 3212 '
2182 3207 2432 3276 proximo.
2462 3205 2649 3262 Videte
2684 3210 2955 3279 quomodo
2978 3211 3099 3282 plus
3122 3212 3413 3268 breviatum
3452 3224 3565 3282 est,
3592 3225 3645 3270 et
3669 3215 3779 3271 ad-

2181 3298 2286 3357 huc
2314 3300 2447 3370 pigrl
2474 3316 2676 3357 sumus.
2706 3302 2844 3359 Ecce
2881 3319 2999 3373 quae
3024 3304 3130 3360 duo
3157 3316 3341 3373 erant,
3373 3323 3536 3362 unum
3570 3308 3775 3367 factum

2180 3402 2282 3448 εει.
2306 3392 2533 3450 Prorsus
2560 3396 2857 3464 proximum
2883 3396 3044 3469 dilige
3066 3439 3081 3466 ,
3121 3406 3177 3454 et
3215 3397 3429 3455 sufﬁcit.
3470 3398 3575 3457 Sed
3611 3401 3778 3473 dilige

2178 3485 2448 3557 quomodo
2488 3493 2543 3542 te
2582 3488 2754 3557 ipsum
2804 3488 2999 3561 diligis,
3047 3505 3156 3546 non
3199 3492 3469 3562 quomodo
3515 3502 3567 3548 te
3595 3494 3774 3565 ipsum

2177 3578 2355 3634 odisti.
2388 3579 2554 3650 Dilige
2576 3581 2873 3649 proximum
2902 3590 3054 3638 tuum
3082 3591 3329 3656 tanquam
3357 3593 3409 3642 te
3435 3584 3607 3657 ipsum
3628 3605 3641 3641 :
3666 3587 3770 3644 sed

2177 3669 2326 3741 prius
2351 3678 2433 3725 est
2460 3680 2515 3726 ut
2542 3672 2733 3744 diligas
2755 3683 2804 3729 te
2824 3675 3021 3745 ipsum.

2252 3759 2303 3814 6.
2342 3760 2595 3827 Quaerere
2633 3763 2799 3819 habes
2839 3764 3109 3835 quomodo
3146 3765 3337 3839 diligas
3378 3776 3431 3825 te
3479 3769 3681 3841 ipsum;
3712 3778 3776 3827 et

2176 3852 2361 3908 audire
2406 3852 2593 3922 habes,
2620 3855 2813 3927 Diliges
2858 3856 3135 3913 Dominum
3173 3859 3338 3914 Deum
3382 3871 3524 3915 tuum
3561 3879 3621 3917 ea:
3664 3872 3776 3920 toto

2176 3945 2327 3999 corde
2356 3955 2464 4011 tuo,
2505 3956 2550 4000 et
2586 3963 2649 4002 ex
2685 3958 2790 4003 tota
2817 3950 2988 4004 anima
3013 3960 3120 4016 tua,
3148 3960 3197 4005 et
3220 3968 3282 4007 ea:
3307 3961 3410 4007 tota
3451 3962 3611 4008 mente
3655 3963 3773 4011 tua.

2178 4037 2348 4094 llomo
2368 4040 2511 4095 enim
2538 4043 2805 4111 quomodo
2841 4058 2873 4097 a
2916 4060 2977 4099 se
3019 4044 3133 4100 fieri
3176 4060 3283 4102 non
3325 4047 3528 4118 potuit,
3559 4047 3638 4102 sic
3670 4063 3775 4105 nec

2176 4128 2362 4185 beatus
2389 4130 2501 4185 fieri
2524 4147 2553 4186 a
2590 4147 2648 4187 se
2678 4142 2870 4202 potest.
2904 4136 3021 4191 Alia
3049 4151 3134 4192 res
3164 4152 3285 4192 eum
3317 4137 3443 4193 fecit
3469 4137 3772 4207 hominem,

2175 4222 2317 4293 quod
2335 4239 2439 4278 non
2463 4234 2545 4279 est
2570 4225 2684 4295 ipse
2702 4227 2861 4283 homo
2892 4227 3027 4284 :alia
3054 4244 3140 4285 res
3166 4246 3288 4286 cum
3319 4232 3515 4287 factura
3544 4233 3776 4290 cstbeao

2176 4323 2309 4383 tum,
2338 4316 2480 4387 quod
2511 4333 2616 4371 non
2644 4327 2726 4373 est
2766 4320 2878 4390 ipse
2914 4319 3096 4375 homo.
3130 4320 3370 4393 Denique
3397 4338 3586 4379 errans
3617 4325 3775 4383 videt

2174 4407 2309 4478 ipse,
2332 4410 2454 4479 quia
2486 4425 2580 4479 per
2596 4426 2656 4466 se
2679 4427 2781 4467 non
2803 4421 2975 4481 potest
3001 4414 3184 4470 beatus
3210 4430 3349 4483 esse,
3373 4425 3427 4472 et
3455 4427 3597 4473 amat
3615 4419 3774 4477 aliud

2175 4501 2316 4557 unde
2334 4502 2403 4557 sit
2428 4502 2633 4559 beatus.
2656 4503 2806 4561 Unde
2833 4520 2890 4562 se
2912 4504 3023 4563 fieri
3041 4506 3441 4577 putatbeatum,
3465 4509 3568 4565 hoc
3595 4521 3771 4566 amat.

2172 4592 2331 4661 Quid,
2366 4603 2633 4663 putamus,
2678 4607 2839 4663 amat,
2874 4597 3014 4653 unde
3057 4608 3206 4670 putat
3250 4616 3308 4656 se
3351 4600 3466 4658 ﬁeri
3511 4602 3772 4660 beatum?

2173 4684 2481 4752 Pecuniam,
2515 4705 2724 4755 aurum,
2753 4700 3052 4760 argentum,
3085 4694 3456 4764 possessiones
3486 4713 3499 4749 :
3529 4695 3773 4754 breviter

2171 4779 2310 4847 dico,
2343 4784 2850 4853 pecuniam.Totum
2877 4787 3019 4841 enim
3048 4787 3302 4861 quidquid
3327 4790 3569 4847 homines
3593 4793 3772 4863 possi-

2170 4871 2300 4928 dent
2344 4876 2395 4929 in
2439 4885 2599 4943 terra,
2630 4879 2807 4932 omnia
2852 4895 3079 4950 quorum
3116 4880 3317 4936 domini
3348 4892 3494 4951 sunt,
3534 4887 3768 4955 pecunia

2169 4978 2408 5024 vocatur.
2440 4970 2634 5027 Servus
2659 4974 2745 5038 sit,
2770 4988 2884 5039 vas,
2904 4990 3049 5046 ager,
3074 4974 3254 5044 arbor,
3280 4991 3472 5047 pecus;
3501 4978 3769 5050 quidquid

2169 5058 2360 5115 horum
2388 5071 2492 5126 est,
2526 5064 2746 5132 pecunia
2775 5063 2987 5120 dicitur.
3012 5065 3081 5121 Et
3107 5066 3247 5122 unde
3272 5076 3353 5124 est
3388 5069 3619 5139 primum
3662 5086 3770 5126 vo-

2169 5162 2285 5207 cata
2309 5155 2553 5223 pecunia.
2585 5154 2709 5209 Ideo
2738 5157 2982 5225 pecunia,
3009 5158 3131 5229 quia
3168 5158 3370 5231 antiqui
3404 5170 3572 5217 totum
3610 5164 3763 5231 quod

2168 5246 2461 5311 habt-bant,
2493 5250 2543 5303 in
2576 5250 2855 5318 pecoribus
2898 5250 3184 5307 habebant.
3222 5258 3266 5309 A
3306 5270 3499 5324 pecore
3530 5257 3764 5326 pecunia

2167 5348 2403 5395 vocatur.
2433 5341 2682 5412 Legimus
2718 5343 2967 5413 antiquos
3008 5354 3185 5415 patres
3229 5345 3395 5402 fuisse
3430 5346 3623 5404 divites
3660 5365 3766 5420 pa-

2166 5440 2359 5488 stores.
2387 5432 2529 5503 Ergo
2563 5434 2841 5505 pecuniam
2883 5433 3080 5506 diligis,
3111 5452 3144 5488 ο
3182 5436 3341 5492 homo
3375 5456 3389 5497 :
3418 5438 3559 5495 unde
3600 5448 3766 5510 putas

2169 5533 2221 5580 te
2252 5526 2362 5580 lieri
2392 5526 2626 5593 beatum,
2663 5529 2885 5599 pecunia
2909 5538 3011 5593 est,
3043 5538 3099 5584 et
3128 5530 3350 5585 multum
3394 5547 3514 5587 eam
3554 5532 3761 5603 diligis.

2170 5616 2395 5673 Volebas
2420 5618 2640 5691 diligere
2663 5620 2961 5691 proximum
2987 5630 3238 5691 tanquam
3263 5630 3313 5676 te
3336 5622 3505 5691 ipsum
3526 5662 3543 5689 ,
3574 5622 3764 5681 divide

2165 5725 2286 5765 cum
2312 5712 2400 5768 illo
2424 5714 2695 5783 pecuniam
2720 5722 2883 5766 tuam.
2913 5712 3049 5781 Quid
3077 5728 3225 5769 esses
3251 5713 3600 5771 discutiebam
3630 5733 3645 5772 :
3675 5718 3766 5774 in-

2165 5817 2353 5863 ventus
2390 5824 2480 5874 es;
2511 5809 2795 5878 apparuisti
2825 5807 2939 5875 tibi,
2968 5808 3149 5865 vidisti
3180 5817 3265 5877 te,
3294 5811 3647 5868 considerasti
3677 5819 3759 5869 te.

2166 5903 2279 5964 Non
2308 5921 2364 5962 cs
2383 5912 2594 5979 paratus
2613 5901 2853 5962 dividere
2876 5920 2998 5963 cum
3018 5906 3263 5979 proximo
3283 5908 3562 5981 pecuniam
3581 5916 3761 5970 tuam.
