4102 6336
303 386 394 446 673

300 506 391 563 Sed
416 502 542 575 quid
567 501 697 558 mihi
728 498 1015 574 respondet
1037 496 1262 573 benigna
1285 501 1541 557 avaritia?
1566 500 1704 568 Quid
1735 497 1865 553 mihi

299 598 605 672 respondet?
633 596 691 655 Si
715 598 948 654 divisero
976 612 1098 652 cum
1138 596 1251 661 illo,
1282 597 1460 651 minus
1500 596 1603 651 erit
1637 604 1693 651 et
1733 592 1860 648 mihi

297 691 470 750 etilli:
498 688 768 745 minuetur
801 687 943 760 quod
970 702 1113 755 amo,
1146 702 1246 743 nec
1285 695 1451 742 totum
1495 685 1712 741 habebit
1736 684 1825 739 ille
1845 724 1861 751 ,

297 800 381 842 nec
405 790 573 839 totum
594 781 802 839 habebo
823 795 943 852 ego.
964 779 1070 836 Sed
1099 779 1222 850 quia
1258 777 1422 848 diligo
1456 792 1577 832 eum
1611 787 1859 846 tanquam

298 894 369 935 me
390 878 584 948 ipsum,
619 884 748 946 opto
775 874 850 929 illi
880 882 939 928 ut
972 881 1179 927 tantum
1209 870 1434 936 habeat;
1463 876 1525 924 ut
1556 882 1655 924 nec
1681 881 1861 923 meum

297 978 564 1033 minuatur,
590 976 645 1024 et
672 968 784 1037 ipse
808 964 937 1020 mihi
963 971 1286 1034 coaequetur.

352 1058 570 1118 CAPUT
610 1056 807 1112 Vll.—
830 1057 882 1111 7.
914 1054 1201 1109 Invidentia
1236 1052 1411 1108 uitium
1445 1050 1747 1106 diabolicum
1776 1065 1858 1103 ve-

296 1154 418 1207 niens
437 1167 500 1207 ex
511 1150 766 1221 superbia.
782 1147 919 1203 Bene
934 1155 1164 1218 optantes
1180 1144 1361 1217 egenti,
1383 1161 1473 1198 nec
1493 1154 1658 1197 tamen
1667 1142 1863 1213 aliquid

293 1246 470 1298 dantes.
490 1240 655 1312 Optas
671 1238 810 1295 unde
826 1238 958 1294 nihil
985 1237 1177 1309 perdas
1203 1254 1215 1291 :
1240 1247 1398 1307 atque
1425 1235 1624 1291 utinam
1642 1235 1742 1289 hoc
1763 1248 1858 1289 ve-

292 1351 393 1391 rum
418 1334 585 1400 dicas,
616 1331 702 1388 vel
728 1340 900 1402 optes.
929 1330 1115 1385 Timeo
1150 1329 1291 1385 enim
1320 1344 1387 1384 ne
1416 1327 1674 1384 invideas.
1707 1326 1861 1394 Quo-

293 1426 436 1485 .nodo
474 1425 615 1481 enim
645 1423 855 1479 socialis
892 1422 994 1478 erit
1033 1421 1259 1477 felicitas
1293 1429 1380 1476 tua
1403 1461 1418 1485 ,
1446 1435 1605 1491 quam
1647 1426 1860 1488 torquet

289 1520 496 1576 felicitas
523 1516 734 1574 aliena?
759 1514 946 1572 Nonne
968 1530 1089 1570 cum
1118 1514 1344 1584 coeperit
1364 1513 1629 1569 ditescere
1653 1513 1858 1567 vicinus

289 1621 413 1679 tuus,
444 1619 501 1667 et
532 1611 766 1681 incipere
793 1609 944 1679 quasi
988 1622 1228 1679 surgere,
1259 1616 1313 1661 et
1335 1606 1412 1661 ire
1441 1614 1563 1676 post
1603 1614 1674 1669 te,
1702 1606 1858 1660 times

288 1718 347 1758 ne
385 1710 640 1769 sequatur
679 1710 761 1767 te,
794 1700 952 1755 times
1000 1714 1069 1755 ne
1110 1704 1344 1753 transeat
1370 1696 1460 1751 te?
1487 1696 1645 1751 Certe
1684 1694 1860 1766 diligis

286 1795 573 1865 proximum
608 1803 856 1862 tanquam
888 1801 940 1845 te
968 1790 1162 1860 ipsum.
1188 1788 1292 1844 Sed
1325 1802 1428 1843 non
1457 1787 1646 1857 loquor
1673 1785 1741 1841 de
1780 1786 1863 1840 in-

283 1884 462 1941 vidis’.
493 1884 712 1939 Avertat
758 1882 901 1939 enim
946 1882 1088 1936 Deus
1129 1878 1268 1934 hanc
1311 1887 1513 1949 pestem
1560 1879 1626 1934 ab
1666 1877 1861 1933 animis

284 1978 509 2033 omnium
558 1975 867 2040 hominum,
916 1973 1111 2028 nedum
1167 1970 1619 2035 Christianorum;
1671 1969 1858 2024 vitium

283 2069 612 2134 diabolicum,
641 2082 747 2138 quo
768 2066 913 2121 solus
933 2063 1176 2119 diabolus
1206 2077 1330 2117 reus
1356 2068 1459 2126 est,
1490 2070 1543 2116 et
1566 2059 1858 2130 inexpiabi-

284 2164 391 2218 liter
433 2176 579 2217 reus.
625 2159 740 2214 Non
786 2158 930 2213 enim
976 2156 1169 2211 dicitur
1207 2153 1420 2209 diabolo
1458 2163 1518 2207 ut
1552 2152 1852 2217 damnetur,

282 2253 602 2310 Adulterium
622 2249 960 2313 commisisti,
984 2247 1178 2301 furtum
1202 2245 1394 2309 fecisti,
1420 2244 1596 2298 villam
1627 2242 1855 2298 alienam

281 2344 525 2415 rapuisti:
548 2340 667 2409 sed,
693 2340 903 2396 Homini
929 2338 1087 2393 stanti
1115 2337 1297 2406 lapsus
1326 2334 1579 2389 invidisti.
1612 2332 1860 2388 Inviden-

281 2438 342 2492 tia
383 2434 707 2492 diabolicnm
737 2431 922 2486 vitium
948 2438 1028 2485 est
1056 2446 1070 2483 :
1098 2426 1191 2482 sed
1224 2426 1384 2481 habet
1422 2434 1649 2480 matrem
1679 2439 1853 2479 suam.

279 2529 528 2603 Superbia
556 2537 776 2583 vocatur
801 2533 969 2579 mater
994 2520 1317 2578 invidentize.
1347 2518 1610 2589 Superbia
1642 2516 1850 2572 invidos

279 2623 410 2679 facit.
443 2619 655 2676 Suﬁ‘oca
682 2627 904 2672 matrem
926 2656 940 2682 ,
967 2623 1022 2670 et
1051 2628 1156 2669 non
1195 2612 1300 2668 erit
1325 2610 1454 2666 ﬁlia.
1483 2609 1611 2666 Ideo
1636 2608 1854 2663 humili-

280 2725 431 2770 tatem
458 2712 642 2769 docuit
663 2709 923 2767 Christus.
951 2707 1068 2762 Non
1098 2720 1226 2776 ergo
1254 2706 1446 2774 loquor
1474 2701 1691 2767 invidis,
1716 2700 1854 2756 bene

277 2806 574 2880 optantibus
597 2806 804 2875 loquor.
834 2802 941 2857 Illis
963 2801 1151 2871 loquor
1171 2798 1258 2868 qui
1285 2804 1469 2867 optant
1489 2796 1627 2851 bene
1643 2793 1849 2858 amicis,

279 2911 330 2955 ut
370 2900 841 2955 habeanttantum
872 2902 1126 2965 quantum
1172 2890 1370 2946 habent
1414 2899 1468 2944 et
1507 2887 1626 2958 ipsi.
1660 2886 1857 2957 Optant

276 2994 407 3048 bene
435 2990 732 3061 egentibus,
758 2997 813 3042 ut
833 2986 1063 3041 habeant
1086 2991 1341 3054 quantum
1371 2989 1431 3035 et
1457 2980 1557 3050 ipsi
1585 2994 1599 3031 :
1634 2977 1728 3034 sed
1752 2992 1853 3033 no-

276 3084 386 3138 lunt
429 3082 538 3137 illis
576 3080 705 3135 dare
742 3093 808 3134 ex
844 3092 910 3133 eo
951 3074 1093 3147 quod
1132 3073 1348 3129 habent.
1394 3070 1521 3126 Inde
1571 3079 1623 3125 te
1660 3069 1852 3138 jactas,

276 3177 435 3234 homo
462 3175 774 3240 christiane,
792 3171 914 3243 quia
931 3179 1082 3240 optas
1109 3164 1289 3224 bene?
1316 3164 1502 3221 Melior
1526 3172 1580 3219 te
1607 3169 1690 3218 est
1714 3176 1858 3216 men-

275 3269 444 3335 dicus,
490 3267 580 3339 qui
610 3266 764 3337 plura
811 3263 903 3319 tibi
940 3270 1111 3333 optat,
1135 3268 1191 3316 et
1233 3258 1360 3313 nihil
1397 3255 1577 3311 habet.
1604 3254 1749 3309 Bene
1776 3252 1857 3307 vis

273 3372 456 3435 optare
484 3360 615 3415 nihil
644 3376 673 3414 a
703 3368 756 3415 te
779 3355 1058 3427 accipienti
1089 3371 1103 3409 :
1131 3352 1199 3408 da
1224 3349 1445 3422 aliquid
1464 3349 1601 3404 bene
1626 3346 1852 3418 Optanti.

273 3459 327 3515 Si
360 3459 561 3514 bonum
602 3465 683 3511 est
724 3454 861 3509 bene
889 3459 1103 3521 optare,
1138 3446 1301 3503 redde
1331 3442 1657 3500 mercedem.
1692 3440 1853 3510 Optat

276 3553 367 3609 tibi
414 3554 553 3607 bene
590 3563 819 3621 pauper,
864 3543 988 3617 quid
1029 3539 1303 3613 trepidas?
1335 3537 1484 3594 Addo
1522 3534 1719 3607 aliquid
1750 3552 1763 3587 :
1800 3532 1856 3587 ln

275 3646 435 3702 domo
461 3643 755 3711 disciplinae
784 3655 863 3695 es.
896 3637 1047 3693 Addo
1072 3632 1270 3705 aliquid
1315 3630 1399 3686 his
1431 3645 1550 3700 quae
1576 3627 1684 3681 dixi
1705 3628 1749 3695 ²,
1782 3625 1856 3680 Da

276 3740 411 3797 bene
438 3739 678 3809 optanti;
701 3734 945 3790 Christus
968 3739 1068 3786 est.
1098 3729 1215 3799 Ipse
1239 3735 1345 3781 ate
1364 3724 1492 3796 petit
1520 3722 1610 3794 qui
1636 3721 1730 3776 tibi
1758 3721 1858 3774 de-

250 3831 369 3887 .dit.
402 3830 696 3886 Erubesce.
728 3826 824 3881 llle
848 3824 1003 3879 dives
1027 3835 1232 3892 pauper
1250 3833 1371 3874 esse
1396 3814 1586 3878 voluit,
1612 3823 1669 3869 ut
1694 3814 1859 3869 habe-

275 3938 361 3979 res
403 3934 667 3993 pauperes
692 3918 884 3989 quibus
910 3914 1085 3969 dares.
1120 3912 1193 3967 Da
1229 3908 1428 3980 aliquid
1458 3906 1608 3962 fratri
1637 3916 1760 3971 tuo,
1792 3904 1859 3960 da

273 4014 470 4086 aliquid
518 4012 758 4084 proximo
785 4021 895 4075 tuo,
925 4007 991 4063 da
1019 4004 1218 4076 aliquid
1246 4001 1426 4061 comiti
1456 4011 1566 4056 tuo.
1590 3999 1672 4055 Tu
1709 3999 1859 4055 dives

273 4121 333 4164 es
354 4150 370 4174 ,
398 4107 488 4162 ille
516 4121 715 4176 pauper
739 4111 837 4159 est.
866 4101 985 4157 Vita
1014 4102 1111 4155 ista
1131 4097 1213 4153 via
1241 4106 1346 4164 est,
1371 4094 1528 4151 simul
1553 4092 1863 4151 ambulatis.

345 4200 470 4257 CA}
484 4199 574 4256 UT
596 4196 858 4253 Vlll.—8.
881 4195 1097 4250 Sarcina
1118 4191 1407 4246 divitiarum
1433 4186 1725 4253 minuenda,
1759 4186 1861 4240 lar-

272 4291 458 4364 giendo
494 4289 722 4361 pauperi.
758 4286 1031 4342 Excusatio
1074 4282 1292 4338 crudelis
1343 4295 1615 4335 avarorum
1664 4277 1863 4347 pietatis

271 4386 475 4441 nomine
496 4383 677 4437 velata.
710 4380 817 4437 Sed
839 4379 974 4434 forte
994 4376 1128 4432 dicis
1158 4396 1172 4429 :
1206 4374 1317 4443 Ego
1343 4373 1512 4439 dives,
1543 4371 1633 4425 ille
1658 4384 1862 4440 pauper

271 4489 375 4533 est.
424 4476 597 4534 Simul
640 4472 941 4537 ambulatis,
992 4466 1213 4524 annon?
1245 4465 1382 4532 Quid
1412 4461 1659 4533 estquod
1703 4460 1857 4526 dicis,

270 4574 384 4645 Ego
413 4572 586 4640 dives,
619 4569 709 4625 ille
739 4581 972 4639 pauper;
1002 4563 1127 4625 nisi,
1147 4562 1259 4632 Ego
1289 4566 1561 4625 oneratus,
1593 4554 1684 4611 ille
1699 4552 1858 4610 levis?

272 4667 385 4738 Ego
411 4664 587 4727 dives,
611 4662 700 4716 ille
727 4675 946 4731 pauper.
964 4655 1239 4713 Sarcinam
1272 4661 1417 4707 tuam
1444 4661 1859 4712 commemoras,

268 4737 486 4829 pondus
519 4765 663 4810 tuum
694 4750 901 4807 laudas.
930 4749 1001 4804 Et
1039 4745 1180 4819 quod
1209 4745 1423 4816 gravius
1452 4749 1567 4805 est,
1590 4737 1861 4793 constrin-

244 4852 395 4908 ‘xisti
427 4850 496 4906 ad
527 4861 580 4905 te
605 4848 871 4904 sarcinam
901 4853 1044 4899 tuam
1078 4859 1091 4894 :
1127 4841 1248 4901 ideo
1277 4854 1382 4892 non
1415 4844 1567 4906 potes
1592 4834 1863 4904 porrigere

266 4960 516 5001 manum.
542 4942 794 5007 Onerate,
822 4940 1003 5009 ligate,
1036 4934 1159 5007 quid
1192 4942 1243 4989 te
1264 4929 1479 5003 jactas?
1507 4928 1638 4999 quid
1663 4936 1714 4981 te
1753 4926 1864 4980 lau-

273 5039 419 5093 das?
456 5036 619 5093 Solve
661 5032 873 5088 vincula
913 5039 1022 5096 tua,
1060 5028 1241 5083 minue
1274 5025 1342 5080 de
1384 5023 1591 5080 sarcina
1637 5028 1744 5075 tua.
1787 5018 1866 5073 Da

264 5130 483 5195 comiti,
523 5137 582 5185 et
606 5126 753 5182 illum
781 5123 1022 5194 adjuvas,
1053 5129 1109 5175 et
1130 5126 1182 5174 te
1203 5117 1430 5172 relevas.
1472 5114 1613 5168 Inter
1643 5113 1739 5165 has
1769 5126 1861 5163 vo-

261 5238 360 5278 ccs
389 5233 512 5278 tuas
560 5217 836 5274 laudantes
874 5213 1136 5270 sarcinam
1181 5218 1357 5275 tuam,
1388 5205 1562 5261 adhuc
1606 5203 1855 5259 Christus

260 5317 432 5385 petit,
464 5322 521 5370 et
541 5325 647 5367 non
674 5309 868 5379 accipit
892 5326 905 5363 :
936 5314 991 5361 et
1014 5301 1260 5361 obtendis
1279 5314 1472 5355 nomen
1498 5296 1708 5368 pietatis
1746 5309 1867 5349 cru-

261 5408 487 5463 delibus
509 5405 751 5469 vocibus,
785 5412 841 5458 et
869 5400 1035 5463 dicis,
1064 5398 1133 5454 Et
1168 5394 1294 5466 quid
1326 5408 1482 5449 servo
1520 5390 1643 5446 ﬁliis
1689 5387 1867 5443 meis?

260 5501 549 5558 Christum
594 5499 669 5555 illi
704 5510 918 5568 oppono
942 5537 957 5563 ,
982 5492 1122 5547 filios
1160 5505 1286 5546 suos
1324 5486 1454 5543 mihi
1489 5484 1717 5555 reponit.
1761 5481 1866 5536 lsta

261 5610 406 5650 vero
445 5607 637 5664 magna
675 5588 899 5660 justitia,
931 5597 988 5640 ut
1021 5584 1211 5639 habeat
1238 5580 1378 5636 unde
1409 5579 1706 5632 luxurietur
1726 5574 1868 5628 ﬁlius

263 5695 420 5753 tuus,
457 5692 614 5756 egeat
641 5681 899 5735 Dominus
925 5677 1085 5733 tuus?
1111 5675 1235 5731 Cum
1264 5676 1395 5727 enim
1439 5670 1526 5724 uni
1554 5685 1615 5723 ex.
1644 5666 1864 5719 minimis

336 5842 354 5873 ⁸
395 5847 539 5891 Juxta
562 5845 619 5887 Er
635 5836 784 5899 Lugd.
804 5844 940 5884 Ven.:
965 5833 1067 5899 Sed
1079 5846 1171 5899 non
1190 5830 1354 5899 toquar
1378 5828 1437 5899 de
1719 5831 1775 5872 Μ.

335 5907 359 5939 ³
396 5888 541 5957 iiii;
563 5908 641 5953 tu.
663 5888 808 5966 Lugd.
830 5908 969 5953 V’en.:
995 5897 1132 5949 Addo
1153 5888 1287 5947 aliud
1310 5890 1437 5957 quod
1461 5888 1586 5944 dixi.
1653 5895 1708 5937 tu.

1295 378 1526 441 SERMO
1562 377 1653 439 DE
1693 376 2071 439 DISCIPLINA
2110 379 2546 441 CHRISTIANA.

1936 5938 1990 5952 .-
2043 5881 2059 5912 ι
2095 5883 2221 5937 Mss,
2247 5882 2340 5922 non
2363 5872 2490 5935 patet
2507 5862 2688 5929 oculus,
2715 5868 2760 5915 et
2781 5863 2928 5911 scatet
2948 5872 3151 5912 artiums.

3449 387 3555 446 671

1976 500 2095 552 meis
2117 500 2325 571 fecistis,
2356 502 2480 554 milii
2507 500 2709 569 fecistis.
2738 501 2852 557 Non
2878 499 3075 574 legisti,
3097 520 3204 561 non
3231 504 3503 562 advertisti
3525 508 3549 561 τ

1972 590 2099 647 Cum
2127 594 2216 647 uni
2241 610 2303 649 ea:
2328 596 2553 649 minimis
2577 596 2700 651 meis
2725 612 2826 650 non
2855 597 3061 668 fecistis,
3090 614 3179 653 nec
3208 599 3334 652 nti/ti
3362 599 3549 671 fecistis

1975 683 2184 756 (Matth.
2216 702 2342 753 xxv,
2371 687 2459 751 40,
2484 688 2599 757 45).
2628 687 2743 743 Non
2770 687 2965 760 legisti,
2985 705 3091 744 non
3119 690 3383 745 timuisti?
3411 690 3550 747 Ecce

1969 778 2088 846 quis
2119 786 2254 848 eget,
2284 787 2337 834 et
2365 778 2503 834 ﬁlios
2543 789 2660 835 tuos
2704 780 2990 836 numeras?
3017 781 3295 837 Postremo
3330 797 3551 837 numera

1968 868 2107 925 ﬁlios
2154 878 2293 936 tuos,
2334 871 2471 927 adde
2506 887 2669 927 unum
2712 872 2850 927 inter
2875 873 3012 938 illos,
3049 872 3331 929 Dominum
3379 881 3549 927 tuum.

1968 959 2142 1017 Unum
2171 961 2356 1029 habes,
2396 963 2465 1018 sit
2510 963 2600 1019 ille
2640 964 2942 1029 secundus;
2972 964 3108 1021 duos
3146 964 3331 1028 habes,
3364 965 3433 1018 sit
3461 963 3551 1019 ille

1968 1055 2185 1118 tertius;
2221 1064 2328 1110 tres
2350 1054 2535 1119 habes,
2567 1056 2637 1111 sit
2661 1056 2750 1111 ille
2787 1067 3043 1126 quartus:
3070 1057 3200 1112 nihil
3230 1056 3419 1112 horum
3449 1058 3549 1112 vis.

1968 1148 2106 1203 Ecce
2137 1150 2405 1218 quomodo
2425 1150 2599 1220 diligis
2629 1152 2930 1220 proximum
2960 1163 3125 1218 tuum,
3158 1167 3313 1223 quem
3342 1150 3437 1206 tibi
3470 1150 3552 1206 fa-

1967 1241 2076 1295 cias
2104 1242 2307 1296 socium
2336 1242 2402 1297 ad
2434 1244 2588 1297 istam
2618 1245 2995 1313 perditionem.

2039 1336 2094 1390 9.
2120 1336 2256 1403 Quid
2282 1337 2373 1391 tibi
2400 1337 2639 1393 dicturus
2667 1350 2803 1401 sum,
2840 1338 3021 1407 Diligis
3042 1338 3342 1409 proximum
3374 1336 3555 1393 tuum?

1966 1428 2101 1498 Quid
2126 1430 2198 1483 illi
2226 1431 2276 1483 in
2294 1445 2451 1485 aures
2473 1431 2852 1499 insusurrabis,
2876 1431 3036 1487 homo
3057 1447 3249 1497 avare;
3275 1431 3396 1497 nisi,
3427 1431 3549 1499 Fili,

1965 1531 2056 1575 aut
2082 1520 2262 1587 frater,
2293 1531 2381 1576 aut
2411 1531 2580 1591 pater,
2608 1522 2804 1577 bonum
2831 1532 2913 1578 est
2939 1523 3093 1579 nobis
3121 1533 3177 1577 ut
3204 1539 3322 1579 cum
3356 1523 3446 1578 hic
3472 1523 3550 1577 vi-

1966 1612 2157 1677 vimus,
2186 1611 2321 1667 bene
2350 1613 2418 1667 sit
2439 1612 2630 1668 nobis?
2655 1614 2919 1680 Quantum
2943 1613 3188 1675 habebis,
3211 1622 3388 1669 tantus
3416 1613 3546 1668 eris.

1966 1701 2173 1774 Frange
2205 1704 2403 1769 lunam,
2420 1713 2474 1758 et
2499 1705 2579 1759 fac
2601 1703 2885 1758 fortunam.
2912 1704 3016 1759 Ista
3034 1704 3338 1759 susurrabis
3368 1703 3552 1775 proxi-

1965 1808 2054 1848 mo
2090 1804 2200 1861 tuo,
2229 1812 2348 1865 quae
2392 1811 2498 1851 non
2545 1795 2776 1851 didicisti
2823 1797 2876 1851 in
2904 1797 3064 1852 domo
3091 1796 3422 1869 disciplinae,
3452 1810 3551 1853 nec

1963 1886 2155 1942 audisti
2187 1887 2292 1944 hic.

2034 1978 2261 2034 CAPUT
2300 1978 2391 2033 IX.
2414 2009 2487 2020 —
2525 1979 2797 2034 Avarorum
2840 1979 3121 2049 perniciosa
3167 1979 3418 2051 colloquia
3458 1995 3551 2034 ca-

1962 2070 2140 2124 venda.
2184 2069 2315 2125 Nolo
2345 2071 2422 2125 sic
2447 2071 2636 2141 diligas
2665 2072 2965 2141 proximum
2991 2080 3163 2126 tuum.
3193 2070 3238 2127 0
3266 2072 3308 2126 si
3333 2087 3549 2144 possem

1964 2159 2159 2226 facere,
2204 2170 2262 2215 ut
2306 2162 2433 2215 nulli
2475 2162 2803 2232 jungereris!
2839 2162 3182 2234 Corrumpunt
3212 2164 3354 2219 enim
3387 2181 3552 2219 mores

1961 2250 2117 2305 bonos
2144 2252 2397 2323 colloquia
2425 2255 2559 2306 mala
2590 2252 2632 2321 (Ι
2654 2254 2771 2307 Cor.
2802 2270 2893 2321 xv,
2919 2256 3031 2325 33).
3057 2254 3162 2310 Sed
3194 2271 3299 2311 non
3332 2270 3550 2326 possum

1961 2341 2136 2396 facere
2163 2351 2219 2396 ut
2246 2344 2442 2397 nemini
2478 2342 2719 2414 jungaris
2739 2385 2751 2407 ,
2782 2346 2864 2398 cui
2894 2345 3032 2398 mala
3057 2345 3155 2399 ista
3183 2361 3301 2415 quze
3328 2362 3436 2401 non
3462 2347 3545 2401 vis

1960 2430 2237 2487 dediscere
2276 2433 2607 2498 insusurres;
2636 2442 2691 2488 et
2734 2447 2840 2487 non
2886 2435 3059 2488 solum
3104 2435 3243 2489 nolis
3276 2434 3550 2505 dedoceri,

1960 2522 2056 2579 sed
2098 2522 2312 2578 atl‘ectes
2354 2525 2513 2578 etiam
2541 2525 2755 2580 docere.
2798 2525 2952 2592 Nolo,
2998 2527 3104 2581 imo
3135 2526 3290 2591 volo,
3318 2526 3413 2581 sed
3444 2542 3549 2582 non

1961 2629 2202 2683 possum,
2230 2614 2537 2686 disjungere
2563 2624 2616 2670 te
2642 2615 2710 2670 ab
2736 2617 2954 2673 auribus
2988 2617 3237 2672 aliorum.
3275 2618 3423 2673 Alios
3451 2617 3548 2672 ad-

1960 2724 2229 2771 moneam,
2253 2708 2318 2764 ad
2347 2725 2574 2778 quorum
2600 2726 2759 2765 aures
2785 2711 2976 2775 ambis,
3009 2724 3236 2781 quorum
3269 2724 3427 2765 aures
3458 2724 3550 2780 pe-

1960 2810 2175 2858 netrare
2206 2802 2432 2867 moliris,
2475 2803 2539 2857 ad
2569 2818 2796 2873 quarunt
2828 2802 2987 2858 corda
3024 2818 3119 2873 per
3163 2818 3322 2858 aures
3351 2802 3553 2857 intrare

1960 2895 2219 2966 disponis.
2252 2896 2295 2951 Ο
2315 2897 2403 2966 qni
2441 2896 2639 2966 accipis
2663 2896 2882 2951 verbum
2910 2910 3096 2951 sanum
3126 2897 3178 2950 in
3206 2894 3366 2950 domo
3391 2894 3553 2950 disci-

1961 2987 2141 3059 plinas,
2171 2987 2295 3057 Sepi
2323 3004 2469 3040 aures
2495 2999 2607 3041 tuas
2644 2987 2804 3056 spinis
2844 2986 3032 3056 (Eccli.
3059 3002 3252 3050 xxvm,
3278 2985 3392 3055 28).
3416 2984 3548 3040 Cor-

1959 3089 2198 3147 rumpunt
2226 3078 2379 3133 bonos
2408 3095 2569 3132 mores
2598 3078 2849 3148 colloquia
2882 3080 3018 3132 mala
3048 3094 3066 3131 :
3105 3079 3212 3148 sepi
3250 3094 3396 3131 aures
3439 3086 3551 3131 tuas

1961 3171 2140 3240 spinis.
2169 3170 2314 3239 Sepi,
2340 3178 2389 3223 et
2417 3168 2584 3237 spinis
2618 3169 2766 3238 sepi;
2802 3177 2860 3221 ut
2890 3168 2976 3223 ille
3006 3167 3094 3237 qui
3140 3168 3442 3236 importune
3472 3166 3553 3219 in—

1962 3271 2105 3317 trare
2147 3275 2309 3315 ausus
2340 3260 2517 3324 fuerit,
2542 3276 2649 3313 non
2696 3258 2867 3313 solum
2906 3258 3215 3329 repellatur,
3249 3257 3344 3312 sed
3384 3257 3545 3312 etiam

1962 3361 2367 3424 compungatur.
2415 3351 2635 3422 Repelle
2679 3352 2826 3406 illum
2863 3366 2892 3405 a
2941 3360 3013 3406 te.
3051 3351 3144 3405 Dic
3175 3369 3188 3406 :
3218 3350 3551 3407 Christianus

1962 3460 2042 3511 es,
2074 3444 2409 3500 Christianus
2448 3458 2564 3498 sum
2596 3460 2608 3498 :
2642 3458 2749 3497 non
2794 3443 2897 3498 hoc
2938 3443 3241 3511 accepimus
3282 3443 3333 3496 in
3383 3442 3545 3497 domo

1961 3538 2283 3608 disciplinae,
2315 3552 2420 3592 non
2460 3536 2561 3592 hoc
2599 3535 2884 3592 didicimus
2934 3536 2987 3590 in
3034 3535 3125 3588 illa
3163 3534 3345 3589 schola
3389 3549 3547 3603 quam

1962 3633 2127 3705 gratis
2167 3630 2513 3695 intravimus;
2545 3644 2649 3684 non
2690 3628 2789 3682 hoc
2815 3627 3099 3681 didicimus
3129 3625 3228 3680 sub
3257 3625 3348 3679 illo
3387 3624 3552 3694 magi-

1964 3733 2076 3779 stro
2103 3723 2254 3801 cujus
2280 3720 2531 3776 cathedra
2559 3720 2609 3774 in
2632 3720 2770 3775 cmlo
2790 3728 2891 3773 est.
2916 3717 3034 3772 Noli
3064 3717 3191 3771 mihi
3219 3716 3318 3771 ista
3343 3714 3545 3781 dicere,

1964 3824 2056 3871 aut
2083 3815 2192 3869 noli
2225 3812 2291 3868 ad
2320 3829 2407 3868 me
2439 3812 2714 3869 accedere.
2744 3811 2856 3867 Hoc
2891 3819 2975 3867 est
3012 3810 3155 3865 enim
3175 3851 3191 3877 ,
3237 3809 3363 3881 Sepi
3401 3824 3552 3864 aures

1965 3918 2076 3964 tuas
2104 3909 2282 3979 spinis.

2037 3997 2124 4053 10.
2164 3998 2484 4053 Convertam
2511 4012 2597 4053 me
2618 3996 2684 4052 ad
2712 3995 2884 4051 illum.
2910 3995 3115 4050 Avarus
3141 4007 3201 4049 es
3224 4032 3239 4059 ,
3269 3991 3550 4063 pecuniam

1964 4106 2113 4148 amas
2146 4110 2159 4147 :
2190 4093 2376 4148 beatus
2402 4106 2521 4148 esse
2548 4091 2667 4145 vis?
2695 4091 2858 4145 Deum
2888 4097 3034 4144 tuum
3066 4102 3206 4141 ama.
3234 4084 3463 4141 Pecunia
3498 4093 3551 4140 te

1967 4200 2074 4241 non
2101 4184 2224 4239 facit
2248 4183 2463 4239 beatum
2494 4200 2507 4235 :
2537 4193 2592 4237 tu
2621 4197 2737 4237 eam
2768 4180 2899 4235 facis
2929 4189 3171 4235 ornatam
3193 4219 3208 4245 ,
3245 4194 3351 4233 non
3383 4177 3470 4231 illa
3499 4183 3552 4230 te

1966 4278 2201 4333 beatum.
2231 4275 2336 4331 Sed
2364 4276 2485 4345 quia
2511 4274 2735 4329 multum
2774 4288 2924 4327 amas
2958 4273 3236 4342 pecuniam
3259 4311 3274 4338 ,
3317 4279 3371 4325 et
3394 4267 3552 4323 video

1967 4372 2090 4443 quia
2121 4372 2295 4442 pergis
2330 4384 2436 4439 quo
2477 4368 2695 4437 jusserit
2726 4366 3027 4436 cupiditas;
3058 4365 3224 4435 piger,
3253 4378 3411 4432 perge
3446 4377 3553 4432 quo

1963 4463 2113 4534 jubet
2133 4462 2365 4518 charitas
2387 4478 2401 4515 :
2425 4460 2653 4531 respice,
2683 4467 2739 4513 et
2759 4458 2879 4513 vide
2902 4466 3154 4527 quantum
3180 4455 3391 4512 intersit
3413 4455 3554 4509 inter

1969 4556 2248 4626 pecuniam
2279 4561 2425 4608 tuam
2455 4561 2510 4607 et
2533 4552 2696 4605 Deum
2733 4559 2901 4603 tuum.
2928 4548 3210 4603 Pulchrior
3236 4556 3317 4604 est
3345 4547 3445 4601 iste
3475 4548 3552 4603 sol

1968 4661 2128 4719 quam
2175 4644 2397 4716 pecunia
2442 4651 2553 4711 tua,
2589 4651 2644 4699 et
2684 4650 2860 4697 tamen
2891 4642 2968 4697 sol
3012 4643 3112 4697 iste
3155 4657 3261 4697 non
3300 4648 3383 4696 est
3414 4640 3555 4694 Deus

1970 4750 2108 4796 tuus.
2135 4739 2304 4794 Porro
2323 4737 2365 4792 si
2390 4734 2657 4806 pulchrior
2674 4743 2757 4789 est
2777 4733 2865 4788 lux
2889 4734 2985 4787 ista
3007 4748 3167 4803 quam
3199 4731 3417 4801 pecunia
3442 4739 3554 4783 tua.

1969 4840 2222 4906 quantum
2250 4838 2333 4886 est
2357 4828 2626 4899 pulchrior
2653 4826 2739 4897 qui
2769 4825 2893 4881 fecit
2919 4825 3054 4878 hanc
3074 4821 3286 4878 lucem?
3311 4823 3392 4875 An
3420 4822 3555 4873 forte

1971 4935 2283 4993 comparare
2309 4919 2386 4974 vis
2412 4918 2689 4989 pecuniam
2715 4924 2855 4970 tuam
2894 4913 3037 4969 luci?
3059 4914 3195 4968 Ecce
3216 4911 3409 4966 occidit
3438 4910 3515 4961 snl
3540 4927 3552 4969 ;

1969 5013 2195 5071 ostende
2241 5011 2372 5067 mihi
2410 5010 2689 5081 pecuniam
2732 5016 2899 5062 tuam.
2932 5005 3104 5069 Nitet,
3131 5013 3186 5057 et
3227 5011 3383 5055 nocte
3426 5001 3549 5052 snh-

1973 5110 2126 5166 traho
2145 5109 2449 5170 lucernam;
2482 5119 2608 5160 ecce
2632 5102 2781 5157 dives
2806 5115 2865 5155 es
2885 5140 2900 5164 ,
2929 5096 3152 5154 ostende
3182 5094 3313 5149 mihi
3339 5094 3550 5146 divitias

1973 5212 2109 5261 tuas.
2141 5202 2257 5257 Jam
2281 5202 2324 5255 si
2353 5199 2552 5254 lumine
2577 5196 2823 5267 priveris,
2846 5192 2955 5262 jam
2986 5192 3029 5244 si
3052 5203 3159 5243 non
3187 5186 3386 5241 habeas
3413 5185 3552 5239 unde

1971 5296 2112 5369 quod
2145 5295 2309 5350 habes
2341 5291 2541 5353 videas.
2572 5288 2661 5343 ubi
2683 5296 2805 5341 sunt
2825 5283 3022 5339 divitia:
3052 5281 3200 5335 tum?

2042 5384 2269 5441 CAPUT
2309 5382 2635 5438 X.——Acute
2657 5379 2710 5432 in
2738 5392 2894 5430 caecos
2914 5374 3157 5446 quosdam
3190 5387 3387 5426 avaros.
3416 5370 3553 5438 Quo-

1972 5481 2122 5536 modo
2167 5477 2456 5550 prazcipitur
2491 5473 2629 5527 Deus
2668 5470 2829 5524 amari
2869 5477 3108 5538 tanquam
3146 5466 3384 5538 pecunia.
3424 5464 3561 5518 Tun-

1972 5578 2096 5631 dens
2124 5583 2312 5645 pectus,
2340 5586 2428 5625 nec
2448 5586 2503 5623 se
2526 5566 2801 5635 corrigens,
2827 5562 3010 5625 solidat
3034 5571 3255 5631 peccata,
3279 5576 3381 5614 non
3409 5558 3559 5613 tollit.

1948 5640 1951 5643 γ
1976 5670 2041 5724 Et
2060 5640 2135 5723 sic
2163 5678 2338 5720 tamen
2363 5657 2627 5714 horrenda
2656 5653 2985 5725 profunditas
3020 5652 3261 5707 avaritia:
3288 5665 3395 5705 non
3418 5658 3562 5720 patet

1975 5761 2163 5823 oculis,
2195 5767 2247 5811 et
2274 5762 2441 5808 scatet
2477 5750 2667 5805 animis
2690 5748 2728 5801 ί.
2755 5745 2994 5799 Vidimus
3033 5755 3086 5799 et
3122 5759 3292 5800 caecos
3329 5756 3561 5800 avaros:

3504 5908 3533 5957 Δ
3568 5946 3581 5951 γρ
