4102 6336
540 472 643 534 675
665 488 675 497 ’

538 587 748 651 dicatur
786 582 916 651 mihi
960 581 1100 651 unde
1140 580 1286 637 avari
1322 588 1448 636 sunt
1474 578 1601 635 επεὶ
1625 620 1639 645 ,
1670 577 1760 648 qui
1786 592 1893 632 non
1920 575 2123 632 vident.

540 678 691 749 Quod
722 677 883 743 habet
923 689 1024 730 nec
1058 673 1236 745 habet,
1265 680 1319 726 et
1351 681 1551 743 tamen
1578 684 1770 737 avarus
1810 677 1893 739 est
1929 681 2125 733 czecus.

540 770 755 839 Quare?
777 768 909 838 Quia
937 765 1107 827 credit
1138 781 1199 821 se
1224 763 1441 831 habere,
1466 778 1660 823 avarus
1687 770 1789 819 est.
1809 757 1969 816 Fides
2005 773 2132 821 eum

542 864 665 918 facit
720 861 935 927 divitem
991 876 1006 914 :
1059 855 1325 923 credendo
1374 854 1524 915 dives
1547 863 1669 923 est,
1723 869 1831 911 non
1876 851 2128 923 videndo.

541 957 748 1025 Quanto
776 953 966 1009 melius
992 950 1148 1006 ﬁdem
1176 950 1436 1019 convertit
1464 947 1533 1019 ad
1563 948 1731 1002 Deum
1754 947 1812 1000 ‘?
1839 944 1957 1000 Non
1979 942 2131 1001 vides

540 1049 681 1120 quod
712 1045 970 1118 possides,
993 1052 1047 1099 et
1076 1044 1241 1105 Deum
1273 1041 1367 1098 tibi
1395 1040 1473 1095 sic
1499 1038 1748 1109 praedico.
1776 1036 2023 1107 Nondum
2053 1034 2133 1095 vi-

540 1124 636 1198 des
664 1159 680 1197 :
706 1156 845 1209 ama,
874 1148 931 1194 et
961 1136 1184 1207 videbis.
1218 1136 1378 1189 Amas
1400 1132 1698 1205 pecuniam,
1722 1146 1755 1185 ο
1783 1144 1941 1194 caece,
1972 1141 2133 1199 quam

542 1246 811 1303 nunquam
839 1229 1065 1285 videbis.
1097 1228 1282 1283 Caecus
1310 1224 1554 1297 possides
1577 1263 1593 1293 ,
1624 1236 1801 1277 caecus
1839 1220 2133 1279 moriturus

542 1340 621 1391 es,
667 1322 808 1394 quod
853 1320 1095 1392 possides
1126 1319 1213 1391 llic
1241 1317 1525 1372 relicturus
1553 1329 1632 1370 cs.
1659 1312 1779 1369 Non
1810 1310 2034 1381 tenebas
2080 1315 2136 1366 et

542 1415 750 1487 quando
773 1415 989 1471 vivebas
1007 1414 1061 1480 ’;
1089 1411 1212 1483 quia
1239 1425 1346 1466 non
1370 1407 1585 1464 videbas
1617 1404 1762 1477 quod
1787 1403 2041 1460 habebas.

614 1507 701 1563 ii.
727 1506 803 1561 De
850 1505 960 1560 Deo
1001 1501 1127 1576 quid
1173 1501 1265 1556 tibi
1292 1499 1523 1567 dicitur?
1569 1498 1707 1553 Ecce
1749 1496 1851 1551 hoc
1873 1495 1965 1569 tibi
2006 1492 2136 1549 dicit

543 1597 656 1667 ipsa
687 1596 993 1669 Sapientia:
1025 1594 1160 1648 Ama
1188 1592 1338 1651 illum
1366 1599 1606 1661 tanquam
1643 1587 1909 1660 pecuniam
1949 1585 2132 1656 (Prov.

544 1706 610 1760 ιι,
641 1689 718 1767 4).
748 1689 1023 1761 Indignum
1050 1694 1161 1754 est,
1191 1685 1505 1756 iujuriosum
1530 1688 1647 1748 est,
1675 1690 1734 1736 ut
1758 1678 2017 1750 sapientia
2042 1692 2137 1750 pe-

544 1782 715 1839 cuniae
755 1787 1096 1852 comparetur
1144 1796 1158 1834 :
1203 1777 1298 1834 sed
1358 1791 1510 1832 amor
1551 1773 1723 1830 amori
1774 1780 2133 1843 comparatur.

547 1874 713 1929 Video
738 1873 878 1929 enim
905 1872 991 1927 hic
1016 1886 1112 1927 vos
1150 1869 1228 1924 sic
1269 1883 1449 1923 amare
1487 1866 1769 1937 pecuniam
1789 1905 1807 1935 ,
1835 1876 1894 1921 ut
1914 1864 2137 1937 iubente

542 1978 726 2021 amore
749 1963 990 2036 pecunire
1030 1963 1244 2019 labores
1271 1959 1577 2030 suscipiatis
1595 2001 1610 2026 ,
1631 1958 1832 2031 jejunio
1863 1957 2100 2013 toleretis
2118 1997 2135 2025 ,

543 2074 694 2115 mare
733 2057 1049 2126 transeatis,
1081 2056 1255 2113 ventis
1280 2062 1336 2115 et
1361 2053 1609 2109 ﬂuctibus
1649 2066 1744 2107 vos
1771 2050 2134 2117 commutatis.

545 2152 728 2217 Habeo
768 2151 910 2207 unde
969 2150 1163 2222 eligam
1205 2148 1348 2220 quod
1392 2146 1617 2214 ametis,
1664 2144 1759 2202 sed
1805 2158 1913 2203 non
1966 2143 2139 2201 habeo

547 2243 690 2316 quod
715 2243 907 2298 addam
931 2242 999 2297 ad
1024 2256 1264 2299 amorem
1301 2255 1407 2310 quo
1433 2239 1641 2299 amatis.
1672 2237 1763 2293 Sic
1805 2252 1893 2293 me
1921 2250 2097 2303 amate
2119 2276 2135 2305 ,

547 2336 667 2408 plus
695 2335 819 2391 nolo
842 2350 930 2392 me
952 2334 1151 2402 amari,
1178 2334 1253 2388 ait
1275 2333 1436 2388 Deus.
1463 2329 1723 2401 improbis
1751 2331 1943 2399 loquor
1967 2368 1981 2394 ,
2008 2344 2137 2384 ava—

547 2427 623 2484 ris
669 2426 902 2496 loquor:
933 2424 1221 2481 Pecuniam
1263 2423 1513 2494 diligitis,
1546 2430 1751 2483 tantum
1796 2436 1882 2477 me
1910 2421 2135 2491 diligite.

548 2518 706 2575 Certe
752 2518 941 2575 melior
978 2532 1098 2575 sum
1135 2516 1623 2591 incomparabiliter
1668 2532 1682 2570 :
1730 2514 1855 2570 nolo
1899 2528 1929 2575 a
1985 2513 2138 2569 vobis

549 2612 869 2683 ampliorem
932 2624 1205 2676 amorem;
1249 2617 1504 2679 quantum
1551 2607 1770 2678 diligitis
1821 2606 2137 2677 pecuniam,

548 2713 752 2761 tantum
793 2718 882 2760 me
925 2712 1120 2760 amate.
1171 2702 1563 2758 Erubescamus
1610 2700 1830 2765 saltem,
1879 2698 2138 2761 conﬁtea-

548 2812 706 2864 mur,
739 2805 794 2852 et
844 2804 1060 2866 pectora
1112 2793 1429 2859 tundamus,
1470 2807 1577 2848 non
1618 2800 1676 2847 ut
1717 2806 1880 2861 super
1925 2798 2139 2861 peccata

548 2898 732 2944 nostra
778 2888 1140 2957 pavimentum
1183 2885 1490 2947 solidemus.
1535 2882 1670 2938 Nam
1712 2881 1803 2954 qui
1834 2881 2007 2939 tundit
2040 2896 2139 2950 pe-

548 2990 665 3037 ctus
705 2988 761 3037 et
803 2995 910 3037 non
956 2978 1276 3049 corrigitur,
1321 2976 1514 3032 solidat
1544 2983 1795 3045 peccata,
1826 2987 1934 3028 non
1982 2971 2136 3037 tollit.

547 3073 885 3130 Tundamus
903 3079 1119 3143 pectus,
1166 3078 1221 3126 et
1262 3069 1531 3125 credamus
1566 3081 1665 3123 nos
1686 3107 1702 3134 ,
1730 3076 1785 3122 et
1809 3066 2141 3137 corrigantur

545 3181 576 3222 a
600 3166 784 3234 nobis,
813 3180 881 3222 ne
923 3165 1015 3221 ille
1043 3174 1226 3235 postea
1252 3177 1351 3219 nos
1394 3160 1567 3217 caedat
1585 3202 1599 3227 ,
1627 3159 1719 3231 qui
1758 3159 2012 3230 magister
2034 3167 2137 3215 est.

548 3260 796 3316 Diximus
818 3260 963 3316 enim
992 3257 1119 3330 quid
1156 3257 1245 3313 hic
1286 3255 1525 3313 discatur
1556 3269 1570 3308 :
1598 3253 1709 3325 jam
1754 3267 1920 3324 quare
1966 3252 2141 3311 disca-

549 3360 636 3407 tur
660 3351 703 3406 ⁸.

617 3443 844 3502 CAPUT
882 3442 975 3499 XI.
1014 3471 1087 3484 —
1135 3440 1225 3497 12.
1278 3439 1482 3495 Discere
1517 3440 1712 3495 litteras
1757 3454 1849 3510 spe
1890 3438 2142 3494 commodi

548 3537 843 3610 temporalis
881 3552 1035 3609 quam
1080 3535 1301 3592 solemne
1334 3542 1486 3591 estet
1532 3549 1686 3605 quam
1732 3548 1936 3589 vanum.
1974 3531 2141 3588 Metus

544 3633 742 3687 mortis.
769 3632 947 3699 Quare
970 3629 1113 3686 ivisti
1140 3629 1192 3684 in
1220 3627 1460 3683 scholam
1482 3668 1497 3692 ,
1528 3641 1694 3696 quare
1718 3625 2002 3695 vapulasti,
2029 3634 2086 3681 et
2108 3640 2141 3680 a

545 3723 855 3796 parentibus
879 3722 1069 3779 ductus
1090 3761 1105 3787 ,
1145 3729 1200 3777 et
1227 3719 1457 3790 fugitans
1488 3717 1772 3789 quzesitus,
1801 3725 1856 3773 et
1894 3717 2141 3773 inventus

544 3823 802 3885 attractus
846 3828 939 3879 es,
988 3822 1043 3868 et
1101 3811 1363 3868 adductus
1403 3816 1656 3865 extensus
1698 3808 1789 3865 es?
1826 3808 2002 3876 Quare
2044 3822 2139 3863 va-

544 3907 773 3977 pulasti?
813 3921 978 3977 quare
1027 3913 1170 3960 tanta
1202 3904 1335 3959 mala
1365 3903 1420 3958 in
1466 3902 1693 3974 pueritia
1731 3902 2031 3972 pertulisti?
2071 3899 2141 3958 Ut

545 4000 798 4061 diseeres.
844 3997 982 4067 Quid
1020 3997 1295 4055 disceres?
1322 3997 1572 4053 Litteras.
1614 3996 1831 4064 Quare?
1859 3995 1928 4052 Ut
1970 3995 2137 4051 habe-

544 4097 694 4146 retur
716 4090 976 4160 pecunia,
1019 4098 1110 4144 ant
1152 4098 1207 4143 ut
1260 4096 1660 4158 compararetur
1697 4087 1903 4154 honor,
1959 4095 2015 4144 et
2053 4095 2138 4144 te-

546 4189 763 4236 neretur
798 4180 1097 4236 sublimitas
1134 4179 1429 4249 dignitatis.
1489 4179 1620 4235 Vide
1665 4180 1788 4250 quia
1833 4180 2136 4250 periturus,

548 4283 767 4344 propter
797 4274 1085 4345 perituram
1132 4288 1245 4328 rem
1269 4314 1285 4340 ,
1335 4272 1622 4343 perituram
1666 4288 1780 4327 rem
1825 4287 1946 4328 cum
1991 4282 2137 4328 tanto

549 4365 733 4421 labore
775 4364 1006 4435 didicisti
1053 4363 1107 4419 in
1155 4363 1314 4419 tantis
1339 4363 1544 4433 poenis,
1572 4372 1627 4419 et
1655 4363 1867 4420 amabat
1895 4372 1945 4417 te
1969 4364 2057 4433 qui
2085 4373 2136 4420 te

544 4458 612 4514 ad
656 4473 843 4529 ptenas
869 4456 1113 4514 trahebat
1145 4475 1157 4511 :
1188 4456 1303 4526 ipse
1333 4457 1420 4527 qui
1467 4465 1520 4512 te
1545 4457 1789 4525 amabat,
1820 4458 1935 4527 ipse
1972 4466 2023 4513 te
2068 4458 2136 4515 ad

544 4563 732 4620 petras
758 4547 1031 4613 trahebat;
1071 4554 1130 4603 ut
1157 4547 1469 4618 vapularcs,
1515 4547 1744 4607 amando
1780 4545 2048 4614 faciebat;
2076 4557 2138 4604 ut

544 4642 813 4707 disceres,
837 4639 1003 4711 quid?
1038 4640 1289 4697 Litteras.
1320 4639 1483 4697 Bome
1523 4648 1647 4697 sunt
1690 4639 1922 4697 litterae?
1951 4640 2132 4699 Bonae.

546 4734 713 4800 Novi,
743 4733 985 4791 dicturus
1020 4746 1080 4788 es
1107 4732 1236 4788 mihi
1266 4749 1280 4787 :
1312 4745 1475 4802 quare
1503 4738 1558 4786 et
1584 4744 1709 4796 vos,
1743 4730 2013 4802 episcopi,
2044 4732 2135 4789 lit-

548 4838 690 4884 teras
715 4826 951 4897 legistis;
998 4840 1165 4896 quare
1212 4838 1352 4879 nunc
1375 4823 1584 4880 divinas
1608 4822 1912 4893 Scripturas
1940 4824 1991 4879 in
2021 4824 2134 4893 ipsa

548 4919 842 4973 litteratura
869 4916 1107 4971 tractatis
1128 4915 1170 4965 δ.
1198 4914 1270 4968 Ita
1297 4927 1427 4969 vero
1454 4930 1467 4967 :
1500 4912 1597 4970 sed
1622 4928 1730 4969 non
1766 4912 1835 4968 ad
1874 4914 1976 4969 hoc
1995 4913 2135 4968 didi-

546 5009 717 5064 cimus
755 5008 979 5063 litteras.
1019 5006 1135 5062 Non
1180 5005 1324 5060 enim
1369 5013 1624 5075 parentes
1665 5005 1863 5071 nostri,
1921 5004 2134 5075 quando

546 5116 645 5156 nos
688 5101 743 5157 in
784 5101 1026 5157 scholam
1055 5098 1367 5163 mittebant,
1396 5096 1499 5153 hoc
1527 5097 1679 5157 nobis
1716 5096 1967 5153 dicebant
1994 5114 2008 5149 :
2038 5096 2133 5152 Di-

546 5193 679 5250 scite
698 5194 938 5261 litteras,
972 5201 1030 5249 ut
1052 5191 1295 5248 habeatis
1338 5189 1479 5245 unde
1526 5190 1703 5261 legere
1742 5190 1955 5260 possitis
1987 5189 2007 5221 ⁸
2036 5204 2134 5245 co-

611 5351 991 5445 ‘gsterciensis
1032 5355 1150 5400 Ms.:
1198 5352 1379 5411 Quanto
1414 5344 1584 5399 melius
1632 5341 1756 5412 ﬁdes
1795 5342 2021 5397 convertit
2064 5347 2133 5399 ad

611 5450 747 5525 Γίἱίὲι
769 5473 1103 5536 editiaddunt,
1123 5478 1299 5537 quanto
1331 5470 1487 5537 magis
1526 5469 1725 5536 perdia;
1748 5470 1880 5534 quod
1923 5470 2067 5523 abest
2102 5483 2133 5522 a

546 5541 737 5645 “in.
762 5597 907 5659 Lugd.
929 5604 1067 5646 ven.:
1100 5594 1320 5648 Diximus
1342 5596 1471 5649 enim
1490 5594 1600 5658 jam
1643 5594 1762 5659 quid
1793 5592 1871 5644 hic
1895 5592 2132 5659 discatur,

547 5671 697 5723 quare
720 5656 951 5709 discatur.
977 5659 1109 5721 Apud
1132 5666 1241 5711 Lov.
1264 5660 1443 5711 desunt
1478 5656 1666 5710 ultima
1685 5659 1850 5720 verba,
1877 5670 2028 5721 quare
2053 5657 2133 5709 di-

548 5724 897 5848 wetlj’uittauér.
923 5780 1070 5845 Lugd.
1091 5788 1294 5848 etVen.,
1310 5795 1402 5834 non
1426 5781 1608 5848 legistis
1628 5781 1654 5833 ?
1673 5778 2132 5848 nontractastis3M.

606 5848 627 5879 ⁸
659 5846 732 5895 sic
756 5845 893 5908 juxta
917 5844 1162 5909 Eli-.Lugd.
1200 5854 1314 5909 ven.
1342 5852 1447 5896 Lov.
1470 5844 1568 5895 "PP.
1608 5846 1900 5909 Bcncdictini
1922 5844 2134 5909 non__ha-

544 5907 665 5959 bent
688 5910 736 5958 in
757 5904 910 5972 textu
929 5904 1118 5963 voceni,
1142 5904 1363 5972 possitis;
1386 5914 1499 5961 nota
1522 5921 1641 5962 vero
1658 5906 1939 5971 marginalis
1958 5904 2138 5960 indicat

546 5969 991 6036 eam'supploadam
1014 5969 1150 6021 esse.
1210 5976 1265 6021 tt.

1141 467 1199 527 S.
1240 462 1607 525 AUGUSTINI
1645 459 1948 521 EPISCOPI
1986 422 2219 519 ΞΕιίΜο
2256 459 2343 516 DE
2385 459 2759 519 DISCIPLINA
2795 458 3227 521 CHRISTIANA.

3694 465 3805 527 676

2233 578 2382 645 dices
2422 579 2737 643 dominicos.
2784 580 2893 637 Nec
2935 581 3036 652 ipsi
3089 579 3376 645 Christiani
3406 581 3530 640 ﬁliis
3569 584 3683 663 suis
3709 585 3816 647 hoc

2233 670 2437 729 dicunt.
2484 672 2592 730 Sed
2634 672 2795 743 quid?
2831 674 3025 733 Discite
3078 674 3305 730 litteras.
3353 674 3564 743 Quare?
3619 678 3690 739 Ut
3736 680 3818 737 sis

2236 763 2416 825 homo.
2447 764 2583 833 Quid
2612 764 2790 821 enim?
2819 764 2977 827 modo
3002 780 3165 837 pecus
3204 766 3363 823 sum?
3390 768 3544 837 Quod
3569 769 3690 831 dico
3713 811 3727 836 ,
3761 779 3820 829 ut

2236 856 2310 911 sis
2334 856 2529 920 homo,
2576 854 2681 919 hoc
2717 864 2831 924 est,
2880 866 2935 911 ut
2961 858 3037 913 sis
3080 857 3324 919 eminens
3366 860 3508 917 inter
3549 860 3815 920 homines.

2236 948 2389 1004 Unde
2433 958 2485 1004 et
2528 949 2654 1004 illud
2689 950 3028 1019 proverbium
3062 968 3076 1004 :
3105 950 3372 1019 Quantum
3402 954 3649 1017 habebis.
3693 965 3820 1011 tan-

2238 1048 2323 1095 tus
2362 1040 2489 1099 eris.
2522 1039 2594 1097 Ut
2639 1040 2835 1097 habeas
2878 1051 3132 1112 quantum
3168 1042 3386 1109 caeteri,
3429 1052 3522 1100 aut
3560 1055 3817 1115 quantum

2237 1131 2421 1200 pauci;
2454 1138 2547 1186 aut
2574 1131 2693 1203 plus
2720 1147 2879 1202 quam
2906 1134 3086 1197 caeteri
3106 1175 3121 1199 ,
3164 1141 3255 1195 aut
3283 1135 3402 1205 plus
3435 1151 3593 1207 quam
3625 1138 3814 1207 pauci;

2237 1222 2435 1279 habeas
2477 1223 2600 1285 inde
2639 1223 2932 1292 honorem,
2981 1226 3176 1283 habeas
3221 1226 3347 1285 inde
3387 1228 3715 1298 dignitatem.
3752 1229 3826 1285 Et.

2238 1314 2328 1375 ubi
2347 1323 2506 1370 erunt
2544 1316 2644 1371 ista
2671 1317 2879 1384 omnia,
2924 1332 3045 1373 cum
3074 1332 3224 1379 mors
3252 1320 3494 1375 venerit?
3536 1321 3819 1389 Quomodo

2237 1408 2510 1475 stimulat,
2543 1409 2810 1479 quomodo
2841 1418 3017 1465 metus
3057 1410 3156 1467 iste
3180 1410 3516 1481 interpellat?
3540 1413 3825 1481 Quomodo

2237 1515 2435 1561 nomen
2473 1500 2645 1571 ipsum
2682 1517 2714 1556 a
2743 1516 2829 1557 me
2869 1509 3343 1563 commemoratum
3387 1504 3627 1561 omnium
3654 1505 3822 1560 corda

2236 1592 2536 1663 percussit?
2575 1593 2853 1663 Quomodo
2890 1595 3135 1650 timorem
3163 1604 3399 1653 vestrum
3444 1604 3579 1652 teste
3616 1598 3824 1667 gemitu

2238 1682 2585 1753 declarastis?
2625 1684 2852 1753 Audivi,
2903 1684 3080 1745 audivi
3112 1703 3124 1740 :
3151 1686 3458 1757 gemuistis,
3487 1698 3712 1751 mortem
3744 1687 3823 1745 ti-

2234 1774 2417 1841 metis.
2457 1774 2517 1854 Si
2560 1775 2789 1844 timetis,
2832 1792 2998 1847 quare
3040 1792 3146 1833 non
3195 1778 3431 1835 cavetis?
3478 1779 3699 1836 Mortem
3753 1780 3830 1837 ti-

2237 1866 2397 1923 metis
2427 1884 2440 1919 :
2472 1866 2599 1935 quid
2642 1867 2882 1927 timetis?
2908 1868 3141 1925 Ventura
3180 1880 3263 1927 est
3291 1888 3306 1925 :
3340 1870 3549 1929 timeam
3569 1913 3584 1939 ,
3612 1886 3721 1927 non
3749 1870 3832 1926 ti-

2240 1973 2450 2027 meam,
2497 1959 2677 2016 venire
2715 1960 2909 2027 habet;
2954 1976 3106 2028 sero,
3161 1963 3302 2027 cito,
3352 1972 3573 2019 ventura
3598 1971 3701 2020 est.
3757 1961 3827 2020 Si

2242 2051 2459 2116 timeas,
2487 2067 2594 2108 non
2617 2050 2819 2109 efﬁcies
2846 2062 2904 2108 ut
2928 2069 3036 2109 non
3065 2055 3135 2111 sit
3159 2054 3301 2124 quod
3330 2055 3509 2112 times.

2310 2141 2536 2198 CAPUT
2576 2142 2689 2199 Xll.
2718 2173 2791 2184 —
2818 2144 2907 2201 i5.
2956 2144 3099 2201 Mors
3140 2144 3273 2200 bona
3295 2188 3308 2210 ,
3339 2147 3384 2202 si
3410 2147 3513 2201 vita
3536 2148 3665 2205 bona
3689 2163 3830 2219 pra-

2241 2238 2409 2295 ceuit.
2456 2236 2587 2293 Illud
2629 2237 2805 2308 potius
2850 2238 3011 2303 time,
3058 2238 3202 2308 quod
3246 2240 3293 2295 si
3336 2240 3510 2308 nolis,
3540 2256 3646 2297 non
3689 2242 3822 2298 erit.

2240 2332 2412 2400 Quid?
2438 2332 2689 2389 chare.
2720 2333 2951 2389 Peccare
2980 2333 3108 2390 time
3127 2375 3141 2399 ,
3169 2336 3289 2404 quia
3318 2335 3366 2390 si
3392 2336 3651 2393 amaveris
3692 2350 3827 2406 pec-

2240 2433 2392 2491 cata,
2442 2424 2497 2480 in
2524 2424 2684 2479 aliam
2729 2434 2957 2481 mortem
2983 2426 3191 2492 irrues;
3232 2442 3336 2496 quo
3364 2441 3548 2497 posses
3586 2440 3690 2483 non
3733 2442 3834 2484 ve-

2242 2515 2389 2582 nire,
2415 2517 2461 2571 si
2505 2531 2611 2571 non
2637 2530 2847 2572 amares
2874 2526 3113 2587 peccata.
3144 2517 3299 2572 Modo
3338 2528 3516 2573 autem
3543 2534 3835 2589 perversus

2242 2607 2362 2676 plus
2388 2622 2538 2663 amas
2562 2614 2790 2663 mortem
2817 2623 2976 2678 quam
3024 2608 3210 2663 vitam.
3241 2608 3424 2676 Absit,
3472 2610 3665 2681 inquis.
3695 2610 3833 2679 Quis

2241 2707 2325 2754 est
2362 2699 2641 2754 hominum
2672 2700 2763 2770 qui
2802 2700 2921 2770 plus
2964 2708 3109 2756 amet
3150 2709 3377 2758 mortem
3424 2716 3582 2772 quam
3621 2702 3831 2758 vitam?

2242 2790 2403 2847 Forte
2446 2791 2706 2846 convinco
2746 2803 2831 2860 te,
2875 2793 2997 2863 quia
3037 2792 3157 2864 plus
3203 2808 3351 2849 amas
3392 2803 3617 2849 mortem
3667 2810 3830 2864 quam

2240 2883 2423 2953 vitam.
2458 2883 2598 2939 Ecce
2623 2882 2763 2938 unde
2792 2892 2843 2939 te
2866 2883 3148 2940 convinco.
3187 2886 3351 2940 Amas
3381 2886 3613 2945 tunicam
3643 2895 3787 2945 tuam
3808 2928 3827 2954 ,

2242 2976 2435 3032 bonam
2465 2990 2583 3031 eam
2612 2976 2694 3030 vis
2726 2993 2739 3029 :
2764 2990 2911 3032 amas
2936 2976 3113 3032 villam
3142 2985 3284 3033 tuam
3306 3017 3320 3036 .
3344 2977 3533 3035 bonam
3561 2993 3679 3033 eam
3707 2978 3790 3033 vis
3814 2993 3830 3031 :

2240 3080 2391 3121 amas
2421 3066 2587 3121 lilium
2629 3077 2773 3123 tuum
2794 3106 2809 3131 ,
2841 3066 3039 3122 bonum
3080 3082 3202 3139 eum
3227 3068 3306 3125 vis
3351 3084 3364 3119 :
3408 3082 3557 3124 amas
3592 3067 3832 3127 amicum

2246 3170 2423 3227 tuum,
2450 3160 2648 3216 bonum
2677 3174 2799 3215 eum
2829 3160 2911 3217 vis
2942 3176 2955 3214 :
2982 3175 3131 3215 amas
3164 3159 3375 3219 domum
3404 3166 3580 3225 tuam,
3624 3160 3830 3217 bonam

2243 3269 2363 3311 eam
2416 3254 2517 3309 vis.
2570 3254 2713 3321 Quid
2760 3254 3032 3324 est-quod
3076 3255 3236 3311 etiam
3275 3254 3463 3311 bonam
3505 3255 3585 3309 vis
3627 3252 3833 3317 habere

2241 3347 2508 3403 mortem?
2545 3347 2793 3414 Quotidie
2839 3349 2984 3403 enim
3034 3363 3226 3420 rogas,
3277 3357 3335 3403 ut
3376 3349 3624 3418 quoniam
3678 3364 3832 3421 mors

2244 3448 2469 3495 ventura
2489 3447 2609 3505 est,
2633 3438 2826 3494 bonam
2856 3447 3083 3495 mortem
3108 3439 3203 3494 tibi
3230 3440 3368 3494 Deus
3394 3439 3519 3506 det;
3564 3448 3618 3503 et
3654 3439 3790 3501 dicis
3809 3479 3830 3508 ,

2244 3534 2384 3590 Deus
2424 3541 2632 3589 avertat
2654 3544 2682 3587 a
2714 3547 2799 3589 me
2823 3533 3019 3591 malam
3063 3543 3312 3591 mortem.
3345 3533 3470 3589 Plus
3512 3549 3638 3603 ergo
3678 3547 3833 3588 amas

2243 3633 2471 3681 mortem
2504 3633 2677 3692 tuam,
2700 3634 2859 3694 qnam
2900 3626 3064 3681 vitam
3094 3633 3257 3680 tuam.
3287 3624 3421 3679 Mori
3465 3624 3600 3680 male
3630 3625 3787 3683 times
3811 3667 3829 3692 ,

2243 3717 2381 3772 male
2421 3716 2602 3771 vivere
2650 3731 2755 3775 non
2803 3716 2979 3773 times.
3022 3715 3243 3787 Corrige
3287 3717 3425 3771 male
3464 3715 3833 3785 γίγνει-θ,ιίωο

2242 3810 2381 3865 male
2410 3808 2566 3864 mori.
2593 3808 2700 3864 Sed
2730 3810 2837 3865 noli
2878 3810 3067 3866 timere
3099 3829 3110 3864 :
3138 3825 3243 3867 non
3273 3820 3450 3881 potest
3483 3811 3620 3869 male
3645 3811 3784 3869 mori
3810 3852 3829 3880 ,

2242 3903 2330 3973 qui
2367 3903 2503 3958 bene
2541 3902 2751 3957 vixerit.
2801 3903 3030 3961 Prorsus
3071 3903 3362 3971 conﬁrmo,
3408 3904 3579 3961 audeo
3604 3903 3787 3961 dicere
3811 3947 3831 3974 ,

2244 3992 2482 4060 Credidi,
2524 4003 2730 4065 promer
2757 3994 2893 4065 quod
2923 3996 3119 4050 locutus
3149 4012 3261 4050 sum
3286 4012 3304 4051 :
3335 4011 3442 4051 non
3474 4003 3648 4066 potest
3688 3997 3834 4063 male

2242 4087 2412 4153 mori,
2460 4088 2554 4157 qui
2600 4086 2736 4145 bene
2780 4089 2991 4145 vixerit.
3048 4089 3165 4147 iam
3219 4101 3273 4145 tu
3314 4090 3447 4145 dicis
3495 4090 3585 4147 tibi
3617 4088 3779 4145 :Non
3812 4090 3832 4121 ¹

2242 4180 2395 4235 multi
2443 4180 2574 4249 justi
2632 4181 2906 4251 naufragio
2950 4181 3260 4251 perierunt?
3302 4180 3459 4237 Certe
3496 4196 3602 4241 non
3650 4189 3835 4251 potest

2241 4275 2380 4330 male
2430 4274 2602 4338 mori,
2646 4276 2736 4344 qui
2777 4276 2915 4330 bene
2979 4276 3190 4333 vixerit.
3246 4273 3363 4331 Non
3420 4274 3615 4329 multos
3652 4273 3835 4344 iustos

2239 4365 2448 4436 gladius
2473 4366 2700 4436 peremit
2728 4366 2973 4422 hostilis?
3015 4366 3175 4423 Certe
3202 4383 3307 4423 non
3334 4376 3512 4438 potest
3535 4368 3673 4425 male
3712 4381 3836 4422 mo-

2239 4457 2322 4524 ri,
2351 4456 2440 4525 qui
2471 4457 2609 4515 bene
2634 4458 2844 4514 vixerit.
2874 4457 2988 4513 Non
3037 4458 3234 4514 multos
3254 4458 3427 4529 justus
3458 4459 3688 4517 latrones
3730 4471 3832 4513 oc-

2240 4548 2518 4605 ciderunt?
2563 4548 2680 4605 Non
2741 4549 2938 4607 multos
2976 4548 3153 4619 justos
3212 4549 3397 4605 bestia:
3452 4548 3833 4605 laniaverunt?

2241 4637 2401 4695 Certe
2442 4654 2547 4697 non
2584 4648 2760 4710 potest
2805 4639 2947 4694 male
2996 4639 3165 4707 mori,
3210 4642 3299 4711 qui
3331 4639 3466 4695 bene
3513 4639 3724 4695 vixerit.
3764 4639 3837 4694 Et

2239 4746 2341 4801 ego
2378 4732 2679 4803 respondeo
2724 4749 2738 4789 :
2773 4733 2896 4788 llaec
2937 4732 3030 4788 tibi
3067 4733 3212 4788 enim
3239 4732 3449 4788 videtur
3474 4733 3613 4787 mala
3644 4731 3834 4787 mors?

2239 4822 2518 4895 naufragio
2563 4825 2770 4895 perire,
2816 4824 2990 4895 gladio
3029 4825 3269 4894 percuti,
3314 4840 3344 4879 a
3382 4826 3568 4885 besUis
3597 4824 3788 4880 laniari
3813 4866 3830 4891 ,

2240 4931 2387 4973 mors
2413 4918 2549 4973 mala
2580 4918 2672 4973 tibi
2705 4918 2946 4973 videtur?
2966 4917 3155 4975 Nonne
3182 4920 3309 4975 istas
3340 4930 3538 4976 mortes
3566 4928 3835 4990 martyres

2238 5008 2547 5075 subierunt,
2580 5023 2809 5079 quorum
2852 5010 3090 5075 natalitia
3138 5012 3507 5067 celebramus?
3534 5011 3690 5079 Quod
3734 5027 3836 5081 ge-

2240 5114 2341 5155 nus
2369 5100 2556 5155 mortis
2585 5115 2690 5154 non
2721 5101 3037 5158 subierunt?
3066 5103 3129 5159 Et
3160 5112 3334 5159 tamen
3361 5103 3405 5157 si
3426 5101 3703 5158 christiani
3733 5118 3835 5158 su-

2240 5206 2397 5258 mus,
2437 5191 2483 5245 si
2526 5190 2579 5246 in
2608 5189 2770 5247 domo
2814 5191 3109 5263 disciplina:
3150 5209 3248 5251 nos
3292 5208 3410 5249 esse
3451 5193 3836 5263 meminimus,

2240 5284 2326 5339 vel
2352 5299 2471 5339 cum
2501 5283 2589 5339 hic
2615 5299 2800 5341 sumus
2821 5326 2835 5351 ,
2862 5286 2947 5341 vel
2976 5301 3097 5342 cum
3129 5286 3215 5341 hic
3257 5286 3531 5355 audimus,
3558 5286 3605 5341 si
3626 5299 3828 5341 exeun-

2240 5385 2322 5432 tes
2339 5376 2462 5432 binc
2489 5393 2595 5433 non
2619 5376 3004 5446 obliviscimur,
3033 5380 3077 5433 si
3105 5379 3447 5441 meminimus
3466 5377 3609 5448 quod
3628 5376 3716 5431 hic
3737 5391 3831 5431 aus

2240 5470 2451 5539 dimus,
2498 5487 2676 5527 nonne
2719 5482 2984 5544 martyres
3022 5472 3421 5539 beatiﬁcamus?
3446 5471 3640 5540 Quaere
3681 5484 3837 5524 mor-

2242 5574 2324 5621 tes
2348 5565 2667 5638 Martyrum;
2692 5566 2879 5623 oculos
2918 5564 3093 5631 carnis
3121 5566 3384 5635 interroga
3416 5582 3428 5617 :
3458 5563 3598 5619 male
3634 5560 3837 5617 mortui

2241 5667 2385 5715 sunt.
2444 5659 2637 5715 Oculos
2687 5658 2810 5713 ﬁdei
2864 5659 3124 5729 interroga
3157 5675 3170 5712 :
3202 5655 3435 5713 Pretiosa
3476 5657 3532 5711 in
3559 5664 3840 5725 conspectu

2242 5750 2480 5820 Domini,
2527 5767 2664 5807 mors
2715 5759 3003 5807 sanctorum
3032 5751 3143 5820 ejus
3175 5746 3344 5822 (Psal.
3388 5762 3530 5816 cxv,
3564 5746 3661 5814 l0,
3710 5745 3831 5817 15).

2242 5910 2335 6022 n0;
2360 5906 2728 6011 EthugdA'en.
2740 5913 2853 5959 ιον.
2865 5908 2943 5957 hic
2958 5912 3009 5958 et
3032 5905 3233 5957 ulterius
3254 5904 3426 5971 legunt
3446 5911 3543 5970 ιρι-ο
3560 5916 3700 5971 κωκυ
3717 5915 3837 5971 PN:
