4102 6336
488 385 593 443 070

489 500 632 554 videt
650 512 766 569 qua:
789 495 923 552 facta
951 502 1071 549 sunt
1096 507 1249 549 nova.
1274 492 1329 549 Si
1354 501 1528 549 autem
1555 493 1782 548 carnalis
1805 493 1962 557 adsit,
1982 491 2070 562 qui

488 602 658 649 totum
690 607 783 663 per
810 591 991 646 oculos
1022 588 1219 653 carnis,
1251 586 1380 642 nihil
1411 602 1503 656 per
1539 588 1707 642 aciem
1750 586 1943 642 mentis
1987 584 2070 639 in-

488 686 696 754 telligit,
724 683 952 739 irridens
989 680 1315 752 respondet:
1348 680 1498 750 Rogo
1523 686 1597 745 te,
1638 678 1723 735 dic
1766 693 1885 749 quae
1932 676 2069 734 facta

486 788 611 833 sunt
629 777 801 832 nova?
821 774 1084 845 Numquid
1104 771 1243 827 aliud
1262 772 1452 827 ctelum
1472 770 1697 842 respicio
1712 784 1868 840 quam
1889 777 2065 834 antea,

487 878 578 924 aut
597 869 771 925 sidera
824 869 876 923 in
925 882 1118 921 novum
1162 865 1499 935 splendorem
1548 863 1833 918 micantia?
1881 861 2069 917 Nonne

487 961 673 1016 iisdem
702 959 947 1015 cursibus
976 958 1053 1012 sol
1084 956 1287 1027 peragit
1306 956 1467 1017 diem.
1497 948 1807 1024 eisdemque
1833 954 2073 1009 curricu-

488 1054 554 1107 lis
599 1054 718 1106 lttna
749 1052 953 1122 peragit
1001 1048 1247 1103 noctem?
1291 1045 1555 1115 Numquid
1615 1060 1760 1100 mare
1813 1044 2069 1101 terminos

489 1158 615 1197 suos
646 1142 883 1212 ﬁnesque
926 1148 1316 1209 transgressum
1344 1146 1445 1203 est,
1479 1144 1571 1191 aut
1596 1145 1755 1192 terra:
1781 1136 1942 1191 facies
1967 1136 2069 1190 im-

488 1245 684 1289 mutata
714 1234 813 1288 alia
847 1232 1054 1288 insolita
1092 1230 1330 1300 germina
1356 1229 1689 1299 procreavit?
1716 1227 1903 1283 Nonne
1932 1228 2072 1283 sicut

486 1341 548 1381 ex
578 1326 727 1380 initio
753 1324 897 1379 horis
938 1321 1219 1377 duodecim
1264 1322 1528 1391 peragitur
1571 1319 1708 1387 dies,
1759 1318 2069 1389 eisdemque

485 1416 770 1471 crementis
795 1413 993 1468 aestatis
1022 1422 1229 1481 tempus
1250 1452 1266 1478 ,
1310 1410 1500 1481 quibus
1522 1408 1856 1477 detrimentis
1900 1408 2069 1462 hiems

488 1507 789 1577 peragitur?
811 1505 1096 1577 Progenies
1119 1517 1331 1573 quoque
1361 1502 1474 1570 ipsa
1502 1500 1804 1555 mortalium
1834 1499 1951 1553 aliis
1974 1498 2069 1554 de-

487 1576 830 1665 cedentibus,
883 1598 1002 1651 aliis
1036 1576 1454 1650 succedentibus
1506 1592 1816 1647 terminatos
1882 1590 2069 1645 ﬁniunt

487 1692 622 1746 dies.
651 1690 784 1745 Cum
807 1702 933 1759 ergo
954 1687 1152 1751 omnia,
1181 1685 1318 1740 sicut
1340 1699 1406 1739 ex
1431 1684 1581 1739 initio
1608 1682 1895 1737 constituta
1920 1690 2064 1749 sunt,

487 1783 559 1837 ita
584 1788 928 1845 concurrunt,
956 1792 1083 1834 suos
1118 1785 1295 1832 motus
1321 1775 1562 1844 ﬁnesque
1605 1774 1903 1835 servantia;
1943 1773 2068 1842 quid

485 1871 727 1941 estquod
765 1870 915 1924 nobis
956 1867 1291 1938 praedicatur,
1350 1864 1529 1919 Vetera
1577 1864 1906 1929 transierunt,
1959 1879 2069 1918 ecce

485 1969 619 2036 facta
642 1972 756 2019 sunt
786 1961 955 2015 nova?
984 1957 1284 2028 Responde,
1315 1972 1349 2010 0
1392 1956 1574 2020 Paule,
1634 1956 1753 2009 talia
1801 1954 1866 2008 de
1915 1953 2070 2009 nobis

484 2054 809 2125 requirenti;
836 2061 886 2106 et
909 2051 1031 2121 quia
1065 2051 1241 2103 minus
1270 2047 1423 2101 valeo
1448 2046 1514 2100 ad
1541 2043 1985 2116 respondendum,
2018 2054 2069 2098 te

483 2147 725 2206 obsecro,
751 2141 1014 2211 reSponde
1055 2154 1150 2209 pro
1192 2153 1298 2194 me.
1345 2136 1483 2192 Ecce
1530 2135 1652 2189 audi
1708 2134 2064 2204 Apostolum:

484 2234 620 2305 Quid
642 2235 856 2304 qumris,
884 2231 1111 2287 carnalis
1139 2228 1380 2296 auditor,
1428 2242 1521 2297 per
1550 2226 1731 2280 oculos
1758 2226 1933 2279 carnis
1977 2240 2064 2279 re-

488 2326 735 2397 spicere?
756 2325 912 2394 Erige
956 2322 1149 2376 mentis
1174 2321 1365 2385 aciem,
1394 2325 1452 2372 ut
1478 2316 1619 2387 quod
1654 2315 1849 2370 dicitur
1898 2316 2067 2384 possis

485 2418 806 2487 intelligere,
844 2413 1022 2468 Vetera
1062 2412 1388 2477 transierunt,
1439 2424 1552 2463 ecce
1600 2412 1737 2479 facta
1772 2416 1886 2460 sunt
1917 2421 2063 2459 nova.

484 2509 612 2575 Quae
658 2516 840 2561 vetera
899 2501 1263 2559 transierunt?
1312 2514 1431 2569 quae
1484 2497 1621 2554 facta
1697 2507 1821 2553 sunt
1889 2494 2067 2550 nova?

483 2601 692 2657 Primus
712 2599 878 2664 homo,
898 2596 1088 2666 inquit,
1110 2594 1171 2648 de
1183 2603 1335 2661 terra,
1363 2602 1625 2656 terrenus;
1643 2588 1890 2645 secundus
1915 2589 2064 2642 homo

484 2695 546 2749 de
570 2694 715 2760 cazlo,
745 2691 954 2746 caelestis
980 2689 1021 2759 (l
1049 2686 1168 2743 Cor.
1186 2702 1276 2751 xv,
1302 2685 1413 2757 47).
1436 2683 1667 2740 Transiit
1691 2683 1881 2748 Adam,
1905 2681 2066 2737 homo

482 2792 635 2839 vetus
662 2783 832 2838 iactus
856 2797 922 2836 ex
947 2780 1075 2835 limo
1104 2796 1119 2831 :
1146 2779 1293 2833 venit
1311 2776 1576 2835 Christus.
1599 2775 1740 2829 Deus
1760 2773 1918 2829 homo
1938 2773 2066 2828 mis-

482 2892 576 2932 sus
594 2892 626 2931 e
654 2874 811 2932 ctelo.
843 2873 1076 2929 Transiit
1100 2880 1334 2927 vetustas
1359 2869 1639 2936 mentium,
1667 2868 1891 2922 accessit
1916 2868 2064 2921 novi-

485 2981 567 3026 tas
594 2967 926 3025 credentium
959 2982 973 3020 :
1003 2964 1214 3021 transiit
1254 2964 1361 3018 vita
1392 2962 1641 3025 carnalis,
1673 2961 1930 3016 successit
1957 2960 2067 3031 spi-

480 3060 704 3116 ritualis.
742 3062 824 3113 An
856 3072 1016 3128 parva
1045 3064 1127 3111 est
1169 3054 1374 3109 novitas
1402 3054 1535 3117 ham,
1586 3052 1656 3107 ita
1704 3050 2065 3107 demonstrata

482 3166 580 3223 per
609 3149 877 3205 hominem
906 3148 1096 3214 Deum,
1118 3154 1176 3200 ut
1202 3142 1480 3200 moriendo
1508 3143 1805 3213 susciperet
1832 3149 2066 3196 vetusta-

482 3255 589 3301 tem
630 3253 794 3309 tuam,
824 3239 1151 3311 resurgendo
1197 3237 1502 3295 ostenderet
1554 3236 1843 3294 novitatem
1899 3244 2061 3301 tuam,

482 3333 822 3391 ascendendo
866 3333 1103 3387 ﬁrmaret
1129 3330 1427 3385 claritatem
1467 3326 1643 3382 luam?
1665 3325 1857 3382 Vetera
1885 3333 2063 3380 trans-

481 3430 658 3485 ierunt
687 3446 700 3484 :
728 3443 848 3499 quae
884 3435 1065 3482 vetera
1122 3422 1486 3479 transierunt?
1536 3419 1688 3491 Quod
1760 3419 1922 3475 eratis
1970 3417 2064 3474 ﬁlii

481 3522 673 3588 Adam,
699 3521 787 3576 ﬁlii
825 3518 1089 3575 carnales.
1137 3517 1280 3572 Nova
1320 3523 1661 3571 accesserunt
1689 3530 1701 3567 :
1726 3529 1844 3584 quae
1889 3512 2063 3568 nova?

481 3613 632 3681 Quod
653 3612 923 3668 efﬁcimini
953 3612 1047 3665 ﬁlii
1081 3610 1299 3673 Dei,ﬁlii
1329 3605 1850 3678 spirituales.Vetera
1882 3613 2061 3661 trans-

483 3708 696 3771 ierunt;
727 3716 865 3760 terra
917 3703 1079 3757 eratis
1111 3719 1124 3755 :
1154 3715 1281 3756 ecce
1304 3700 1441 3756 facta
1469 3709 1592 3755 sunt
1620 3714 1784 3762 nova;
1808 3698 1929 3755 caeli
1956 3699 2063 3769 jam

483 3810 619 3865 pene
642 3793 817 3849 effecti
865 3793 1011 3847 estis.
1066 3789 1190 3847 Caeli
1237 3791 1378 3845 enim
1425 3798 1665 3843 enarrant
1708 3788 1921 3859 gloriam
1970 3788 2065 3842 Dei

485 3882 655 3958 (Psal.
688 3899 836 3949 xvm,
861 3882 939 3953 l).
965 3881 1080 3936 Non
1107 3881 1259 3936 vobis
1288 3879 1618 3949 impossibile
1637 3878 1900 3947 videatur,
1923 3878 2065 3949 quod

483 3991 603 4030 cum
649 3976 765 4031 sitis
789 3983 1089 4040 terrestres,
1142 3972 1443 4028 efﬁciamini
1488 3971 1754 4027 caelestes.
1803 3970 1877 4026 De
1925 3979 2063 4026 terra

484 4080 589 4120 non
615 4066 741 4120 facit
762 4064 979 4128 ctelum,
1008 4064 1099 4133 qui
1116 4062 1182 4117 de
1207 4062 1373 4117 nihilo
1399 4059 1524 4116 fecit
1563 4070 1757 4115 terram
1773 4061 2065 4117 etcmlum?

486 4156 678 4211 Vetera
706 4155 1064 4218 transierunt;
1097 4152 1299 4222 lapides
1329 4152 1618 4209 colebatis:
1647 4165 1785 4207 nova
1825 4166 2066 4208 accesse-

485 4255 642 4311 runt;
687 4245 853 4300 Deum
902 4258 1089 4299 verum
1156 4242 1407 4297 adoratis.
1462 4241 1654 4297 Vetera
1701 4242 2061 4308 transierunt;

486 4338 694 4393 transiit
737 4336 1029 4392 mortalitas
1054 4352 1067 4391 :
1095 4348 1230 4389 nova
1266 4343 1631 4397 accesserunt;
1666 4335 1927 4405 promissa
1980 4344 2065 4391 est

485 4426 877 4489 immortalitas.
912 4427 1102 4483 Vetera
1134 4427 1490 4492 transierunt;
1519 4426 1754 4497 perierat
1774 4427 1949 4481 omnis
1976 4442 2066 4482 ca-

486 4538 548 4579 ro
589 4538 685 4594 per
727 4523 1004 4577 mulierem
1048 4521 1204 4576 simul
1257 4536 1379 4577 cum
1433 4521 1552 4575 viro
1604 4530 1859 4590 peccante
1888 4538 1902 4575 :
1928 4537 2065 4577 nova

488 4623 861 4679 accesserunt;
888 4621 1129 4683 reparata
1151 4620 1235 4668 est
1259 4626 1406 4676 caro,
1435 4612 1552 4667 sine
1587 4611 1704 4666 viro
1730 4612 1934 4683 virgine
1967 4627 2064 4682 pa-

489 4707 676 4762 riente.
706 4703 897 4760 Vetera
926 4703 1278 4769 transierunt;
1317 4702 1524 4758 transiit
1562 4704 1709 4773 regio
1743 4704 2019 4760 vetustatis
2045 4720 2063 4756 :

487 4813 621 4854 nova
647 4804 1026 4863 accesserunt;
1057 4795 1294 4852 succedit
1310 4794 1605 4852 Jerusalem
1623 4797 1811 4853 civitas
1830 4798 2066 4855 ctelcstis

486 4890 754 4946 novitatis.
778 4889 860 4944 Ad
886 4888 1023 4944 hanc
1041 4888 1310 4945 civitatem
1332 4903 1519 4943 novam
1546 4891 1830 4962 pervenire
1848 4892 2063 4964 cupitis,

485 4987 575 5056 qui
606 4985 818 5041 nomina
846 4993 1023 5041 vestra
1058 4982 1439 5040 conscribenda
1466 4982 1709 5040 dedistis.

555 5100 792 5159 CAPUT
814 5099 1028 5156 11.-2.
1055 5098 1368 5154 Festinemus
1385 5097 1454 5152 ad
1482 5099 1719 5169 patriam.
1756 5099 1967 5174 Nauigii
1986 5102 2068 5157 in-

487 5194 715 5248 structio.
740 5194 855 5260 Eia,
886 5192 1077 5249 fratres
1101 5193 1227 5261 mei,
1267 5192 1517 5248 ardenter
1547 5192 1915 5249 desideremus
1940 5209 2065 5265 pro-

486 5284 653 5355 priam
685 5286 940 5355 patriam;
972 5285 1449 5355 peregrinationem
1480 5284 1657 5353 istam,
1694 5300 1812 5356 quae
1857 5301 1956 5341 nos
1997 5287 2066 5342 ab

489 5391 551 5431 ea
575 5376 750 5431 adhuc
786 5375 1007 5442 detinet,
1033 5364 1341 5444 toleremus,
1392 5391 1499 5432 non
1536 5392 1776 5432 amemus
1806 5395 1820 5431 :
1850 5377 2067 5434 festine-

490 5482 611 5523 mus
642 5479 839 5524 tamen.
863 5468 977 5525 Non
1007 5479 1089 5526 est
1110 5486 1274 5541 quare
1304 5470 1390 5526 hic
1422 5480 1598 5535 stare;
1629 5486 1727 5526 nec
1762 5472 1967 5527 invenis
2010 5472 2065 5528 in

489 5559 708 5626 saeculo,
739 5558 895 5630 quod
906 5560 1015 5630 jam
1040 5562 1214 5632 possis
1242 5578 1443 5619 amare.
1471 5564 1590 5632 Ipse
1613 5564 1758 5619 enim
1787 5580 1939 5619 amor
1976 5581 2067 5635 pa-

488 5655 719 5716 rentum,
748 5650 1050 5722 conjugum,
1074 5653 1672 5720 ﬁliorum,facultatum,
1705 5667 1795 5712 aut
1818 5673 2065 5728 magnum

489 5742 806 5812 quibusdam
826 5744 1165 5800 incusserunt
1192 5747 1452 5813 laborem,
1484 5760 1574 5804 aut
1590 5764 1833 5821 magnum
1857 5751 2069 5823 parittnt

492 5836 737 5893 timorem
764 5852 778 5891 :
807 5851 913 5894 non
934 5850 1016 5893 est
1038 5852 1203 5911 quare
1231 5837 1319 5898 hic
1339 5847 1501 5897 stare.
1532 5839 1720 5899 Melius
1748 5848 1887 5905 enim
1922 5850 2065 5909 testi-

1425 379 1515 437 DE
1552 377 1841 437 CANTICO
1875 377 2092 446 NOVO,
2140 392 2283 444 κτα,
2323 376 2379 433 S.
2414 368 2782 435 AUGUSTINI

2179 510 2358 567 nando
2389 513 2688 582 appetimus
2714 513 3059 582 sempiterna,
3095 525 3254 581 quam
3305 511 3394 565 hic
3434 514 3764 571 remanendo

2178 602 2478 658 saeculi'nus
2504 603 2871 675 apprehendat
2888 602 3063 660 ruina.
3087 603 3452 674 Praeparemus
3468 604 3762 660 sitarciam.

2176 694 2644 764 apprehendamus
2676 703 2733 752 et
2759 695 3112 751 ascendamus
3161 711 3349 751 navem
3397 695 3552 751 ﬁdem
3604 696 3766 753 simul

2176 793 2233 841 et
2258 801 2472 842 crucem
2505 787 2546 852 ί,
2576 801 2676 842 nec
2701 786 2840 842 desit
2877 785 3111 841 anchora
3148 800 3272 856 spes
3308 794 3506 841 nostra
3554 786 3759 854 salutis,

2175 879 2525 935 extendamus
2569 880 2722 936 funes
2758 879 2997 934 diversas
3044 880 3286 944 virtutes,
3332 879 3447 934 vela
3486 878 3766 937 charitatis

2174 970 2486 1041 colligamus
2502 972 2546 1038 ',
2585 971 2897 1027 invocemus
2920 979 3137 1025 ventum
3178 984 3491 1039 prosperum
3534 970 3762 1026 verbum

2177 1060 2303 1126 Dei;
2331 1062 2705 1117 cxhauriamus
2725 1062 2991 1116 sentinam
3018 1077 3047 1115 a
3070 1060 3320 1130 peccatis,
3343 1075 3440 1130 per
3459 1061 3763 1134 eleemosy-

2176 1168 2271 1208 nas
2301 1154 2587 1209 mundetur
2611 1154 2956 1209 conscientia.
2987 1151 3104 1207 Non
3135 1152 3452 1221 impediatur
3473 1153 3631 1222 hujus
3658 1170 3765 1208 no-

2174 1246 2273 1300 stri
2316 1259 2504 1300 cursus
2536 1246 2749 1315 navigii,
2780 1252 3031 1315 operetur
3058 1243 3300 1298 manibus
3334 1253 3390 1297 ιιι
3417 1243 3762 1313 possumus'.

2174 1337 2417 1392 Manibus
2444 1337 2555 1391 suis
2579 1336 2843 1391 sentinam
2873 1335 3221 1390 exhauriebat
3243 1336 3332 1405 qui
3358 1334 3567 1390 dicebat
3592 1352 3605 1388 :
3636 1332 3761 1387 Ma-

2173 1429 2320 1482 nibus
2346 1429 2469 1483 meis
2493 1444 2660 1483 coram
2679 1444 2737 1482 eo
2761 1437 2922 1491 nocte,
2954 1436 2998 1481 et
3036 1443 3136 1481 non
3175 1443 3287 1481 sum
3322 1427 3556 1496 deceptus
3580 1425 3756 1498 (Psal.

2173 1535 2330 1575 Lxxw
2355 1562 2371 1586 ,
2423 1520 2498 1588 ὃ).
2545 1519 2660 1574 Non
2702 1519 3028 1590 negligamus
3055 1529 3237 1572 nostra
3269 1526 3483 1588 peccata
3512 1536 3525 1571 :
3555 1519 3760 1574 minuta

2172 1619 2317 1677 sunt,
2340 1611 2432 1666 sed
2455 1610 2618 1665 multa
2639 1620 2780 1665 sunt.
2806 1608 3025 1666 Fluctus
3046 1625 3180 1664 unus
3200 1610 3405 1665 validus
3426 1611 3636 1666 irruens
3659 1610 3760 1667 ob-

2171 1703 2277 1758 ruit
2312 1718 2498 1759 navem
2521 1746 2540 1772 ,
2575 1703 2909 1773 minaturque
2951 1702 3281 1772 naufragium
3316 1720 3329 1756 :
3362 1702 3553 1758 humor
3574 1711 3757 1759 autem

2174 1808 2268 1863 per
2295 1794 2458 1849 rimas
2485 1792 2708 1848 inﬂuens
2742 1801 2799 1849 et
2833 1795 2884 1848 in
2915 1793 3179 1848 sentinam
3206 1794 3446 1858 veniens,
3483 1792 3584 1847 nisi
3621 1792 3756 1847 sub-

2160 1884 2295 1940 .inde
2323 1886 2570 1951 siccetur,
2604 1885 2707 1939 hoc
2734 1884 2875 1940 idem
2905 1882 3051 1938 facit.
3095 1885 3237 1954 Ergo
3257 1884 3595 1939 exhauriatur
3620 1900 3753 1939 sen-

2168 1978 2302 2042 tina,
2329 1992 2437 2032 non
2458 1977 2749 2047 negligatur
2777 1975 3172 2041 misericordia;
3203 1975 3324 2045 quia
3353 1975 3691 2047 eleemosyna
3725 1990 3759 2030 ι

2169 2080 2342 2125 morte
2375 2070 2585 2133 linerat,
2617 2081 2671 2127 et
2700 2072 2808 2141 ipsa
2836 2082 3025 2143 purgat
3064 2080 3277 2141 peccata
3304 2072 3321 2142 (
3346 2070 3476 2125 Tob.
3505 2086 3589 2136 tv,
3626 2071 3687 2125 ll
3709 2070 3756 2141 ).

2176 2161 2328 2217 Adsit
2364 2171 2542 2216 nostra
2573 2164 2735 2218 tutela
2763 2163 2959 2219 Christi
3002 2164 3192 2234 gratia,
3233 2164 3477 2218 celeuma
3507 2173 3755 2218 nostrum

2169 2250 2326 2306 dulce
2366 2262 2643 2307 cantemus
2676 2253 2936 2318 Alleluia;
2982 2263 3040 2308 ut
3066 2253 3172 2308 laeti
3198 2268 3261 2308 ac
3281 2253 3456 2309 securi
3486 2252 3758 2323 ingredia-

2170 2357 2288 2397 mur
2326 2344 2701 2412 sempiternam
2732 2359 2797 2400 ac
2824 2344 3182 2400 felicissimam
3222 2344 3467 2414 patriam.
3496 2344 3610 2399 Non
3641 2360 3759 2401 me-

2169 2438 2283 2485 tuat
2301 2432 2478 2486 anima
2509 2448 2656 2489 mare
2686 2434 2786 2490 hoc
2813 2450 3061 2505 magnum
3081 2476 3096 2501 ,
3128 2435 3382 2490 sarculum
3409 2436 3629 2502 scilicet,
3655 2452 3757 2492 cu-

2162 2523 2251 2594 jus
2274 2524 2462 2581 ﬁuctus
2491 2539 2553 2581 ac
2586 2526 2822 2582 turbines
2848 2527 3108 2583 sentimus
3134 2528 3374 2582 inimicas
3394 2528 3575 2582 sseculi
3605 2539 3760 2599 pote-

2167 2625 2353 2672 states.
2398 2616 2455 2670 In
2486 2616 2595 2673 Deo
2628 2626 2903 2688 sperantes
2930 2618 3083 2672 multi
3108 2617 3219 2688 jam
3246 2617 3414 2672 sancti
3442 2616 3541 2672 hos
3564 2618 3756 2676 ﬂucuts

2165 2718 2504 2779 spreverunt,
2530 2710 2680 2765 multi
2705 2710 3064 2774 calcaverunt,
3093 2710 3246 2765 multi
3272 2724 3433 2779 super
3448 2712 3563 2779 ejus
3588 2725 3756 2781 aquas

2165 2799 2499 2856 ambulantes
2508 2804 2684 2856 securi
2696 2801 2761 2855 ad
2778 2803 2996 2871 patriam
3011 2810 3384 2871 pervenerunt.
3400 2802 3504 2858 Sed
3516 2804 3759 2874 exsurgit

2164 2898 2356 2946 ventus
2370 2890 2578 2946 validus
2593 2899 2648 2946 et
2672 2906 2861 2962 magna
2890 2901 3197 2962 tempestas,
3220 2907 3316 2948 sua
3330 2893 3588 2965 cujusque
3606 2894 3759 2965 cupi-

2167 2981 2324 3037 ditas.
2344 2982 2559 3038 'l‘ituhat
2573 2982 2702 3039 ﬁdes
2719 2984 2769 3038 in
2784 2984 3137 3051 mari,clamet
3155 2984 3210 3038 in
3224 2994 3274 3040 te
3289 2985 3754 3055 Petrus,Domine,

2156 3087 2361 3143 pereo:
2384 3072 2531 3129 dabit
2563 3088 2777 3129 manum
2808 3076 3085 3146 mergenti,
3106 3090 3203 3130 nec
3216 3076 3340 3130 sinit
3362 3074 3538 3144 perire
3555 3075 3646 3130 ille
3660 3076 3755 3146 qui

2165 3172 2384 3235 propter
2405 3180 2503 3221 nos
2536 3180 2699 3237 super
2716 3182 2879 3237 aquas
2893 3166 3142 3238 dignatus
3158 3166 3512 3222 estambulare
3528 3165 3751 3238 (Matth.

2164 3273 2274 3324 XIV,
2301 3256 2535 3330 25-32).
2581 3258 2711 3315 Vide
2750 3259 3052 3329 apostolum
3081 3259 3323 3323 Paulum,
3347 3258 3447 3314 hoc
3482 3258 3755 3330 navigium

2165 3368 2275 3411 non
2318 3352 2491 3409 solum
2531 3350 2985 3407 demoustrantem
3004 3392 3021 3419 ,
3051 3366 3237 3406 verum
3266 3350 3425 3405 etiam
3452 3350 3753 3406 ascenden-

2167 3455 2297 3515 tem,
2327 3455 2383 3502 et
2415 3459 2571 3516 quam
2609 3444 3227 3515 plurimosinvitantem.
3269 3444 3491 3512 Quando
3519 3444 3752 3514 dicebat,

2167 3538 2423 3594 Habentes
2459 3536 2646 3591 victum
2696 3547 2741 3590 et
2784 3546 3149 3608 tegumentum,
3198 3537 3276 3590 his
3332 3538 3554 3590 contenti
3596 3539 3756 3593 simus

2168 3630 2223 3705 (1
2257 3630 2386 3684 Tim.
2417 3646 2490 3697 vr,
2522 3628 2625 3700 8);
2657 3627 2783 3700 quid
2811 3628 2954 3683 aliud
2983 3644 3141 3699 quam
3165 3638 3559 3698 competentem
3585 3630 3748 3684 sitar-

2165 3725 2302 3781 ciam
2330 3722 2705 3793 imponendam
2729 3736 2850 3778 esse
2875 3721 3238 3778 monstrabat?
3264 3722 3488 3790 Quando
3514 3721 3749 3789 dicebat,
3810 3762 3817 3765 π

2169 3816 2300 3870 Mihi
2324 3825 2491 3869 autem
2516 3815 2642 3871 absit
2668 3814 2876 3887 gloriari
2902 3856 2917 3882 ,
2948 3814 3044 3868 nisi
3083 3815 3137 3867 in
3175 3830 3321 3867 cruce
3363 3814 3562 3868 Domini
3589 3812 3752 3869 nostri

2164 3905 2291 3963 Iesu
2315 3906 2499 3961 Christi
2538 3922 2626 3977 per
2662 3922 2805 3977 quem
2848 3906 2974 3959 mihi
3016 3902 3233 3960 mundus
3272 3906 3545 3977 cruciﬁxus
3583 3913 3677 3972 est,
3703 3912 3755 3958 et

2166 4013 2257 4070 ego
2280 3997 2466 4051 mundo
2490 3995 2681 4067 (Galat.
2705 4012 2777 4064 vr,
2802 3997 2915 4068 ll);
2938 4012 3125 4052 navem
3150 3997 3493 4053 ascendebat.
3521 3996 3748 4065 Quando

2166 4089 2395 4156 dicebat,
2424 4087 2626 4143 lnduite
2649 4104 2734 4145 vos
2758 4090 2886 4153 sicut
2913 4090 3054 4144 electi
3082 4089 3196 4161 Dei.
3231 4091 3553 4162 benignitate,
3585 4090 3756 4145 humi-

2169 4182 2342 4249 litate,
2380 4183 2793 4253 longanimitate,
2827 4184 3208 4238 mansuetudine
3242 4181 3478 4255 (Coloss.
3509 4198 3587 4249 ιιι,
3619 4182 3688 4238 ιε
3707 4183 3752 4252 );

2166 4273 2293 4345 quid
2320 4272 2460 4329 aliud
2484 4289 2642 4345 quam
2676 4274 2828 4330 funes
2854 4275 3207 4331 extendebat?
3244 4275 3468 4341 Quando
3505 4274 3748 4341 dicebat,

2169 4364 2343 4420 Manet
2380 4365 2540 4435 ﬁdes,
2583 4382 2731 4438 spes,
2777 4366 3030 4432 Charitas;
3083 4368 3248 4437 major
3299 4368 3478 4421 horum
3527 4367 3754 4421 charitas

2169 4454 2230 4528 (l
2264 4454 2380 4510 Cor.
2428 4471 2542 4522 xm,
2575 4456 2705 4528 l5);
2751 4458 2865 4512 vela
2905 4457 3206 4528 colligebat.
3248 4457 3474 4526 Quando
3516 4458 3753 4527 dicebat,

2177 4545 2392 4602 Verbum
2412 4546 2507 4601 Dei
2531 4548 2715 4605 habitet
2734 4549 2787 4603 in
2812 4549 2947 4603 vobis
2967 4550 3280 4605 abundanter
3306 4550 3518 4622 (Coloss.
3539 4566 3616 4617 ιιι,
3636 4548 3752 4621 16);

2166 4648 2381 4694 ventum
2405 4652 2712 4709 prosperum
2740 4640 3039 4695 invocabat.
3082 4641 3305 4709 Quando
3333 4642 3562 4707 dicebat,
3596 4641 3756 4712 Infa-

2169 4731 2396 4803 tigabiles
2415 4734 2599 4802 itaque,
2622 4732 2743 4787 dum
2765 4742 2959 4804 tempus
2986 4734 3244 4796 habemus,
3271 4750 3537 4803 operemur
3563 4734 3758 4789 bonum

2167 4821 2235 4876 ad
2255 4838 2425 4876 omnes
2455 4822 2647 4895 (Galat.
2671 4840 2747 4888 vr,
2770 4823 2884 4896 10);
2913 4836 2987 4893 et,
3020 4825 3297 4895 Operantes
3328 4826 3549 4896 propriis
3574 4827 3751 4879 mani-

2169 4912 2260 4968 bus
2283 4914 2457 4969 vestris
2495 4913 2546 4986 (l
2576 4914 2750 4970 Thess.
2780 4931 2854 4982 tv,
2884 4917 2945 4971 11
2973 4920 2990 4983 )
3019 4933 3032 4970 :
3064 4917 3190 4988 quid
3217 4917 3369 4987 aliud
3388 4932 3548 4988 quam
3586 4918 3759 4975 senti-

2168 5021 2290 5067 nam
2320 5006 2589 5063 exhauriri
2627 5009 3002 5077 praecipiebat?
3044 5008 3270 5076 Quando
3308 5010 3540 5079 dicebat,
3572 5007 3760 5065 Gratia

2140 5098 2293 5153 salvi
2320 5099 2439 5170 facti
2459 5098 2575 5153 estis
2598 5097 2815 5170 (Ephes.
2838 5115 2897 5163 ιι,
2921 5100 3000 5172 8);
3028 5102 3246 5157 tutelam
3267 5103 3546 5158 exorabat.
3575 5102 3761 5171 Quatt-

2168 5188 2239 5244 do
2261 5190 2469 5247 dicebat
2491 5232 2505 5256 ,
2538 5189 2605 5244 lu
2634 5192 2841 5261 psalmis
2865 5203 2913 5247 et
2942 5194 3142 5265 hymnis
3167 5206 3424 5250 cantantes
3448 5197 3502 5251 in
3520 5197 3760 5253 cordibus

2168 5281 2341 5335 vestris
2368 5279 2583 5335 Domino
2603 5280 2715 5353 (Id.
2747 5299 2801 5351 ν,
2832 5283 2946 5355 l9);
2974 5285 3211 5341 celeuma
3233 5296 3474 5343 sanctum
3500 5287 3754 5345 docebat.

2169 5370 2389 5440 Quando
2414 5372 2642 5443 dicebat,
2666 5374 2772 5448 Spe
2793 5376 2921 5431 salvi
2945 5379 3069 5450 facti
3095 5396 3266 5435 sumus
3290 5379 3465 5454 (Rom.
3495 5397 3611 5448 vm,
3636 5382 3757 5453 24);

2169 5466 2458 5523 anchoram
2477 5467 2529 5522 in
2550 5468 2802 5526 cordibus
2830 5472 3161 5528 credentium
3188 5474 3396 5545 ﬁgebat.
3425 5475 3650 5542 Quando
3675 5475 3764 5531 di-

2234 5608 2252 5639 ί
2286 5615 2358 5659 Sic
2378 5613 2484 5659 Mss.
2508 5616 2564 5661 At
2585 5616 2678 5673 Er.,
2702 5607 2804 5675 ﬁde
2832 5609 2976 5662 simul
2995 5617 3042 5663 et
3063 5625 3224 5664 cruce.
3250 5621 3381 5676 Lov.,
3406 5611 3527 5679 ﬁdei
3546 5614 3692 5667 sintut
3714 5620 3766 5668 et

2172 5681 2586 5801 mammis
2600 5740 2703 5801 Its,
2728 5733 3039 5801 collocemus;
3060 5744 3112 5789 et
3129 5736 3374 5801 aliquanto
3389 5744 3517 5801 post,
3533 5736 3647 5801 pcta
3665 5739 3770 5792 ωι-

2172 5792 2833 5867 ioc_ab_at.__ceuune.ticensis,‘
2850 5792 3087 5862 colemus;
3107 5806 3161 5852 et
3181 5792 3319 5860 infra,
3344 5792 3449 5851 vela
3470 5792 3677 5853 colam.

2238 5856 2259 5888 ³
2294 5855 2957 5925 muss.,uthocpossimus.
