4102 6336
264 468 437 533 nebat,
463 465 748 522 Jerusalem
780 477 881 532 qua
935 472 1132 517 summa
1170 464 1241 511 est
1264 498 1279 522 ,
1321 454 1476 509 libera
1514 462 1608 521 est,
1634 466 1745 522 quia
1770 458 1842 505 est

266 571 423 616 mater
447 571 621 614 nostra
649 557 668 627 (
693 555 864 611 Colat.
895 571 966 619 ιν,
992 554 1062 609 26
1085 553 1137 622 );
1172 552 1338 621 ipsam
1371 548 1594 619 patriam
1622 546 1845 601 demon-

264 651 481 710 strabat.
514 650 739 717 Quando
757 648 983 712 dicebat,
1022 646 1118 701 Ubi
1146 655 1239 709 est,
1268 659 1423 707 mors,
1454 640 1705 695 contentio
1729 637 1844 690 tua?

263 743 464 798 Gratias
505 741 614 795 Deo
636 781 652 807 ,
699 740 785 809 qui
818 738 955 792 dedit
994 737 1136 790 nobis
1163 734 1424 788 uictoriam
1452 746 1542 799 per
1566 727 1843 783 Dominum

262 844 486 890 nostrum
501 832 679 887 Iesum
696 831 952 887 Christum
977 827 1020 897 (ι
1038 827 1158 882 Cor.
1181 841 1269 893 xv,
1292 825 1382 891 55,
1400 824 1515 893 57);
1543 837 1650 877 non
1670 819 1844 874 adlmc

258 927 314 980 in
337 924 467 980 mari
499 922 913 993 periclitabatur,
942 918 1037 974 sed
1060 918 1169 989 jam
1192 918 1244 971 in
1267 915 1479 985 propria
1503 912 1673 985 patria
1695 911 1843 965 laeta-

264 1016 431 1071 batur.
462 1015 508 1070 Ο
539 1014 740 1083 optime
762 1012 1106 1082 gubernator,
1134 1024 1168 1063 o
1196 1006 1555 1078 pulcherrime
1591 1002 1843 1074 magister

256 1115 313 1161 et
338 1104 548 1167 doctor,
576 1103 824 1166 docuisti,
857 1101 1055 1165 iecisti;
1096 1108 1151 1154 et
1180 1096 1300 1155 ideo
1324 1097 1569 1153 celeriter
1594 1093 1841 1166 perveni—

260 1196 490 1267 sti,quia
516 1210 634 1265 quas
681 1193 932 1255 docuisti,
956 1191 1102 1262 prior
1121 1190 1234 1259 ipse
1256 1188 1447 1244 fecisti.

324 1285 556 1343 CAPUT
596 1284 684 1339 lll.
712 1314 781 1324 -
807 1284 860 1338 5.
897 1282 969 1337 De
994 1282 1072 1336 via
1090 1280 1316 1336 terrestri
1336 1279 1405 1333 ad
1434 1278 1672 1348 patriam,
1706 1284 1753 1330 et
1779 1275 1843 1329 de

253 1379 481 1451 iumento
502 1386 804 1449 opportuno.
834 1373 892 1431 Si
935 1374 1053 1445 quis
1094 1371 1257 1439 forte,
1304 1379 1365 1425 ut
1402 1371 1618 1434 assolet,
1646 1366 1843 1437 refugit

261 1467 546 1537 navigium,
577 1475 634 1521 et
683 1465 924 1520 insolitos
974 1463 1165 1518 lluctus
1192 1460 1355 1516 maris
1391 1459 1671 1522 horrescit,
1701 1456 1843 1511 desi-

257 1562 512 1631 deratque
548 1559 953 1623 iterconlieere,
980 1570 1108 1626 quo,
1129 1554 1229 1609 etsi
1257 1551 1475 1616 tardius,
1506 1550 1573 1605 ad
1614 1550 1841 1620 patriam

259 1652 433 1707 valeat
462 1650 784 1721 pervenire;
828 1646 1207 1704 demonstrabo
1253 1645 1415 1709 viam,
1457 1644 1565 1697 imo
1616 1642 1732 1713 ipsa
1784 1657 1843 1696 se

250 1744 588 1800 demonstrat
613 1742 721 1798 via.
748 1740 883 1797 Ecce
908 1741 960 1795 in
1000 1738 1288 1810 Evangelia
1342 1738 1536 1792 clamat
1576 1735 1840 1802 Salvator,

256 1832 370 1904 £90
393 1849 509 1888 sum
530 1833 610 1888 via
634 1830 654 1904 (
682 1832 839 1886 Jemt.
892 1845 1005 1895 xiv,
1052 1831 1087 1885 6
1114 1828 1156 1901 ).
1191 1828 1366 1884 llabes
1414 1829 1573 1894 viam,
1606 1826 1839 1892 ambula,

256 1925 519 1980 sollicitus
541 1933 717 1978 tamen
739 1923 893 1977 doma
910 1922 1208 1993 jumentum
1229 1930 1395 1984 tuum,
1418 1934 1633 1975 carnem
1658 1929 1798 1972 tuam
1824 1933 1840 1985 ;

258 2016 353 2087 ipsi
378 2016 523 2071 enim
560 2015 753 2071 insidet
797 2014 972 2069 anima
1001 2023 1109 2069 tua.
1138 2013 1417 2081 Quomodo
1463 2013 1507 2067 si
1537 2013 1587 2067 in
1630 2011 1729 2067 hac
1756 2011 1843 2067 via

252 2108 471 2164 mortali
509 2108 751 2177 iumento
777 2106 1059 2173 insideres,
1113 2105 1256 2176 quod
1286 2114 1337 2161 te
1381 2103 1658 2176 gestiendo
1685 2104 1846 2158 vellet

258 2201 638 2270 prmcipitare;
680 2214 859 2255 nonne
898 2206 958 2255 ut
982 2213 1203 2255 securus
1250 2199 1350 2255 iter
1394 2212 1601 2269 ageres,
1645 2196 1844 2252 cibaria

252 2292 537 2348 lerocienti
565 2290 926 2357 subtraheres,
948 2299 1004 2346 et
1046 2291 1185 2345 fame
1225 2289 1473 2344 domares
1508 2286 1647 2358 quod
1691 2286 1844 2342 freno

252 2400 355 2440 non
374 2383 610 2455 posses?
645 2385 781 2439 Caro
832 2392 1014 2438 nostra
1062 2382 1363 2453 jumentum
1418 2390 1658 2436 nostrum
1709 2388 1834 2435 est:

248 2475 352 2531 iter
374 2475 590 2546 agimus
613 2475 666 2529 in
688 2474 984 2530 Jerusalem
1013 2488 1030 2540 ;
1074 2474 1384 2544 plerumque
1404 2487 1501 2528 nos
1526 2473 1664 2543 rapit
1689 2488 1836 2540 caro,

250 2576 305 2622 et
322 2566 392 2623 de
410 2567 495 2622 via
524 2574 747 2632 conatur
764 2566 1066 2622 excludere'
1081 2606 1095 2619 .
1119 2565 1248 2620 Tale
1267 2579 1396 2637 ergo
1418 2564 1717 2635 jumentum
1747 2580 1843 2619 co-

252 2658 537 2715 hibeamus
558 2658 791 2730 jejuniis.
819 2658 951 2714 Vide
976 2657 1120 2713 illum
1140 2660 1552 2728 gubernatorem
1568 2656 1843 2712 eumdem-

247 2769 352 2824 que
369 2755 634 2809 viatorem
654 2753 950 2824 apostolum
966 2751 1209 2817 Paulum,
1230 2750 1352 2805 vide
1382 2750 1525 2805 illum
1546 2750 1724 2821 iumen
1734 2761 1842 2805 tum

250 2863 401 2903 suum
415 2848 819 2903 domantemJn
831 2848 984 2918 fante,
1000 2844 1186 2916 inquit,
1201 2852 1245 2898 et
1259 2842 1361 2909 siti,
1378 2843 1649 2914 injejuniis
1658 2843 1844 2912 sapius

250 2939 316 3010 (ll
330 2939 453 2996 Cor.
471 2955 548 3006 xi,
561 2939 677 3011 27),
689 2940 877 3011 castigo
891 2954 1073 3008 corpus
1088 2953 1272 3001 meum,
1291 2947 1338 2991 et
1354 2937 1405 2990 in
1416 2936 1697 2992 servitutem
1706 2935 1845 2990 redi-

247 3047 311 3102 go
333 3031 515 3103 (lCor.
530 3031 735 3103 1x37).
756 3031 827 3086 Ita
847 3046 974 3103 ergo
986 3038 1040 3085 et
1055 3038 1131 3097 tu,
1146 3030 1235 3101 qui
1254 3029 1527 3085 ambulare
1545 3029 1838 3096 desideras,

246 3124 409 3179 doma
425 3139 649 3179 carnem
668 3132 829 3189 tuam,
848 3122 1144 3179 etambula.
1162 3121 1418 3177 Ambulas
1431 3120 1592 3186 enim,
1606 3120 1653 3182 si
1672 3134 1839 3176 amas.

252 3214 364 3272 Non
380 3216 533 3272 enim
545 3215 612 3270 ad
631 3215 796 3271 Deum
812 3215 1074 3285 passibus,
1090 3212 1184 3269 sed
1200 3212 1477 3268 affectibus
1487 3212 1768 3267 currimus.

318 3306 560 3364 CAPUT
599 3305 686 3363 IV.
703 3336 774 3348 -—
800 3307 854 3362 ι.
883 3304 960 3361 De
983 3305 1351 3360 ambulantium
1378 3304 1647 3372 multiplici
1687 3319 1839 3375 gene-

247 3417 322 3454 re.
352 3401 451 3456 Via
475 3414 609 3470 ergo
628 3400 727 3454 ista
747 3407 928 3455 nostra
948 3397 1282 3453 ambulantes
1313 3396 1526 3467 quaerit.
1555 3395 1679 3451 Tria
1720 3404 1844 3450 sunt

252 3492 536 3547 hominum
557 3505 750 3561 genera
775 3505 894 3562 quas
939 3489 1091 3545 odit:
1127 3497 1514 3552 remanentem,
1564 3495 1711 3544 retro
1759 3503 1845 3543 re-

242 3582 535 3649 (feritatem,
549 3583 904 3639 aberrantem.
934 3581 1016 3636 Ab
1063 3580 1147 3636 his
1190 3582 1358 3637 tribus
1383 3580 1666 3652 generibus
1688 3580 1845 3636 malis

249 3672 487 3728 Domino
513 3672 799 3743 adiuvante
841 3672 1138 3727 vindicetur
1190 3682 1243 3727 et
1288 3672 1603 3729 defendatur
1628 3688 1843 3745 gressus

247 3774 454 3821 noster.
501 3764 622 3820 Jam
652 3779 781 3821 vero
804 3779 927 3820 cum
965 3764 1299 3820 ambulantes
1336 3779 1540 3829 sumus,
1568 3765 1708 3820 alius
1732 3773 1843 3818 tar-

245 3857 366 3913 dius
382 3858 654 3925 ambulat,
683 3858 819 3913 alius
867 3857 1095 3913 celerius
1138 3856 1393 3923 ambulat,
1445 3866 1622 3912 tamen
1651 3857 1837 3912 ambu-

246 3947 379 4004 lant.
410 3948 700 4005 Excitandi
714 3958 837 4004 sunt
873 3962 1002 4019 ergo
1036 3956 1395 4012 remanentes,
1425 3956 1569 4003 retro
1618 3946 1846 4003 redeun-

242 4047 327 4093 tes
351 4039 676 4105 revocandi,
702 4048 944 4095 errantes
963 4039 1015 4093 in
1035 4038 1174 4093 viam
1189 4036 1437 4103 ducendi,
1469 4037 1607 4092 tardi
1649 4036 1845 4093 exhor-

241 4132 417 4201 tandi,
449 4132 666 4190 celeres
694 4132 953 4188 imitandi.
979 4131 1081 4202 Qui
1118 4146 1225 4188 non
1255 4130 1482 4201 proﬁcit,
1512 4131 1772 4186 remansit
1791 4130 1844 4187 ia

244 4223 327 4277 ria
347 4241 362 4279 :
382 4224 482 4296 qui
510 4221 651 4278 forte
672 4239 704 4278 a
731 4224 952 4280 meliore
975 4220 1249 4294 proposito
1275 4221 1505 4277 declinat
1541 4220 1608 4276 ad
1631 4220 1683 4276 id
1702 4220 1843 4291 quod

243 4313 491 4369 deterius
541 4313 827 4385 reliquerat
849 4355 864 4379 ,
912 4329 1158 4369 reversus
1195 4322 1278 4369 est
1324 4323 1513 4369 retro:
1545 4314 1635 4384 qui
1686 4313 1844 4368 ﬁdem

236 4405 473 4473 deserit,
506 4421 542 4461 a
564 4406 648 4461 via
673 4407 891 4463 erravit.
917 4404 1051 4462 Cum
1079 4405 1244 4462 tardis
1271 4405 1509 4463 sitnobis
1530 4415 1728 4462 etcum
1754 4420 1846 4461 ce-

240 4495 544 4554 lerioribus
581 4497 739 4565 ratio,
788 4512 910 4554 cum
932 4497 1328 4553 ambulantibus
1377 4505 1573 4552 tamen.
1603 4496 1735 4564 Quis
1762 4505 1845 4553 est

235 4589 326 4657 qui
360 4605 477 4644 non
516 4587 889 4658 proﬁcitiQui
936 4604 995 4644 se
1032 4588 1295 4659 putaverit
1342 4603 1466 4644 esse
1511 4590 1842 4659 sapientem;

234 4680 327 4747 qui
356 4680 594 4742 dixerit,
620 4679 825 4735 Sufﬁcit
845 4680 973 4733 mihi
1000 4679 1141 4750 quod
1167 4695 1319 4744 sum;
1350 4680 1442 4749 qui
1468 4694 1573 4733 non
1600 4678 1843 4733 attende-

235 4772 303 4827 rit
322 4788 459 4828 eum
478 4772 580 4843 qui
601 4772 748 4838 dicit,
776 4772 901 4839 Qui:
932 4783 1065 4827 retro
1084 4772 1286 4835 oblitus,
1311 4772 1363 4825 in
1386 4787 1446 4825 ea
1462 4786 1577 4841 quae
1598 4780 1714 4825 ante
1731 4780 1846 4825 sunt

230 4874 499 4929 extentus,
530 4863 807 4917 secundum
854 4865 1174 4918 intentionem
1196 4880 1378 4933 sequor
1412 4865 1480 4917 ad
1521 4864 1741 4934 palmam
1756 4881 1846 4919 vo-

238 4954 462 5009 rationis
499 4952 601 5007 Dei
643 4953 697 5006 in
746 4953 942 5008 Christo
983 4954 1108 5008 Jesu
1137 4953 1412 5023 (Philipp.
1452 4970 1531 5020 ιιι,
1585 4954 1673 5022 15,
1707 4956 1772 5010 14
1801 4954 1843 5018 ).

234 5041 576 5100 Currentcm
611 5058 670 5098 se
692 5042 842 5111 dixit,
865 5054 1173 5114 sequentem
1213 5058 1272 5099 se
1291 5043 1423 5098 dixit
1448 5060 1463 5110 ;
1494 5059 1601 5099 non
1629 5058 1845 5099 reman-

232 5135 322 5199 sit,
361 5151 479 5189 non
507 5142 660 5189 retro
683 5136 919 5204 respexit
947 5152 960 5188 :
989 5134 1128 5189 absit
1148 5143 1205 5189 ut
1240 5135 1520 5202 erraverit,
1556 5135 1679 5206 quia
1706 5137 1846 5191 viam

232 5226 348 5293 ipse
376 5226 649 5292 docebat,
672 5227 759 5292 qui
788 5237 842 5282 et
868 5228 1079 5283 tenebat
1118 5237 1173 5282 et
1220 5228 1551 5284 ostendebat.
1582 5228 1845 5286 Cclcrita-

234 5325 340 5371 tem
372 5327 580 5373 autem
623 5315 740 5387 ejus
767 5326 826 5372 ut
874 5318 1221 5383 imitaremur,
1271 5320 1389 5375 ait:
1438 5319 1726 5377 Imitatores
1752 5323 1849 5376 mei

228 5418 416 5476 estote,
455 5409 602 5463 sicut
623 5418 669 5461 et
705 5425 797 5480 ego
830 5407 1058 5482 Christi(
1084 5408 1105 5465 Ι
1135 5409 1252 5466 Cor.
1282 5428 1359 5479 xu,
1389 5414 1411 5468 1
1444 5411 1487 5485 ).
1515 5414 1849 5469 Arbitramur

230 5512 361 5569 ergo
393 5515 534 5564 nos,
566 5497 933 5566 dilectissimi,
958 5501 1011 5555 in
1035 5500 1120 5555 via
1147 5500 1419 5557 vobiscum
1464 5504 1771 5560 ambulare:
1802 5505 1848 5559 si

232 5591 371 5645 tardi
404 5604 636 5656 sumus,
668 5591 956 5660 prtevenite
981 5606 1080 5648 nos
1108 5609 1123 5659 ;
1151 5607 1254 5649 non
1301 5594 1621 5661 invidemus,
1653 5598 1848 5666 qumri-

230 5695 352 5737 mus
383 5696 544 5753 quos
578 5695 881 5751 sequamur.
911 5683 967 5740 Si
997 5694 1172 5741 autem
1214 5701 1311 5743 nos
1359 5687 1553 5758 putatis
1601 5688 1850 5745 celeriter

292 5778 311 5809 ³
346 5782 537 5837 Forte,
561 5780 804 5823 excutere.

596 5857 817 5920 SANCT.
851 5861 1122 5924 Aucusr.
1164 5863 1266 5923 Vl.

1424 336 1657 396 SEBMO
1694 334 1787 391 AD
1824 330 2397 392 CATECHUMENOS.

3431 339 3539 397 682

1958 446 2182 517 ingredi,
2211 449 2406 503 currite
2437 447 2709 502 uobiscum
2742 464 2757 502 :
2804 463 2965 503 unum
2988 448 3153 506 estad
3178 449 3321 522 quod
3345 465 3538 509 omnes

1948 536 2285 603 festinamus,
2309 549 2360 595 et
2388 542 2476 609 qui
2507 540 2704 594 tardius
2729 550 2783 595 et
2805 542 2893 612 qui
2918 542 3145 597 celerius
3181 543 3536 600 ambulamus.

1951 630 2051 697 Qui
2091 644 2216 686 sunt
2259 642 2313 687 et
2340 642 2481 688 retro
2510 634 2792 689 redeuntes
2818 634 2841 688 ?
2869 633 2967 702 Qui
2990 649 3056 689 ex
3084 638 3408 691 continentia
3451 653 3538 693 re-

1952 732 2227 777 vertuntur
2251 725 2302 778 in
2332 725 2737 791 immunditiam,
2763 728 2851 797 qui
2879 743 2944 781 ex
2968 735 3153 781 sancto
3193 735 3251 782 et
3282 728 3537 798 singulari

1951 811 2091 867 bono
2119 816 2391 883 preposito
2444 808 2756 887 virginitatis
2802 818 3139 873 divertuntur
3166 818 3531 888 inturpitudi-

1950 918 2045 957 nes
2073 903 2374 975 voluptatis,
2407 914 2464 960 et
2507 917 2754 976 corrupta
2790 917 2966 963 mente
2992 922 3339 979 corrumpunt
3377 910 3537 964 simul

1949 1004 2002 1047 et
2039 1008 2274 1049 carnem.
2329 996 2437 1050 llos
2485 998 2723 1065 increpat
2768 999 3039 1067 apostolus
3068 999 3276 1064 Petrus,
3308 1000 3533 1055 dicens:

1953 1084 2138 1140 Melius
2162 1088 2265 1143 illis
2302 1098 2406 1143 erat
2435 1107 2535 1143 non
2574 1106 2869 1161 cognoscere
2896 1092 3026 1145 viam
3047 1091 3242 1159 salutis,
3267 1109 3419 1163 quam
3446 1111 3536 1148 ca-

1948 1188 2241 1247 gnoscentes
2265 1190 2398 1234 retro
2425 1182 2669 1251 respicere
2697 1186 2713 1252 (
2740 1181 2781 1236 ll
2809 1183 2951 1238 Petr.
2985 1201 3043 1249 ll,
3070 1185 3135 1240 21
3167 1184 3210 1257 ).
3239 1184 3284 1240 0
3310 1186 3532 1252 malum,

1949 1279 2093 1324 retro
2143 1272 2449 1343 respicere!
2487 1274 2630 1330 Uxor
2669 1276 2809 1329 enim
2864 1276 3020 1341 Loth,
3067 1293 3187 1348 qua:
3232 1278 3453 1335 liberata
3498 1296 3538 1335 a

1949 1359 2258 1427 Sodomitis,
2307 1373 2492 1418 contra
2537 1375 2857 1436 prmecptum
2907 1376 3051 1422 retro
3094 1369 3348 1437 respexit,
3390 1369 3535 1439 quod

1948 1461 2190 1507 evaserat
2214 1453 2460 1523 perdidit.
2494 1454 2603 1509 Nec
2631 1455 2896 1510 inunerito
2925 1456 2977 1510 in
3030 1466 3258 1512 statuam
3289 1458 3416 1513 salis
3440 1474 3534 1512 rc-

1948 1552 2106 1612 pente
2129 1559 2383 1601 conversa
2410 1556 2491 1602 est
2520 1546 2538 1616 (
2573 1546 2700 1602 Cen.
2743 1563 2855 1611 xix,
2874 1549 2944 1603 εδ
2970 1550 3007 1619 ),
3034 1549 3133 1605 nisi
3162 1559 3219 1605 ut
3245 1551 3417 1604 fatuos
3437 1566 3536 1605 suo

1947 1633 2108 1688 etiam
2164 1636 2410 1707 exemplo
2462 1637 2725 1692 condiret.
2784 1638 2882 1705 Qui
2928 1648 3053 1694 sunt
3096 1649 3148 1696 et
3181 1640 3535 1696 aberrantes?

1945 1723 2146 1780 Omnes
2172 1725 2427 1791 haeretici,
2458 1728 2547 1798 qui
2584 1729 2766 1784 relicta
2794 1730 3033 1785 veritatis
3075 1731 3155 1785 via
3178 1731 3407 1786 errando
3437 1746 3536 1802 per

1947 1814 2218 1871 desertum
2242 1817 2640 1883 latrocinantur,
2656 1830 2713 1875 et
2730 1821 2935 1875 animas
2955 1831 3169 1891 captant
3198 1821 3251 1876 in
3271 1823 3529 1893 peccatis,

1950 1906 2384 1979 prarpediuntque
2412 1926 2479 1966 ne
2513 1912 2631 1981 quis
2660 1912 2725 1966 ad
2758 1914 2980 1982 patriam
3012 1914 3184 1969 valeat
3214 1917 3529 1985 pervenire:

1948 2001 2119 2057 clleeti
2157 2003 2260 2075 lupi
2289 2005 2548 2060 semitarii
2580 2006 2745 2062 induti
2773 2008 2928 2063 ovina
2975 2009 3130 2079 pelle,
3157 2025 3278 2065 cum
3311 2011 3419 2066 sint
3446 2011 3533 2066 in-

1949 2100 2034 2148 tus
2072 2094 2181 2163 lupi
2206 2110 2458 2165 rapaces;
2487 2097 2838 2166 praedicantes
2862 2097 3133 2156 Christum
3161 2101 3323 2169 viam,
3351 2110 3405 2157 et
3435 2102 3526 2173 qui

1947 2197 2041 2237 eos
2066 2194 2361 2254 sequuntur
2386 2187 2643 2242 ducentes
2664 2188 2729 2242 ad
2759 2197 3008 2243 mortem.

2018 2272 2245 2331 CAPUT
2287 2276 2348 2332 V.
2377 2306 2448 2320 --
2468 2278 2520 2333 5.
2563 2277 2678 2345 Quo
2704 2279 2921 2333 discerni
2946 2282 3100 2350 possit
3122 2282 3256 2351 falsa
3284 2282 3535 2352 pradica-

1949 2364 2018 2418 tio
2064 2381 2096 2417 a
2122 2379 2259 2419 vera.
2294 2365 2389 2422 llic
2417 2368 2461 2422 si
2488 2368 2678 2438 aliquis
2725 2369 2887 2434 dicat,
2910 2370 3048 2437 Quid
3077 2387 3176 2442 ego
3205 2372 3391 2427 faciam
3422 2389 3531 2429 non

1947 2454 2161 2510 invenio
2194 2473 2208 2508 :
2237 2471 2362 2512 ecce
2385 2458 2546 2512 homo
2571 2458 2844 2513 Christum
2867 2460 3139 2529 prmdicat,
3170 2462 3307 2516 viam
3338 2464 3533 2532 praedi-

1946 2552 2055 2612 cat,
2076 2545 2272 2601 Christi
2305 2562 2364 2602 se
2388 2547 2519 2603 dicit
2541 2563 2662 2604 esse
2688 2550 3025 2619 discipulum,
3053 2552 3331 2608 veritatem
3361 2570 3422 2610 se
3442 2555 3530 2609 di-

1946 2638 2021 2693 cit
2038 2640 2373 2704 annuntiare,
2393 2656 2559 2710 quare
2587 2657 2691 2695 non
2728 2657 2922 2711 sequar
2952 2643 3075 2697 talia
3102 2644 3480 2712 prmdicantem
3506 2647 3533 2700 ἲ

1946 2735 2268 2804 respondeo,
2287 2737 2419 2802 Quia
2450 2737 2592 2792 aliud
2641 2738 2757 2807 ejus
2806 2738 2966 2793 habet
3011 2738 3209 2809 lingua,
3240 2738 3379 2793 aliud
3404 2754 3536 2796 con-
3568 2734 3575 2739 ’

1946 2824 2189 2879 scientia.
2217 2824 2368 2881 Unde
2406 2827 2552 2893 novi,
2599 2827 2811 2897 inquis?
2839 2827 3093 2898 numquid
3126 2841 3225 2898 ego
3250 2830 3536 2885 concien-

1948 2913 2048 2969 tias
2077 2914 2344 2972 discutere
2372 2931 2586 2986 possunt
2613 2917 2636 2969 ?
2677 2916 2946 2971 Christum
2963 2921 3030 2973 ab
3055 2931 3121 2973 eo
3145 2918 3305 2974 audio
3341 2937 3355 2975 :
3386 2920 3529 2990 quod

1946 3005 2126 3073 audio,
2168 3006 2271 3061 hoc
2311 3007 2493 3073 credo,
2526 3008 2626 3061 hoc
2678 3016 2856 3063 teneo.
2885 3007 3000 3063 Non
3052 3018 3105 3063 te
3144 3008 3367 3064 seducat
3395 3010 3535 3065 ﬁlius

1945 3093 2211 3161 falsitatis,
2239 3098 2284 3153 si
2313 3097 2453 3153 ﬁlius
2494 3114 2554 3153 es
2581 3099 2834 3155 veritatis.
2887 3099 3039 3155 Disce
3062 3099 3195 3170 jam,
3221 3100 3530 3168 christiane,

1946 3191 2035 3261 qui
2059 3189 2328 3246 Christum
2377 3191 2650 3247 desideras
2675 3200 2733 3246 et
2769 3192 2954 3248 audire
2979 3200 3034 3248 et
3078 3192 3281 3249 videre.
3326 3193 3384 3250 Si
3411 3194 3534 3264 quis

1948 3284 2042 3338 tibi
2070 3283 2339 3339 Christum
2369 3285 2643 3355 prmdicat,
2674 3285 2889 3340 attende
2917 3293 2970 3341 et
2996 3285 3277 3342 considera
3315 3287 3532 3357 qualem

1946 3377 2241 3447 praedicet,
2295 3377 2384 3432 ubi
2428 3378 2699 3446 praedicet.
2750 3377 2993 3434 Christus
3041 3379 3183 3434 enim
3229 3379 3425 3435 veritas
3449 3390 3534 3437 est

1947 3465 2139 3539 (Joan.
2170 3483 2282 3533 xiv,
2306 3467 2340 3524 6
2366 3467 2411 3540 ),
2440 3483 2536 3539 per
2566 3469 2867 3538 Scripturas
2921 3479 3134 3524 sanctas
3164 3469 3527 3539 praedicatur;

1947 3574 2057 3615 non
2078 3559 2131 3613 in
2155 3559 2381 3630 angulis,
2406 3562 2512 3614 non
2538 3559 2765 3626 occulte,
2814 3557 2910 3615 sed
2951 3558 3148 3630 palam,
3195 3552 3426 3630 publice.
3458 3560 3529 3616 In

1945 3648 2053 3704 sole
2073 3649 2215 3705 enim
2239 3649 2403 3721 posuit
2431 3649 2807 3704 tabernaculum
2826 3666 2972 3704 suum
3002 3651 3021 3724 (
3055 3649 3197 3705 Psal.
3226 3666 3377 3719 xvtu,
3410 3654 3443 3707 6
3473 3652 3533 3721 );

1947 3739 2050 3796 hoc
2075 3750 2176 3809 est,
2209 3742 2261 3796 in
2296 3741 2577 3797 manifesto
2601 3741 2882 3796 collocavit
2902 3740 3196 3796 Ecclesiam
3227 3741 3532 3797 suam..lam

1948 3831 2035 3888 hic
2084 3832 2289 3903 respice
2329 3832 2476 3887 illum
2506 3833 2597 3903 qui
2644 3832 2740 3887 tibi
2769 3832 3040 3888 Christum
3078 3832 3350 3904 praedicat,
3391 3833 3535 3891 dicat

1948 3925 2160 3996 qualem
2192 3924 2458 3980 Christum
2477 3925 2748 3996 priedicet.

2018 4036 2244 4094 CAPUT
2285 4037 2370 4093 Vl.
2395 4066 2468 4078 —-
2495 4037 2549 4093 6.
2578 4037 2975 4093 Manichatorum
2997 4055 3159 4094 error.
3196 4038 3339 4096 Ecce
3363 4039 3537 4097 haere-

1950 4130 2086 4185 ticus
2114 4128 2458 4196 manichzeus,
2514 4130 2605 4199 qui
2638 4144 2738 4200 per
2762 4146 2913 4185 suam
2942 4130 3238 4186 doctrinam
3268 4132 3531 4201 promittit

1948 4221 2288 4277 introducere
2341 4229 2393 4276 te
2448 4221 2501 4275 in
2531 4221 2834 4284 veritatem.
2884 4223 3058 4292 ipsum
3096 4221 3365 4278 Christum
3404 4223 3539 4280 dicit

1947 4327 2071 4368 esse
2096 4313 2357 4369 fallacem.
2398 4311 2513 4367 Non
2541 4311 2746 4379 habuit,
2799 4314 2989 4383 inquit,
3045 4329 3232 4369 verum
3290 4330 3535 4385 corpus:

1948 4405 2263 4477 phantasma
2292 4404 2410 4472 fuit,
2439 4405 2658 4474 spiritus
2687 4405 2801 4460 fuit.
2832 4407 2896 4461 Et
2924 4406 3025 4462 hoc
3052 4407 3104 4462 in
3128 4408 3221 4463 illo
3246 4407 3413 4464 fuisse
3430 4424 3530 4465 ne-
3591 4468 3619 4489 ,θ

1947 4506 2038 4568 gat
2082 4498 2439 4566 nequissimus
2504 4498 2846 4554 manichreus.
2896 4500 2941 4555 0
2996 4501 3227 4571 pessime
3289 4504 3538 4559 haeretice

1951 4588 2265 4650 manichaee,
2297 4589 2341 4642 si
2394 4587 2613 4643 credere
2646 4603 2751 4643 non
2802 4589 2882 4645 vis
2918 4589 3207 4647 Veritatem
3261 4592 3530 4648 dicentem

1949 4678 2222 4746 discipulis
2245 4678 2374 4739 suis,
2412 4676 2649 4747 Palpate,
2680 4687 2729 4732 et
2755 4679 2933 4747 videte,
2969 4682 3089 4750 quia
3118 4682 3324 4752 spiritus
3354 4699 3468 4735 ossa
3489 4692 3538 4735 ct

1950 4784 2154 4822 carnem
2182 4783 2284 4822 non
2327 4767 2493 4835 habet,
2541 4769 2669 4824 sicut
2706 4785 2785 4825 me
2834 4771 3009 4826 videtis
3065 4773 3328 4826 habentem
3358 4770 3529 4841 (Luc.

1950 4874 2097 4924 xxiv,
2130 4858 2200 4915 39
2227 4859 2268 4929 ).
2325 4858 2381 4914 Si
2407 4859 2627 4915 credere
2646 4876 2759 4915 non
2782 4862 2884 4926 vis,
2921 4869 2977 4916 ut
3003 4861 3132 4926 dixi,
3160 4861 3402 4927 Veritati,
3434 4862 3531 4916 Ju-

1950 4950 2069 5003 dzeo
2088 4950 2247 5004 crede
2287 4949 2635 5021 cruciﬁgenti.
2681 4951 2812 5006 Nam
2842 4968 2961 5007 cum
3014 4963 3065 5005 tu
3094 4952 3267 5018 dicis,’
3292 4952 3534 5007 Christus

1952 5039 2093 5093 Deus
2122 5037 2239 5106 fuit,
2271 5055 2379 5095 non
2430 5040 2629 5105 homo;
2656 5041 2870 5097 Judaeus
2897 5042 3045 5108 dicit,
3075 5042 3186 5097 Non
3238 5042 3338 5097 luit
3371 5043 3533 5109 Deus,

1952 5127 2047 5182 sed
2079 5129 2257 5184 homo.
2289 5129 2557 5185 Catholica
2609 5139 2863 5203 utrosque
2891 5134 3234 5200 convincens,
3266 5132 3399 5204 Ego,
3428 5134 3526 5199 ait,

1953 5236 2135 5274 verum
2171 5230 2346 5288 teneo,
2378 5221 2522 5291 quod
2545 5222 2789 5278 Christus
2815 5232 2868 5276 et
2894 5223 3030 5277 Deus
3060 5230 3143 5277 est
3166 5233 3221 5278 et
3247 5222 3428 5279 homo.
3453 5224 3538 5280 Tu

1953 5322 2151 5378 autem,
2180 5312 2492 5377 manichme,
2542 5313 2684 5367 unde
2728 5313 2921 5383 probas
2964 5314 3237 5369 Christum
3291 5315 3540 5386 spiritum

1954 5404 2164 5461 fuisse?
2189 5404 2415 5476 Spiritus
2440 5404 2620 5475 alapas
2645 5406 2888 5475 accepit?
2912 5407 3128 5476 spiritus
3171 5408 3410 5479 spineam
3441 5424 3540 5465 co-

1954 5512 2138 5552 ronam
2196 5498 2708 5567 portarit?spiritus
2759 5499 2856 5553 sibi
2884 5514 3093 5554 crucem
3145 5501 3444 5571 bajulavit?
3480 5505 3539 5560 Si

1954 5588 2170 5658 Spiritus
2218 5587 2333 5651 fuit,
2384 5587 2532 5657 cujus
2584 5589 2899 5647 vestimenta
2945 5591 3143 5647 milites
3195 5592 3539 5649 diviserunt?

1954 5681 2008 5737 Si
2036 5680 2252 5751 spiritus
2279 5679 2391 5745 fuit,
2421 5679 2689 5750 quomodo
2713 5696 2833 5736 cum
2862 5683 3093 5738 traderet
3120 5684 3388 5773 spiritum,
3413 5701 3538 5739 cor-

1959 5792 2056 5848 pus
2076 5774 2191 5845 ejus
2212 5788 2375 5844 propc
2410 5772 2685 5834 dimidium
2732 5775 2873 5831 diem
2915 5777 3163 5831 exanime
3210 5772 3459 5849 pependit
3483 5777 3540 5836 in

2793 5870 2827 5948 (
2840 5867 3291 5955 Vingt-deux.)
