4102 6336
545 350 648 403 685

542 488 700 529 cruce
727 472 749 526 ?
776 470 832 527 Si
859 468 1075 539 Spiritus
1122 467 1239 527 fuit,
1279 461 1546 535 quomodo
1573 460 1707 513 latus
1733 458 1847 528 ejus
1892 455 2127 525 Periura-

547 577 657 619 tum
680 575 761 619 est
786 564 968 618 lancea
996 562 1018 614 ?
1058 558 1324 629 quomodo
1352 563 1628 622 susceptus
1653 561 1732 606 est
1764 566 1793 604 a
1818 548 2014 617 Joscph
2046 562 2130 602 se-

546 656 844 723 peliendus,
898 652 1164 724 quomodo
1217 650 1461 717 sepulcro
1510 654 1592 699 est
1638 640 2129 699 conditus?0mnia

548 751 647 803 ista
675 748 894 817 spiritus
921 745 1024 815 pati
1062 758 1167 797 non
1223 747 1416 810 potest.
1472 737 1621 791 Sicut
1650 735 1716 789 de
1764 750 1827 788 eo
1853 743 2004 786 antea
2039 747 2131 800 per

550 843 846 912 Prophetas
900 837 1210 908 prmdietum
1256 842 1372 895 est,
1433 832 1501 885 ita
1538 839 1592 884 et
1641 829 1858 883 factum.
1890 827 2048 881 Erras
2074 834 2128 879 tu

548 937 728 999 nimis,
757 932 992 995 falsitas;
1022 929 1071 982 in
1100 926 1347 980 omnibus
1383 935 1433 978 te
1467 931 1682 992 superat
1710 921 1923 974 veritas.
1959 916 2131 987 Ergo-

550 1045 635 1095 ne,
665 1024 937 1087 hzeretice,
981 1029 1037 1075 ut
1066 1020 1247 1083 doces,
1274 1018 1481 1073 Veritas
1509 1016 1723 1069 mentita
1742 1023 1841 1076 est,
1872 1022 1925 1067 et
1954 1020 2006 1065 ιιι
2038 1026 2130 1065 ve-

547 1136 664 1176 rum
687 1115 980 1189 praedicas?
1016 1113 1079 1166 Et
1126 1110 1216 1165 ubi
1265 1110 1365 1162 hoc
1419 1105 1717 1177 praedicas?
1750 1104 1801 1157 In
1851 1104 2130 1168 absconso,

549 1214 602 1268 in
630 1210 859 1267 occulto.
883 1206 939 1261 Si
960 1205 1182 1257 veritate
1204 1201 1415 1255 fulcitur
1444 1197 1751 1269 prmdicatio
1780 1206 1885 1257 tua,
1923 1194 2131 1263 publica

548 1304 618 1359 sit
666 1300 909 1357 doctrina
942 1307 1049 1352 tua.
1090 1295 1399 1348 Demonstro
1458 1290 1586 1343 mihi
1631 1286 1919 1341 Eeclesiam
1966 1295 2129 1338 tuam.

548 1393 654 1451 Sed
682 1391 928 1447 novimus
947 1386 1074 1458 quid
1101 1384 1267 1453 agatis
1297 1382 1504 1450 deerpti
1536 1389 1588 1434 rt
1626 1380 1958 1447 tleeeptorcs.
1989 1377 2131 1444 Apo-

547 1485 718 1542 stolus
747 1480 947 1537 Paulus
973 1486 1065 1532 Vos
1105 1475 1335 1546 prodidit
1363 1474 1546 1528 dicens
1574 1490 1586 1525 :
1639 1471 1764 1537 Qua:
1790 1470 1919 1522 enim
1947 1468 2137 1521 occulte

550 1578 679 1643 fiunt
698 1574 761 1627 ab
775 1574 863 1636 eis,
897 1581 1039 1641 turpe
1060 1577 1129 1623 est
1156 1567 1305 1621 etiam
1335 1566 1497 1618 dicere
1526 1564 1544 1632 (
1572 1562 1760 1633 Epltes.
1787 1577 1841 1624 ν,
1874 1560 1937 1615 12
1964 1560 2003 1630 ).
2030 1558 2137 1614 No-

548 1669 631 1723 bis
654 1676 809 1735 turpe
829 1663 1134 1725 estdicere,
1188 1659 1281 1715 sed
1337 1675 1431 1713 vos
1486 1672 1591 1710 non
1645 1655 1914 1723 quicscitis
1955 1658 2167 1721 agere.’

548 1759 828 1815 Manifesta
858 1766 941 1813 est
961 1755 1245 1827 ignominia
1276 1761 1471 1815 vestra,
1518 1749 1709 1803 nudata
1758 1756 1838 1802 est
1867 1744 2136 1814 turpitudo

549 1862 756 1917 vestra;
796 1866 859 1906 ex
905 1847 1240 1904 confessione
1280 1844 1435 1899 simul
1508 1853 1560 1896 et
1624 1841 1883 1910 scriptura
1938 1847 2134 1900 vestra,

549 1942 795 1998 omnibus
821 1939 993 2011 palam
1027 1938 1159 1993 facta
1206 1945 1285 1989 est
1317 1935 1485 2003 turpis
1510 1932 1750 1986 doctrina
1782 1940 1961 1984 vestra
1990 1947 2001 1983 :
2038 1930 2132 1982 uti-

553 2051 678 2091 nam
710 2031 996 2103 aliquando
1022 2029 1354 2098 corrigantur
1379 2024 1537 2080 corda
1562 2032 1733 2075 vestra
1765 2023 1778 2075 Ξ

618 2122 844 2180 CAPUT
928 2120 1216 2175 ηιμ-7.
1273 2116 1434 2170 Error
1502 2114 1825 2166 Arianorum.
1876 2110 1978 2164 Alii
2026 2110 2138 2161 hae-

548 2214 701 2270 retici
768 2212 952 2266 Ariani
1017 2211 1181 2278 ipsam
1248 2207 1384 2259 viam
1459 2203 1774 2263 Christum.
1826 2215 1922 2269 per
1982 2214 2137 2267 quam

552 2306 656 2360 itur
697 2302 764 2357 ad
794 2302 1003 2356 Patrem
1029 2342 1045 2366 ,
1092 2296 1382 2353 secundum
1434 2294 1758 2348 divinitatem
1800 2290 1986 2344 nolunt
2022 2302 2142 2343 esse

553 2394 809 2464 aequalem
869 2392 1033 2446 Patri.
1077 2390 1142 2442 Et
1204 2401 1324 2441 cum
1369 2386 1481 2455 ipse
1531 2384 1703 2447 dicat,
1743 2379 1855 2451 Ego
1896 2389 1941 2433 et
1986 2378 2144 2432 Pater

559 2502 717 2540 unum
740 2500 910 2539 sumus
938 2482 1133 2553 (Joan.
1168 2495 1228 2543 χ,
1252 2477 1321 2532 50
1346 2476 1397 2548 );
1423 2475 1494 2529 illi
1521 2473 1723 2538 dicunt,
1751 2471 1806 2527 Si
1835 2470 2026 2524 missus
2062 2477 2144 2524 est

557 2575 826 2640 Christus,
850 2572 1023 2627 iniuor
1051 2579 1133 2626 est
1166 2587 1179 2621 ε
1225 2566 1396 2637 major
1416 2575 1498 2620 est
1525 2567 1707 2634 utique
1730 2563 1819 2633 qui
1842 2562 2023 2627 mittit,
2050 2561 2144 2615 illo

558 2668 647 2738 qui
675 2667 922 2721 mittitur.
976 2662 1100 2717 ilice
1156 2658 1543 2729 argumentatio
1596 2664 1678 2710 est
1731 2654 1982 2721 humana,
2037 2668 2142 2708 non

559 2759 847 2814 auctoritas
883 2756 1080 2810 divina.
1115 2753 1229 2807 Alia
1260 2759 1343 2806 est
1391 2748 1633 2818 Operatio
1659 2747 1951 2813 Trinitatis,
1983 2761 2141 2817 quam

563 2863 638 2914 tu,
690 2848 957 2911 limretiee,
999 2860 1104 2899 non
1154 2842 1473 2912 assequeris,
1525 2841 1615 2910 qui
1663 2838 1947 2895 carnaliter
1978 2836 2140 2907 sapis.

564 2938 814 2993 Mundam
838 2937 979 2991 enim
1002 2950 1096 2990 cor
1139 2948 1243 2988 non
1272 2933 1455 2997 habes,
1489 2946 1589 2986 nec
1607 2930 1672 2985 ad
1697 2932 1883 2986 Deum.
1904 2929 2144 2984 Christus

563 3030 703 3085 enim
734 3031 784 3083 in
823 3035 1078 3098 quantum
1121 3023 1392 3079 hominem
1420 3022 1675 3090 suscepit,
1695 3022 1890 3075 missus
1915 3018 2139 3074 dicitur:

562 3124 612 3177 in
638 3131 890 3193 quantum
923 3121 1063 3175 Deus
1087 3125 1190 3184 est,
1209 3116 1427 3187 aequalis
1447 3125 1529 3170 est
1554 3115 1716 3169 Patri.
1738 3112 1869 3168 Nam
1891 3128 1997 3184 quo
2022 3126 2144 3169 eum

561 3216 715 3269 Pater
757 3214 1007 3277 mitteret,
1039 3211 1128 3267 ubi
1173 3210 1286 3280 ipse
1337 3224 1457 3264 cum
1510 3206 1643 3261 Filio
1672 3223 1777 3261 non
1826 3205 2146 3261 esset?Aut

558 3320 666 3376 quo
692 3305 731 3359 F
736 3305 856 3359 ilius
883 3303 1144 3365 venisset,
1175 3299 1265 3355 ubi
1295 3316 1401 3354 non
1442 3298 1602 3352 simul
1633 3312 1752 3351 cum
1799 3297 1956 3350 Patre
2002 3302 2146 3350 esset

559 3398 648 3452 ille
677 3397 765 3466 qui
799 3394 948 3460 dicit,
1000 3392 1111 3463 Ego
1149 3392 1203 3445 in
1232 3390 1408 3455 Patre,
1441 3398 1488 3443 et
1538 3387 1695 3441 Pater
1734 3388 1785 3439 in
1814 3402 1892 3439 me
1919 3394 1991 3439 est
2018 3400 2037 3449 ;
2067 3392 2139 3448 et,

562 3491 824 3561 Philippe,
865 3489 952 3561 qui
978 3488 1101 3542 vidit
1131 3502 1228 3553 me,
1257 3484 1378 3539 vidit
1407 3492 1453 3537 et
1491 3480 1697 3535 Patrem
1724 3479 1742 3551 (
1775 3478 1861 3533 Id.
1913 3494 2019 3543 xw,
2057 3476 2141 3541 10,

561 3584 595 3638 9
621 3584 637 3653 )
669 3600 682 3635 :
716 3590 770 3636 et
789 3581 878 3650 qui
901 3594 995 3650 per
1023 3577 1334 3649 prophetam
1375 3574 1521 3638 dicit,
1552 3571 1742 3627 Gwlum
1770 3581 1814 3624 et
1840 3580 2023 3627 terram
2050 3585 2142 3639 ego

556 3675 741 3743 impleo
766 3672 784 3744 (
807 3672 1000 3727 Jerem.
1042 3686 1197 3734 unt,
1219 3666 1322 3739 2i)
1351 3685 1365 3731 ;
1393 3676 1445 3721 cl
1475 3666 1541 3720 de
1592 3680 1699 3735 quo
1750 3664 1999 3719 Salomon
2047 3663 2142 3729 ait,

556 3765 771 3835 Attingit
798 3780 830 3816 a
854 3763 955 3832 [ine
978 3777 1134 3831 usque
1156 3760 1223 3812 ad
1243 3759 1395 3827 ﬁnem
1419 3757 1637 3826 fortiter,
1664 3765 1709 3808 et
1730 3754 1948 3823 disponit
1977 3753 2146 3806 omnia

556 3858 794 3913 suaviter.
853 3854 1063 3926 Attingit
1124 3852 1306 3921 ubique
1375 3858 1580 3921 propter
1650 3865 1793 3902 suam
1846 3847 2145 3899 ntttnditiam

562 3947 732 4019 (Sap.
752 3962 864 4013 vnt,
890 3947 941 4012 1,
968 3956 1011 3999 ει
1053 3960 1147 4007 vn,
1178 3944 1249 3997 24
1283 3942 1338 4014 )?
1365 3942 1468 3997 Sed
1508 3952 1581 4003 tu,
1614 3939 1881 4001 heretico,
1913 3938 2032 3991 ideo
2061 3937 2143 3990 di-

558 4044 634 4096 cis
658 4041 909 4109 majorem
936 4054 1055 4095 esse
1084 4037 1173 4106 qui
1222 4036 1400 4097 mittit,
1460 4035 1721 4087 minorem
1771 4032 1859 4099 qui
1890 4030 2135 4092 mittitur,

564 4134 684 4200 quia
716 4140 1011 4199 temporum
1053 4129 1221 4197 spatia
1276 4126 1495 4195 cogitas.
1552 4122 1657 4178 Sed
1704 4122 1923 4175 multum
1973 4135 2140 4185 erras,

562 4224 637 4277 illi
661 4223 933 4293 assignare
976 4230 1214 4289 tempora
1249 4234 1339 4287 per
1368 4231 1525 4287 quem
1546 4214 1701 4293 laeta
1732 4222 1855 4267 sunt
1882 4222 2139 4280 tempora.

560 4317 614 4369 Si
646 4316 852 4377 Patrem
883 4312 1154 4367 conliteris
1184 4310 1370 4373 Deum,
1404 4308 1567 4371 Deum
1600 4305 1814 4370 Filium,
1853 4314 2143 4358 atternum-

562 4422 662 4475 que
684 4404 857 4458 credis
884 4412 937 4458 et
977 4402 1185 4457 Patrem
1221 4409 1275 4455 et
1324 4398 1511 4452 Filium
1539 4414 1554 4463 ;
1588 4397 1695 4450 noli
1723 4396 1978 4449 minorem
2010 4395 2147 4451 lacc-

562 4514 619 4552 re
652 4497 841 4550 Filium
875 4496 927 4550 in
962 4509 1027 4550 co
1076 4492 1215 4563 quod
1256 4492 1379 4546 fecit
1420 4500 1491 4557 te,
1520 4491 1641 4561 quia
1688 4490 1806 4544 ideo
1858 4490 2031 4544 minor
2065 4490 2145 4545 la-

561 4599 681 4642 etus
726 4597 843 4650 est,
884 4595 940 4640 ut
983 4583 1271 4640 redimeret
1323 4591 1395 4639 te.
1453 4582 1556 4638 Sed
1599 4583 1729 4651 ipse,
1769 4582 1961 4651 inquis,
1991 4582 2144 4649 dixit,

569 4678 899 4743 Patermaior
926 4692 1002 4729 me
1022 4684 1092 4729 est
1121 4674 1139 4743 (
1170 4672 1328 4728 Joan.
1372 4673 1621 4741 x1v,28).
1655 4673 1892 4742 lutellige
1950 4688 2144 4728 secun-

564 4770 691 4823 dum
746 4776 1047 4836 susceptum
1096 4765 1387 4831 hominem,
1416 4774 1468 4818 et
1512 4763 1734 4832 deponis
1764 4779 2023 4818 errorem.
2052 4764 2149 4819 Se-

564 4860 796 4913 cundum
825 4857 925 4913 hoc
944 4856 1089 4919 dicit,
1112 4855 1267 4909 Pater
1292 4855 1455 4925 major
1481 4871 1558 4907 me
1578 4864 1668 4920 est,
1697 4854 1988 4908 secundum
2007 4855 2146 4925 quod

563 4950 633 5006 de
660 4966 724 5005 eo
778 4950 851 5003 ait
894 4949 1171 5019 propheta,
1229 4945 1503 4999 Minorasti
1533 4962 1643 4999 eum
1693 4949 1846 5015 paulo
1896 4948 2060 5001 minus
2085 4947 2147 5002 ab

564 5045 757 5116 angelis
814 5041 1001 5114 (Psal.
1044 5057 1152 5105 vni,
1204 5040 1305 5111 6).
1349 5038 1428 5094 Tu
1468 5050 1645 5092 autem
1700 5039 1804 5103 die,
1858 5038 2147 5094 secundum

566 5136 692 5206 quid
710 5152 831 5199 eum
856 5136 1116 5190 minorem
1143 5131 1380 5187 asseris?
1406 5130 1460 5183 Si
1487 5129 1777 5184 secundum
1794 5138 2108 5199 potestatem
2133 5148 2144 5184 :

567 5228 724 5282 Pater
747 5245 846 5281 non
868 5227 1068 5298 judicat
1095 5239 1413 5296 quemquam,
1439 5221 1526 5274 sed
1548 5220 1712 5274 Filius
1740 5220 1915 5291 (Joan.
1942 5221 2078 5287 ἢεί
2105 5223 2146 5292 ).

565 5320 619 5377 Si
676 5320 966 5374 secundum
1012 5331 1215 5387 opera:
1248 5314 1432 5368 Omnia
1484 5328 1572 5381 per
1626 5310 1817 5364 Filium
1846 5312 1981 5381 facta
2008 5324 2146 5368 sunt.

567 5411 619 5465 Si
653 5408 941 5465 secundum
977 5419 1184 5477 tempus
1211 5405 1312 5458 hoc
1334 5402 1508 5457 credis
1537 5401 1602 5455 de
1633 5401 1738 5455 Deo
1762 5410 1872 5467 tuo,
1896 5403 2017 5471 quia
2044 5418 2150 5458 SIC-

569 5512 625 5555 ut
675 5510 728 5554 tu
780 5502 947 5569 major
990 5516 1047 5553 es
1089 5498 1198 5553 lilio
1237 5509 1346 5561 tuo,
1384 5497 1454 5549 ita
1501 5494 1587 5550 ille
1626 5494 1734 5548 filio
1762 5511 1906 5549 suo:
1950 5507 2154 5553 avertat

571 5593 673 5647 hoc
696 5593 833 5647 Deus
862 5592 927 5645 al)
952 5592 1165 5645 auribus
1212 5588 1442 5642 ﬁdelium
1475 5604 1489 5649 ;
1522 5585 1731 5656 indigna
1762 5597 1883 5641 sunt
1913 5588 2009 5643 ista
2038 5603 2154 5645 cre—

571 5683 698 5737 dere
729 5682 795 5737 de
828 5683 953 5736 Deo.
1002 5681 1056 5737 Si
1098 5681 1238 5734 enim
1271 5679 1437 5734 Filius
1461 5677 1750 5732 secundum
1782 5678 2029 5735 deitatem
2061 5682 2150 5737 Dei

573 5775 806 5830 Verbum
843 5776 960 5840 est,
1007 5775 1140 5829 sicut
1197 5773 1517 5843 evangelista
1570 5771 1803 5827 Joannes
1843 5783 2046 5843 narrat,
2083 5775 2145 5831 In

1025 345 1110 400 DE
1149 344 1445 402 CANTICO
1484 344 1683 409 NOVO,
1729 358 1870 408 £10.,
1920 341 1974 396 S.
2012 335 2374 395 AUCUSTINI
2413 341 2637 399 SERMO
2682 343 2771 398 AD
2809 339 3377 399 CATHECUMENOS.

2239 455 2489 525 principio
2508 466 2613 511 erat
2653 455 2891 522 Verbum,
2915 464 2961 509 et
3019 454 3235 508 Verbum
3263 465 3369 508 erat
3399 455 3536 523 apud
3566 452 3751 519 Deum,
3771 463 3823 508 et

2239 546 2375 602 Deus
2402 557 2505 601 erat
2563 546 2777 604 Verbum
2806 546 2991 619 (Joan.
3027 563 3064 613 ι,
3110 547 3165 609 3,
3192 547 3214 600 l
3239 547 3257 615 )
3289 562 3303 611 ;
3329 544 3424 601 fuit
3453 547 3664 617 aliquod
3690 556 3825 604 tem-

2240 655 2336 710 pus
2371 638 2583 708 quando
2621 639 2776 695 Pater
2822 638 2920 693 fuit
2968 638 3085 692 sine
3117 638 3311 704 Verbo,
3339 649 3430 692 aut
3473 639 3567 693 fuit
3610 639 3825 710 aliquod

2239 732 2553 800 principium
2583 741 2708 786 ante
2736 731 2905 801 ipsum
2951 730 3293 801 principium,
3325 732 3573 799 quoniam
3602 732 3713 801 ipse
3738 732 3828 787 Fi~

2241 821 2342 875 lius
2363 822 2493 877 dixit
2522 837 2581 876 se
2607 837 2727 877 csse
2758 823 3115 893 principium?
3154 822 3602 892 lttterrogantibus
3632 825 3829 893 quippe

2238 913 2457 979 Jtttlteis,
2500 913 2578 967 Tu
2607 915 2718 983 quis
2748 914 2843 967 es?
2871 914 3170 984 respondit,
3203 914 3519 984 Principium
3550 914 3568 987 (
3597 914 3683 969 1d.
3710 932 3823 983 vm,

2237 1005 2308 1059 25
2334 1006 2371 1073 ).
2402 1006 2543 1073 Ergo
2587 1015 2639 1058 et
2662 1004 2791 1058 illud
2843 1006 2983 1073 quod
3025 1006 3074 1059 in
3105 1006 3298 1060 Genesi
3334 1007 3590 1075 scriptum
3621 1017 3725 1073 cst,
3754 1006 3823 1060 In

2240 1098 2489 1165 principio
2520 1097 2634 1166 [erit
2672 1096 2808 1151 Deus
2844 1096 3021 1150 caelum
3050 1106 3096 1150 et
3142 1106 3328 1150 terram
3355 1098 3372 1167 (
3395 1096 3521 1152 Gen.
3548 1114 3588 1161 ι,
3620 1100 3641 1153 ι
3672 1096 3714 1169 ),
3747 1099 3829 1152 in-

2242 1189 2561 1256 telligituriu
2601 1188 2752 1251 Filio,
2783 1187 2873 1257 qui
2904 1197 2986 1242 est
3014 1188 3352 1256 principium.
3383 1188 3475 1244 Sie
3514 1204 3642 1259 ergo
3677 1205 3827 1245 sem-

2241 1294 2338 1348 per
2369 1280 2505 1333 Deus
2543 1278 2716 1342 Pater,
2769 1294 2980 1348 semper
3033 1279 3173 1333 Deus
3215 1278 3254 1332 F
3261 1279 3413 1343 ilius;
3459 1280 3579 1349 quia
3610 1296 3707 1336 nec
3737 1281 3831 1336 ille

2241 1369 2524 1437 aliquando
2542 1384 2644 1423 non
2668 1369 2845 1430 Pater,
2885 1384 2982 1423 n:-c
3009 1370 3109 1424 istc
3152 1369 3439 1439 aliquando
3492 1386 3595 1424 non
3626 1370 3823 1426 Filius.

2241 1462 2353 1515 Non
2373 1462 2515 1516 enim
2539 1473 2595 1515 ut
2622 1462 2777 1516 Pater
2798 1470 3081 1531 generaret
3102 1460 3315 1529 Filium,
3339 1463 3531 1521 minuit
3545 1479 3603 1518 se
3618 1464 3789 1534 ipsum
3810 1483 3827 1517 τ

2241 1554 2332 1608 sed
2359 1555 2425 1609 ita
2456 1555 2636 1624 genuit
2662 1554 2728 1608 de
2754 1570 2812 1609 se
2853 1556 3076 1609 alterum
3121 1556 3330 1625 qualem
3376 1571 3454 1619 se,
3481 1566 3697 1612 uttotus
3716 1574 3832 1613 ma-

2243 1632 2471 1700 neret'iu
2516 1661 2595 1701 se.
2652 1646 2880 1717 Spiritus
2908 1657 3085 1703 autem
3125 1658 3342 1703 sanctus
3385 1664 3490 1703 non
3532 1651 3829 1719 praecedit.‘

2244 1738 2380 1792 unde
2423 1739 2679 1807 procedit,
2708 1738 2803 1793 scd
2860 1738 3064 1810 integer
3109 1739 3177 1794 de
3229 1740 3452 1809 integro,
3509 1756 3608 1796 nec
3641 1744 3834 1798 minuit

2241 1844 2361 1883 eum
2406 1828 2758 1896 procedendo,
2794 1845 2894 1883 nec
2945 1840 3101 1899 anget
3149 1829 3419 1884 hmrendo.
3452 1831 3517 1885 Et
3562 1831 3677 1886 lnt-c
3724 1833 3831 1885 tria

2243 1936 2380 1974 unus
2408 1922 2566 1985 Deus,
2609 1921 2675 1975 de
2704 1938 2809 1992 quo
2837 1923 3091 1992 propheta
3119 1922 3249 1977 dicit
3279 1940 3293 1975 :
3344 1923 3419 1976 Tu
3453 1941 3505 1978 es
3533 1923 3665 1979 Deus
3689 1926 3833 1980 solus

2245 2029 2455 2083 magnus
2485 2012 2504 2081 (
2537 2011 2682 2066 Psal.
2740 2030 2913 2067 Lxxxv
2941 2055 2955 2077 ,
3007 2013 3074 2068 lO
3105 2015 3144 2082 ).
3182 2014 3262 2068 Tu
3314 2025 3513 2078 autem,
3558 2016 3830 2084 hmretice,

2242 2118 2503 2171 compone
2551 2103 2746 2171 gradus
2775 2144 2789 2165 ,
2845 2119 3033 2172 separa
3081 2104 3431 2159 Trinitatem:
3497 2106 3576 2161 lac
3619 2115 3829 2176 patrem

2246 2194 2524 2265 majorem,
2552 2194 2737 2248 Filium
2762 2196 3039 2260 minorem,
3061 2195 3317 2267 Spiritum
3330 2206 3573 2252 sanctum
3596 2214 3825 2268 sequen-

2247 2295 2372 2341 tem.
2402 2286 2507 2341 Sed
2529 2287 2638 2355 jam
2673 2287 2740 2342 de
2760 2286 2913 2351 Filio,
2943 2288 3082 2359 quod
3131 2290 3350 2358 mqualis
3375 2290 3445 2343 sit
3474 2290 3634 2355 Patri,
3658 2291 3832 2359 aliqua

2245 2378 2494 2443 diximus,
2520 2388 2573 2433 et
2598 2379 2739 2449 quod
2760 2381 3009 2445 occurrit,
3042 2379 3271 2435 diximus
3305 2399 3319 2435 :
3358 2380 3553 2437 audiet
3577 2381 3641 2436 de
3660 2382 3834 2450 Spirio

2249 2479 2305 2524 tu
2331 2479 2537 2534 sancto,
2586 2485 2743 2539 quem
2790 2472 3050 2525 minorem
3096 2471 3175 2525 vis
3211 2485 3331 2525 esse
3380 2471 3537 2526 Patre
3581 2482 3633 2526 et
3672 2472 3827 2527 Filio.

2245 2562 2448 2631 Nempe
2486 2562 2715 2632 Spiritus
2764 2571 2980 2618 sanctus
3012 2564 3123 2633 ipse
3169 2562 3399 2633 Spiritus
3443 2574 3525 2618 est
3557 2564 3667 2618 Dei.
3695 2564 3832 2619 Audi

2248 2665 2301 2712 et
2327 2656 2440 2725 ipse
2464 2656 2604 2725 quod
2630 2656 2784 2710 simul
2823 2657 2891 2710 sit
2919 2671 3041 2711 cum
3085 2656 3244 2719 Patre
3267 2667 3321 2712 et
3352 2657 3512 2723 Filio,
3544 2666 3596 2712 et
3642 2657 3832 2725 ubique

2247 2750 2318 2805 sit
2352 2760 2513 2805 totus.
2563 2750 2722 2811 Deus,
2755 2750 2927 2820 inquit
2975 2750 3210 2805 Joannes
3250 2750 3557 2819 Apostolus,
3611 2750 3834 2818 Spiritus

2246 2853 2318 2897 est
2343 2844 2361 2917 (
2384 2842 2540 2897 Joan.
2571 2859 2642 2908 IV,
2671 2844 2741 2898 24
2774 2844 2814 2913 ).
2839 2843 2904 2898 Ει
2930 2844 3043 2912 ipse
3072 2843 3234 2898 Filius
3270 2859 3363 2913 per
3395 2842 3708 2914 prophetam
3733 2844 3831 2908 ait,

2248 2935 2478 3006 Spiritus
2535 2934 2741 2989 Domini
2791 2952 2942 3005 super
2974 2952 3052 2988 me
3082 2934 3252 3004 (Isai.
3287 2950 3394 3001 LXI,
3423 2936 3444 2988 1
3482 2935 3502 3004 )
3537 2953 3551 2988 ε
3588 2949 3693 2988 non
3735 2934 3832 2999 ait,

2247 3040 2367 3099 post
2397 3040 2577 3092 me,ut
2603 3036 2913 3097 sequentem
2961 3043 3082 3082 eum
3122 3027 3341 3094 laceret,
3387 3028 3469 3082 vel
3519 3028 3830 3091 minorem;

2248 3120 2343 3176 sed
2363 3120 2631 3189 ait,super
2671 3136 2767 3172 me.
2800 3118 2953 3175 Unde
3009 3128 3065 3173 et
3108 3118 3325 3188 angelus
3373 3116 3583 3173 Gabriel
3622 3116 3687 3171 ad
3716 3117 3831 3172 Ma-

2247 3211 2380 3265 riam
2412 3229 2425 3264 :
2469 3209 2693 3280 Spiritus
2717 3222 2939 3278 sanctus,
2964 3211 3151 3281 inquit.
3178 3208 3486 3281 superueniet
3514 3210 3631 3263 inte
3660 3207 3832 3279 (Luc.

2245 3319 2287 3371 ι,
2308 3304 2422 3374 55).
2449 3304 2612 3358 David
2633 3319 2846 3373 quoque
2869 3302 3164 3373 praphcta:
3201 3302 3314 3369 Quo
3329 3302 3409 3356 ibo
3433 3317 3467 3354 a
3492 3300 3693 3370 Spiritu
3723 3308 3832 3367 tuo,

2247 3405 2295 3449 et
2323 3413 2353 3447 a
2373 3396 2505 3464 facie
2530 3404 2616 3447 tua
2657 3410 2755 3464 quo
2783 3394 3026 3466 fugiam?
3061 3392 3122 3448 Si
3145 3392 3421 3446 ascendero
3464 3393 3518 3445 in
3555 3391 3751 3454 calum,
3777 3400 3835 3444 tu

2248 3486 2315 3539 ibi
2338 3502 2407 3550 es,
2433 3486 2477 3538 si
2500 3485 2800 3539 descendero
2814 3485 2865 3537 in
2885 3484 3141 3554 abyssum,
3159 3494 3212 3537 tu
3236 3483 3356 3536 ades
3383 3481 3552 3554 (Psal.
3570 3496 3834 3549 cxxxvnl,

2249 3579 2278 3632 7
2305 3587 2353 3633 et
2380 3578 2604 3649 8).Ergo
2632 3578 2676 3629 si
2706 3576 2936 3646 Spiritus
2960 3576 3050 3631 Dei
3083 3584 3137 3631 et
3177 3577 3227 3630 in
3257 3576 3399 3632 caelo
3439 3584 3493 3631 et
3524 3574 3576 3631 in
3616 3583 3757 3630 terra
3780 3584 3838 3630 et

2248 3670 2302 3724 in
2344 3670 2550 3724 inferno
2572 3668 2719 3723 adest
2748 3683 2867 3724 cum
2907 3668 3000 3723 illo
3027 3668 3118 3737 qui
3143 3667 3292 3732 dicit,
3324 3665 3518 3722 Caelum
3557 3676 3603 3721 et
3650 3652 3839 3721 ιόἱαηι

2249 3777 2338 3831 ego
2367 3760 2549 3828 impleo
2571 3760 2589 3829 (
2613 3756 2803 3814 Jerem.
2830 3775 2977 3827 ιιιιιιι,
2995 3759 3066 3814 24
3094 3759 3151 3828 );
3177 3774 3305 3829 ergo
3331 3758 3560 3814 Trinitas
3597 3772 3731 3811 unus
3748 3766 3840 3811 est

2252 3853 2409 3905 Deus.
2442 3850 2546 3905 Sed
2578 3852 2699 3906 audi
2745 3851 2939 3915 adhuc,
2998 3851 3269 3916 haeretice,
3300 3849 3440 3904 unde
3475 3848 3834 3915 convincaris,

2248 3945 2387 4013 quod
2416 3944 2648 3998 Trinitas
2698 3959 2836 3998 unus
2861 3944 2930 3998 sit
2978 3944 3141 3998 Deus.
3182 3942 3238 3997 lu
3263 3943 3379 4011 ipso
3408 3942 3667 4012 principio
3715 3940 3841 3996 libri

2249 4037 2540 4102 Geneseos,
2571 4037 2709 4106 quod
2747 4036 2998 4102 diximus,
3024 4035 3282 4105 scriptum
3329 4044 3431 4100 est,
3470 4033 3539 4088 In
3589 4033 3843 4103 principio

2249 4130 2365 4200 fecit
2397 4129 2533 4184 Deus
2556 4129 2737 4183 caelum
2761 4139 2806 4183 et
2827 4138 3033 4183 terram.
3063 4127 3204 4183 Ecce
3243 4129 3384 4183 Deus
3413 4128 3591 4192 Pater,
3614 4126 3840 4195 etpriu-

2250 4222 2445 4289 cipium
2495 4220 2681 4286 Filius,
2711 4218 3003 4275 secundum
3042 4219 3185 4290 quod
3226 4235 3286 4275 se
3311 4220 3443 4274 dixit
3484 4233 3606 4274 esse
3636 4218 3841 4287 prinei-

2252 4314 2415 4383 pium.
2438 4314 2491 4369 Si
2517 4323 2695 4369 autem
2712 4311 3029 4382 etSpiritum
3056 4322 3299 4368 sanctum
3320 4314 3515 4383 quaeris
3548 4331 3559 4364 :
3586 4310 3840 4382 Spiritus,

2253 4404 2441 4473 inquit,
2473 4403 2565 4457 Dei
2611 4404 3015 4474 superferebatur
3034 4420 3189 4473 super
3234 4421 3411 4475 aquas.
3464 4403 3596 4458 Cum
3630 4419 3760 4472 ergo
3786 4406 3843 4458 in

2251 4495 2928 4565 consequentibuslegitur,
2954 4494 3093 4549 Dixit
3112 4494 3270 4561 Deus,
3302 4494 3421 4549 Fiat
3443 4494 3534 4549 lua:
3552 4512 3572 4561 ;
3601 4504 3676 4560 et,
3708 4493 3848 4548 Fin-

2251 4585 2323 4638 xit
2346 4583 2481 4637 Dcus
2510 4585 2572 4638 de
2600 4593 2763 4647 terra;
2791 4594 2865 4648 et,
2905 4583 3048 4639 Fecit
3097 4584 3238 4639 Deus
3263 4601 3282 4638 :
3308 4585 3409 4639 hoc
3441 4585 3848 4639 demonstratur
3876 4584 3881 4587 ’

2252 4676 2392 4745 quod
2445 4676 2817 4746 inseparabilia
2847 4685 2972 4732 sunt
2993 4691 3155 4747 opera
3200 4676 3493 4730 Trinitatis.
3527 4676 3848 4731 Evidentius

2254 4768 2356 4822 hoc
2382 4768 2435 4821 in
2464 4768 2913 4837 consequentibus
2956 4768 3374 4823 demonstratur.
3404 4767 3537 4823 Nam
3557 4783 3679 4823 eum
3708 4784 3851 4822 ven-

2254 4868 2366 4913 tum
2390 4858 2606 4915 essetad
2645 4858 2697 4913 id
2747 4868 2805 4913 ut
2837 4861 2995 4915 homo
3028 4858 3373 4923 formaretur,
3402 4862 3477 4914 ait
3512 4861 3791 4929 Scriptura
3834 4879 3849 4914 :

2255 4952 2323 5005 Et
2354 4953 2480 5007 dixit
2505 4953 2661 5020 Deus,
2716 4952 2989 5007 Faciamus
3024 4955 3275 5008 hominem
3303 4955 3371 5007 ad
3411 4954 3681 5025 imaginem
3701 4965 3749 5007 et
3770 4956 3853 5007 si-

2257 5045 2591 5098 militudinem
2615 5054 2859 5098 nostram.
2888 5044 3002 5099 Non
3027 5045 3179 5110 dixit,
3215 5045 3425 5100 Faciam
3459 5046 3525 5099 ad
3555 5046 3853 5116 imaginem

2255 5144 2311 5189 et
2338 5133 2736 5191 similitudinem
2763 5151 2952 5201 meam,
2982 5146 3040 5190 ut
3070 5136 3214 5191 solus
3237 5137 3397 5192 Pater
3423 5137 3813 5207 intelligeretur
3840 5155 3857 5200 ;

2258 5224 2524 5291 necdixit,
2578 5226 2715 5291 Fiat,
2758 5234 2815 5281 ut
2866 5226 3001 5282 Filio
3032 5229 3192 5281 veluti
3237 5227 3451 5297 iuberet
3495 5227 3693 5293 facere,
3749 5244 3858 5298 per

2256 5333 2415 5387 quem
2438 5316 2577 5372 facta
2620 5326 2743 5373 sunt
2767 5319 2987 5381 omnia;
3030 5334 3128 5374 nec
3171 5318 3373 5373 dictum
3415 5330 3518 5383 est,
3552 5318 3855 5379 Fecerunt,

2260 5409 2524 5479 utsinguli
2575 5410 2777 5479 singula
2810 5410 2861 5464 in
2910 5425 2975 5464 eo
3022 5409 3331 5464 conferrent
3375 5426 3537 5480 Opera
3583 5425 3679 5465 sua
3714 5412 3862 5465 :SCtl

2259 5517 2379 5555 cum
2413 5502 2716 5565 diceretur,
2772 5500 3046 5555 Faciamus
3096 5502 3347 5556 hominem
3391 5503 3458 5555 ad
3502 5503 3779 5572 imaginem
3809 5514 3865 5554 et

2260 5593 2635 5648 similitudinem
2665 5603 2906 5657 nostram,
2938 5604 2993 5647 ut
3022 5593 3252 5648 Trinitas
3296 5609 3433 5648 unus
3481 5594 3619 5647 Deus
3650 5595 3868 5647 ιιιιριιῑ-

2322 5745 2338 5774 ί
2376 5751 2423 5791 In
2461 5743 2731 5791 Divioneusi
2767 5747 2848 5789 Ms.
2891 5741 3202 5805 substitutum
3242 5747 3316 5789 est
3356 5752 3383 5788 a
3422 5740 3637 5790 secunda
3674 5754 3873 5805 manu,

2258 5806 2430 5857 divisit.
2456 5813 2592 5856 Forte
2613 5806 2734 5869 leg,
2760 5804 2994 5868 pra't‘itlil.
