4102 6336
270 369 367 427 685

264 493 507 556 geretur;
540 483 719 537 statim
746 480 1080 552 subiunctum
1111 491 1212 543 cst,
1247 481 1308 536 Et
1340 482 1457 551 fecit
1508 482 1644 538 Deus
1683 484 1848 537 Itami-

268 594 392 632 nem.
448 577 517 629 ad
547 576 821 644 imaginem
864 590 1013 626 suout
1044 575 1161 643 fecit
1214 574 1356 626 illum
1384 572 1548 642 (Gen.
1581 589 1597 627 ι
1643 574 1683 642 ).
1710 573 1849 627 Ecce

267 684 355 736 per
380 667 683 735 Srripturas
712 672 928 718 sanctas
955 662 1191 718 Trinitas
1245 678 1383 717 unus
1424 663 1562 717 Deus
1591 662 1848 733 prcedica-

265 770 381 822 tur;
422 759 641 812 ariauus
687 756 959 811 convictus
998 754 1283 826 aliquando
1330 753 1701 810 confundatur.
1742 753 1845 810 Sed

262 850 378 905 audi
404 849 599 913 adhuc,
626 848 893 910 lueretiee,
928 847 1226 915 apostolum
1270 846 1494 900 Paulum
1520 845 1845 900 convincen-

261 953 363 997 tem
396 952 446 996 te
470 952 522 995 et
547 940 829 995 docentem
857 954 959 1001 me,
985 938 1104 992 audi
1128 937 1252 1007 quid
1279 937 1347 991 de
1378 937 1486 991 Deo
1515 936 1649 990 Filio
1671 935 1843 991 dicat:

226 1022 229 1031 ’
261 1034 404 1101 Cum,
426 1032 614 1102 inquit,
640 1030 874 1099 informa
900 1028 996 1083 Dei
1021 1039 1166 1094 esset,
1192 1045 1293 1081 non
1320 1028 1550 1093 rapinam
1575 1026 1847 1081 arbitratus

257 1139 327 1181 est
352 1143 457 1179 esse
480 1124 691 1193 (aqualis
719 1122 825 1175 Deo
850 1122 868 1191 (
901 1120 1136 1191 Philipp.
1155 1121 1279 1186 ",6
1310 1122 1346 1189 ).
1376 1120 1467 1175 Ille
1491 1135 1611 1174 eum
1644 1118 1842 1189 prazdi-

255 1229 339 1272 cat
376 1217 655 1286 a'qualcm,
683 1225 736 1267 tu
750 1230 868 1268 eum
888 1213 1083 1266 asseris
1102 1212 1384 1265 minorem.
1400 1209 1496 1265 Cui
1516 1208 1843 1264 credendum

254 1317 357 1372 est,
386 1305 659 1376 Apostolo,
685 1320 749 1358 an
786 1303 876 1358 tibi
908 1302 1047 1356 ?tibi
1077 1316 1234 1373 quem
1268 1310 1407 1354 totus
1449 1300 1591 1354 orbis
1629 1298 1841 1367 abjecit,

254 1414 321 1453 an
355 1399 427 1451 illi
471 1411 630 1465 quem
663 1405 802 1449 totus
824 1393 1051 1448 mundus
1079 1392 1354 1461 suscepit?
1380 1391 1547 1446 Cedat
1578 1389 1737 1460 igitur
1761 1390 1843 1444 vel

254 1506 374 1543 sero
398 1488 646 1542 convicta
689 1486 1010 1555 perversitas
1048 1494 1155 1546 tua,
1193 1484 1313 1552 quia
1339 1484 1448 1550 jam
1477 1491 1644 1535 totum
1678 1496 1841 1535 mun-

251 1585 377 1638 dum
408 1580 645 1652 possedit
679 1595 731 1633 (ει
744 1578 980 1647 angelica
1007 1585 1058 1631 et
1077 1576 1365 1645 apostolica
1392 1574 1649 1628 doctrina.

322 1674 549 1730 CAPUT
580 1671 713 1727 Vlll.
735 1702 804 1711 —
823 1670 876 1725 8.
901 1669 1293 1739 Pelagianorum
1321 1667 1543 1721 haeresis.
1567 1666 1683 1720 Alia
1713 1681 1845 1736 quo-

251 1785 356 1838 que
383 1767 634 1836 spelunca
682 1766 946 1819 latronum
993 1777 1097 1816 non
1137 1761 1398 1814 bonorum
1426 1801 1439 1823 ,
1470 1759 1841 1813 haereticorum

254 1857 676 1928 Pelagianorum,
708 1862 761 1909 et
790 1850 1203 1907 demonstranda
1234 1860 1316 1905 est
1345 1859 1398 1904 et
1423 1848 1657 1904 cavenda
1686 1867 1697 1902 :
1729 1850 1843 1903 hanc

251 1962 335 2007 est
371 1950 511 2005 enim
559 1963 745 2003 eorum
799 1959 1047 2016 perversa
1089 1942 1350 1999 doctrina.
1398 1942 1531 1996 Cum
1570 1939 1841 2009 Scriptura

252 2044 413 2104 dicat,
443 2039 746 2093 Maledicta:
772 2038 920 2090 homo
946 2036 1034 2107 qui
1059 2051 1198 2105 spem
1221 2050 1367 2088 suam
1394 2034 1534 2103 ponit
1563 2034 1615 2085 in
1642 2032 1844 2086 homine

253 2134 461 2204 (Δεῖ-ειη.
494 2147 623 2196 xvn,
652 2129 740 2201 5);
774 2138 825 2183 et
850 2170 863 2194 ,
897 2128 997 2194 Qui
1019 2127 1297 2197 gloriatur,
1326 2126 1378 2178 in
1403 2124 1624 2178 Domino
1654 2124 1839 2194 glorie-

252 2236 334 2278 tur
362 2224 412 2295 (Ι
439 2223 556 2278 Cor.
587 2239 622 2287 ι,
652 2222 742 2291 51)
769 2240 781 2275 :
817 2221 901 2275 isti
929 2229 1136 2282 contra,
1166 2218 1267 2273 hoc
1293 2217 1630 2272 maledictum
1664 2217 1840 2271 homi-

256 2332 374 2369 nem
400 2330 507 2368 non
535 2315 808 2369 incurrere
833 2310 1166 2381 promittunt,
1191 2309 1323 2364 side
1344 2324 1401 2364 se
1422 2310 1838 2378 praesumpserit,

252 2406 333 2459 vel
375 2408 429 2459 in
461 2420 519 2460 sc
560 2405 677 2475 ipso
702 2404 956 2474 gloriatus
1003 2401 1181 2455 fuerit.
1230 2400 1335 2456 Sed
1374 2399 1499 2466 quid
1529 2388 1719 2453 contra.
1744 2399 1842 2454 hos

253 2499 418 2553 multa
448 2496 735 2552 dicamus?
786 2495 895 2549 lloc
925 2492 1169 2564 promisit
1212 2500 1265 2547 et
1296 2501 1444 2561 pater
1487 2492 1695 2545 illorum
1726 2490 1852 2569 dia:

252 2588 407 2643 holus
436 2588 512 2643 illi
544 2590 718 2657 primo
745 2585 944 2640 homini
970 2602 984 2637 :
1014 2582 1135 2638 Non
1165 2592 1344 2650 morte,
1376 2583 1562 2652 inquit,
1590 2583 1838 2648 morieris,

252 2681 388 2733 eritis
428 2680 558 2732 sicut
597 2678 685 2730 dii.
736 2677 901 2730 Deum
945 2674 1299 2742 contempsit,
1332 2673 1563 2742 serpenti
1594 2672 1839 2739 credidit,

252 2778 307 2826 et
348 2770 491 2839 quod
537 2776 819 2837 acceperat
862 2766 1111 2836 perdidit.
1158 2764 1213 2819 Si
1264 2774 1385 2817 tunc
1416 2764 1504 2818 ille
1546 2763 1705 2817 homo
1736 2778 1839 2817 non

252 2861 348 2914 fuit
389 2869 601 2924 cautus,
655 2872 795 2912 nunc
844 2857 1005 2911 homo
1049 2863 1234 2911 caveat
1279 2854 1357 2909 vel
1401 2863 1671 2925 expertus.
1721 2852 1845 2908 Odit

254 2953 392 3007 Deus
423 2958 838 3021 pmsumptorcs
866 2948 934 3002 de
954 2946 1156 3000 viribus
1178 2947 1311 2999 suis.
1340 2944 1478 3012 Quid
1506 2945 1647 2999 enim
1671 2945 1844 2998 valeat

254 3044 479 3098 liberum
520 3040 796 3094 arbitrium
838 3054 943 3093 non
990 3036 1250 3106 adjutum,
1298 3036 1350 3088 in
1390 3035 1505 3104 ipso
1537 3035 1702 3088 Adam
1742 3033 1838 3087 de-

254 3145 604 3191 monstratum
641 3142 743 3189 est.
787 3132 866 3187 Ad
894 3132 1090 3185 malum
1122 3128 1319 3183 sufficit
1346 3127 1487 3192 sibi;
1536 3126 1603 3181 ad
1643 3126 1840 3180 bonum

252 3243 377 3291 non,
429 3226 528 3279 nisi
560 3216 840 3294 adjuvetur
868 3239 898 3278 a
930 3224 1055 3279 Deo.
1110 3221 1320 3277 Primus
1366 3220 1508 3275 enim
1551 3219 1641 3273 ille
1682 3218 1842 3273 homo

250 3318 457 3387 accepit
485 3316 709 3370 liberum
736 3314 1013 3369 arbitrium
1040 3320 1265 3378 rectum,
1288 3319 1344 3365 et
1369 3310 1542 3379 posuit
1569 3317 1694 3363 ante
1715 3323 1840 3363 eum

253 3408 412 3471 Deus,
446 3406 583 3461 sicut
609 3405 880 3476 Scriptura
911 3404 1059 3470 dicit,
1089 3403 1255 3475 ignem
1282 3411 1328 3455 et
1355 3417 1538 3470 aquam
1564 3416 1581 3454 .'
1611 3400 1678 3452 ad
1706 3399 1843 3471 quod

249 3499 487 3561 mitteris,
524 3498 724 3566 inquit,
756 3497 960 3566 porrige
985 3510 1190 3548 manum
1227 3501 1364 3546 tuam
1393 3490 1577 3561 (Eccli.
1607 3506 1696 3557 xv,
1727 3488 1839 3563 Π).

252 3589 425 3659 Elegit
450 3588 648 3659 ignem,
674 3586 887 3656 reliquit
908 3600 1122 3655 aquam.
1150 3570 1336 3638 Videte
1356 3582 1559 3651 justum
1583 3580 1840 3650 judicem.

251 3680 398 3748 Quod
432 3679 591 3747 elegit
623 3677 784 3732 homo
812 3676 967 3739 liber,
999 3675 1204 3745 accepit
1232 3690 1245 3726 :
1278 3672 1475 3727 malum
1506 3670 1705 3735 voluit,
1739 3671 1841 3725 hoc

252 3772 395 3825 illum
429 3781 670 3825 secutum
698 3777 799 3823 est.
846 3768 1032 3823 Videte
1057 3782 1267 3820 rursum
1298 3765 1443 3820 illum
1467 3763 1669 3831 jusmm
1694 3761 1841 3833 judi-

249 3877 364 3916 cem
419 3859 842 3915 misericordiam
898 3857 1200 3912 facientem.
1260 3856 1391 3910 Cum
1442 3855 1648 3909 videret
1697 3853 1841 3923 quod

250 3951 410 4005 homo
440 3959 605 4004 totum
649 3950 874 4019 stirpem
904 3962 1053 4002 suam
1075 3987 1089 4008 ,
1122 3947 1259 4001 male
1298 3958 1427 3999 usus
1454 3945 1624 3999 libero
1654 3943 1841 3997 volun-

250 4044 374 4097 tatis
415 4042 656 4106 arbitrio,
709 4042 761 4097 in
792 4056 851 4096 se
895 4050 1143 4109 tanquam
1175 4037 1230 4093 in
1275 4037 1454 4093 radice
1492 4036 1835 4104 damnasset;

249 4137 362 4207 ipse
408 4150 514 4189 non
567 4141 781 4203 rogatus
823 4130 891 4187 de
937 4130 1077 4187 ctelo
1121 4128 1418 4194 descendit,
1466 4135 1523 4183 et
1565 4126 1838 4183 hominem

248 4228 498 4298 superbia
530 4235 841 4296 pereuntem
865 4226 906 4293 ¹,
935 4239 1030 4279 sua
1057 4222 1355 4277 humilitate
1385 4220 1592 4274 sanavit
1618 4237 1630 4273 :
1656 4234 1840 4274 erran-

250 4332 326 4375 tes
359 4320 606 4391 perduxit
626 4320 691 4375 ad
715 4319 873 4383 viam,
897 4316 1208 4388 peregrinos
1239 4312 1483 4384 perducit
1504 4311 1568 4367 ad
1593 4312 1837 4383 patriam.

249 4412 362 4467 Non
394 4427 525 4482 ergo
552 4411 807 4481 glorietur
834 4408 1063 4464 humana
1093 4414 1282 4461 natura
1322 4403 1389 4459 de
1429 4418 1488 4459 sc
1510 4445 1526 4472 ,
1558 4402 1652 4458 sed
1693 4402 1746 4457 in
1775 4417 1840 4458 co

249 4507 505 4576 glorietur
530 4505 619 4575 qui
647 4504 771 4559 fecit
798 4518 877 4558 se.

315 4596 546 4653 CAPUT
585 4595 675 4650 IX.
700 4626 772 4635 ——
800 4595 853 4650 9.
881 4592 1125 4647 "(cretici
1156 4607 1257 4645 una
1281 4606 1399 4645 voce
1427 4587 1836 4660 confunduntur.

248 4688 363 4744 1am
391 4706 517 4743 vero
562 4698 772 4742 caeteras
811 4696 970 4742 secta:
999 4684 1372 4739 haereticorum
1403 4680 1671 4736 Christum
1699 4679 1838 4733 viam

252 4782 657 4849 przedicantium
680 4822 694 4845 ,
725 4779 818 4833 sed
862 4779 1017 4849 longe
1042 4793 1071 4831 a
1097 4778 1179 4830 via
1221 4775 1509 4830 errantium
1531 4810 1546 4839 ,
1576 4787 1677 4826 una
1705 4787 1841 4828 voce

309 4896 324 4925 ι
354 4901 479 4950 uss,
492 4890 756 4940 [nummum
767 4900 914 4951 genus
929 4884 1153 4951 superbia
1167 4889 1458 4946 pereuntem,
1475 4887 1575 4940 aut,
1597 4886 1838 4943 pereunte.

1425 370 1651 426 SERMO
1694 370 1779 425 DE
1818 370 2095 437 QUAliTA
2141 373 2364 428 FERIA.

3438 384 3542 441 686

1958 484 2122 553 ipsius
2172 502 2313 541 vera:
2360 488 2457 541 vim
2504 488 2891 543 convincuntur
2940 500 3098 561 atque
3147 494 3544 553 confunduntur

1954 576 2219 631 dicentis:
2258 577 2411 632 Multi
2454 579 2578 632 mihi
2621 581 2784 633 dicent
2815 582 2866 635 in
2896 583 2984 637 illo
3022 585 3121 649 die,
3170 585 3400 651 Domine,
3436 590 3542 644 Do-

1930 664 2122 725 mine.
2151 684 2316 721 nonne
2344 669 2397 722 in
2438 679 2522 723 tuo
2561 672 2762 724 nomine
2801 676 3241 744 prop/:etavimus,
3271 689 3319 731 et
3358 681 3411 733 in
3453 691 3539 736 tuo

1956 759 2159 812 nomine
2195 760 2447 815 dwmonia
2491 764 2726 832 eiecimus
2750 805 2764 829 ,
2805 775 2850 818 et
2884 766 2935 819 in
2984 777 3067 820 tua
3099 770 3299 822 nomine
3337 772 3539 826 virtutes

1954 852 2140 905 multas
2186 854 2438 923 fecimus!
2483 854 2549 908 Et
2591 865 2710 909 tunc
2752 856 2919 911 dicant
2962 860 3052 923 eis,
3093 858 3213 913 Non
3257 862 3371 914 noui
3409 880 3493 916 vos
3522 879 3542 915 :

1951 943 2166 996 ret-edite
2214 960 2246 997 a
2282 961 2407 1008 me,
2464 963 2635 1001 omnes
2685 949 2770 1016 qui
2816 950 3010 1017 operati
3065 952 3181 1004 estis
3227 953 3541 1023 iniquitatem

1952 1033 2167 1103 (Matth.
2198 1052 2297 1102 vu,
2328 1036 2399 1090 22
2418 1046 2465 1092 et
2494 1036 2622 1107 2'5).
2657 1036 2779 1093 Ideo
2810 1042 3013 1109 operati
3037 1043 3535 1113 estisiniquitatem,

1951 1127 2070 1195 Quia
2105 1128 2357 1183 Ecclesia:
2399 1145 2529 1184 mea:
2559 1131 2909 1200 perturbastis
2940 1134 3215 1189 unitatem.

2019 1216 2247 1272 CAPUT
2286 1218 2352 1272 X.
2381 1249 2453 1259 —-
2478 1220 2564 1275 10.
2599 1220 2914 1275 Exhortatur
2948 1223 3280 1294 baptizandos
3321 1236 3373 1279 ut
3403 1236 3539 1280 recta

1950 1306 2157 1359 tendant
2183 1308 2249 1359 ad
2290 1308 2527 1376 patriam.
2557 1308 2665 1364 Vos
2692 1320 2869 1365 autem
2891 1353 2905 1378 ,
2940 1313 3110 1367 fidelia
3143 1316 3381 1384 germina
3413 1331 3538 1370 san-

1948 1406 2047 1451 ctu:
2078 1398 2264 1452 matris
2294 1399 2548 1455 Ecclesia:
2587 1400 2864 1457 catholica:
2906 1417 3000 1471 per
3038 1406 3343 1460 universum
3375 1423 3535 1461 mun-

1948 1485 2075 1541 dum
2120 1488 2356 1554 diﬂ‘usre,
2403 1489 2567 1560 fugite
2613 1507 2798 1547 omnes
2835 1493 3090 1549 hmrescs.
3139 1496 3194 1551 Si
3236 1498 3355 1567 quis
3393 1498 3537 1553 aliud

1948 1580 2391 1649 evangelizaverit
2422 1581 2590 1648 vobis,
2624 1582 2906 1638 anathema
2937 1586 3001 1639 sit
3032 1586 3227 1657 (Galat.
3255 1603 3290 1653 ι,
3320 1588 3396 1657 9).
3432 1588 3539 1643 Re-

1947 1677 2061 1722 ctos
2106 1685 2292 1725 cursus
2341 1670 2495 1727 facile
2542 1672 2767 1741 pedibus
2812 1675 3005 1729 vestris
3047 1693 3059 1729 :
3109 1692 3212 1731 non
3256 1678 3538 1733 declinatis

1948 1773 2046 1812 nec
2072 1758 2138 1812 ad
2175 1758 2447 1815 dexteram
2473 1764 2867 1832 prarsumendo,
2911 1781 3007 1820 nec
3045 1767 3110 1821 ad
3140 1768 3409 1822 sinistram
3438 1769 3538 1823 de.

1946 1851 2232 1919 sperando.
2260 1852 2470 1908 Currite
2499 1855 2755 1909 velociter
2782 1865 2980 1911 rectam
3011 1858 3148 1910 viam
3195 1876 3206 1910 :
3240 1859 3353 1927 ipsa
3390 1860 3535 1913 enim

1947 1959 2039 1998 vos
2088 1944 2329 2013 perducit
2379 1946 2444 2000 ad
2496 1948 2760 2015 patriam;
2811 1948 2876 2003 ad
2927 1949 3069 2003 illam
3110 1950 3336 2020 patriam
3382 1951 3535 2020 cujus

1946 2035 2089 2089 cives
2119 2036 2304 2105 Angeli
2333 2046 2475 2102 sunt,
2504 2038 2653 2107 cujus
2687 2039 2940 2108 templum
2969 2040 3129 2106 Deus,
3175 2041 3326 2112 cujus
3355 2042 3536 2112 splen-

1946 2125 2043 2179 dor
2091 2126 2274 2190 Filius,
2316 2129 2469 2196 cujus
2514 2128 2748 2184 Charitas
2782 2131 3011 2200 Spiritus
3055 2143 3306 2199 sanctus;
3348 2134 3536 2190 civitas

1946 2224 2145 2275 saneta.
2171 2217 2359 2271 civitas
2386 2219 2538 2273 beata
2562 2235 2574 2283 ;
2614 2220 2800 2275 civitas
2829 2222 2916 2277 ubi
2946 2223 3118 2278 nullus
3146 2225 3282 2294 perit
3309 2225 3531 2292 amicus,

1945 2322 2051 2376 quo
2078 2308 2252 2362 nullus
2291 2309 2588 2364 admittitur
2617 2310 2898 2376 inimicus;
2942 2314 3031 2368 ubi
3072 2316 3248 2372 nullus
3286 2318 3533 2387 moritur,

1945 2401 2066 2469 quia
2111 2401 2287 2456 nullus
2327 2402 2535 2462 oritur:
2583 2406 2757 2460 nullus
2812 2407 3148 2474 infirmatur,
3192 2412 3312 2481 quia
3354 2414 3538 2468 iocor-—

1946 2502 2098 2562 rupta
2127 2494 2297 2548 Salute
2327 2494 2561 2549 ιιυῑαιιιτ.
2616 2496 2747 2550 Cum
2792 2497 2919 2553 illuc
2947 2501 3271 2566 venerimus,
3314 2517 3421 2558 non
3463 2503 3535 2559 ibi

1945 2586 2244 2641 esuriamus
2289 2596 2380 2641 aut
2424 2587 2669 2642 sitiemus
2704 2606 2716 2641 :
2755 2589 2888 2644 visio
2932 2592 3045 2662 ipsa
3091 2593 3309 2649 satietas
3354 2604 3538 2650 nostra

1946 2678 2066 2729 erit.
2099 2677 2210 2731 Non
2244 2678 2312 2731 ibi
2342 2678 2704 2746 dormiamus,
2735 2681 2857 2750 quia
2890 2698 2994 2737 non
3035 2684 3103 2737 ibi
3151 2685 3533 2742 laborabimus.

1944 2768 2097 2823 Nulla
2126 2770 2403 2838 cujuslibet
2437 2773 2514 2827 rei
2544 2774 2842 2827 necessaria
2875 2775 2976 2829 erit
3004 2774 3247 2844 refectio,
3278 2779 3365 2833 ubi
3394 2780 3538 2835 nulla

1947 2864 2049 2916 crit
2091 2861 2338 2918 defectio.
2383 2862 2666 2929 Vivamus,
2704 2866 3073 2935 regnabimus,
3116 2867 3435 2925 laetabimur.
3480 2869 3537 2926 Si

1949 2961 2150 3006 tantum
2190 2953 2422 3008 delectat
2468 2970 2588 3009 cum
2629 2955 2698 3010 de
2739 2972 2801 3011 ea
2852 2957 3137 3027 loquimur,
3184 2960 3309 3029 quid
3347 2962 3449 3015 erit
3485 2970 3542 3016 et

1947 3044 2171 3099 videre?
2220 3043 2418 3098 Videre
2464 3045 2629 3098 Deum
2653 3085 2667 3111 ,
2698 3046 2876 3101 vivere
2915 3063 3033 3101 cum
3082 3048 3223 3114 Deo,
3257 3049 3437 3105 vivere
3470 3050 3539 3105 de

1948 3134 2079 3189 Deo.
2117 3133 2231 3188 Vita
2271 3135 2413 3188 enim
2459 3145 2639 3189 nostra
2688 3137 2789 3190 erit
2834 3137 3050 3191 laudare
3083 3137 3251 3192 Deum
3275 3180 3290 3206 ,
3331 3149 3384 3193 et
3423 3139 3540 3194 sine

1946 3223 2157 3280 defectu
2213 3239 2416 3279 amare.
2465 3225 2608 3279 Beati
2644 3227 2818 3292 enim,
2848 3228 2922 3291 ait
2949 3227 3239 3298 propheta,
3276 3230 3365 3300 qui
3392 3231 3538 3284 habi-

1948 3324 2053 3370 tant
2082 3317 2135 3370 in
2165 3318 2314 3371 domo
2344 3324 2459 3383 tua,
2496 3316 2749 3382 Domine;
2791 3320 2843 3372 in
2882 3320 3069 3373 stecula
3095 3321 3400 3375 sateulorum
3426 3322 3541 3377 lau-

1947 3408 2136 3463 dabunt
2178 3419 2225 3463 te
2263 3407 2437 3479 (Psal.
2467 3426 2696 3477 Lxxxm,
2727 3408 2816 3482 5).
2848 3411 3062 3467 Fratres
3102 3412 3462 3482 dilectissimi,
3492 3417 3538 3470 si

1946 3516 2068 3556 cum
2115 3502 2486 3571 navigantibus
2530 3502 2910 3571 laboravimus,
2957 3514 3012 3560 et
3040 3506 3335 3561 viatoribus
3369 3507 3536 3563 duca-

1947 3604 2058 3649 tum
2087 3594 2441 3664 prmbuimus,
2470 3595 2514 3648 si
2555 3595 2736 3649 devias
2777 3595 2958 3651 fauces
2996 3596 3260 3651 latronum
3282 3638 3296 3664 ,
3326 3598 3428 3653 hoc
3457 3607 3541 3653 est

1950 3685 2325 3740 hazrcticorum
2353 3726 2368 3752 ,
2415 3684 2643 3740 sollicite
2701 3685 3220 3752 demonstravimus,
3269 3687 3315 3741 si
3368 3688 3537 3757 ipsam

1948 3777 2172 3847 patriam
2216 3775 2492 3831 caalestem
2536 3775 2858 3830 declaratam
2910 3783 3072 3846 atque
3113 3775 3537 3832 demonstratam

1941 3867 2051 3937 jam
2081 3867 2303 3923 cernitis
2346 3867 2514 3921 oculis
2538 3866 2717 3922 cordis
2742 3867 2947 3933 vestri;
2994 3868 3201 3923 reddite
3236 3870 3390 3924 nobis
3423 3871 3540 3924 fru-

1948 3965 2091 4013 ctum
2123 3958 2322 4011 laboris
2351 3959 2541 4011 nostri.
2574 3957 2831 4022 Reddite,
2862 3958 3073 4025 fratres,
3101 3959 3340 4026 reddite,
3369 3960 3539 4029 exigi-

1947 4064 2068 4105 mus
2094 4065 2124 4103 a
2152 4049 2320 4104 vobis.
2354 4048 2496 4103 Talis
2540 4057 2623 4103 est
2659 4048 2801 4103 enim
2835 4064 3042 4104 merces
3078 4060 3290 4117 nostra,
3318 4066 3476 4120 quam
3506 4066 3538 4105 a

1946 4142 2099 4196 vobis
2147 4141 2406 4210 exigimus
2430 4179 2447 4205 ,
2478 4148 2535 4193 ut
2563 4153 2663 4193 nec
2704 4153 2803 4193 nos
2832 4139 3030 4210 pudeat
3071 4150 3273 4209 petere,
3319 4156 3418 4195 nec
3442 4156 3539 4196 vos

1950 4235 2125 4304 pigeat
2150 4247 2392 4303 erogare.
2425 4231 2539 4287 Hoc
2564 4231 2706 4302 quod
2731 4232 2992 4301 exigimus
3013 4273 3028 4299 ,
3058 4232 3328 4303 erogaudo
3351 4247 3540 4287 cumu-

1947 4326 2126 4382 labitis
2167 4327 2335 4396 magis
2357 4367 2372 4394 ,
2404 4341 2561 4396 quam
2588 4324 2967 4380 detrimentum
3011 4325 3318 4395 patiemini,
3352 4325 3395 4379 si
3428 4339 3537 4380 non

1947 4419 2315 4490 erogaveritis.
2339 4417 2471 4485 Qum
2495 4426 2579 4472 est
2602 4432 2731 4486 ergo
2759 4432 2967 4472 merces
2991 4416 3211 4472 nostra?
3248 4417 3362 4472 Non
3391 4432 3538 4487 quae-

1947 4514 2114 4567 rimus
2151 4525 2339 4564 aurum
2368 4517 2599 4563 vestrum
2622 4550 2636 4575 ,
2666 4522 2771 4561 non
2808 4516 3088 4578 argentum
3118 4518 3384 4575 vestrum,
3428 4524 3533 4565 non

1947 4617 2224 4659 nummum
2252 4610 2485 4655 vestrum
2507 4641 2523 4666 ,
2565 4613 2664 4654 nec
2700 4598 2988 4669 quidquam
3020 4599 3088 4654 de
3118 4599 3276 4654 rebus
3304 4599 3496 4653 vestris
3524 4616 3536 4651 :

1948 4694 2042 4750 sed
2070 4708 2277 4749 merces
2304 4701 2484 4746 nostra
2514 4699 2631 4756 est,
2661 4699 2719 4744 ut
2756 4691 2807 4745 in
2849 4691 2942 4745 illo
2980 4700 3164 4746 saneto
3207 4691 3352 4745 fonte
3380 4688 3535 4757 adju-

1947 4787 2085 4842 vetis
2117 4800 2214 4839 nos
2241 4782 2573 4838 orationibus
2600 4782 2810 4836 vestris.

768 4950 783 4951 η

325 5033 682 5110 Sequentes
712 5027 1052 5110 Sermones
1083 5018 1702 5110 de_Q_ua‘rta'lj‘eria,
1752 5017 1829 5079 de
1868 4987 2297 5094 Caiaclysmo,
2345 5013 2407 5070 et
2455 5008 2532 5069 de
2574 5009 2892 5086 Tempore
2938 5006 3308 5077 Barbarico,
3356 5003 3536 5065 dubii

250 5096 631 5183 uobis-sunt,
667 5112 731 5169 et
772 5105 1069 5169 videnlur
1093 5099 1405 5164 subdititii
1443 5096 1556 5179 (α).

941 5222 1182 5345 DE

1410 5211 2029 5343 UARTA
2138 5202 2678 5331 FERIA
2726 5184 2852 5344 (θ),

1281 5363 1435 5434 sm;
1474 5377 1564 5432 DE
1601 5371 1926 5431 CULTURA
1964 5367 2128 5426 AGRI
2168 5363 2497 5431 DOMINICI',

1681 5473 2115 5559 SERMO.

321 5631 545 5688 (IAI‘UT
587 5625 870 5684 PRlMUM.
894 5653 965 5664 -—
990 5624 1040 5676 -l.
1082 5619 1159 5673 De
1201 5615 1540 5688 culturaagri
1566 5610 1837 5688 Dominici.

256 5681 837 5773 lugubrium—quinque
882 5696 1004 5767 quid
1046 5691 1346 5762 signiﬁcent.
1397 5681 1617 5740 Ctielesti
1660 5681 1843 5751 gratia:

255 5771 384 5899 big)
400 5802 464 5845 De
484 5795 564 5843 bis
586 5801 751 5851 supra,
776 5786 865 5836 col.
893 5782 1120 5840 623-626,
1142 5779 1366 5827 admonit.
1384 5777 1431 5825 in
1450 5786 1598 5825 sarm.
1626 5771 1689 5821 de
1712 5779 1837 5834 Sym-

1950 5618 2001 5662 et
2033 5606 2295 5676 spirituali
2330 5602 2527 5676 pluviae
2561 5596 2937 5676 praeparandus
2980 5605 3224 5676 estnagcr
3262 5598 3539 5676 Ecclesiae,

1953 5667 2079 5748 quia
2117 5678 2285 5730 imber
2311 5667 2520 5727 divinus
2559 5667 2608 5725 in
2653 5669 2894 5739 proximo
2933 5678 3032 5722 est.
3062 5667 3377 5737 Operemur,
3408 5668 3541 5722 dile-

2004 5768 2074 5827 (b)
2106 5768 2178 5815 sic
2219 5763 2465 5827 appellant
2490 5764 2641 5827 etiam
2670 5768 2870 5809 veteres
2895 5757 3001 5827 libri
3021 5795 3041 5827 _,
3082 5763 3165 5823 qui
3190 5761 3421 5811 tamenin
3441 5758 3541 5811 ttae

1938 5822 2212 5890 subjiciunt,
2241 5822 2444 5887 captivi!
2468 5825 2529 5875 de
2555 5824 2721 5875 ultima
2743 5828 2915 5884 quarta
2935 5822 3076 5880 feria.
