4102 6336
570 414 670 468 637

568 526 787 583 ctissimi
809 568 823 590 ,
853 526 904 577 in
936 525 1035 576 isto
1065 535 1191 590 agro
1216 518 1354 589 qttod
1383 517 1534 590 nobis
1569 516 1824 571 creditum
1849 515 2140 590 est._l\‘obis

569 601 711 653 enim
754 586 933 649 datutn
961 604 1041 645 est
1069 586 1303 660 planta—re
1323 631 1336 651 ,
1367 589 1538 660 rigare
1561 629 1575 652 ,
1601 602 1753 660 arare
1773 628 1787 650 ,
1823 586 2099 660 novellare
2123 605 2137 639 :

568 669 662 723 sed
709 668 801 721 Dei
850 674 960 721 est.
1004 656 1387 715 incrementum
1431 658 1578 711 dare.
1619 656 1905 726 Apostolus
1946 656 2139 710 Paulus

569 730 756 792 doctor
777 734 1021 789 Gentium
1059 734 1110 784 in
1138 730 1258 799 glide
1287 738 1340 783 et
1376 728 1749 799 veritate,gper
1777 740 1851 799 se_
1878 726 2048 799 ipsum
2088 733 2143 780 et

569 806 839 877 operando
868 815 925 877 et
967 796 1230 877 monendo
1276 799 1551 877 hancnnos
1578 797 1780 877 docuit
1821 796 2139 877 dominicam

528 934 534 941 ,
569 866 823 933 οέονςετθ
847 875 1125 936 culturam,
1149 870 1333 924 dicens
1362 885 1374 920 :
1403 867 1508 941 Ego
1536 866 1984 941 plantavi,_Apollo
2007 867 2139 941 rigat

568 951 676 1012 vit;
713 946 802 1001 sed
838 944 976 998 Deus
1006 934 1359 1012 incrementum
1385 937 1520 1012 dedit
1537 934 1648 1012 ‘;_et
1680 935 1846 1012 paulo.
1873 944 2016 1012 post,
2050 934 2141 1012 Dei

567 1005 702 1072 enim
727 1031 899 1071 sumus
929 1011 1206 1079 cooperarii
1224 1051 1238 1072 ,
1269 1009 1359 1061 Dei
1388 1007 1725 1079 agricultura,
1751 1005 1846 1058 Dei
1871 1006 2139 1079 mdi/icatio

568 1089 687 1142 estis
732 1086 785 1157 (ι
814 1084 938 1157 Cor.
974 1074 1059 1147 nt,
1091 1084 1151 1157 6_,
1197 1080 1307 1157 9)_;_
1344 1088 1395 1131 et
1424 1074 1553 1128 alibi
1569 1117 1592 1156 .,
1641 1076 1999 1157 Coeperatores
2044 1074 2141 1157 mei

568 1144 750 1222 estote,
797 1156 1007 1222 fratres,
1044 1144 1089 1204 et
1118 1144 1469 1222 intendileeos
1496 1146 1581 1213 qui
1619 1144 1976 1222 sic_attibulattt
2012 1144 2140 1222 sicut

568 1214 757 1281 habetis
781 1214 995 1296 formant
1031 1230 1253 1296 nostrain
1277 1217 1531 1296 (Philipp.
1552 1231 1628 1296 tu,
1654 1217 1765 1283 l7).
1795 1214 1851 1268 ln
1892 1215 1991 1296 ista
2036 1215 2137 1295 ita-

566 1315 691 1368 que,
717 1284 925 1368 fratres,
952 1292 1217 1368 dominica
1241 1284 1580 1368 ag_t-iciiltUra,
1610 1287 1662 1339 in
1697 1299 1799 1368 qua
1836 1298 1934 1338 nos
1959 1284 2137 1368 Domi-

567 1354 937 1435 nus'operari‘
959 1361 1239 1435 pt'mcepit,
1273 1354 1351 1412 sic
1381 1370 1668 1435 operentur
1691 1395 1705 1416 ,
1746 1363 1805 1408 ut
1839 1354 2139 1435 mercedem

569 1424 880 1507 promissam
908 1424 1054 1507 dono
1077 1424 1258 1507 gratiae
1285 1431 1526 1494 accipere
1550 1438 1865 1480 mereamur.
1904 1424 2139 1494 Tempus

568 1501 669 1571 est,
710 1501 1362 1575 operemur,__laborem.us.
1800 1565 1811 1575 _
2086 1563 2099 1575 ,

636 1565 690 1631 Ξ.
731 1565 976 1641 Quinque
1002 1568 1235 1641 illajnga
1276 1568 1432 1623 boum
1458 1609 1496 1641 νΔ
1525 1582 1643 1636 (lum
1663 1565 1770 1641 _i_lle
1799 1565 2047 1641 invitatus
2086 1565 2138 1617 in

572 1634 857 1715 EvangElio
884 1634 1010 1697 dum
1037 1634 1349 1693 ad'cfnnam
1383 1634 1562 1692 venire
1591 1636 1752 1691 nollet
1780 1676 1793 1696 ,
1826 1634 2053 1715 probare
2082 1650 2139 1687 se

566 1718 701 1773 velle
720 1702 893 1775 dixit,
925 1721 978 1767 et
1012 1718 1294 1783 propterea
1335 1724 1362 1761 a
1406 1722 1554 1762 emna
1596 1721 1653 1783 s_e
1677 1702 1945 1783 excusavit
1971 1702 2135 1783 (με.

572 1803 687 1852 xtv,
713 1785 779 1841 l9
796 1785 837 1854 ),
865 1774 1233 1854 quoniam—sibi
1265 1793 1348 1843 ea,
1379 1794 1485 1854 non
1508 1777 1840 1854 agriculturre
1861 1774 2139 1854 dominica:

566 1842 920 1925 comparavit;
954 1866 1049 1905 nos
1076 1864 1137 1903 ea
1181 1850 1289 1925 ipsa
1321 1842 1697 1925 iptinque'juga
1718 1844 1778 1925 in
1809 1858 1936 1924 agro
1966 1842 2137 1925 ιιξξῃιί-

566 1911 998 1996 nicojungamits.
1024 1911 1217 1996 terrain
1238 1911 1584 1996 durissimum
1600 1911 1761 1996 sulcis
1782 1911 2140 1982 spiritualibus

565 1986 867 2058 exaretnus,
890 2005 1074 2046 semen
1105 1988 1253 2041 verbi
1277 1989 1369 2041 Dei
1401 1986 1755 2058 projicientes,
1782 1997 2140 2058 quascmnqne

565 2068 745 2136 Spinas
770 2052 1028 2136 malarum
1053 2052 1797 2136 cupiditatuminvenerinnts,
1825 2052 2135 2136 evellatmts,

565 2123 933 2198 eradieemus,
974 2123 1153 2203 divini)
1194 2128 1314 2203 igne
1358 2127 1746 2203 s_uccendamus
1772 2141 1805 2203 ,ε
1852 2124 2003 2203 ξιιυίιι
2050 2123 2139 2203 tali

565 2191 727 2276 opere
752 2191 1052 2276 laborantes
1070 2242 1084 2265 ,
1116 2191 1478 2276 DominonDeo
1506 2206 1689 2276 nostro
1719 2192 2028 2276 liducialiter
2056 2191 2141 2276 di-

566 2262 789 2331 camus:
822 2272 1042 2326 Domine
1072 2262 1466 2338 paterfamilias,
1499 2266 1745 2338 quoniam
1778 2272 1828 2315 te
1854 2262 2139 2338 adjuvante

566 2345 786 2401 fecimus
825 2354 960 2410 opus
998 2332 1138 2407 quod
1177 2338 1379 2411 jussisti
1404 2379 1418 2400 ,
1451 2335 1614 2411 redde
1659 2332 1953 2411 mercedem
1977 2346 2137 2411 quam

565 2400 878 2486 promisisti:
902 2400 1029 2475 Quae
1068 2400 1192 2486 sunt
1231 2409 1460 2476 quinque
1490 2406 1573 2458 illa
1597 2405 1728 2485 juga.
1747 2401 1943 2486 boum?
1970 2400 2139 2481 Quin-

564 2473 810 2556 quejuga
839 2473 1016 2556 boum,
1050 2473 1281 2556 quinque
1310 2473 1496 2556 sensus
1524 2473 1761 2556 corporis
1797 2482 1919 2554 sunt
1953 2487 1964 2521 :
1998 2473 2139 2556 visus

565 2541 620 2610 in
654 2541 853 2615 oculis,
893 2541 1102 2620 auditus
1152 2541 1213 2600 in'
1257 2545 1511 2620 auribus,
1550 2541 1775 2620 olfacttts
1808 2542 1860 2595 in
1902 2541 2136 2620 naribus,

565 2632 753 2696 gustus
814 2612 865 2675 in
936 2618 1229 2696 faucibus,
1265 2625 1431 2696 tactus
1499 2615 1549 2696 in
1602 2613 1864 2667 manibus.
1923 2612 1986 2664 Et
2038 2612 2136 2691 ista

560 2681 687 2765 fuga
734 2701 857 2765 sunt
905 2706 919 2742 :
969 2688 1074 2741 duo
1117 2695 1239 2765 sunt
1266 2685 1471 2765 _oculi,
1516 2683 1635 2765 diue
1675 2695 1869 2762 aures,
1913 2681 2137 2765 gemina:

538 2751 722 2821 .na‘res
745 2804 759 2825 ,
788 2761 905 2815 dua:
932 2772 1147 2815 manus:
1177 2764 1230 2809 ct
1265 2756 1316 2808 in
1350 2755 1465 2825 ipso
1491 2761 1642 2825 gustu
1682 2752 1948 2825 geminum
1980 2751 2137 2819 quid-

565 2820 687 2888 dam
736 2820 1037 2892 invenitur,
1081 2825 1291 2893 quando
1339 2820 1514 2893 sapor‘
1542 2824 1655 2891 ipse
1694 2820 1938 2893 faucibus
1980 2830 2137 2893 atque

565 2904 740 2973 palato
763 2891 1032 2970 judicante
1072 2891 1413 2973 discernitur.
1456 2892 1711 2973 [staergo
1749 2891 1978 2973 quinque
2012 2891 2136 2972 juga

568 2961 781 3027 terram'
793 2978 1027 3034 versant,
1057 2965 1266 3036 quando
1288 2965 1397 3019 suis
1418 2962 1606 3036 ofttciis
1635 2961 1994 3036 deservientcs
2013 2962 2137 3036 aui-

566 3057 708 3097 mum
730 3030 1050 3108 carnemque
1071 3030 1257 3105 parant
1282 3036 1322 3108 ξ,
1348 3044 1437 3108 aut
1460 3032 1525 3087 ad
1546 3032 1735 3108 uberes
1762 3030 1958 3108 fruges,
1982 3031 2024 3084 si
2049 3046 2137 3085 ros

566 3112 799 3168 cmlestis
824 3101 1091 3173 infuderit,
1114 3114 1205 3161 aut
1233 3104 1295 3159 ad
1321 3103 1496 3158 aridas
1526 3102 1725 3171 spinas,
1758 3101 1801 3155 si
1828 3103 1963 3173 sicca
1998 3110 2135 3155 terra

566 3180 915 3244 remanserit,
939 3171 1194 3232 eteorum
1236 3190 1369 3244 opus
1392 3175 1441 3226 in
1476 3182 1740 3244 posterum
1764 3171 2133 3244 subsequatur.

632 3250 857 3307 CAPUT
898 3242 959 3301 ll.
987 3277 1057 3287 —
1080 3248 1131 3300 5.
1160 3242 1414 3298 Doniinici
1444 3243 1555 3313 agri
1581 3242 1842 3313 seminatio
1863 3283 1877 3304 ,
1910 3243 2133 3294 exaratio

536 3331 608 3375 et
633 3323 834 3391 rigatio.
880 3318 983 3373 Sed
1027 3316 1273 3391 quoniam
1318 3330 1415 3391 nos
1458 3312 1713 3391 Dominus
1756 3321 1915 3391 atque
1958 3321 2133 3390 pater-

565 3382 788 3445 familias
818 3399 997 3444 noster
1026 3382 1219 3455 passim
1250 3396 1303 3439 et
1330 3386 1445 3455 sine
1474 3383 1578 3437 tilla
1610 3382 2136 3455 discretionecujus-

562 3462 692 3516 libet
718 3461 886 3530 gleba:
917 3450 1098 3530 semen
1126 3456 1270 3530 verbi
1302 3456 1380 3508 sui
1400 3454 1585 3530 jacere
1616 3451 1911 3530 praecepi”
1936 3450 2135 3504 inducit

561 3533 702 3585 enim
719 3521 791 3584 vin
826 3528 1110 3597 Evangelio
1149 3525 1304 3597 hujus
1344 3522 1568 3597 ministri
1613 3521 2045 3597 similitudinem,
2079 3530 2133 3574 et

561 3600 691 3655 dicit
722 3620 737 3655 :
767 3599 899 3654 Ecce
926 3591 1045 3652 exiit
1069 3591 1321 3649 seminans
1359 3594 1604 3647 seminare
1632 3606 1650 3643 :
1680 3600 1725 3643 et
1753 3592 1873 3642 dunt
1899 3591 2130 3655 seminat,

561 3671 702 3724 aliud
722 3670 896 3725 cecidit
911 3670 1039 3721 inter
1074 3667 1264 3735 spinus,
1287 3664 1427 3735 aliud
1445 3664 1495 3714 in
1513 3663 1665 3735 viam,
1683 3662 1824 3714 aliud
1845 3662 1895 3712 in
1910 3672 2127 3728 petrosa,

563 3740 705 3793 aliud
733 3740 786 3792 in
830 3746 1016 3792 terram
1057 3730 1255 3789 bonum.
1307 3733 1374 3787 Et
1419 3748 1538 3785 cum
1583 3730 1971 3784 demonstraret
2013 3746 2131 3799 qua:

562 3819 704 3865 esset
727 3809 940 3877 Spinosa
966 3814 1125 3868 terra,
1155 3804 1393 3877 homines
1420 3801 1663 3855 videlicet
1688 3801 1774 3868 qui
1798 3800 2014 3852 verbum
2042 3800 2131 3855 Dei

560 3881 729 3949 spinis
754 3872 1096 3949 cupiditatum
1141 3872 1429 3949 prtcfocant
1452 3878 1661 3949 tsntnrn
1693 3884 1874 3949 semen
1896 3909 1911 3935 ,
1944 3878 1997 3922 et
2026 3886 2129 3923 non

561 3939 788 4004 reddunt
813 3939 1018 4001 fructus
1052 3939 1303 4015 μιδὶὶιίιυς
1346 3941 1590 4015 similiter
1732 3940 1832 4015 alia
1860 3950 2004 4015 terra
2035 3955 2131 4008 pc-

562 4028 702 4073 trosa
729 4029 886 4087 atque
914 4010 1221 4087 conculcata
1244 4012 1326 4066 via
1352 4026 1506 4087 ,_sua3
1545 4010 1903 4087 similitudinis
1932 4024 2129 4087 propo-

558 4090 675 4141 sitat
702 4079 944 4141 redderet
967 4086 989 4116 '
1019 4086 1294 4143 rationem,
1324 4080 1389 4135 ad
1416 4089 1608 4134 terram
1650 4079 1838 4133 bonam
1869 4079 2127 4148 pervenit,

560 4166 615 4211 ct
636 4158 708 4211 ait
739 4174 751 4209 :
788 4155 933 4221 Quod
958 4163 1123 4207 autem
1164 4152 1337 4205 cecidit
1376 4152 1451 4221 ini
1473 4160 1654 4203 terram
1692 4149 1871 4221 bonam
1891 4149 1990 4221 ,lii
2016 4159 2131 4203 sunt

559 4229 646 4295 qui
682 4220 1109 4295 cunt’accepen'nt
1161 4220 1381 4295 verbum
1416 4220 1511 4274 Dei
1525 4259 1550 4295 _,
1592 4220 1874 4295 custodiunt
1915 4220 2044 4295 illud
2082 4230 2130 4295 et

563 4288 756 4368 faciunt
782 4288 1165 4368 [Mattlt._xnt,
1205 4288 1383 4368 ὅ,
1406 4306 1422 4355 ;
1452 4289 1572 4358 quia
1588 4304 1701 4368 ¹ηομ
1726 4288 1978 4368 auditores
2006 4291 2130 4359 legis

561 4358 679 4441 iusti
703 4358 817 4420 sarit
843 4364 980 4441 apud
1010 4362 1165 4416 Deunt
1188 4402 1203 4426 ,
1231 4360 1319 4415 sed
1339 4358 1553 4441 [ﬁctores
1581 4359 1701 4441 legis
1719 4358 2131 4441 justiﬁcabuntur

562 4435 746 4507 [Rom
776 4451 835 4499 ιι,
865 4429 986 4505 (25])
1020 4450 1034 4487 :
1063 4447 1169 4487 non
1191 4444 1318 4499 ergo
1341 4429 1461 4496 nos,
1484 4429 1827 4507 dilectissimi,
1856 4439 1946 4507 aut
1973 4430 2130 4483 timor

564 4498 861 4574 spinarum,
890 4498 982 4558 aut
1005 4517 1130 4557 saxa
1154 4513 1443 4574 petrarum,
1472 4498 1871 4574 aut_duris_sima
1898 4500 1978 4574 via
2010 4515 2131 4569 per-

561 4568 788 4639 terreat;
806 4568 930 4629 dum
953 4583 1125 4626 tamen
1141 4568 1465 4626 seminantcs
1478 4568 1698 4623 verbum
1719 4568 1831 4634 Dei,
1851 4570 1916 4623 ad
1936 4579 2128 4623 terram

559 4646 752 4698 bonam
777 4643 986 4697 tandem
1010 4640 1290 4711 aliquando
1318 4641 1598 4711 pervenire
1622 4640 1903 4711 possimus.
1933 4639 2130 4711 Accipe

557 4715 778 4769 verbum
809 4714 922 4779 Dei,
953 4708 1127 4767 omnis
1155 4726 1300 4780 ager,
1321 4708 1502 4764 omnis
1529 4708 1688 4780 homo
1712 4749 1728 4773 ,
1758 4709 1868 4763 sive
1893 4709 2087 4780 sterilis
2110 4748 2125 4773 ,

558 4785 672 4839 sive
699 4783 951 4838 fecundus
979 4799 992 4838 :
1020 4797 1120 4851 ego
1158 4779 1401 4851 spargam
1425 4819 1440 4844 ,
1472 4788 1525 4835 tu
1553 4779 1964 4851 videiqnomodo
1989 4780 2130 4851 acci-

602 4856 715 4918 ias;
760 4868 859 4923 ego
900 4849 1111 4922 erogein
1138 4891 1155 4918 ,
1184 4849 1238 4923 tu
1282 4849 1405 4904 vide
1444 4850 1628 4919 quales
1675 4850 1873 4902 fruetus
1916 4849 2125 4923 reddas.

602 4870 715 4918 ιηες
760 4870 859 4923 080
900 4870 1111 4922 crogcm
1138 4891 1155 4918 ,
1184 4870 1238 4904 ιιι
1282 4870 1405 4904 γιυο
1444 4870 1628 4919 quales
1675 4870 1873 4902 ll'UClllS
1917 4870 2125 4903 renuas.

559 4870 745 4979 Blelius
777 4931 859 4977 est
897 4922 1038 4977 enim
1082 4930 1139 4975 ut
1179 4921 1247 4975 de
1288 4931 1505 4990 accepto
1544 4929 1597 4990 tu
1642 4933 1737 4988 pro
1782 4927 1831 4973 te
1870 4919 2128 4990 rationem

557 4994 753 5049 reddas
775 5035 789 5060 ,
820 5008 977 5063 quant
1009 4992 1161 5046 nobis
1199 4998 1302 5046 non
1343 4988 1679 5060 erogantibus
1712 4990 1852 5056 juste
1885 4988 2126 5063 dicatur,

559 5064 716 5119 Serve
744 5059 955 5144 nequam
997 5072 1043 5144 et
1078 5064 1223 5144 piger
1241 5102 1256 5126 ,
1298 5069 1349 5113 tu
1376 5059 1639 5144 δέρξινξῇ
1668 5075 1758 5144 ego
1786 5059 1984 5111 veniens
2016 5074 2130 5111 cum

559 5079 716 5119 Serve
744 5079 955 5144 nequam
997 5079 1043 5115 et
1069 5079 1223 5184 ἥιρει·
1241 5102 1256 5126 ,
1298 5079 1349 5113 tu
1376 5079 1605 5130 erogares
1625 5101 1639 5121 ,
1668 5079 1758 5139 ego
1786 5079 1984 5111 vemens
2016 5079 2129 5111 cum

557 5134 727 5210 usuris
751 5148 997 5210 exigerem
1026 5132 1044 5200 (
1124 5131 1257 5210 attlt.‘
1270 5146 1401 5197 xxv,
1431 5130 1519 5193 26,
1542 5129 1664 5210 .27).
1698 5132 1753 5185 St
1785 5136 1990 5210 verote
2021 5137 2129 5181 ter-

558 5219 673 5258 ram
702 5198 1043 5258 infecundam
1062 5208 1153 5255 aut
1182 5200 1446 5269 spinosam
1475 5200 1558 5253 vel
1598 5198 1792 5254 siccam
1822 5198 2007 5262 sentis,
2040 5212 2128 5252 re—

556 5289 713 5328 curre
737 5273 801 5327 ad
830 5270 1135 5327 Creatorem
1164 5278 1331 5324 tuum.
1367 5270 1476 5323 Hoc
1515 5269 1657 5324 enim
1688 5283 1827 5321 nunc
1850 5270 2041 5337 agitur,
2075 5276 2132 5322 ut

557 5343 847 5408 innoveris,
872 5352 929 5395 ut
953 5340 1271 5405 fecunderis,
1300 5348 1359 5393 ut
1388 5339 1621 5409 irrigeris
1649 5338 1716 5392 ab
1739 5339 1826 5390 illo
1848 5341 1934 5407 qui
1965 5339 2131 5409 posuit

546 5413 807 5481 desertum
835 5413 886 5465 in
916 5421 1096 5481 stagna
1144 5426 1388 5481 aquarum
1411 5450 1425 5474 ,
1452 5408 1525 5481 et,
1546 5417 1729 5481 terram
1774 5409 1881 5481 sine
1921 5425 2050 5474 aqua
2077 5408 2132 5460 in

546 5479 723 5535 exitus
762 5479 1045 5551 aquarum,
1076 5489 1121 5535 et
1166 5480 1391 5535 habitare
1433 5480 1547 5549 fecit
1593 5479 1698 5533 illic
1738 5480 2042 5544 esurientes;
2083 5486 2134 5531 et

621 5652 640 5683 ι
675 5652 751 5718 Sic
779 5650 1071 5718 Fuliensium
1093 5652 1266 5701 codex.
1286 5660 1359 5718 At,
1379 5659 1453 5702 Er.
1482 5658 1532 5703 et
1562 5652 1729 5715 plures
1754 5661 1878 5714 Mss,
1902 5653 2022 5715 loco,
2047 5668 2132 5718 pa-

560 5719 666 5764 rant
684 5712 919 5779 ,_habent,
935 5720 1194 5779 peractam.
1211 5716 1393 5779 _l)einde
1412 5729 1519 5763 cum
1535 5712 1645 5765 Lor.
1667 5712 2020 5779 prosequuntur
2034 5712 2129 5767 sic:

560 5781 641 5825 aut
664 5775 849 5833 uberes,
876 5781 994 5833 etc.,
1010 5781 1094 5824 aut
1111 5775 1292 5835 aridas,
1319 5784 1434 5837 etc.;
1457 5779 1654 5837 omisso,
1668 5775 1762 5826 ad.

618 5841 640 5869 ⁸
677 5844 812 5889 Juxta
839 5841 911 5887 Et.
936 5838 1079 5899 Lugd.
1108 5845 1224 5888 Ven.
1248 5844 1378 5900 tota,
1410 5837 1640 5890 reddens.
1704 5846 1761 5887 nt.

1730 404 1953 460 SERMO
1991 402 2078 459 DE
2114 402 2392 473 QUARTA
2435 404 2660 462 FERIA.

3720 403 3829 463 688

2250 517 2610 569 constituerunt
2638 515 2892 569 civitatein
2943 512 3261 568 habitatioan
3286 554 3299 577 ,
3348 522 3393 567 et
3452 514 3825 570 seminaverunt

2246 596 2502 656 agros.et
2534 586 2879 654 plantaverunt
2914 586 3081 656 vineas
3122 596 3168 638 et
3212 588 3433 655 fecerunt
3459 588 3693 656 functum.
3712 589 3828 656 frit-

2245 654 2396 708 nienti
2424 654 2601 724 (Psal.
2630 671 2717 710 cvr
2741 696 2756 717 ,
2785 656 2953 710 55-57
2972 656 3012 724 ).
3042 655 3120 708 Ex
3148 654 3249 724 qua
3279 654 3465 709 terra?
3489 654 3567 708 Ex
3597 656 3686 709 illa
3712 654 3828 710 ste-

2246 726 2351 788 rili,
2383 725 2595 793 spinosa
2620 765 2634 788 ,
2670 734 2724 779 et
2758 726 3031 792 inaquosa.
3059 725 3126 779 Et
3156 735 3207 778 tu
3229 764 3247 787 ,
3290 740 3616 794 ttnaquthue
3643 725 3823 780 anima

2245 810 2360 863 qua:
2386 795 2595 849 accedis
2622 794 2686 848 ad
2717 796 2984 849 Christum
3010 836 3023 857 ,
3052 805 3193 849 terra
3234 810 3292 848 es
3320 796 3534 861 spinosa
3565 805 3618 848 et
3644 795 3819 850 arida.

2248 864 2397 919 Unde
2416 866 2698 933 probamus
2713 865 2831 933 quia
2857 865 2974 918 talis
2994 869 3090 919 es?
3110 865 3302 918 Recole
3322 866 3462 919 illam
3479 865 3821 929 sententiam,

2243 949 2401 1003 quam
2430 935 2479 987 in
2506 935 2690 1004 primis
2718 936 3025 1003 parentibus
3050 935 3324 1003 accepisti,
3350 944 3404 989 et
3429 935 3669 989 invenies
3692 935 3823 1004 quid

2244 1004 2365 1058 inde
2392 1005 2617 1058 traxisti.
2669 1004 2893 1071 Spinas,
2942 1005 3141 1072 inquit.
3181 1015 3226 1056 et
3274 1004 3484 1057 tribulos
3531 1005 3689 1072 pariet
3734 1006 3825 1058 tibi

2246 1073 2395 1153 (Gen.
2428 1074 2666 1155 muniti).
2702 1076 2781 1154 An
2832 1074 3177 1155 respondebis
3219 1090 3323 1128 non
3370 1085 3421 1128 te
3452 1089 3593 1155 esse
3623 1084 3823 1155 terram

2245 1144 2544 1212 spinosam?
2584 1144 2642 1197 Si
2686 1144 2867 1212 spinas
2910 1159 3013 1196 non
3060 1144 3321 1206 haberes,
3350 1145 3507 1214 capiti
3554 1144 3825 1199 Creatoris

2246 1215 2318 1267 tui
2344 1228 2593 1269 coronam
2620 1214 2856 1282 spineam
2885 1228 2990 1267 non
3020 1214 3340 1283 imponeres.
3373 1216 3502 1279 Quia
3530 1230 3656 1284 ergo
3684 1225 3738 1270 et
3764 1225 3823 1271 tu

2247 1284 2365 1337 talis
2402 1300 2461 1338 es
2485 1325 2500 1349 ,
2533 1284 2801 1352 Spinarum
2838 1284 3172 1338 multitudine
3193 1325 3207 1348 ,
3238 1284 3288 1337 id
3317 1296 3398 1338 est
3438 1294 3774 1353 peccatorum
3800 1326 3819 1349 ,

2245 1364 2565 1422 praegravata
2595 1369 2653 1406 es
2686 1371 2698 1405 :
2729 1352 2849 1407 ideo
2893 1353 2986 1407 tibi
3039 1354 3159 1407 talis
3203 1356 3408 1408 cultura
3442 1352 3818 1422 impenditur,

2246 1432 2521 1492 propterea
2562 1424 2735 1477 crucis
2784 1423 2924 1491 ligno
2971 1425 3241 1486 exararis,
3288 1434 3567 1493 propterea
3609 1425 3819 1480 caelesti

2244 1494 2432 1561 pluviae
2458 1494 2802 1561 prtepararis;
2829 1502 2881 1546 ut
2903 1509 3022 1548 cum
3046 1494 3265 1548 fecunda
3289 1494 3476 1549 effecta
3499 1493 3681 1560 fueris,
3707 1511 3821 1549 non

2241 1564 2521 1631 gratuleris
2545 1562 2611 1617 de
2639 1562 2740 1615 tuis
2763 1605 2777 1627 ,
2805 1579 2921 1631 qum
2950 1564 3087 1617 mtlla
3118 1574 3242 1618 sunt
3265 1606 3277 1618 .
3309 1565 3511 1619 meritis
3529 1605 3543 1627 ,
3574 1565 3666 1619 sed
3693 1565 3821 1619 red-

2242 1633 2374 1685 dens
2413 1634 2581 1716 bonos
2624 1632 2870 1716 fructus,
2896 1633 3091 1686 Christi
3135 1634 3395 1716 praedices
3424 1635 3681 1716 gratiam.
3726 1634 3823 1690 Vis

2244 1717 2400 1774 nosse
2420 1703 2588 1769 qualis
2610 1703 2697 1774 tibi
2731 1703 3044 1774 adhibeatur
3065 1704 3289 1774 cultura,
3318 1703 3486 1773 qualis
3510 1715 3560 1760 te
3583 1704 3824 1774 desuper

2243 1773 2522 1841 perfundat
2544 1772 2749 1842 gratia?
2776 1773 2914 1828 Ecce
2940 1789 3186 1841 agnosce,
3214 1772 3412 1829 Christi
3438 1790 3595 1830 cruce
3616 1772 3814 1830 exara-

2245 1843 2353 1914 ris,
2382 1844 2594 1914 quando
2630 1843 2746 1909 ejus
2773 1844 2924 1911 signo
2970 1846 3019 1896 iu
3053 1844 3225 1898 fronte
3254 1846 3511 1914 signaris;
3540 1844 3653 1913 ejus
3681 1860 3819 1899 san-

2242 1912 2399 1985 guine
2442 1912 2664 1985 rigaris,
2711 1913 2922 1985 quando
2972 1915 3020 1966 in
3076 1925 3246 1968 morte
3295 1912 3459 1985 ipsius
3504 1912 3812 1983 baptizaris.

2246 1983 2496 2051 Quotquot
2547 1983 2723 2045 enim,
2756 1983 2831 2054 ait
2875 1984 3189 2054 Apostolus,
3237 1985 3288 2038 in
3314 1983 3529 2038 'Cltristo
3574 1986 3819 2054 baptizati

2240 2054 2529 2125 sumussin
2552 2062 2709 2125 morte
2735 2052 3155 2125 ipsiusbaptizati
3183 2071 3354 2107 sumus
3375 2055 3399 2125 (
3420 2056 3569 2108 Rom.
3605 2052 3678 2117 vi.
3708 2056 3744 2109 5
3767 2057 3816 2123 ).

2310 2122 2532 2195 CAPUT
2572 2122 2655 2184 ΙΙΙ.
2683 2152 2755 2164 ——
2783 2124 2834 2195 ιτ
2879 2123 3028 2189 Quod
3061 2125 3305 2195 sanguine
3341 2122 3526 2178 Christi
3563 2122 3812 2195 rigantur.

2245 2189 2380 2265 Quid
2395 2194 2469 2265 sit
2495 2192 2673 2265 Amen,
2700 2194 2835 2262 quod
2856 2189 3173 2265 respondent"
3190 2194 3272 2263 qui
3309 2189 3817 2265 sanguinem'Christi

2241 2262 2772 2335 accipiunt.”Multum
2800 2272 2881 2317 est
2904 2262 3040 2335 quod
3067 2262 3261 2317 dictum
3286 2262 3527 2333 estfejus
3550 2266 3815 2335 sanguine

2242 2332 2448 2403 rigaris.
2481 2332 2767 2388 Videamus
2803 2334 3069 2402 quomodo
3114 2349 3208 2403 per
3236 2332 3465 2402 aliquam
3504 2332 3813 2389 similitudi-

2241 2402 2362 2454 nem
2395 2402 2497 2457 hoc
2524 2404 2663 2471 quod
2699 2404 2927 2457 diximus
2953 2402 3176 2472 probare
3207 2405 3490 2472 possimus.
3517 2404 3628 2458 Non
3658 2405 3810 2460 enim

2243 2472 2436 2525 nostris
2461 2472 2795 2528 sermonibus
2819 2514 2832 2536 ,
2865 2473 2958 2527 sed
2991 2472 3321 2528 documentis
3351 2474 3539 2528 divinis
3565 2474 3693 2528 ﬁdes
3718 2491 3812 2530 ac-

2240 2542 2621 2596 commodanda
2648 2553 2747 2596 est.
2781 2543 2934 2609 Ecce,
2968 2543 3242 2607 intendite,
3268 2543 3620 2611 dilectissimi,
3644 2544 3813 2601 Judas

2242 2610 2329 2683 ille
2368 2613 2537 2683 malus
2563 2621 2618 2667 et
2658 2612 2820 2667 falsus
2845 2614 3133 2683 discipulus
3154 2655 3167 2673 ,
3201 2615 3403 2669 venalis
3443 2623 3498 2669 et
3521 2610 3762 2669 venditor
3787 2656 3808 2681 ,

2240 2680 2324 2733 fur
2350 2692 2404 2735 et
2429 2682 2670 2745 traditor,
2700 2692 2911 2750 emptus
2947 2680 3198 2739 alludaais
3221 2725 3237 2749 ,
3264 2694 3320 2738 ttt
3346 2700 3467 2738 cum
3494 2686 3573 2739 eis
3606 2680 3812 2739 manci-

2242 2753 2405 2825 piutn‘
2435 2761 2577 2825 esset
2616 2752 2847 2825 diaboli,
2893 2755 3114 2825 pretium
3172 2755 3437 2823 accipiens
3478 2754 3546 2809 de
3589 2756 3677 2809 illo
3714 2759 3808 2825 qui

2240 2836 2345 2895 non
2391 2821 2547 2895 habet
2587 2824 2851 2895 pretium,
2884 2821 3123 2878 venditor
3166 2821 3435 2895 sanguinis
3474 2824 3707 2891 Christi,
3731 2821 3808 2879 ex

2240 2890 2355 2960 ipso
2399 2890 2597 2961 pretio,
2642 2901 2698 2945 ut
2742 2892 3009 2962 Scriptura
3061 2890 3288 2958 narrat;
3309 2896 3438 2948 emit
3478 2895 3577 2948 sibi
3619 2910 3809 2962 agrum

2240 2962 2379 3030 lignli
2427 2980 2441 3015 :
2491 2972 2547 3015 ut
2596 2964 2675 3033 is
2718 2964 2809 3030 qui
2877 2963 3236 3017 litereditatetn
3309 2965 3566 3033 integram
3645 2962 3809 3019 Chri-

2237 3041 2379 3085 Itum
2433 3048 2537 3086 non
2594 3031 2821 3087 habebat
2871 3034 2923 3088 in
2977 3034 3136 3098 coelo,
3176 3044 3371 3102 partem
3424 3031 3654 3101 aliquam
3706 3036 3810 3089 Ita-

2238 3102 2367 3173 bere
2386 3102 2543 3155 vellet
2571 3103 2620 3156 in
2648 3104 2859 3173 streulo.
2889 3103 3056 3171 Quam
3083 3119 3180 3159 nec
3207 3105 3368 3173 ipsam
3399 3103 3649 3171 possedit,
3676 3104 3808 3173 quia

2241 3172 2455 3226 sceleris
2483 3173 2608 3225 tanti
2642 3171 2759 3226 farti
2800 3174 3010 3227 sibimet
3041 3171 3310 3237 conscius,
3338 3174 3529 3228 collum
3556 3174 3656 3226 sibi
3680 3171 3810 3227 alli-

2237 3243 2395 3308 gavit,
2436 3252 2489 3295 et
2521 3254 2811 3309 pro~tratns
2841 3245 2890 3296 in
2938 3244 3121 3298 faciem
3164 3244 3430 3312 disruptus
3453 3254 3537 3298 est
3571 3242 3808 3298 medius.

2236 3313 2377 3380 Ager
2397 3323 2571 3365 tamen
2593 3313 2678 3366 ille
2705 3313 2790 3380 qui
2818 3315 2885 3367 ab
2911 3328 2976 3368 eo
3002 3324 3336 3380 comparatus
3361 3322 3461 3377 est,
3482 3323 3701 3367 vocatus
3724 3323 3813 3370 est

2236 3382 2682 3473 ⁸5ΑὲἓῖἒὲἶὲΨῆ
2710 3382 2855 3473 (ἔας.
2880 3383 3197 3473 ἎΨῙΗΡ
3226 3384 3482 3473 ΗΪΨἮἿΨ
3514 3383 3811 3473 Εἱεῑὲῗεὲῖῗ

2235 3462 2574 3519 comparatus
2602 3461 2683 3505 cst
2729 3454 2856 3506 tanti
2902 3454 3186 3522 sanguinis.
3226 3453 3471 3507 Vendidit
3508 3453 3803 3522 discipulus

2236 3525 2542 3594 sanguinem
2575 3523 2848 3594 magistri,
2891 3531 2945 3576 et
2983 3526 3113 3594 emit
3154 3524 3349 3594 exinde
3386 3538 3569 3594 agrum
3616 3523 3757 3594 figuli
3789 3540 3808 3577 :

2235 3592 2360 3658 quid
2402 3602 2483 3645 est
2528 3591 2665 3645 hoc?
2713 3593 2998 3657 l’ttlatntts,
3046 3591 3813 3657 dilectissimifvacare‘banc

2234 3662 2495 3731 actionem
2525 3663 2573 3715 in
2604 3662 2691 3714 illa
2720 3662 3022 3717 venditione
3048 3665 3133 3718 vel
3162 3663 3459 3731 emptione,
3495 3664 3577 3717 vel
3613 3663 3665 3717 in
3694 3663 3811 3731 ipsa

2234 3730 2426 3803 Christi
2450 3732 2668 3803 mystica
2716 3731 3001 3786 Passione?
3029 3730 3379 3801 Comparavit,
3412 3734 3486 3787 ait
3512 3731 3807 3802 Scriptura,

2233 3799 2395 3853 Judas
2434 3799 2616 3870 agrum
2651 3803 2817 3870 liguli,
2850 3813 2902 3855 et
2939 3799 3174 3857 vocatus
3202 3810 3285 3856 est
3329 3818 3455 3870 ager
3495 3799 3813 3871 ille,'Ager

2235 3871 2524 3939 sanguinis.
2552 3870 2758 3924 Clamat
2779 3871 2892 3925 haec
2917 3881 3053 3926 terra
3080 3873 3220 3941 quali
3249 3874 3334 3926 vel
3362 3889 3468 3942 quo
3497 3872 3665 3942 pretio
3688 3870 3815 3928 fue-

2234 3942 2303 4012 rit
2317 3949 2618 4012 comparata
2638 3958 2651 4005 ;
2676 3941 2782 4012 imo
2799 3943 3021 4010 pretium
3040 3942 3211 4012 ipsum
3231 3941 3444 4008 clamat,
3459 3941 3670 4012 sanguis
3690 3942 3814 4011 ipse

2233 4010 2445 4081 clamat,
2464 4011 2591 4081 Abel
2611 4012 2697 4065 ille
2712 4011 2885 4080 justus
2910 4014 2976 4068 ab
3003 4010 3163 4081 impio
3186 4011 3346 4066 fratre
3361 4010 3811 4067 occisus‘claniat.

2232 4079 2468 4151 Namque
2490 4121 2505 4146 ,
2535 4079 2861 4136 dilectissimi
2884 4122 2899 4145 ,
2939 4098 3057 4138 cum
3081 4079 3203 4137 ‘htec
3233 4081 3519 4137 similitudo
3549 4082 3816 4151 passionis

2232 4150 2430 4205 Christi
2455 4160 2511 4205 et
2538 4152 2767 4220 nequitia
2796 4151 2945 4207 Judze
2968 4168 3031 4207 ac
3055 4153 3359 4208 Iudaeorum
3389 4154 3439 4206 in
3472 4150 3573 4207 illis
3598 4153 3815 4208 duobus

2234 4221 2417 4291 primis
2445 4233 2828 4276 monStraretur
2856 4222 3126 4288 fratribus,
3158 4222 3286 4278 Cain
3315 4231 3371 4276 et
3398 4223 3563 4284 Abel;
3593 4233 3816 4291 postea-

2233 4306 2392 4361 quam
2409 4306 2439 4345 a
2456 4291 2654 4360 majore
2678 4292 2837 4346 fratre
2856 4294 3028 4347 minor
3044 4294 3250 4348 occisus
3265 4301 3364 4353 est.
3380 4293 3445 4347 ab
3464 4292 3639 4347 invido
3656 4291 3817 4347 inno-

2233 4376 2362 4415 cens
2382 4370 2685 4430 peremptus
2704 4372 2805 4428 est,
2824 4378 2853 4416 a
2876 4365 3132 4418 scelerato
3150 4364 3267 4431 pius
3289 4363 3592 4417 interfectus
3609 4369 3711 4427 est,
3734 4362 3818 4416 in-

2232 4439 2463 4503 terrogat
2483 4432 2620 4503 Deus
2636 4431 2784 4503 Cain,
2805 4435 2952 4501 quasi
2981 4434 3209 4497 nescius,
3232 4435 3379 4503 quasi
3405 4433 3634 4503 ignarus,
3658 4442 3712 4486 et
3729 4432 3817 4487 di-

2232 4501 2337 4573 cit_:
2360 4501 2457 4556 Ubi
2474 4510 2545 4554 est
2556 4501 2678 4555 Abel
2695 4504 2850 4573 frater
2865 4504 3013 4573 tuus?
3027 4503 3157 4569 Quae
3170 4501 3267 4557 vox
3287 4519 3389 4559 non
3403 4513 3483 4557 est
3497 4502 3813 4573 ignorantis,

2232 4571 2326 4625 sed
2355 4578 2625 4644 peccatum
2654 4571 2776 4644 ante
2801 4572 2981 4627 oculos
3002 4574 3243 4644 scelerati
3272 4571 3636 4644 potitantis';_ut
3663 4576 3818 4629 inex-

2232 4640 2480 4695 cusabilis
2494 4642 2559 4693 sit
2574 4642 2747 4711 omnis
2764 4640 2920 4697 homo
2940 4642 3027 4711 qui
3045 4652 3100 4697 et
3117 4640 3416 4697 admonitus
3434 4642 3689 4709 poenitere
3702 4659 3815 4698 non

2232 4711 2344 4784 vult
2364 4712 2414 4763 in
2437 4712 2598 4784 malo.
2621 4710 2716 4765 Ubi
2735 4720 2808 4765 est
2825 4712 2948 4765 Abel
2962 4710 3123 4784 frater
3137 4722 3251 4766 tuus
3266 4714 3292 4767 .9
3311 4713 3409 4767 hoc
3428 4712 3716 4784 fuitdicere
3728 4714 3778 4767 ei
3797 4731 3812 4767 :

2232 4780 2495 4848 Agnosce,
2505 4781 2658 4852 Cain,
2673 4796 2777 4835 non
2796 4797 2881 4836 me
2902 4780 3135 4851 potuisse
3156 4784 3320 4839 latere
3335 4783 3386 4837 id
3403 4783 3542 4852 quod
3561 4798 3645 4837 me
3662 4793 3818 4852 puta-

2233 4857 2299 4904 sti
2324 4865 2477 4920 posse
2502 4851 2697 4916 latere;
2728 4867 2956 4921 agnosce
2983 4852 3105 4921 quid
3132 4852 3339 4915 feceris.
3365 4851 3431 4907 de
3452 4851 3693 4921 proximo
3712 4869 3816 4921 age

2233 4921 2617 5001 pmuitentiam,
2636 4929 2699 5001 .ut
2725 4924 2894 5001 possis
2920 4924 3158 5001 accipere
3187 4922 3584 5001 indulgentiam:
3613 4922 3815 4977 Verum

2234 4991 2321 5043 ille
2346 5005 2505 5062 sensu
2535 4992 2737 5058 durior,
2765 4993 2816 5046 in
2839 4991 3050 5047 scelere
3070 4991 3407 5060 pertinacior.
3430 4993 3665 5045 moribus
3687 5009 3819 5062 per—

2234 5060 2401 5131 versis
2422 5061 2474 5113 in
2504 5061 2678 5114 anima
2705 5076 3005 5131 percussus,
3029 5063 3312 5131 respondet
3340 5064 3448 5116 Deo
3466 5060 3759 5126 dicenti,'U
3767 5064 3819 5115 bi

2234 5139 2306 5183 est
2327 5130 2481 5203 frater
2497 5131 2650 5203 tuus?
2668 5140 2728 5203 et
2741 5131 2887 5203 dicit,
2908 5130 3397 5203 NescimNumquid
3414 5148 3503 5203 ego
3518 5143 3684 5203 custos
3696 5149 3820 5203 sunt

2237 5199 2406 5280 fratris
2429 5201 2525 5254 mei
2536 5200 2571 5280 .1?
2597 5200 2731 5280 Quid
2751 5201 2901 5280 dicis,
2930 5200 3089 5280 Cain?
3114 5202 3197 5280 cu_i_
3224 5199 3354 5280 dicis
3373 5245 3387 5264 ,
3411 5199 3461 5280 1]
3467 5203 3595 5280 escio
3615 5202 3642 5254 ?
3678 5202 3817 5280 Cum

2237 5269 2332 5341 illo
2348 5269 2578 5341 loqueris
2593 5270 2684 5338 qui
2704 5273 2879 5325 omnia
2902 5272 3043 5324 videt
3063 5272 3229 5325 oculis
3253 5273 3381 5326 suis.
3399 5272 3545 5339 Quid
3574 5281 3655 5325 est
3670 5272 3819 5341 quod

2237 5286 2326 5322 mo
2348 5286 2684 5389 towcrtsqm
2704 5286 2879 5325 omnia
2902 5286 3043 5324 vmet
3063 5286 3229 5325 oculis
3253 5287 3381 5326 suis.
3399 5286 3545 5339 Quid
3574 5286 3819 5341 eStquoa

2236 5338 2386 5401 dicis,
2415 5342 2679 5412 .Aumquid
2705 5357 2795 5411 ego
2823 5352 2987 5395 custos
3012 5343 3185 5412 fratris
3214 5346 3311 5395 mei
3335 5357 3444 5395 sum
3461 5342 3486 5394 .9
3512 5341 3657 5395 Talia
3687 5357 3821 5411 per-

2276 5409 2495 5480 etrando
2535 5409 2770 5480 repulisti
2803 5427 2830 5464 a
2862 5421 2912 5466 te
2943 5412 2992 5464 in
3013 5409 3276 5466 omnibus
3313 5413 3557 5465 timorem
3606 5409 3717 5466 Dei.
3752 5412 3823 5467 Et

2285 5479 2493 5552 ominus
2523 5479 2807 5552 illisQuid
2835 5482 3045 5552 fecisti?
3092 5480 3201 5535 Vox
3242 5482 3502 5552 sanguinis
3541 5482 3713 5550 fratris
3742 5483 3823 5537 tui

2237 5548 2425 5603 clamat
2443 5552 2510 5603 ad
2530 5568 2608 5604 me
2626 5551 2687 5604 de
2708 5548 2858 5604 terra.
2884 5551 2939 5606 Si
2967 5552 3106 5606 enim
3135 5565 3282 5606 esses
3310 5548 3489 5606 fratris
3509 5548 3580 5606 tui
3607 5563 3818 5619 custos.

2239 5620 2355 5689 ejus
2393 5636 2498 5675 non
2537 5636 2685 5677 esses
2732 5622 3054 5676 interfector.
3102 5620 3161 5677 Sl
3206 5636 3522 5691 agnosceres
3569 5621 3823 5676 fraterni-

2239 5699 2442 5755 tatem,
2497 5700 2691 5745 tantam
2747 5706 2853 5744 non
2897 5693 3257 5746 committeres
3304 5692 3705 5746 immanitatem.
3761 5692 3821 5748 Si

2242 5761 2458 5814 timeres
2484 5778 2655 5815 meum
2695 5762 2971 5828 iudicium,
3002 5763 3052 5815 in
3084 5762 3297 5816 fratrem
3324 5777 3427 5815 non
3453 5764 3823 5817 committeres

2243 5833 2600 5900 parricidium.
2646 5831 2753 5885 Vox
2793 5833 3050 5903 sanguinis
3092 5833 3264 5904 fratris
3302 5835 3371 5886 tui
3400 5834 3585 5888 clamat
3628 5832 3698 5887 ad
3739 5850 3825 5888 me
