4102 6336
309 424 372 477 de
393 433 546 477 terra.
574 418 645 474 Et
671 436 825 484 nunc,
853 419 929 473 ait
952 418 1227 479 Dominus,
1254 418 1549 471 maledictns
1578 428 1630 471 tu
1655 436 1685 470 a
1713 428 1878 472 terra:

309 508 436 557 non,
467 490 749 545 maledicta
777 499 916 543 terra
941 531 957 553 ,
988 488 1103 554 sed,
1134 488 1427 542 maledictus
1456 498 1507 540 tu
1535 498 1743 557 aterra,
1771 504 1882 556 qua:

306 556 496 634 accepit
521 562 816 634 sanguinein
846 560 1018 629 fratris
1048 561 1120 612 tui
1148 559 1209 611 de
1224 574 1387 634 manu
1416 569 1500 610 tua
1527 556 1677 634 (Cen.
1709 574 1784 624 tv,
1818 560 1878 612 1·-

309 634 368 687 11
386 630 433 705 ).⁷
462 634 705 705 Agnosce
724 630 855 705 iam,
884 639 1045 692 terra,
1078 630 1325 699 quoniam
1355 631 1611 705 sanguine
1637 630 1803 705 rigata
1824 644 1882 683 es

309 700 643 766 innocentis,
682 701 939 755 convince
980 716 1161 753 vocem
1202 700 1442 768 negantis
1468 741 1481 761 ,
1513 700 1721 768 suscipe
1762 714 1883 752 san-

345 774 519 827 uiuem
558 772 877 827 confitentis.
924 770 1326 839 interrogentur
1363 779 1417 822 et
1464 784 1603 822 nunc
1640 768 1805 822 Judas
1831 775 1885 822 et

345 790 519 827 utnctn
558 790 877 827 COIIHICIIUS.
925 790 1326 839 tntcrrogentur
1363 790 1417 822 Cl
1465 790 1603 822 llIlIIC
1640 790 1805 822 Juuas
1831 790 1884 822 Cl.

305 790 500 908 §udaei,
524 842 631 895 imo
661 842 711 895 in
732 842 865 896 .luda
886 855 1072 895 omnes
1092 840 1279 895 Judmi.
1314 839 1608 905 lnterroget
1631 839 1884 893 Dominus

310 913 503 969 ludam
533 922 588 967 et
628 911 767 965 dicat
810 913 858 966 ei
907 929 920 963 :
960 910 1091 966 Juda
1118 951 1132 973 ,
1174 910 1260 964 ubi
1307 919 1390 963 est
1439 909 1680 963 Christus
1722 908 1885 962 frater

310 983 472 1037 tuus?
516 982 595 1035 Au
640 982 775 1035 forte
825 981 1061 1034 dit-turus
1108 996 1204 1041 cs,
1252 986 1297 1033 o‘
1328 980 1463 1033 male
1509 980 1706 1042 frater,
1740 979 1882 1047 quod

304 1054 555 1110 Christus
582 1063 699 1106 tuus
728 1067 834 1105 non
861 1051 955 1104 fuit
983 1051 1179 1105 frater?
1208 1050 1502 1103 (lonviurat
1530 1061 1579 1101 te
1607 1050 1751 1117 prius
1771 1050 1885 1115 ipse

311 1124 565 1179 Dominus
578 1121 717 1192 quod
733 1132 852 1192 tuus
865 1121 1019 1192 fuerit
1037 1120 1215 1175 frater.
1236 1120 1513 1184 Dicnobis,
1531 1119 1748 1192 Domine
1761 1118 1885 1192 lusu

303 1195 519 1249 Christe
542 1234 556 1255 ,
593 1189 765 1246 utrum
795 1191 958 1246 Judas
999 1191 1152 1244 fuerit
1190 1192 1349 1243 frater
1380 1200 1519 1241 tuus.
1553 1189 1879 1257 Respondet,

312 1266 379 1319 Et
405 1264 452 1318 si
480 1262 615 1328 fuit,
652 1263 744 1316 fuit
776 1280 789 1315 :
830 1277 934 1315 non
976 1262 1116 1315 enim
1146 1271 1227 1314 est
1253 1260 1393 1329 quod
1442 1260 1540 1312 fuit
1563 1300 1578 1325 ,
1608 1270 1663 1312 et
1691 1260 1734 1312 si
1766 1259 1881 1323 fuit,

309 1337 445 1388 luit:
492 1348 593 1403 ego
636 1334 777 1387 enim
820 1332 1140 1401 generaliter
1172 1331 1243 1385 de
1287 1330 1533 1403 onmibus
1584 1331 1721 1403 l’atri
1750 1346 1887 1403 _meo

307 1405 418 1459 dixi
442 1445 457 1469 ,
515 1398 844 1456 Ᾰηιηιηιίαὑό
874 1418 1053 1455 nomen
1091 1413 1229 1454 tuum
1259 1400 1499 1469 fratribus
1543 1401 1666 1453 meis
1695 1400 1714 1469 (
1740 1398 1882 1452 Psal.

312 1492 403 1529 ιιι
428 1516 444 1538 ,
472 1473 545 1529 2‘5
568 1476 607 1541 ).
653 1474 816 1533 Ecce,
847 1472 1013 1534 inda,
1060 1472 1333 1525 convictus
1362 1485 1421 1523 cs
1462 1471 1605 1541 quod
1643 1470 1888 1541 Christus

307 1545 469 1599 fuerit
498 1540 659 1597 frater
684 1552 827 1597 tuus.
859 1542 956 1597 Ubi
979 1552 1049 1595 est
1081 1542 1235 1610 frater
1255 1551 1368 1610 tuus
1395 1541 1419 1593 .'
1445 1540 1747 1606 Responde,
1778 1540 1884 1602 die,

305 1629 554 1685 sequere,
586 1614 671 1667 dic
700 1613 838 1685 quod
878 1609 1092 1685 disitet
1118 1611 1242 1685 ille,‘
1262 1609 1464 1663 Nescio.
1507 1610 1768 1685 Numquid
1798 1626 1887 1677 eqo

306 1681 421 1739 sum
446 1694 615 1738 custos
629 1684 817 1807 Jratris
847 1683 945 1735 mei
968 1684 993 1737 ?
1020 1681 1135 1736 Non
1157 1681 1299 1734 enim
1339 1691 1389 1733 et
1418 1690 1469 1733 tu
1502 1681 1642 1734 fuisti
1669 1689 1848 1734 custos
1870 1722 1885 1742 ,

308 1756 398 1807 oni
436 1765 491 1807 et
530 1770 626 1807 nro
666 1755 768 1807 itor
799 1752 967 1807 factus
996 1768 1055 1807 es
1081 1759 1134 1805 et
1159 1752 1421 1804 venditor.
1457 1751 1548 1804 Dic
1573 1792 1588 1807 .
1629 1749 1885 1807 Numquid

308 1756 398 1826 qui
436 1765 491 1809 et
530 1749 768 1824 proditor
799 1752 967 1826 factus
996 1768 1055 1826 es
1081 1759 1134 1805 et
1159 1752 1421 1826 venditor.
1457 1751 1548 1804 Dic
1573 1792 1588 1813 ,
1629 1749 1889 1826 Numquid

309 1819 422 1880 sum
457 1819 626 1879 cnitos
663 1825 836 1894 fratris
873 1824 965 1894 mei
989 1823 1012 1877 .’
1038 1830 1096 1876 ut
1124 1822 1510 1894 respondeatur
1531 1831 1581 1874 ct
1606 1821 1739 1894 ilbi,
1778 1819 1889 1873 Vox

310 1896 575 1977 sanguinis
597 1891 776 1977 fratris
808 1896 876 1947 tui
908 1893 1185 1977 claniuLad
1214 1909 1291 1945 me
1311 1893 1376 1973 de
1398 1901 1550 1977 terra.
1591 1891 1726 1977 Quid
1739 1894 1887 1977 enim

310 1961 440 2021 dicit
464 1961 640 2020 omnis
666 1964 825 2017 homo
855 1975 992 2017 terra
1020 1964 1043 2016 ?
1070 1961 1273 2015 Primus
1294 1963 1434 2015 enim
1463 1961 1611 2014 homo
1648 1962 1709 2014 de
1734 1971 1885 2017 terra.

309 2047 536 2091 terrenus
564 2052 582 2101 ;
609 2045 662 2089 et
685 2077 699 2096 ,
733 2034 912 2098 Qualis
950 2043 1174 2087 terrenus
1199 2074 1211 2094 ,
1244 2033 1369 2085 tates
1398 2041 1442 2084 et
1470 2033 1649 2085 terreni
1688 2031 1741 2101 (1
1770 2030 1887 2085 Cor.

311 2122 385 2161 xv
409 2148 425 2171 ,
448 2107 516 2160 47
536 2116 583 2159 et
612 2103 736 2176 48).
768 2106 901 2170 Quid
932 2105 1059 2176 dicit
1081 2105 1259 2176 omnis
1303 2103 1475 2176 homo
1499 2111 1667 2176 terra,
1681 2102 1893 2176 quando

312 2178 504 2246 accipit
542 2172 851 2246 sanguinem
895 2174 1090 2246 Christi
1117 2174 1140 2225 ?
1164 2179 1330 2226 Amen
1378 2173 1522 2246 dicit.
1551 2172 1709 2246 Quid
1765 2182 1847 2226 est
1872 2212 1888 2236 ,

318 2241 482 2301 Amen
508 2247 533 2299 ?
561 2241 755 2300 Verum
787 2255 886 2300 cst.
917 2245 1050 2312 Quid
1083 2252 1167 2298 est
1194 2259 1372 2295 verum
1403 2243 1427 2294 ‘t
1465 2242 1595 2306 Quia
1627 2241 1777 2312 fusus
1805 2251 1887 2296 est

316 2317 531 2387 sanguis
558 2315 778 2370 Christi.
810 2318 926 2380 Quo
946 2311 950 2312 ⁷
970 2315 1192 2368 faciente
1306 2314 1573 2387 Discipulo
1597 2311 1734 2387 inda
1768 2323 1845 2365 tra
1866 2342 1890 2352 -

314 2381 499 2443 deuio.
529 2387 695 2441 Amen
722 2387 966 2447 dicendo,
998 2400 1181 2438 vermn
1202 2381 1481 2439 clamando
1506 2382 1633 2435 dicit
1664 2382 1763 2435 hoc
1785 2398 1894 2434 om-

316 2459 398 2512 nis
446 2458 608 2510 homo
656 2468 815 2511 terra.
867 2457 1000 2509 Ecce
1024 2496 1038 2519 ,
1082 2454 1213 2509 .luda
1240 2496 1255 2518 ,
1288 2469 1383 2506 vos:
1420 2453 1681 2523 sanguinis
1718 2453 1891 2523 fratris

317 2528 392 2581 tui
423 2529 610 2582 clamat
636 2528 703 2580 ad
732 2543 810 2581 me
837 2525 900 2580 de
925 2535 1077 2580 terra.
1110 2526 1454 2579 Probavimus
1482 2524 1603 2593 quia
1634 2522 1748 2593 ejus
1773 2538 1894 2577 Sau-

313 2599 474 2669 guine
494 2599 703 2707 rigaris.
811 2602 818 2611 '

385 2669 538 2707 mm
568 2667 611 2707 ἰ’
643 2667 725 2707 ιν
746 2699 816 2707 _

385 2663 611 2724 CAPUT
641 2667 728 2722 IV.
746 2699 816 2709 —
841 2668 894 2723 5.
929 2667 1148 2737 Sanguis
1171 2663 1359 2737 Christi
1382 2664 1631 2737 quomodo
1649 2664 1892 2737 accipien-

316 2740 433 2793 dus.
448 2739 763 2808 Stephanus,
797 2733 1097 2808 Cyprianus,
1117 2733 1438 2808 Laurentius,
1453 2733 1718 2808 Perpetua
1735 2745 1780 2787 et
1803 2733 1895 2788 Fe-

318 2806 826 2874 licitas.Vide,terra,
842 2806 1115 2877 quomodo
1138 2808 1367 2876 accipias
1385 2807 1523 2877 hunc
1539 2806 1848 2877 sanguinem
1875 2823 1887 2877 ς

320 2881 442 2948 quia
460 2879 547 2949 qui
570 2894 691 2932 eum
720 2881 851 2933 bene
866 2875 1057 2947 accipit
1076 2919 1091 2944 ,
1114 2875 1309 2949 accipit
1321 2875 1744 2949 benedictionem
1767 2876 1895 2949 ,ιιιιί

319 2945 445 3004 vero
472 2945 595 3004 eum
622 2949 757 3004 male
771 2945 1253 3017 accipit,judieium
1272 2946 1370 3017 sibi
1399 2945 1626 3017 bibendo
1646 2947 1894 3017 acquirit.

320 3019 429 3075 Hoc
455 3021 734 3090 figuratum
771 3029 853 3075 est
881 3015 935 3074 et
968 3015 1020 3073 in
1052 3019 1141 3072 illo
1164 3015 1467 3090 πει-1111111111
1490 3058 1505 3081 ,
1545 3015 1614 3069 de
1654 3030 1760 3085 quo
1810 3016 1895 3090 di-

318 3102 458 3145 ctum
486 3086 566 3145 cst
595 3090 733 3161 quod
758 3100 900 3161 esset
924 3104 1051 3161 ager
1069 3088 1338 3161 sanguinis
1358 3089 1622 3161 :fsecutum
1647 3095 1729 3161 esi
1754 3086 1893 3161 enim

323 3170 378 3214 ut
411 3156 680 3216 diceretur
702 3203 716 3221 ,
747 3160 867 3214 Fiat
896 3156 1016 3213 vilia
1041 3161 1150 3230 ejus
1175 3159 1370 3230 deserta
1398 3157 1417 3225 (
1431 3158 1551 3230 _Act._
1580 3172 1629 3230 r,
1660 3156 1732 3230 20_
1750 3164 1787 3222 ).
1839 3156 1895 3230 Si

319 3233 462 3285 enim
488 3232 571 3313 .ad
616 3230 804 3313 iuriam
834 3226 1074 3313 pertines
1092 3269 1108 3293 ,
1154 3228 1373 3310 si_facta
1396 3226 1516 3313 ej‘us‘
1541 3226 1765 3279 imitaris
1787 3268 1802 3292 ,
1850 3226 1892 3307 si

318 3302 627 3373 sanguinem
653 3296 850 3373 Christi
881 3316 984 3353 non
1026 3315 1146 3373 cum
1167 3369 1179 3373 Δ
1188 3298 1381 3373 timore
1408 3305 1463 3351 et
1494 3305 1735 3373 tremore
1759 3296 1899 3350 acci-

359 3366 443 3438 isE
465 3373 573 3426 eris
598 3372 720 3425 villa
748 3372 978 3437 deserta,
1008 3369 1309 3432 maledicta,
1333 3366 1558 3435 reproba
1578 3376 1633 3420 et
1658 3367 1892 3436 Spinosa.

359 3387 401 3427 vs
422 3390 437 3438 ;
465 3388 573 3426 eris
598 3387 720 3425 Villa
748 3387 978 3437 deserta,
1008 3387 1309 3432 matemcra,
1333 3387 1558 3435 reproua
1578 3387 1633 3420 et
1658 3387 1892 3436 spinosa.

319 3387 374 3496 gi
400 3452 578 3497 autem
609 3442 920 3511 sanguinem
953 3440 1149 3494 Christi
1183 3439 1746 3511 totacumreverentia
1778 3452 1900 3505 per-

319 3514 475 3583 cipis,
508 3508 798 3583 cognosces
838 3527 932 3581 per
953 3512 1099 3565 illum
1145 3519 1231 3563 tua
1276 3509 1365 3583 tibi
1415 3508 1606 3583 dimitti
1637 3517 1893 3583 peccata,

323 3576 730 3705 quoniam'alger
758 3576 853 3637 ille
873 3598 1029 3651 quem
1058 3580 1384 3650 comparavit
1412 3578 1575 3633 Judas
1595 3620 1609 3643 ,
1639 3576 1780 3646 ﬁguli
1808 3578 1895 3631 di-

323 3666 437 3705 ctus
464 3662 549 3705 est
579 3670 593 3705 :
679 3654 787 3705 abet
818 3661 1105 3705 potestatem
1134 3651 1317 3705 ﬁaulus
1357 3650 1545 3705 latter
1580 3648 1752 3701 eadem
1779 3664 1895 3701 con-

319 3648 437 3708 etus
464 3662 549 3708 est
579 3670 593 3705 :
626 3648 787 3706 Habet
816 3648 1105 3721 potestatem
1132 3648 1317 3720 ﬁgulus
1357 3650 1545 3721 luti,“
1580 3648 1752 3721 eadem
1779 3664 1899 3721 con-

320 3726 583 3794 sparsione
608 3718 977 3794 aliudqiridem
1003 3738 1087 3794 vas
1116 3718 1280 3794 facere
1304 3722 1354 3772 in
1381 3720 1622 3794 honorent
1635 3760 1649 3783 ,
1673 3718 1815 3770 aliud
1844 3719 1899 3772 in

321 3790 675 3848 contumeliam
698 3790 883 3865 (Rom.
919 3809 991 3859 nt,
1019 3793 1081 3846 21
1103 3793 1147 3862 ).
1173 3791 1226 3865 0Δ
1243 3801 1381 3865 terra
1413 3799 1563 3865 tanto
1583 3790 1745 3865 rigata
1764 3804 1902 3865 san-

358 3866 515 3931 uiue,
561 3860 825 3934 responde
855 3873 1002 3934 1111111)
1045 3860 1328 3934 sanguini,
1380 3875 1481 3914 non
1521 3860 1657 3934 sicut
1684 3860 1815 3912 Cain
1845 3870 1899 3913 et

358 3881 515 3931 utne,
561 3881 825 3934 responde
855 3881 1002 3918 1111111)
1045 3881 1287 3931 sangtultl
1314 3904 1328 3925 ,
1380 3881 1481 3914 11011
1521 3881 1657 3913 Stcut
1684 3881 1815 3912 uuu
1845 3881 1898 3913 et

320 3881 486 3990 indas
514 3935 674 3989 verba
703 3933 1060 3989 excusationis
1084 3973 1099 3997 ,
1146 3932 1240 3986 sed
1265 3932 1403 3985 sicut
1434 3931 1602 3983 sancti
1635 3939 1898 3998 martyres

323 4006 485 4060 verba
511 4004 881 4060 confessionis.
928 4003 1211 4072 Responde
1239 4003 1374 4055 sicut
1414 4000 1688 4072 respondit
1714 4000 1900 4072 beatus

321 4074 623 4147 Stephanus
644 4117 661 4140 ,
690 4075 852 4147 quiin
879 4073 983 4128 isto
1008 4070 1136 4147 agro
1164 4072 1430 4147 dominico
1474 4080 1529 4124 ut
1557 4070 1727 4147 bonus
1754 4071 1902 4123 colo.

325 4139 433 4200 nus'
463 4139 749 4215 plurimum
788 4139 1078 4199 laborando
1118 4158 1253 4215 genu
1283 4143 1399 4215 iiixit
1425 4183 1449 4215 ,_
1471 4150 1630 4210 atque
1665 4139 1732 4195 de
1760 4149 1896 4194 terra

323 4212 536 4285 petrosa
578 4216 882 4270 vulneratus
911 4255 927 4281 ,
972 4229 1037 4269 ex
1080 4212 1141 4267 ea
1192 4213 1392 4282 lapides
1423 4212 1488 4285 _in
1530 4226 1631 4285 suo
1672 4225 1900 4279 corpore

323 4281 575 4356 ianquam
606 4286 657 4339 in
687 4287 807 4339 sinu
850 4299 949 4339 suo
974 4284 1229 4356 eollegit_;
1246 4281 1313 4337 et
1341 4281 1662 4356 sudandoAin
1689 4296 1853 4349 opere
1878 4320 1895 4345 ,

323 4351 520 4411 terram
547 4364 730 4413 sancto
754 4356 1010 4425 sanguine
1031 4351 1250 4423 rigando
1270 4362 1554 4425 centenum
1582 4351 1809 4425 fructum
1833 4366 1898 4404 cx

324 4427 593 4498 martyrio
628 4422 874 4498 Domino'
897 4422 1263 4498 praesentavit.
1311 4422 1594 4498 Responde
1632 4423 1769 4498 sicut
1811 4436 1898 4498 re-_-

322 4492 538 4568 spondit
557 4496 868 4567 Cyprianus,
896 4492 1532 4568 Laurentius,c:etcrique
1557 4492 1724 4568 sancti
1752 4492 1899 4568 pueri

325 4562 381 4624 et
408 4562 784 4637 puellm'jretas
816 4566 989 4637 omnis
1013 4573 1068 4637 et
1095 4572 1322 4637 uterque
1359 4578 1523 4637 sexus
1547 4603 1563 4626 ,
1611 4562 1702 4637 qui
1728 4562 1901 4631 perci-

322 4632 529 4707 pientes
571 4632 881 4707 sanguinem
922 4635 1161 4707 Christi,
1206 4632 1566 4707 testimonium
1614 4632 1854 4707 dicentes
1880 4671 1896 4695 ,

323 4703 376 4763 et
408 4724 513 4764 non
540 4703 791 4776 negantes
822 4720 1013 4761 nomen
1043 4706 1278 4776 Christi,
1321 4719 1418 4771 pro
1455 4703 1712 4776 stringuine
1739 4716 1899 4770 quem

320 4779 591 4842 biberunt,
612 4772 925 4847 sanguinem
953 4790 1107 4829 suum
1132 4774 1351 4847 fimdere
1378 4790 1480 4847 non
1502 4772 1896 4836 dubitaverunt,

321 4849 591 4919 simulque
620 4843 739 4902 cum
771 4847 1115 4919 Perpetuaet
1140 4844 1411 4919 eliciiate
1432 4843 1492 4919 in
1524 4851 1784 4919 atternum
1824 4857 1901 4895 re-

322 4911 993 4989 gnare'mcruerunt.‘}loc
1031 4917 1087 4989 in
1129 4914 1445 4989 Apocalypsi
1486 4911 1757 4989 revelante
1799 4926 1899 4964 an-

321 4982 443 5058 gelo
466 5030 482 5055 ,
512 4988 743 5043 Joannes
766 4987 911 5058 ividit
941 4986 1134 5039 turbam
1161 4982 1367 5038 multum
1405 5000 1553 5052 quam
1583 4982 1902 5035 dinumerare

320 5057 468 5113 nemo
495 5068 707 5130 poterat.
740 5057 883 5130 Hanc
907 5058 1457 5130 requirensqumnam
1477 5061 1646 5130 esset,
1676 5066 1896 5130 respon-

320 5145 441 5185 sum
474 5121 578 5184 tale
610 5128 815 5198 accepit
853 5144 867 5181 :
902 5126 973 5179 Hi
985 5121 1142 5189 sunt,
1168 5121 1373 5198 dictum
1415 5133 1531 5198 est,
1563 5122 1646 5191 qui
1667 5121 1901 5198 iuverunt

319 5202 479 5254 stolas
514 5216 663 5263 suas,
695 5193 1007 5251 et'candidas
1034 5214 1117 5251 eas
1150 5197 1373 5267 fecerunt
1408 5197 1461 5248 iu
1500 5194 1742 5265 sanguine
1767 5193 1899 5263 Agni

360 5270 520 5323 Apoc.
552 5286 657 5323 vn.
684 5269 738 5323 9.
771 5269 893 5323 Ml.

317 5270 520 5395 (Λίνος.
552 5286 657 5335 vn,
684 5268 893 5337 9,14).
1321 5335 1327 5341 ι
1533 5336 1542 5345 ο
1599 5336 1609 5346 ⁸

416 5340 620 5395 'APIJT
651 5340 711 5393 V.
743 5369 815 5380 ——
844 5343 895 5390 6.
944 5337 1126 5390 Anima
1152 5352 1397 5406 sanguine
1425 5335 1607 5406 Christi
1636 5334 1899 5387 dealbatur

319 5421 368 5464 et
397 5412 684 5464 decoratur.
738 5408 966 5465 Christus
1018 5410 1071 5461 in
1122 5405 1354 5475 passione
1390 5423 1420 5458 a
1470 5405 1622 5475 Petro
1662 5414 1895 5475 imgatns.

320 5481 437 5535 .lam
467 5481 712 5551 agnoscis
735 5520 750 5544 ,
782 5481 958 5551 anima
992 5474 1324 5551 christiana,
1366 5474 1808 5551 quemadmodum
1848 5482 1902 5525 et

322 5560 378 5604 tu
405 5567 471 5605 ex
502 5544 610 5604 illo
651 5550 906 5619 sanguine
930 5546 1201 5619 rcfficiaris
1247 5545 1467 5619 candida
1492 5554 1593 5619 ,_ut
1631 5544 1824 5619 manis
1848 5552 1903 5619 et

318 5636 547 5690 corpore
574 5630 628 5675 et
655 5611 816 5675 corde
855 5618 1070 5690 pulchra
1092 5615 1370 5690 ascendas
1410 5613 1477 5666 de
1521 5613 1663 5690 fonte
1701 5611 1899 5690 Christi

316 5682 629 5746 consecrata
675 5692 726 5743 in
770 5682 1045 5757 sanguine.
1076 5686 1209 5752 Quid
1249 5684 1389 5738 enim
1436 5682 1667 5759 manavit
1702 5695 1779 5759 ex_
1808 5682 1901 5737 illo

317 5760 487 5820 latere
515 5760 795 5818 crucifixi?
818 5750 1043 5833 Sanguis
1064 5750 1117 5815 et
1136 5771 1270 5828 aqua
1294 5772 1306 5811 :
1331 5770 1395 5811 ex
1426 5750 1677 5824 sanguine
1699 5750 1862 5809 rubor
1873 5782 1895 5822 λ,

1458 308 1686 365 SERMO
1725 307 1812 363 DE
1849 306 2130 374 QUARTA
2170 308 2396 365 FERIA.

3448 305 3555 362 690

1988 434 2052 472 ex
2081 434 2216 490 aqua
2238 418 2505 489 Splendor.
2536 419 2587 473 In
2629 420 2743 476 istis
2784 421 2989 477 duobus
3031 427 3374 483 sacramentis
3401 425 3562 485 deco-

1989 500 2173 567 rantur
2210 490 2430 559 singulae
2467 491 2695 567 animai,
2735 506 2798 545 cx
2844 494 3035 567 quibus
3073 509 3175 567 una
3196 497 3306 567 Ailla
3346 499 3565 567 pulchra
3610 526 3617 543 τ

1989 559 2218 614 efficitur
2244 575 2434 629 sponsa
2467 562 2699 614 Ecvlesia
2726 603 2739 625 ,
2772 559 3074 616 cui'dicitur
3104 566 3154 618 in
3183 559 3400 622 Cantico
3426 585 3558 623 can-

1991 631 2213 683 ticorum
2244 649 2256 683 :
2288 630 2452 693 Quam
2472 632 2693 700 speciosa
2724 649 2773 685 es
2798 673 2811 697 ,
2851 650 2995 685 soror
3019 649 3129 687 utea
3154 676 3167 698 ,
3206 636 3386 689 dilecta
3419 656 3564 701 mea,

1986 702 2417 777 qttaut_spcci08w
2461 712 2576 777 sunt
2618 717 2757 777 gente
2790 713 2891 777 tua:
2922 705 2941 777 1
2967 704 3115 756 Cant.
3144 720 3213 768 tv,
3249 708 3271 759 1
3304 747 3319 770 ,
3348 710 3380 761 5
3402 708 3452 777 )1
3504 710 3570 762 Et

1988 785 2108 823 cum
2150 771 2262 843 ipse
2303 787 2419 843 eam
2463 773 2620 825 talem
2668 773 2887 838 fecerit,
2922 775 3192 841 ipsamque
3221 771 3568 843 pulchritudi-

1990 854 2110 894 nem
2138 842 2185 893 ci
2209 844 2329 914 ipse
2354 840 2667 914 donaverit,
2696 844 2882 896 videns
2905 840 3021 896 eam
3052 840 3384 914 talenfquasi
3412 848 3571 901 mira-

1991 917 2075 983 tps
2105 911 2366 965 exclamat
2390 952 2402 973 ,
2426 922 2589 983 atque
2613 913 3015 968 circumstantes
3046 911 3376 983 interrogans
3400 917 3528 971 dicit
3553 937 3567 970 :

1993 979 2238 1050 Quianam
2292 991 2361 1033 est
2414 979 2520 1034 haec
2560 997 2674 1050 qua:
2719 984 2944 1037 ascendit
2994 979 3272 1040 dealbata?
3322 986 3388 1041 Et
3442 989 3517 1040 illi
3553 1006 3566 1041 :

1991 1049 2431 1125 .Equitas‘dilcatit
2475 1062 2520 1125 te
2551 1049 2680 1125 (id.
2704 1069 2816 1115 vut,
2845 1055 2876 1106 5
2904 1056 2941 1121 ).
2974 1053 3088 1123 ipsa
3132 1066 3215 1110 est
3252 1058 3424 1125 regina
3450 1075 3571 1124 qua:

1989 1122 2145 1173 astitit
2173 1138 2202 1171 a
2223 1122 2410 1190 dextris
2437 1123 2534 1176 tuis
2560 1124 2611 1176 in
2654 1126 2828 1177 vestitu
2867 1122 3110 1178 deaurato
3135 1166 3149 1190 ,
3193 1122 3570 1181 circtimamicta

1990 1192 2225 1263 varietate
2272 1188 2461 1259 (I’sat.
2508 1208 2655 1253 xuv,
2710 1193 2838 1261 l0),
2889 1188 3180 1263 linguarum
3234 1196 3569 1251 diversarum

1992 1262 2809 1334 gentiumvarietatedecorata.
2840 1266 3073 1317 Audiens
3116 1266 3229 1319 haec
3264 1269 3441 1334 Sponsi
3486 1269 3567 1321 sui

1995 1347 2174 1403 vocem
2203 1331 2464 1403 dicentis,
2498 1332 2742 1397 Quaenam
2770 1345 2841 1387 est
2884 1335 2990 1387 [nec
3020 1351 3133 1403 quae
3162 1331 3391 1389 ascendit
3429 1339 3572 1391 deal-

1993 1400 2153 1475 bata?
2184 1402 2481 1455 verecunde
2519 1404 2678 1456 etiam
2718 1404 2829 1472 ipsa
2872 1400 3196 1474 respondere
3245 1407 3486 1475 cogitur,
3519 1420 3573 1461 ct

1993 1472 2119 1524 dicit
2144 1486 2465 1545 sposponso
2493 1491 2505 1525 :
2534 1475 2605 1545 De
2633 1489 2717 1527 me
2740 1472 3034 1543 interrogas
3053 1490 3295 1545 qmenam
3314 1472 3424 1530 sun
3452 1472 3571 1545 qua:

1992 1542 2205 1613 ascendi
2237 1541 2500 1613 dealbata.
2541 1544 2653 1613 Ego
2684 1559 2799 1597 sum
2835 1541 2993 1613 quam
3043 1541 3237 1600 finitam
3283 1541 3565 1611 invenisti,

1995 1612 2385 1683 pulchramque
2408 1611 2577 1667 fecisti
2593 1611 2617 1663 V:
2648 1629 2745 1683 ego
2770 1611 2884 1668 sum
2923 1615 3073 1680 cujus
3113 1631 3298 1683 preces
3334 1619 3524 1672 audisti
3552 1658 3568 1681 ,

1993 1683 2205 1750 quando
2246 1698 2328 1735 me
2376 1682 2427 1735 in
2472 1682 2697 1738 l’saltno
2725 1693 2941 1739 cantare
2976 1682 3182 1749 fecisti,
3216 1686 3428 1741 Lavabis
3453 1706 3531 1741 me
3554 1730 3569 1752 ,

1992 1762 2039 1805 et
2067 1769 2216 1828 super
2244 1754 2401 1828 uicem
2424 1753 2692 1828 deitlbubor
2721 1754 2738 1824 (
2765 1754 2907 1809 Psal.
2940 1771 2970 1808 t.
2994 1797 3007 1819 ,
3031 1754 3127 1828 9
3157 1758 3290 1822 Quid
3321 1773 3447 1826 ergo
3474 1759 3575 1812 Ini-

1994 1824 2131 1875 raris
2178 1822 2622 1891 pulchritudinem
2669 1822 2876 1887 meam,
2927 1840 3046 1879 cum
3086 1822 3228 1880 'scias
3272 1822 3408 1882 hanc
3451 1844 3572 1883 esse

1994 1907 2155 1964 Opera
2187 1903 2270 1945 tua
2296 1892 2318 1945 ?
2341 1894 2476 1961 Quid
2510 1894 2805 1963 interrogas
2840 1896 2978 1964 quod
3021 1896 3134 1963 ipse
3177 1896 3384 1951 fecisti?
3412 1898 3572 1955 Vides

1995 1977 2080 2035 rue
2106 1963 2400 2035 deaihatam
2426 2005 2439 2026 ,
2488 1974 2541 2018 tu
2585 1966 2743 2019 lotam
2785 1963 2945 2035 super
2982 1966 3155 2020 nivem
3193 1966 3359 2021 fecisti
3386 1969 3572 2022 candi-

1993 2031 2135 2105 dam.
2168 2033 2234 2105 Ut
2266 2034 2441 2089 videas
2472 2050 2555 2089 me
2578 2031 2952 2090 ascendentem
2978 2077 2992 2099 ,
3023 2045 3072 2090 te
3096 2040 3319 2105 cognovi
3346 2038 3412 2091 de
3434 2039 3575 2094 caelo

1995 2103 2403 2175 descendentem
2431 2147 2445 2167 ,
2478 2115 2529 2159 te
2556 2107 2727 2160 amavi
2755 2106 2806 2159 iu
2835 2121 2991 2161 cruce
3017 2103 3353 2175 pendentem.
3386 2108 3572 2162 llumi-

1996 2173 2115 2227 litas
2143 2182 2229 2226 tua
2263 2176 2393 2227 facta
2424 2185 2505 2228 est
2525 2176 2775 2230 exultatio
2798 2192 2912 2230 mea
2940 2219 2955 2242 ,
2984 2173 3192 2231 foeditas
3219 2186 3302 2231 tua
3334 2177 3465 2231 facta
3491 2187 3574 2233 est

1997 2243 2334 2312 pulchritudo
2366 2261 2498 2299 mea.
2544 2246 2651 2300 Nisi
2693 2247 2834 2299 enim
2876 2256 2933 2300 tu
2970 2248 3036 2301 de
3079 2262 3237 2302 cruce
3268 2248 3575 2302 vulneratus

1996 2313 2349 2383 descenderes
2370 2357 2383 2379 ,
2413 2331 2511 2383 ego
2535 2316 2777 2369 dealbata
2802 2316 2871 2371 de
2899 2317 3041 2372 fonte
3069 2334 3170 2370 ιιιιιι
3202 2319 3572 2372 ascenderem.

2001 2382 2136 2437 Vere
2164 2384 2360 2437 dictum
2402 2382 2484 2438 est
2525 2388 2643 2452 quia
2690 2387 2860 2439 valida
2905 2398 2974 2440 est
3027 2389 3150 2440 sicut
3198 2404 3331 2441 mors
3374 2389 3578 2442 dilectio

1998 2454 2017 2523 (
2042 2452 2190 2507 Cant.
2219 2455 2306 2507 vtit
2329 2496 2343 2520 ,
2367 2454 2458 2524 6).
2488 2456 2604 2522 Quo
2629 2469 2794 2524 usque
2822 2471 2879 2510 se
2904 2471 3129 2524 sponsus
3157 2458 3239 2511 hic
3269 2459 3572 2523 inclinavit,

1997 2524 2086 2593 qui
2118 2532 2321 2596 tantum
2356 2527 2583 2579 amando
2611 2526 2802 2580 foedam
2831 2536 2887 2579 ut
2916 2526 3112 2587 faceret
3146 2528 3451 2596 pulchram,
3489 2545 3575 2582 us-

1998 2609 2101 2662 que
2137 2594 2216 2667 1111
2268 2597 2465 2667 mortis
2502 2598 2700 2667 exitum
2742 2597 2923 2652 vertit?
2964 2597 3031 2651 Et
3081 2594 3324 2664 Domini,
3368 2600 3571 2667 inquit,

1998 2665 2171 2737 mortis
2196 2666 2357 2737 exitus
2384 2666 2403 2737 (
2430 2665 2575 2720 Psal.
2608 2680 2745 2720 van
2772 2709 2787 2732 ,
2821 2667 2885 2721 21
2918 2670 2955 2737 ).
2996 2667 3222 2723 Vidimus
3248 2672 3387 2723 enim
3419 2665 3531 2722 cum
3558 2709 3573 2732 ,

1998 2735 2071 2807 ait
2104 2736 2355 2807 propheta
2383 2735 2471 2807 ,‘et
2498 2754 2596 2790 non
2631 2737 2838 2790 habebat
2862 2735 3074 2807 speciem
3101 2781 3115 2803 ,
3153 2756 3311 2807 neque
3348 2739 3579 2793 decorem

2003 2805 2022 2876 (
2043 2802 2290 2877 [sail—1.1"
2318 2847 2332 2872 ,
2352 2809 2387 2860 2
2407 2805 2447 2877 ).
2472 2807 2609 2873 Quid
2632 2809 2873 2861 miraris?
2889 2802 3124 2863 amando
3147 2802 3264 2862 talis
3285 2810 3451 2863 factus
3472 2820 3573 2864 est.

2074 2876 2122 2927 7.
2153 2875 2299 2931 Hanc
2343 2875 2516 2930 tamen
2560 2878 2900 2932 amissionem
2946 2879 3154 2934 decoris
3204 2880 3361 2947 hujus
3408 2881 3579 2934 timuit

2000 2945 2495 3029 Pctrus,_.quando
2528 2948 2931 3029 .przeuun'tianti
2993 2950 3233 3029 Domino
3277 2945 3575 3029 itassiotteiri

2000 3031 2148 3069 suam
2170 3057 2184 3080 ,
2215 3016 2341 3071 dixit
2379 3036 2391 3072 :
2423 3017 2560 3070 Absit
2586 3033 2615 3069 α
2644 3027 2691 3070 te
2710 3060 2723 3077 ,
2757 3017 3009 3080 Domine;
3047 3016 3299 3087 prOpitius
3321 3021 3408 3071 tibi
3434 3029 3537 3073 esto
3560 3063 3575 3080 .

2001 3103 2063 3139 ne
2087 3088 2176 3155 ﬁat
2210 3088 2363 3139 istud.
2405 3088 2507 3141 Sed
2551 3088 2637 3141 ille
2675 3089 2795 3141 talia
2838 3090 3128 3156 sapientem
3172 3090 3495 3157 increpavit,
3524 3102 3580 3144 et

2001 3157 2311 3224 Apostolmn
2335 3158 2598 3211 diabolqu
2622 3160 2823 3212 vocavit
2842 3158 3025 3212 dicens
3049 3176 3061 3212 :
3090 3158 3218 3211 Iicdi
3244 3171 3375 3211 retro
3400 3201 3413 3219 ,
3442 3170 3582 3211 sata-

2002 3242 2093 3278 nas
2116 3243 2135 3290 ;
2164 3243 2262 3298 non
2288 3228 2417 3298 enim
2443 3229 2584 3298 sapis
2602 3228 2826 3298 qtthltei
2851 3239 2968 3281 sunt
2989 3270 3002 3291 ,
3026 3229 3113 3281 sed
3138 3245 3249 3297 qua:
3272 3238 3383 3282 sunt
3410 3230 3575 3281 Itami-

2001 3312 2121 3348 num
2151 3296 2377 3368 (Matth.
2410 3296 2534 3361 xvi,
2567 3297 2636 3350 22
2660 3339 2675 3363 ,
2702 3297 2770 3351 25
2794 3300 2829 3365 ).
2865 3296 3175 3353 Estimavit
3207 3300 3347 3351 enim
3391 3299 3580 3353 Petrus

2003 3374 2166 3439 totam
2197 3368 2337 3439 illam
2378 3368 2667 3439 divinitatis
2708 3368 3147 3436 pulchritudinem
3178 3370 3446 3422 absorberi
3478 3386 3577 3439 pa-

2004 3438 2168 3508 tuisse
2212 3438 2264 3491 in
2308 3440 2545 3507 corporis
2580 3438 2795 3492 humani
2837 3440 3051 3508 specie,
3091 3450 3144 3492 et
3184 3441 3452 3492 nesciebat
3480 3438 3578 3508 agi

2002 3506 2136 3578 illud
2157 3506 2816 3577 magnunt’sacramentum
2842 3506 3019 3578 {quod
3051 3520 3321 3578 propterea
3348 3524 3405 3564 se
3433 3506 3577 3563 illam

2002 3577 2449 3649 pulchritudinem
2480 3580 2709 3649 quodam
2751 3577 2909 3633 modo
2948 3577 3268 3649 exspoliaret
3292 3622 3309 3644 ,
3338 3589 3577 3647 uttpiam

2002 3648 2105 3700 sibi
2142 3648 2511 3720 conjungere
2543 3650 2856 3718 dignabatur
2924 3648 3174 3720 sponsam
3244 3650 3574 3713 Ecclesium,

2003 3718 2244 3790 eamdem
2299 3718 2465 3790 ipsam
2510 3718 2968 3787 pulchritudinem
3008 3722 3120 3790 ipse
3172 3721 3406 3774 vestiret.
3462 3720 3576 3774 Non

2003 3790 2142 3860 enim
2172 3789 2350 3843 dando
2377 3790 2633 3859 perdebat
2656 3790 2950 3858 illudquod
2984 3789 3249 3860 erogandi)
3284 3791 3576 3845 crescebat.

2006 3858 2097 3913 llle
2121 3859 2301 3926 dedit,
2332 3858 2445 3914 haec
2470 3861 2703 3928 accepit;
2733 3861 2910 3915 etista
2940 3858 3101 3929 quod'
3125 3879 3229 3914 non
3277 3861 3457 3914 habuit
3497 3862 3579 3914 in-

2004 3930 2186 3991 venit,
2227 3940 2280 3984 et
2329 3930 2415 3983 ille
2464 3931 2639 3983 «mundo
2682 3931 2820 3999 quod
2864 3931 3010 3984 dedit
3047 3946 3150 3984 non
3194 3931 3410 3997 amisit,
3457 3932 3578 3999 quia

2002 4013 2123 4054 cum
2169 4000 2281 4068 ipsa
2326 4000 2716 4069 pulchritudine
2754 4017 2783 4054 a
2828 4002 3049 4055 mortuis
3087 4000 3399 4055 resurrexit.
3442 4000 3579 4066 Quid

2002 4071 2349 4191 expavescis,
2395 4071 2546 4124 Petre
2571 4112 2584 4134 ,
2624 4073 2772 4140 quasi
2808 4071 3097 4140 perdiderit
3140 4072 3383 4125 Christus
3431 4072 3576 4124 illam

2002 4154 2073 4191 Du
2097 4140 2278 4191 chram
2303 4149 2503 4191 vestem
2529 4183 2542 4191 .
2571 4142 2781 4191 minutio
2801 4158 2922 4191 eum
2952 4143 3148 4191 nudum
3181 4141 3496 4191 intendebas
3527 4142 3576 4191 in

2044 4140 2278 4193 ulchram
2303 4149 2503 4194 vestem
2529 4183 2542 4205 ,
2571 4142 2781 4210 quando
2801 4158 2922 4195 cum
2952 4143 3148 4195 nudum
3181 4141 3496 4209 intendebas
3527 4142 3579 4195 in

2025 4211 2147 4278 igne
2199 4210 2553 4280 pendentem?
2600 4211 2715 4266 Noli
2766 4227 3151 4281 expavescere,
3199 4212 3305 4266 noli
3359 4214 3576 4275 timere,

2003 4282 2111 4351 noli
2143 4296 2337 4350 negare
2366 4299 2378 4334 :
2414 4283 2643 4335 tunicam
2671 4284 2815 4336 illam
2842 4282 3137 4336 divinitatis
3171 4292 3328 4351 atque
3364 4282 3581 4336 immor-

2005 4350 2225 4405 talitatis
2249 4351 2495 4405 Christus
2524 4368 2629 4405 non
2659 4352 2886 4420 perdidit
2916 4353 2966 4406 in
3000 4367 3158 4407 cruce
3180 4392 3193 4414 ,
3221 4350 3342 4421 quia
3370 4368 3580 4419 sponsae

2003 4436 2114 4474 sua:
2143 4437 2259 4475 eam
2285 4422 2615 4491 consignavit
2655 4424 2706 4475 in
2740 4422 2881 4476 dote.
2932 4421 3116 4476 Vidisti
3145 4439 3265 4476 eum
3286 4466 3300 4488 ,
3325 4439 3358 4475 ο
3389 4423 3585 4484 l’etre,

2004 4506 2108 4544 non
2140 4491 2421 4545 habentem
2451 4492 2681 4558 speciem
2714 4508 2883 4561 neque
2912 4492 3159 4547 decorem
3186 4535 3198 4554 ,
3237 4503 3293 4546 et
3328 4495 3581 4546 continuo

2004 4562 2206 4630 negasti
2239 4562 2385 4614 illum
2408 4602 2421 4622 ,
2455 4577 2612 4628 quem
2642 4564 2887 4617 omnibus
2915 4564 3113 4618 relictis
3143 4562 3244 4617 tuis
3270 4564 3453 4616 amasti
3486 4581 3499 4616 :
3528 4572 3586 4615 ct

2006 4646 2111 4683 non
2139 4631 2310 4683 solum
2342 4632 2541 4695 semel,
2584 4632 2677 4686 sed
2717 4641 2863 4686 stans
2912 4633 2963 4687 in
3006 4635 3141 4687 atrio
3182 4633 3474 4687 sacerdotis
3513 4633 3580 4685 ab

2005 4716 2107 4772 una
2148 4700 2338 4754 ancilla
2378 4702 2532 4755 tertio
2574 4703 2916 4771 iutct'rogaris
2942 4746 2959 4768 ,
2992 4713 3049 4757 ct
3087 4720 3267 4772 negas.
3296 4708 3361 4755 At
3403 4702 3485 4754 ubi
3528 4711 3580 4756 te

2003 4771 2141 4840 gallo
2170 4781 2393 4825 canente
2409 4773 2639 4826 convicit
2661 4785 3094 4841 prmsumptorem
3116 4815 3130 4836 ,
3152 4771 3237 4842 qui
3264 4772 3580 4840 przcdtxcrat

2005 4851 2159 4895 antea
2185 4850 2524 4911 negatorem;
2568 4845 2799 4911 respexit
2838 4855 2891 4897 te
2928 4845 3067 4899 intus
3105 4845 3154 4895 in
3188 4844 3379 4907 corde,
3423 4849 3478 4893 et
3527 4848 3582 4911 ut

2003 4926 2184 4965 amare
2207 4910 2362 4984 fleres
2392 4910 2519 4984 (id.
2557 4909 2681 4967 xxvi
2704 4955 2717 4978 ,
2743 4915 2907 4984 litt-75
2934 4917 2972 4982 ),
3004 4916 3139 4984 intus
3166 4911 3391 4984 quodam
3422 4909 3580 4965 modo

2007 4990 2179 5034 tecum
2217 4983 2373 5037 tacite
2403 4982 2730 5051 loquebatur
2774 4983 2859 5036 illa
2907 4986 3015 5050 ipsa
3057 4983 3171 5051 ejus
3212 4982 3494 5041 divinitas,
3526 4990 3577 5051 et

2003 5051 2213 5106 dicebat
2239 5053 2330 5106 tibi
2358 5072 2370 5104 :
2403 5050 2503 5107 Ubi
2523 5064 2603 5108 est
2626 5095 2654 5118 ,.
2675 5054 2826 5107 l’otre
2850 5095 2864 5116 ,
2898 5054 2957 5105 Si
2986 5050 3493 5122 possidesamicum,
3525 5050 3578 5122 in

2006 5123 2278 5178 tentatione
2320 5123 2519 5192 posside
2561 5141 2677 5177 cum
2700 5124 2733 5190 η(
2759 5122 2917 5176 Eccli.
2950 5117 3034 5185 vi,
3066 5123 3095 5173 7
3123 5120 3313 5192 )?_u_bi
3358 5130 3471 5183 est,
3512 5117 3579 5192 In

2006 5202 2224 5261 tempore
2250 5189 2584 5246 tribulationis
2609 5189 2747 5247 illius
2776 5209 3008 5261 permane
3037 5192 3111 5244 illi
3133 5189 3297 5261 ﬁdelis
3321 5232 3336 5256 ,
3370 5199 3424 5243 ut
3458 5200 3503 5261 et
3530 5189 3579 5244 iu

2006 5259 2295 5315 hwreditate
2319 5264 2457 5316 illius
2475 5264 2697 5316 conteres
2725 5259 2794 5316 sis
2822 5262 2948 5330 (Id.
2975 5277 3083 5315 xxu
3105 5304 3119 5325 ,
3146 5260 3215 5314 29
3242 5259 3301 5331 )?
3344 5260 3430 5315 ubi
3460 5259 3540 5331 est
3565 5299 3580 5331 ρ

2004 5331 2161 5387 Petro
2186 5374 2199 5396 ,
2222 5333 2636 5387 Animantnteam
2662 5348 2753 5399 pro
2782 5326 3035 5399 teponam
3059 5334 3072 5397 (
3094 5326 3251 5383 Joan;
3275 5347 3370 5385 xm
3392 5372 3406 5397 ,
3438 5330 3505 5385 58

2003 5414 2089 5463 et,
2118 5413 2275 5456 tecum
2299 5419 2451 5471 usque
2484 5403 2551 5455 ad
2592 5412 2800 5473 mortem
2841 5401 3007 5471 (Luc.
3036 5416 3143 5456 χχιι
3174 5445 3185 5460 ,
3214 5402 3283 5456 55
3306 5402 3360 5473 )?
3414 5402 3581 5468 Quam

2004 5474 2250 5527 celeriter
2276 5470 2476 5541 negasti
2506 5472 2656 5541 quasi
2686 5470 2953 5541 hominem
2985 5482 3283 5538 mortuum,
3306 5470 3463 5539 quem
3490 5487 3583 5525 au—

2006 5552 2089 5596 tea
2117 5538 2595 5597 confessusfueras
2626 5541 2726 5595 vivi
2771 5542 2861 5595 Dei
2902 5538 3127 5597 Filium!
3176 5544 3299 5597 “LUC
3329 5538 3453 5597 dum
3495 5542 3585 5598 ille

2007 5621 2179 5665 tecmu
2222 5613 2272 5664 in
2313 5611 2472 5664 corde
2516 5612 2999 5677 scrmocinaretur,
3035 5615 3265 5679 rcspcvit
3293 5613 3540 5667 divinitas
3567 5654 3580 5674 ,

2008 5693 2064 5735 et
2115 5682 2257 5733 flevit
2292 5682 2630 5735 humanitas:
2678 5684 2853 5749 agnita
2898 5694 2981 5735 cst
3024 5684 3249 5738 dulcedo
3275 5726 3289 5747 ,
3337 5695 3389 5737 et
3430 5683 3586 5751 periit

2009 5751 2338 5820 amaritudo;
2364 5762 2613 5822 suscepta
2639 5762 2718 5810 est
2747 5753 2974 5812 Charitas
3001 5796 3014 5822 ,
3057 5765 3109 5810 ct
3152 5755 3321 5810 deleta
3358 5764 3438 5810 cst
3479 5753 3580 5809 inL-
