4102 6336
468 369 566 427 (illi

465 484 644 555 quitas
665 499 681 549 ;
705 481 862 537 rediit
886 494 1037 537 amor
1060 521 1076 547 ,
1099 488 1151 535 et
1173 478 1381 555 fugatus
1403 486 1492 555 est
1511 478 1687 532 timor.
1714 478 1854 555 Ecce
1878 477 2055 531 subito

505 570 626 609 uem
655 560 981 624 negaverat,
1016 555 1145 624 quia
1190 566 1297 605 non
1341 550 1569 604 habebat
1611 550 1841 624 speciem
1883 564 2056 624 neque

505 619 760 689 eeorem',
810 619 1058 692 agnoscit
1106 630 1473 691 resurgentem
1533 621 1832 692 speciosum
1885 619 2053 673 forma

466 710 579 765 pra:
606 696 728 750 ﬁliis
757 689 1031 765 hominum
1055 733 1072 760 ,
1100 689 1546 765 conjunctamque
1589 691 1661 743 illi
1704 689 1847 743 videt
1892 704 2054 765 spon-

465 761 581 820 sam
602 809 617 832 ,
649 767 883 820 tunicam
910 764 1050 817 illam
1078 762 1493 817 immortalitatis
1516 802 1530 825 ,
1567 776 1723 832 quant
1770 768 1923 813 antea
1956 761 2055 832 Pe-

465 846 581 891 trus
605 830 858 892 timuerat
898 837 1184 902 perituram
1217 875 1231 896 ,
1272 832 1507 886 indutam
1550 831 1691 884 videt
1724 848 1737 883 :
1770 830 2054 902 reognoseit

463 908 605 976 quod
636 908 723 960 tali
748 908 816 960 sit
840 901 1238 960 circumamicta
1272 912 1420 957 veste
1443 942 1460 967 ,
1484 901 1872 976 _et_alloqu_itur
1900 901 2050 976 illam

464 970 636 1046 ipsam
664 992 912 1047 sponsam
938 976 1127 1047 Petrus
1146 1016 1161 1040 ,
1191 982 1248 1047 ut
1277 984 1453 1028 servet
1484 972 1857 1047 lutjustuniezn
1881 970 2053 1047 digni-

464 1042 627 1101 tatem
656 1090 669 1115 ,
695 1042 763 1103 'et
816 1047 945 1101 dicit
992 1046 1183 1099 anima:
1220 1042 1763 1115 rhumanteXCItristus
1796 1059 1886 1110 pro
1915 1043 2052 1115 vobis

464 1111 745 1188 passus'cst
770 1160 784 1184 ,
828 1118 1114 1188 relinquens
1148 1114 1297 1188 vobis
1321 1111 1609 1188 excinplnm
1635 1154 1646 1176 ,
1682 1122 1735 1164 ut
1772 1112 2052 1179 sequamini

462 1183 671 1259 vestigia
700 1183 808 1259 ejus
835 1188 851 1257 (
878 1188 891 1240 I
920 1183 1059 1241 Petr.
1094 1203 1130 1240 tt
1156 1186 1259 1259 ,2!
1289 1183 1612 1259 ).__Seqnere
1632 1224 1649 1247 ,
1691 1197 1881 1250 sponsa
1908 1223 1922 1247 ,
1961 1197 2050 1237 se-

462 1254 626 1328 quere
654 1254 871 1325 vestigia
900 1259 1081 1327 sponsi
1112 1256 1185 1310 tui
1215 1272 1229 1308 :
1262 1254 1441 1308 nullus
1474 1264 1523 1307 te
1568 1262 1740 1328 metus
1776 1262 2048 1328 revoceta

462 1324 736 1383 consortio
767 1324 944 1383 dilecti
974 1329 1069 1383 tui.
1105 1331 1235 1379 Ama
1261 1334 1528 1379 amantem
1555 1366 1569 1388 ,
1609 1324 1729 1391 quia
1776 1324 1922 1391 prius
1960 1324 2050 1378 ille

461 1402 659 1453 amavit
700 1416 806 1454 non
858 1408 1164 1453 amantem:
1215 1396 1426 1465 require
1473 1393 1873 1465 requirentem,
1927 1394 2049 1465 quia

462 1471 611 1538 prius
642 1472 728 1525 ille
759 1470 1007 1540 quaesivit
1036 1484 1139 1522 non
1182 1463 1529 1540 quaerentem.
1569 1463 1798 1540 Require
1822 1464 2050 1540 ,_-et_dic

462 1533 662 1618 sponso
687 1533 816 1605 tuo',
846 1538 944 1594 Ubi
969 1540 1133 1610 pascis
1151 1579 1165 1603 ,
1195 1533 1278 1590 ubi
1298 1536 1448 1618 cubas
1549 1535 1794 1618 meridie?
1816 1533 2049 1618 N’ell'orte

461 1604 586 1678 ﬁam
613 1614 739 1665 sicut
767 1604 940 1679 operta
960 1604 1113 1676 super
1131 1624 1303 1678 greges
1345 1606 1593 1659 sodalium
1620 1614 1817 1679 tuorum
1895 1604 2043 1679 Cant.

463 1674 480 1733 ι
507 1721 521 1744 ,
552 1681 585 1735 6
610 1683 647 1752 ).
679 1674 847 1747 Quam
869 1681 945 1752 sic
966 1674 1196 1752 dilexisti
1220 1674 1237 1739 ζ
1262 1692 1357 1752 pro
1383 1691 1482 1744 qua
1501 1675 1820 1752 sanguinein
1845 1674 2043 1742 fndisti,

463 1743 622 1819 cujus
646 1743 1041 1807 tabernaculum
1096 1751 1146 1802 in
1198 1743 1312 1804 sole
1362 1743 1583 1817 posuisti
1619 1743 1821 1819 (Βδιιζ.
1870 1761 2043 1812 xvttt,

463 1822 497 1874 6
522 1816 561 1891 ξς
607 1840 707 1876 non
749 1824 869 1892 ﬁam
894 1822 1021 1875 sicut
1048 1830 1222 1890 aperta
1251 1816 1403 1888 super
1429 1832 1602 1887 greges
1630 1816 1881 1869 sodalium
1932 1827 2046 1870 luo-

459 1908 599 1945 rum.

533 1962 759 2018 CAPUT
786 1961 871 2015 Vl.
903 1991 972 2000 —
998 1961 1049 2015 8.
1083 1958 1165 2015 De
1190 1958 1422 2013 cavendis
1451 1957 1699 2010 Itwreticis
1721 1998 1734 2019 ,
1767 1957 2047 2026 prtcsertim

458 2032 684 2087 Arionis.
714 2033 852 2087 Ecce
877 2032 1003 2085 dum
1035 2040 1088 2085 te
1114 2044 1296 2100 qurere
1323 2029 1408 2083 ubi
1439 2043 1618 2100 pascas
1647 2068 1660 2089 ,
1695 2028 1779 2100 ubi
1809 2027 1971 2081 cubes
1993 2028 2045 2082 iit

465 2104 689 2158 meridie
715 2146 729 2168 ,
760 2101 1011 2157 meridies
1051 2098 1232 2155 Africa
1271 2109 1388 2163 est,
1430 2115 1548 2168 qua:
1592 2098 1644 2150 in
1685 2098 1811 2168 solis
1852 2113 2045 2152 occasu

458 2183 540 2227 est
565 2217 578 2239 ,
608 2185 663 2229 et
693 2185 869 2228 tamen
899 2174 1020 2241 quia
1045 2172 1261 2241 abortu
1307 2167 1459 2224 solis
1486 2183 1653 2241 usque
1686 2167 1752 2220 ad
1797 2183 2046 2241 occasum

460 2238 707 2299 laudatur
734 2238 930 2298 nomen
955 2254 1100 2296 tuum
1131 2242 1149 2312 (
1178 2240 1322 2295 Psal.
1348 2255 1452 2295 exn
1478 2280 1491 2302 ,
1524 2240 1556 2293 5
1587 2246 1622 2303 ),
1652 2248 1704 2293 et
1733 2238 1968 2307 suntqui
1995 2250 2046 2294 te

458 2316 754 2382 praedicant
780 2330 885 2367 non
915 2323 1061 2367 caste
1085 2353 1100 2379 ,
1132 2320 1433 2382 quaerentes
1461 2325 1579 2377 quze
1608 2324 1702 2382 sua
1730 2319 1852 2382 sunt
1873 2349 1888 2372 ,
1937 2324 2044 2382 non

457 2378 578 2453 qum.
614 2395 699 2439 tua
726 2393 887 2446 sunt,
937 2378 1162 2437 duntte
1194 2397 1376 2450 quaero
1418 2381 1467 2433 in
1512 2380 1768 2453 meridie,
1805 2378 1853 2453 id
1883 2390 1964 2432 est
1992 2380 2043 2433 in

455 2450 634 2509 Africa
662 2472 675 2519 ;
705 2471 829 2509 ecce
855 2469 1043 2524 greges
1085 2453 1344 2524 sodalium
1385 2460 1592 2524 tuormn
1620 2491 1635 2514 ,
1681 2450 1882 2503 schola:
1919 2464 2041 2524 pes-

455 2526 608 2579 sima:
650 2520 1023 2580 hmreticortim
1049 2566 1064 2591 ,
1107 2524 1252 2578 fraus
1287 2520 1695 2576 Maniclneorum
1724 2560 1761 2591 ,ν
1793 2521 2043 2587 nequitia}

453 2594 863 2663 Pelagianorum
888 2638 904 2663 ,
975 2590 1202 2664 superba
1265 2592 1607 2664 congregatio
1643 2590 1992 2664 Arianorum
2021 2632 2036 2655 ,

452 2660 712 2721 insultant
741 2660 1111 2736 velut’operla:
1134 2707 1148 2730 ,
1201 2664 1253 2719 id
1294 2660 1416 2736 est,
1446 2660 1602 2736 velut
1641 2660 1960 2736 incognite,
1989 2671 2043 2716 et

454 2736 640 2792 dicunt
669 2738 797 2792 mihi
822 2780 835 2801 ,
870 2731 1038 2804 Quem
1069 2736 1305 2805 quieris?
1333 2732 1601 2805 Christum
1628 2731 1865 2805 QIILIEI‘lS?
1907 2731 2043 2805 Ecce

453 2807 545 2863 ltie
572 2817 654 2863 est
676 2850 689 2871 ,
722 2823 849 2863 ecce
877 2802 985 2862 illic
1010 2802 1111 2863 est.
1145 2806 1223 2861 Tu
1252 2816 1426 2859 autem
1457 2802 1578 2871 quia
1609 2817 1694 2856 me
1722 2802 2041 2856 admonuisti

454 2878 643 2933 dicens
668 2921 682 2944 ,
713 2879 772 2933 Si
799 2888 964 2931 autem
989 2878 1209 2932 dixerint
1232 2917 1248 2944 ,
1276 2875 1407 2928 Ecce
1433 2874 1512 2926 hic
1534 2883 1604 2926 est
1627 2914 1640 2936 ,
1671 2888 1782 2925 ecce
1812 2872 1916 2925 illic
1938 2883 2037 2937 est,

456 2950 728 3022 neabieris
754 2959 864 3018 post
890 2966 972 3003 eos
995 2947 1015 3022 (
1038 2948 1224 3002 Matth.
1257 2944 1494 3022 χιιγλὲςό
1516 2946 1695 3022 );_cum
1725 2951 1773 2995 te
1802 2944 2038 3022 noverim

453 3019 650 3089 ubique
678 3013 841 3074 totum
865 3034 981 3074 esse
1003 3013 1020 3085 ζ
1045 3035 1148 3073 non
1179 3026 1355 3086 partes
1382 3014 1671 3089 defendere
1694 3013 1830 3089 ,_srd
1861 3014 2040 3066 unita-

453 3084 802 3159 tem'diligere
823 3132 838 3157 ,
863 3084 1139 3144 facta'sum
1164 3084 1266 3159 illis
1288 3086 1550 3159 incognita
1572 3094 1625 3139 et
1649 3084 1790 3159 velut
1815 3094 1995 3152 operta
2024 3102 2036 3137 :

454 3171 509 3215 et
537 3154 778 3217 derident
811 3154 895 3215 tne
918 3202 933 3227 ,
961 3162 1081 3229 quia
1107 3158 1349 3214 nesciunt
1375 3154 1443 3210 te.
1487 3156 1551 3209 Et
1586 3154 1710 3229 quid
1752 3169 1998 3223 magnum
2021 3196 2037 3221 ,

454 3232 576 3301 quia
622 3248 722 3303 ego
764 3233 830 3287 ab
867 3232 944 3286 eis
980 3226 1222 3285 sustineo
1267 3230 1371 3303 tale
1417 3226 1799 3303 opprobrium,
1832 3240 1949 3303 cum
1987 3237 2037 3303 tu

452 3297 640 3356 eorum
656 3297 809 3356 'nunc
839 3317 1006 3372 usque
1030 3300 1472 3355 contumeliosum
1495 3297 2039 3372 Sttstiueas_\_'e_rl_mtn_?
2072 3341 2081 3346 -

452 3374 541 3441 qui
568 3381 618 3427 te
642 3389 761 3426 cum
794 3365 950 3428 Patre
982 3373 1167 3426 nolunt
1208 3385 1326 3425 esse
1364 3384 1527 3423 unum
1555 3409 1570 3433 ,
1621 3367 1712 3421 sed
1753 3365 2039 3422 dividendo

452 3444 595 3497 inter
625 3444 835 3499 Patrem
865 3452 918 3498 et
948 3442 1137 3497 Filium
1164 3483 1178 3505 ,
1212 3443 1351 3495 inter
1388 3454 1636 3507 sponsam
1666 3447 1717 3490 et
1744 3453 1993 3505 sponsmn
2019 3480 2035 3503 ,

452 3529 702 3585 magnum
730 3516 1006 3569 incurrunt
1034 3513 1366 3582 sacrilegium
1390 3550 1406 3575 ,
1434 3525 1679 3585 magnum
1700 3522 1816 3585 sua:
1846 3508 2038 3561 animae

450 3578 685 3640 infErunt
716 3586 997 3649 morbum;
1030 3586 1149 3652 quia
1192 3578 1292 3636 nec
1336 3591 1387 3635 te
1426 3580 1591 3652 unius
1624 3578 1842 3652 unicum
1871 3592 2039 3652 ‘spon-

452 3671 570 3710 sum
598 3699 611 3721 ,
659 3672 757 3711 nec
795 3656 1002 3710 fidelem
1031 3648 1189 3724 atque
1219 3654 1481 3724 integrum
1507 3650 1707 3724 habere.
1734 3648 2038 3703 desiderant

452 3726 741 3780 medicum.
770 3727 845 3779 'l‘u
874 3735 1086 3790 autem,
1105 3721 1303 3777 anima
1336 3721 1621 3776 christiana
1646 3760 1660 3784 ,
1691 3734 1811 3787 qua:
1851 3733 2039 3790 ascen-

452 3811 580 3850 sura
610 3812 667 3850 es
696 3813 760 3850 ex
785 3796 1146 3850 sacratissimo
1173 3794 1316 3847 fonte
1341 3833 1356 3857 ,
1400 3791 1597 3843 rubore
1643 3799 1803 3856 atque
1842 3789 2037 3845 decore

452 3865 668 3935 perfusa
696 3908 708 3930 ,
738 3867 975 3936 speciosa
1003 3866 1160 3919 nimis
1200 3873 1255 3918 et
1299 3860 1521 3936 candida
1546 3874 1769 3936 ,_serva_
1787 3857 2035 3936 decorem

453 3928 602 3991 iitum
637 3956 650 3991 ε
680 3928 909 4007 agnosce
935 3936 1058 4006 quid
1092 3936 1254 3991 fueris
1279 3930 1647 4007 etquideris,
1688 3929 1806 3983 vide
1842 3944 1909 3983 ne
1945 3928 2037 3984 de-

452 4021 605 4061 seras
641 4001 878 4062 me'nsam
925 4001 1108 4077 sponsi
1156 4006 1248 4077 tui.
1300 4003 1385 4077 Ut
1417 4001 1637 4077 pulchra
1682 4014 2032 4069 permaneas,

455 4090 646 4147 carnes
673 4078 787 4147 ejus
815 4072 1051 4147 quotidie
1077 4074 1418 4147 manducabis
1442 4089 1457 4138 ;
1497 4080 1556 4125 ut
1579 4072 1749 4147 vitam
1781 4078 2033 4147 aeternam

454 4146 655 4201 habeas
676 4139 1040 4217 [sanguinem
1085 4146 1201 4211 ejus
1249 4144 1496 4217 potabis;
1542 4142 1665 4217 vide
1705 4155 1772 4193 ne
1818 4139 2038 4217 deseras

456 4218 595 4270 hanc
617 4211 873 4272 mensam.
900 4217 1160 4270 Plurimos
1182 4211 1462 4283 apparatus
1484 4211 1854 4283 haereticorum
1879 4211 2031 4279 fuge:

456 4297 513 4342 et
542 4288 585 4341 si
618 4288 839 4356 plurima
868 4288 975 4341 illic
1003 4286 1178 4354 pravis
1203 4282 1649 4356 disputationibus
1675 4293 2033 4356 apponuntur,

455 4368 550 4412 aut
575 4351 713 4413 foeda
744 4367 867 4412 sunt
892 4398 906 4421 ,
938 4351 1031 4412 aut
1053 4370 1257 4411 semesa
1284 4351 1424 4408 Sunt.
1470 4352 1584 4405 Non
1634 4361 1716 4405 est
1752 4352 1893 4405 enim
1931 4351 2037 4404 illic

455 4428 745 4498 quidquam
774 4429 1034 4499 integrum
1058 4467 1074 4492 ,
1106 4426 1202 4499 ubi
1222 4426 1379 4480 Pater
1420 4430 1475 4477 et
1511 4422 1675 4499 [filius
1715 4431 1768 4476 et
1807 4421 2037 4499 Spiritus

456 4490 678 4554 sanet-us
707 4513 813 4554 non
843 4490 925 4554 est
951 4490 1133 4553 unum.
1155 4496 1334 4551 Mensa
1363 4495 1543 4564 Sponsi
1569 4493 1642 4546 ttti
1667 4506 1853 4561 pauent
1877 4490 2037 4564 habet

456 4569 722 4638 integrum
750 4612 764 4637 ,
818 4579 871 4624 et
903 4570 1121 4624 calicem
1156 4563 1473 4638 sanctum)“
1497 4578 1658 4638 quem
1705 4578 1893 4638 panem
1938 4563 2035 4616 etsi

456 4633 787 4695 confractum
842 4640 1329 4706 comminutumque
1374 4635 1606 4706 vidimus
1648 4634 1702 4687 in
1750 4633 2035 4706 passione,

455 4710 666 4782 integer
694 4721 871 4765 tamen
901 4710 1093 4764 mansit
1120 4710 1171 4762 in
1202 4703 1289 4782 illa
1320 4722 1413 4782 sua
1438 4721 1566 4782 cuin
1588 4705 1741 4782 Patre
1771 4703 2035 4782 individua

456 4773 681 4837 unitiite.
714 4782 788 4836 De
814 4782 915 4835 isto
954 4794 1089 4850 pane
1130 4786 1185 4834 et
1226 4778 1436 4850 degisrto
1471 4776 1635 4829 calice
1672 4773 1881 4828 dicebat
1925 4774 2038 4843 ipse

458 4850 720 4908 Dominus
743 4894 758 4920 ,
794 4848 1123 4920 Panis'quem
1164 4865 1253 4919 ego
1286 4848 1470 4920 dedero
1494 4887 1507 4911 ,
1548 4862 1667 4898 caro
1702 4861 1810 4898 mea
1840 4855 1919 4920 est
1946 4862 2036 4914 pro

456 4925 630 4977 sa’culi
658 4917 759 4978 vita
780 4938 799 4977 :
826 4934 873 4978 et
901 4917 1036 4975 calix
1057 4917 1203 4990 quem
1230 4918 1605 4990 sanctiﬁcavero
1628 4957 1643 4982 ,
1668 4917 1874 4986 sanguis
1899 4931 2036 4968 meus

457 5004 562 5065 est,
585 4993 671 5065 qui
690 5011 783 5064 pro
809 4993 1208 5065 vobisgfundetnr
1320 4989 1660 5065 remissionem
1699 4995 2034 5065 peccatorum.

456 5058 716 5133 Superius
744 5065 884 5118 enim
915 5058 1122 5119 dixerat
1154 5079 1175 5133 7:
1228 5059 1346 5113 Nisi
1379 5058 1795 5133 mantlucaveritis
1835 5072 2037 5133 carnem

458 5126 590 5189 Filii
616 5135 833 5189 hominis
853 5177 867 5202 ,
898 5145 944 5188 et
967 5132 1187 5187 biberitis
1215 5130 1509 5202 sanguinem
1538 5129 1646 5198 ejus
1670 5170 1683 5191 ,
1714 5143 1813 5180 non
1845 5126 2038 5202 habebi-

458 5207 523 5259 tis
551 5208 704 5259 vitam
724 5207 775 5261 in
799 5196 953 5260 vobis.
978 5203 1129 5271 Quod
1153 5196 1372 5271 verbum
1400 5196 1675 5271 audientes
1698 5239 1712 5261 ,
1743 5212 1841 5250 nec
1880 5196 2036 5271 intel-

456 5275 686 5347 ligentes
706 5277 948 5345 discipuli
974 5317 987 5338 ,
1005 5269 1266 5347 “dixerunt
1285 5290 1297 5325 :
1325 5270 1495 5347 Durus
1521 5278 1589 5322 est
1613 5269 1690 5347 hic
1710 5283 1903 5327 sermo;
1922 5269 2036 5347 quis

459 5337 571 5400 etim
598 5355 754 5413 potest
782 5337 959 5400 audire
979 5347 1004 5398 ξ)
1029 5346 1094 5399 Ει
1121 5344 1269 5398 ιιιιιΙιί
1310 5357 1375 5395 ex
1424 5340 1526 5394 hoc
1564 5339 1731 5413 verbo
1774 5337 2037 5413 scandatis

458 5419 562 5470 zati
587 5407 963 5471 discesserunt.
997 5416 1127 5471 Cum
1159 5414 1363 5467 videret
1388 5420 1566 5464 autem
1594 5408 1747 5463 Jesus
1773 5448 1786 5471 ,
1816 5408 1890 5459 ait
1917 5407 2038 5460 reli-

460 5488 615 5556 quis:
648 5486 911 5557 Numquid
945 5496 990 5541 ει
1037 5501 1123 5540 vos
1156 5484 1307 5557 vultig
1330 5481 1631 5557 ire?_'l‘une
1681 5479 1867 5557 Petrus
1890 5518 1903 5537 .
1946 5478 2035 5546 qui

460 5548 659 5611 saneta:
708 5548 926 5627 figuram
980 5557 1234 5627 portabat
1273 5551 1558 5627 Ecclesi;r_:_,
1603 5548 1891 5627 respondit
1940 5562 2037 5627 pro

460 5627 712 5682 omnibus
738 5620 846 5680 {Et
867 5628 933 5680 ad
954 5620 1098 5684 ouem
1118 5626 1236 5678 ituri
1263 5623 1467 5677 smnus?
1496 5620 1711 5674 Verbum
1735 5620 1845 5672 vita:
1864 5620 2033 5684 habes,

460 5644 712 5682 omnibus
738 5644 749 5680 ζ
782 5644 846 5680 ιιι
867 5644 932 5680 αα
989 5644 1098 5681 uetn
1118 5644 1235 5678 ttttrt
1263 5644 1465 5677 sumus:
1503 5644 1525 5674 γ
1542 5644 1711 5674 eruunt
1735 5644 1844 5672 tutu:
1864 5644 2033 5684 "ciues,

460 5706 508 5752 et
532 5698 823 5769 dimittimus
848 5707 895 5752 te
916 5698 933 5769 (
954 5644 1107 5751 Zoan.
1137 5712 1237 5769 vt,_
1256 5692 1419 5769 52—69
1440 5693 1457 5763 )
1482 5693 1503 5745 ?
1535 5692 1730 5745 Videtis
1753 5732 1783 5769 ,κ
1800 5689 2034 5769 dilectis-

461 5769 582 5824 simi
609 5810 622 5833 ,
651 5768 775 5839 quid
808 5769 875 5822 sit
901 5761 1050 5839 exire
1074 5809 1089 5833 ,
1114 5766 1241 5839 quid
1271 5766 1338 5839 sit
1370 5761 1701 5839 permanere.
1746 5761 1846 5828 Qui
1892 5761 2035 5815 exie-

458 5848 621 5910 runt,
667 5833 790 5912 quia
839 5838 1059 5896 verbum
1100 5833 1297 5893 Christi
1333 5850 1442 5891 non
1484 5833 1899 5902 intellexerunt,
1929 5847 2035 5888 non

1644 364 1874 422 SERMO
1914 362 2001 419 DE
2041 362 2320 431 QUARTA
2363 365 2588 422 FERIA.

3639 366 3753 426 69‘!

2160 477 2269 546 jam
2295 478 2540 548 discipuli
2566 521 2580 543 ,
2609 478 2701 552 sed
2730 478 2959 534 haeretici
2988 488 3354 552 remanserunt
3380 498 3391 533 :
3425 480 3517 552 qui
3549 485 3746 551 persti-

2163 557 2339 604 terunt
2363 591 2377 613 ,
2405 552 2625 605 verbum
2654 551 2775 604 vita:
2799 559 3099 605 tenuerunt.
3124 551 3409 618 Agnoscite
3433 593 3446 613 ,
3473 552 3709 608 hzeretiei
3729 596 3744 619 ,

2161 621 2358 673 exitum
2392 630 2661 685 vestrum,
2705 623 2825 690 quia
2855 621 3113 675 minorem
3148 621 3447 689 pnedicatis
3472 623 3745 680 Christum

2161 701 2422 745 nostrum.
2456 692 2521 745 Et
2552 708 2643 746 vos
2671 708 2789 745 eum
2831 706 2895 744 eo
2941 700 3082 745 stare
3133 691 3376 745 ιιίιιιιιδιὶς
3402 734 3415 752 .
3446 693 3564 761 quia
3598 694 3745 751 Chri-

2160 770 2301 815 stum
2348 778 2508 815 unum
2549 778 2667 817 esse
2705 777 2823 816 cum
2862 762 3018 816 Patre
3064 777 3167 815 non
3217 762 3591 818 intellexistis:
3622 765 3749 819 ideo

2160 829 2303 902 foras
2328 834 2551 896 existis,
2584 835 2705 902 quia
2746 833 2967 886 verbum
3010 833 3129 885 vita:
3176 833 3482 902 reliquistis.
3528 834 3643 888 Non
3690 836 3742 889 itt

2158 901 2311 972 vobis
2336 912 2553 969 manet,
2585 901 2672 972 qui
2734 918 2853 958 cum
2894 902 3051 957 Patre
3093 901 3310 971 :equalis
3356 915 3555 957 manet.
3604 908 3745 961 Audi

2159 971 2329 1043 ipsum
2356 1014 2373 1036 ,
2404 974 2524 1042 quia
2547 971 2701 1028 simul
2729 990 2848 1028 eum
2878 973 3031 1027 Patre
3048 983 3245 1027 manet.
3276 972 3468 1041 Siquis
3492 1016 3505 1037 ,
3532 976 3739 1043 inquit,

2158 1058 2236 1096 me
2255 1042 2453 1111 diligit,
2484 1043 2721 1114 diligetur
2748 1062 2779 1096 a
2804 1044 2960 1097 Patre
2981 1061 3089 1098 meo
3113 1086 3128 1111 ,
3158 1054 3203 1098 et
3232 1061 3321 1114 ego
3346 1044 3555 1114 diligant
3582 1042 3695 1099 eum
3724 1090 3740 1113 ,

2157 1121 2202 1163 et
2228 1115 2474 1166 veniemus
2500 1115 2566 1167 ad
2591 1131 2701 1185 eum
2725 1130 2822 1184 ego
2852 1123 2905 1167 et
2933 1115 3088 1168 Pater
3109 1154 3125 1177 ,
3163 1124 3208 1168 et
3249 1116 3557 1169 mansionem
3600 1119 3742 1185 apud

2156 1198 2271 1255 eum
2297 1184 2540 1255 faciemus
2567 1183 2745 1252 (Joan.
2768 1183 2883 1247 ’xw,
2908 1185 2970 1238 21
3001 1226 3017 1251 ,
3041 1184 3151 1255 93).
3182 1186 3272 1238 Die
3300 1186 3426 1238 tttihi
3453 1228 3467 1249 ,
3490 1183 3738 1252 obsecro,

2156 1251 2409 1308 lueretice
2435 1251 2649 1313 arian’e.
2685 1271 2840 1308 unam
2871 1251 3122 1309 animam
3145 1265 3287 1309 tuam
3332 1257 3487 1310 simul
3535 1251 3737 1312 habitat

2157 1322 2272 1378 lure.
2303 1324 2532 1379 Trinitas
2555 1366 2569 1388 ,
2606 1326 2761 1380 Pater
2798 1334 2853 1380 et
2893 1324 3059 1379 Filius
3108 1334 3161 1381 et
3205 1326 3433 1394 Spiritus
3477 1330 3740 1384 sanctus?

2155 1394 2413 1458 Quoniam
2443 1404 2497 1449 et
2527 1395 2758 1465 Spiritus
2785 1405 3000 1451 sanctus
3028 1396 3226 1451 habitat
3260 1396 3310 1450 in
3339 1397 3491 1451 nobis
3519 1414 3534 1453 :
3561 1396 3741 1451 Nescio

2155 1465 2218 1537 tis
2238 1507 2251 1529 ,
2282 1465 2451 1533 inquit
2480 1466 2767 1535 Apostolus
2789 1508 2805 1532 ,
2836 1468 2954 1535 quia
2976 1467 3215 1537 templum
3242 1466 3332 1521 Dei
3354 1470 3471 1521 estis
3490 1509 3505 1531 ,
3532 1478 3581 1521 et
3610 1468 3737 1537 Spi-

2153 1536 2280 1590 ritus
2301 1547 2503 1589 sanctus
2531 1539 2721 1590 habitat
2750 1538 2800 1591 in
2831 1537 2965 1591 vobis
2990 1536 3008 1608 (
3032 1537 3047 1590 l
3076 1538 3194 1592 Cor.
3218 1554 3264 1590 Vl
3291 1578 3306 1600 ,
3341 1538 3405 1608 ll)
3432 1539 3494 1607 )?
3523 1539 3603 1592 An
3648 1540 3735 1595 di-

2153 1620 2335 1661 versas
2364 1608 2664 1662 mansiones
2694 1609 2744 1662 iu
2772 1608 2933 1663 corde
2959 1607 3049 1663 tuo
3072 1624 3340 1677 prmparas
3370 1607 3633 1671 Trinitati,
3680 1621 3739 1666 ιιι

2154 1679 2409 1748 majorem
2442 1689 2644 1746 partem
2690 1687 2867 1734 teneat
2913 1678 3071 1734 Pater
3114 1679 3283 1748 major
3305 1721 3320 1743 ,
3354 1680 3612 1733 minorem
3644 1680 3736 1735 Fi-

2154 1747 2255 1819 l_ius
2301 1748 2513 1814 minor,
2566 1749 2870 1804 inferiorem
2922 1750 3153 1819 Spiritus
3202 1747 3425 1804 Sanctus
3478 1749 3735 1805 inferior?

2151 1817 2269 1889 1am
2312 1833 2439 1887 ergo
2477 1835 2581 1872 non
2627 1819 2790 1875 habes
2833 1817 2993 1873 unum
3031 1834 3163 1883 cor,
3215 1820 3309 1874 sed
3350 1820 3607 1889 duplmn.,
3637 1832 3733 1877 aut

2154 1888 2388 1960 triplum.
2418 1888 2539 1960 Non
2553 1905 2679 1960 ergo
2712 1891 2819 1945 illic
2845 1890 3046 1944 habitat
3074 1889 3322 1944 Trinitas.
3354 1894 3562 1956 Quare?
3590 1892 3726 1960 Quia

2151 1958 2347 2012 dictum
2373 1969 2454 2013 est
2478 2001 2492 2023 ,
2527 1958 2835 2030 l’w'duplici
2862 1961 3011 2014 corde
3038 1962 3056 2027 (
3084 1960 3240 2013 liccli.
3268 1977 3342 2024 tt,
3372 1962 3435 2015 Μ
3458 1964 3473 2028 )
3498 1962 3510 2014 !
3542 1958 3731 2017 luscu-

2151 2040 2265 2084 sate
2291 2070 2305 2093 ,
2333 2030 2509 2101 inepte
2533 2071 2548 2096 ,
2582 2032 2723 2086 fatue
2753 2050 2766 2085 :
2795 2032 2931 2101 ignis
2954 2074 2969 2096 ,
2997 2031 3251 2101 splendor
3273 2073 3288 2098 ,
3320 2041 3371 2086 et
3401 2032 3544 2086 calor
3571 2033 3734 2089 simul

2150 2108 2310 2171 atque
2337 2099 2762 2169 inseparabiliter
2783 2143 2797 2165 ,
2819 2099 2946 2157 'nee
2982 2099 3229 2155 distincte
3257 2143 3273 2168 ,
3315 2102 3407 2157 sed
3453 2104 3735 2171 mqualiter

2153 2170 2391 2224 habitant
2417 2187 2573 2224 unam
2605 2171 2874 2227 lucernam
2901 2214 2914 2235 ,
2947 2182 3001 2226 et
3027 2188 3128 2226 una
3152 2171 3383 2226 Trinitas
3410 2170 3547 2227 Deus
3568 2174 3729 2228 simul

2152 2256 2256 2294 non
2285 2249 2461 2309 potest
2507 2242 2805 2297 inhabitare
2849 2244 3079 2297 animant
3132 2242 3415 2297 hmuanam
3441 2244 3465 2296 ?
3492 2244 3548 2297 Si
3588 2245 3730 2310 apud

2153 2320 2202 2365 te
2249 2313 2470 2381 :equalis
2511 2312 2726 2367 unitatis
2773 2314 3052 2367 individuzn
3095 2312 3370 2367 Trinitatis
3414 2329 3517 2367 non
3568 2314 3724 2368 fuerit

2149 2381 2305 2453 digna
2337 2383 2541 2437 mansio
2573 2382 2789 2439 inventa
2816 2425 2829 2445 ,
2865 2384 3270 2453 respondebitur
3301 2385 3390 2438 tibi
3417 2424 3432 2447 ,
3482 2383 3608 2437 lirce
3643 2402 3729 2438 re-

2151 2450 2399 2525 linquetur
2418 2454 2553 2507 vobis
2568 2454 2745 2508 domus
2774 2464 2933 2508 vestra
2953 2450 3151 2508 deserta
3174 2453 3387 2522 (Matth.
3412 2471 3441 2507 ς
3456 2471 3545 2509 ςιιι
3571 2496 3585 2517 ,
3609 2456 3728 2525 58).

2147 2521 2260 2578 Non
2292 2524 2433 2577 enim
2458 2525 2526 2596 de
2553 2525 2813 2596 lapidibus
2840 2525 2973 2579 vivis
3000 2521 3267 2596 construis
3290 2526 3543 2596 templum
3575 2521 3726 2595 Dco',

2147 2608 2283 2662 quos
2308 2595 2686 2662 rebaptizando
2735 2596 2989 2665 pra-locas
3012 2637 3026 2661 ,
3065 2594 3363 2649 exltonoras
3384 2594 3411 2660 ,⁷
3427 2596 3683 2665 reprobas
3708 2637 3727 2662 ,

2148 2674 2323 2718 vastas
2347 2705 2364 2729 ,
2391 2665 2615 2721 damnas
2639 2706 2653 2729 ,
2686 2667 3027 2720 cxterminas.
3073 2665 3181 2720 Nec
3210 2666 3544 2720 lumlamenta
3577 2669 3728 2735 Apo-

2147 2735 2403 2789 stolorum
2433 2738 2673 2805 sequeris
2696 2778 2711 2799 ,
2737 2752 2859 2791 cum
2888 2737 2995 2791 sint
3025 2738 3122 2803 ipsi
3165 2736 3426 2791 eelmnum
3455 2738 3544 2791 ltei
3573 2736 3675 2790 vivi
3704 2779 3721 2802 ,

2147 2821 2308 2876 super
2353 2822 2484 2874 quas
2542 2806 2816 2861 fabricavit
2859 2808 3117 2877 sapientia
3166 2807 3382 2860 domum
3435 2824 3625 2871 suam;
3669 2817 3728 2862 ut

2147 2886 2545 2931 construeretur
2570 2893 2752 2931 verum
2785 2879 2909 2932 illud
2939 2878 3191 2947 templum
3216 2918 3231 2943 ,
3264 2882 3317 2932 in
3343 2894 3449 2947 quo
3477 2888 3591 2932 erat
3615 2879 3729 2947 pic-

2150 2947 2269 3018 tatis
2293 2964 2537 3017 magnum
2570 2959 2981 3002 sacramentmu.
3014 2950 3085 3002 De
3128 2964 3233 3017 quo
3273 2949 3467 3018 templo
3512 2949 3730 3004 diccbat

2146 3016 2344 3071 Judaeis
2378 3016 2395 3072 ξ
2433 3018 2624 3072 Solvite
2651 3022 2889 3087 templum
2917 3021 3010 3072 lioc
3034 3060 3047 3079 .
3080 3029 3126 3072 ct
3151 3016 3200 3071 in
3228 3016 3395 3071 triduo
3418 3020 3726 3074 resuscitabo

2144 3089 2277 3161 illud
2303 3088 2499 3161 (Joan.
2524 3105 2557 3161 tt
2585 3131 2600 3153 ,
2632 3090 2699 3145 i9
2726 3091 2764 3159 ).
2815 3090 2868 3143 In
2900 3089 3237 3161 patribttsla)
3265 3089 3363 3161 tuis
3401 3106 3502 3141 non
3553 3089 3723 3161 habes

2146 3159 2370 3225 lapidem
2402 3160 2708 3229 angularem
2733 3202 2747 3225 ,
2772 3176 2927 3229 quem
2956 3159 3240 3215 secundum
3265 3159 3587 3213 divinitatem
3621 3159 3723 3213 Pa-

2147 3232 2209 3282 tri
2238 3231 2495 3297 ;equalem
2524 3246 2625 3284 non
2653 3230 2830 3286 credis
2854 3250 2866 3283 :
2898 3247 2994 3285 nec
3022 3242 3192 3285 tecum
3216 3247 3281 3285 ex
3305 3231 3505 3284 duabus
3530 3229 3725 3298 pennis

2144 3299 2415 3354 cltaritatis
2444 3302 2779 3355 dilectionem
2815 3302 2905 3355 Dei
2930 3311 2985 3355 et
3027 3302 3250 3369 proximi
3299 3312 3348 3355 te
3392 3301 3586 3355 habere
3623 3302 3723 3353 de-

2145 3381 2409 3425 monstras
2432 3388 2445 3435 ;
2471 3373 2593 3441 quia
2616 3387 2715 3426 nec
2739 3372 2903 3426 Deum
2927 3373 3099 3442 diligis
3129 3375 3263 3425 sicut
3285 3371 3580 3442 diligendus
3603 3379 3685 3424 est
3704 3411 3721 3433 ,

2144 3458 2243 3512 nec
2272 3443 2566 3510 proximum
2593 3444 2732 3496 sicut
2758 3452 2809 3497 te
2836 3440 3041 3511 ipsum;
3061 3442 3250 3512 Diliges
3275 3443 3415 3495 enim
3450 3440 3725 3494 Dommum

2149 3511 2307 3564 Deum
2338 3523 2505 3575 tuum,
2540 3513 2735 3566 dictum
2768 3523 2849 3568 est
2874 3555 2886 3571 .
2918 3530 2979 3566 ea;
3006 3524 3108 3566 toto
3137 3511 3286 3566 corde
3309 3524 3394 3565 tuo
3418 3552 3433 3575 ,
3459 3522 3503 3565 cl
3528 3528 3591 3564 ea?
3618 3523 3725 3564 tota

2142 3584 2312 3635 animo
2338 3594 2423 3635 tua
2447 3626 2460 3650 ,
2488 3593 2532 3637 et
2574 3599 2635 3637 e1:
2673 3594 2777 3637 tota
2812 3585 2989 3637 virtute
3026 3595 3112 3636 tua
3154 3584 3171 3651 (
3198 3584 3383 3635 Matt/4.
3411 3598 3519 3635 χχιι
3544 3624 3559 3646 ,
3589 3582 3656 3636 57
3683 3584 3721 3641 ).

2145 3653 2216 3705 Da
2244 3668 2336 3707 cor
2363 3664 2508 3707 ttttttn
2540 3655 2675 3707 Patri
2702 3696 2716 3717 ,
2759 3655 2989 3707 animam
3021 3654 3153 3706 Filio
3176 3694 3193 3719 ,
3224 3655 3471 3706 virtutem
3498 3652 3717 3721 Spiritui

2141 3733 2345 3777 sancto.
2378 3726 2511 3779 Ecce
2543 3726 2640 3778 tria
2668 3724 2915 3779 Trinitali
2938 3766 2951 3786 ,
2979 3740 3040 3779 ex
3072 3725 3240 3778 tribus
3262 3738 3421 3777 unum
3452 3723 3718 3777 hominem

2141 3795 2231 3847 uni
2260 3795 2500 3849 'l‘rinitati
2538 3798 2857 3850 sacriﬁcium
2896 3795 3168 3859 obtulisti,
3200 3794 3443 3848 haeresim
3481 3794 3727 3847 ariauant

2140 3865 2351 3930 vicisti;
2398 3866 2647 3935 quoniam
2696 3868 2948 3920 Dominus
2988 3866 3128 3919 Deus
3170 3876 3290 3919 tuus
3326 3881 3428 3918 non
3474 3871 3577 3916 tres
3606 3865 3721 3935 dii,

2142 3937 2235 3989 sed
2267 3934 2518 3990 Dominus
2546 3953 2680 3990 unus
2710 3946 2807 3991 est.
2841 3937 2964 3990 llaec
2989 3946 3071 3991 est
3111 3935 3308 3990 fabrica
3357 3944 3532 3988 sancta
3558 3973 3574 3999 ,
3606 3934 3723 3988 lure

2140 4007 2404 4132 3stlatila‘
2436 4023 2581 4073 vera,
2630 4010 2804 4077 inqua
2839 4017 2962 4062 sunt
3001 4021 3129 4063 oves
3179 4006 3373 4061 Christi
3399 4046 3413 4071 ,
3461 4021 3566 4059 non
3611 4005 3723 4075 lupi

2179 4094 2221 4129 ta
2250 4096 2294 4129 »υ
2322 4095 2355 4130 ι.

2179 4094 2355 4130 ιιιυιιιι.

2210 4148 2434 4204 CAPUT
2469 4147 2576 4201 ιιι.
2611 4178 2679 4187 --
2704 4148 2757 4201 9.
2796 4147 3043 4203 Hortatur
3073 4157 3125 4200 ut
3165 4155 3331 4199 ament
3372 4143 3651 4199 Ecclesium
3673 4155 3733 4199 et~

2140 4227 2282 4271 orent
2308 4236 2398 4288 pro
2428 4235 2551 4288 pace
2570 4235 2629 4271 ac
2653 4218 2941 4273 liberatione
2965 4219 3171 4289 patriw.
3192 4216 3404 4289 Cavete,
3435 4215 3726 4289 dilectissi-

2140 4290 2245 4353 mi,
2281 4290 2492 4343 fraudes
2523 4291 2925 4355 lltl‘l‘eliCOI'lllll;
2956 4288 3083 4344 Oves
3119 4288 3347 4349 Chrisu,
3381 4289 3562 4341 timete
3594 4288 3727 4340 insi-

2140 4360 2257 4413 dias
2291 4360 2532 4427 luporum
2565 4375 2577 4410 :
2608 4361 2783 4415 videte
2809 4363 2927 4428 quia
2950 4360 3078 4413 nihil
3108 4360 3433 4412 subtractum
3462 4367 3544 4411 est
3571 4357 3724 4411 utili-

2142 4431 2235 4483 tati
2282 4439 2507 4496 vestraa,
2551 4430 2601 4484 in
2647 4439 2899 4498 quantum
2946 4430 3060 4498 ipse
3100 4429 3356 4483 Dominus
3391 4428 3612 4483 donavit
3654 4428 3726 4485 de

2140 4502 2540 4554 annuntiatione
2584 4502 2729 4555 verbi
2779 4501 2890 4555 Dei.
2936 4500 3074 4569 Quid
3117 4501 3357 4554 Christus
3387 4501 3456 4553 sit
3493 4509 3545 4553 et
3593 4498 3723 4568 quid

2144 4572 2401 4635 Ecclesia,
2435 4571 2675 4633 audistis,
2707 4568 3056 4640 approbas’tis,
3090 4571 3359 4626 clamastis
3390 4587 3402 4623 :
3436 4568 3529 4623 sed
3556 4585 3726 4638 quare

2144 4651 2288 4695 tanta
2328 4642 2464 4695 mala
2495 4644 2775 4710 patiamur,
2812 4643 2889 4695 vel
2919 4642 3111 4711 quibus
3150 4642 3352 4694 meritis
3377 4650 3721 4711 peccatorum

2143 4714 2197 4767 in
2230 4727 2416 4766 manus
2444 4713 2803 4767 tribulantium
2830 4727 2928 4766 nos
2951 4712 3124 4766 traditi
3158 4711 3432 4773 fuerimus,
3452 4726 3572 4765 cum
3600 4720 3729 4767 ante

2144 4784 2491 4852 paucissimos
2510 4783 2624 4837 dies
2641 4784 3001 4853 loqueremur,
3025 4783 3179 4837 simul
3203 4783 3535 4853 agnovimus,
3563 4782 3729 4836 simul

2142 4854 2386 4909 ilevimus
2405 4852 2500 4977 ab).
2524 4853 2673 4907 Nunc
2698 4854 2856 4908 etiam
2882 4852 3005 4921 quid
3022 4853 3289 4921 accepturi
3315 4852 3465 4918 estis,
3488 4854 3570 4906 vel
3599 4854 3726 4921 quid

2142 4925 2312 4977 eritis.
2343 4926 2407 4977 ad
2433 4940 2518 4977 mc
2546 4926 2597 4977 in
2625 4924 2841 4977 auribus
2871 4924 3064 4977 vestris
3095 4924 3305 4977 insonat
3342 4923 3596 4977 strepitus
3626 4939 3726 4976 no-

2142 4925 2313 4988 eritis,
2343 4923 2518 4978 adhuc
2546 4926 2597 4977 in
2625 4924 2841 4978 auribus
2871 4924 3064 4977 vestris
3095 4924 3305 4977 insonat
3342 4923 3596 4990 strepitus
3626 4939 3727 4976 no-

2143 5006 2268 5050 stra:
2297 4998 2443 5050 vocis
2471 5013 2484 5048 :
2525 4994 2873 5049 admonemus
2909 5010 3003 5048 vos
3032 5002 3089 5047 ut
3119 4996 3309 5048 fratres
3332 5034 3347 5058 ,
3380 4994 3731 5048 obsecranms

2142 5076 2202 5120 ut
2232 5076 2429 5136 patres,
2454 5066 2732 5119 hortamur
2761 5072 2821 5119 ut
2850 5064 3004 5118 ftlios.
3040 5064 3221 5136 Nolite
3263 5063 3487 5136 perdere
3518 5074 3729 5116 tantum

2142 5134 2364 5191 bonum.
2400 5138 2566 5189 Amor
2601 5136 2799 5190 Christi
2838 5136 2890 5188 in
2925 5134 3177 5191 cordibus
3208 5135 3396 5189 veStris
3429 5149 3531 5187 non
3574 5136 3733 5188 refri-

2141 5218 2323 5278 gescat
2354 5224 2368 5260 :
2402 5222 2552 5261 amor
2591 5206 2776 5278 matris
2805 5205 2963 5276 hujus
2997 5209 3137 5261 circa
3162 5222 3258 5271 vos
3289 5220 3392 5259 non
3424 5214 3728 5278 turpi-seat;

2144 5276 2261 5348 qua:
2290 5294 2384 5332 vos
2408 5277 2652 5348 parturit,
2680 5292 2799 5347 qua:
2826 5293 3006 5331 curam
3030 5292 3273 5348 magnam
3304 5292 3402 5345 pro
3431 5276 3605 5328 salute
3634 5293 3729 5329 ve-

2143 5347 2269 5403 sine
2286 5347 2476 5401 anitum
2500 5348 2656 5417 gerit,
2683 5363 2803 5417 quae
2825 5364 2972 5417 Spem
2992 5357 3221 5401 vestram
3246 5347 3443 5415 dirigit,
3459 5362 3578 5415 qua:
3601 5364 3736 5413 quo-

2144 5419 2271 5473 tidie
2299 5418 2581 5474 redeuntes
2609 5434 2850 5473 ma:eru0
2874 5420 2992 5473 sinu
3013 5419 3231 5487 excipit,
3261 5433 3378 5487 quzr
3394 5419 3547 5472 vobis
3570 5418 3731 5484 spiri-

2144 5490 2312 5545 tuales
2340 5489 2968 5561 cibosfprmparattqure
2996 5490 3061 5542 ad
3101 5500 3356 5561 :eternam
3394 5491 3732 5561 saturitatem

2144 5561 2438 5632 perducere
2485 5559 2771 5616 desiderat.
2818 5559 3188 5615 lmmaculalos
3228 5560 3365 5614 tilias
3417 5561 3526 5613 Deo
3586 5559 3734 5611 Patri

2667 5713 2841 5772 Critic.,
2868 5724 3015 5775 pagg.
3040 5711 3149 5772 291,
3176 5710 3285 5770 9.92,
3305 5720 3481 5761 censet
3503 5710 3583 5759 hic
3606 5709 3741 5762 forte

2146 5774 2427 5833 legendum,
2454 5774 2683 5838 partibus.
2734 5835 2743 5838 _
2812 5782 2866 5822 Μ.

2211 5838 2284 5903 (b)
2306 5835 2693 5887 t‘orte‘scrmone
2716 5835 2780 5884 de
2810 5842 3048 5898 Tempore
3072 5836 3338 5885 Barbarico.
