4102 6336
295 316 392 375 097
1433 305 1667 364 διεκιιο
1700 306 1795 362 AD
1829 304 2398 367 CATECIIUI'ENOS.
3441 309 3550 369 ωε

294 425 553 484 habentis.
580 423 681 480 Dic
723 430 782 479 tu
824 419 948 492 quid
973 435 1031 476 es
1061 460 1083 487 ,
1105 418 1356 492 quoniam
1401 420 1493 476 ille
1530 421 1672 476 aliud
1705 420 1864 477 docet

300 513 443 568 quam
471 511 559 552 es.
582 495 699 568 Dic,
728 490 1146 568 dic,‘_au_diamu_s_
1169 490 1308 546 unde
1336 491 1615 568 luereticos
1642 492 1865 568 convin-

295 561 492 642 camus:
520 565 711 622 Audite
887 563 1030 642 dicat
1057 578 1075 614 ε
1102 561 1211 642 Ego
1232 578 1342 615 sum
1362 564 1546 642 via‘,_et
1574 564 1753 616 veritas
1776 570 1869 642 ,ᾖξε

296 641 408 700 vita.
437 635 606 691 Nemo
630 631 769 689 venit
782 633 849 688 ad
877 632 1081 687 Patrem
1100 631 1203 703 nisi
1230 647 1316 701 per
1341 648 1419 703 me
1442 631 1619 703 (Joan.
1649 648 1758 703 xiv,
1787 633 1866 700 6).

296 707 595 765 Secundum
640 705 1021 760 humanitatem
1061 702 1145 756 via
1170 701 1497 765 ,srcundum
1537 702 1866 756 divinitatem

295 779 509 843 veritas,
531 785 588 832 et
610 776 735 830 vita.
765 775 844 829 Tu
868 782 1067 836 autem,
1092 772 1338 827 hteretice
1365 772 1567 837 ariane,
1591 773 1676 841 qui
1698 773 1869 843 mino-

295 864 402 904 rem
424 842 509 902 vis
531 861 653 902 esse
674 847 726 900 in
751 844 1024 900 divinitate
1044 843 1205 896 vitam
1233 852 1287 897 et
1307 844 1605 907 veritatem,
1627 842 1870 912 sequitur

296 928 349 973 ut
376 934 478 973 non
502 932 731 987 pereunt
747 915 929 987 venias
950 912 1017 967 ad
1038 913 1268 987 Patrem.
1293 912 1585 987 Sedadhuc
1601 954 1625 987 Σ
1646 912 1869 967 Domine

295 989 434 1051 κω,
449 982 667 1042 contere
680 994 839 1057 caput
855 982 1212 1057 draconis,dic
1224 983 1350 1057 quid
1372 983 1445 1057 sis
1464 999 1584 1057 cuni
1601 983 1756 1037 Patre
1778 1000 1791 1035 :
1817 992 1871 1038 te

297 1060 565 1113 audiamus
589 1052 888 1121 docentem,
918 1070 1022 1109 non
1052 1053 1359 1109 hzereticum
1392 1052 1868 1122 hlasphemautem;

297 1130 377 1184 dic
394 1129 517 1196 quid
529 1129 603 1182 sis
621 1143 741 1182 cum
758 1124 1316 1196 Patre.Ego,inqu_it,et
1338 1122 1495 1196 Pater
1521 1140 1674 1196 unum
1696 1140 1871 1177 sumus

292 1191 484 1268 κιιάᾙχ,
508 1197 621 1268 50).
648 1198 739 1268 Dic
751 1195 943 1268 adhuc,
964 1191 1346 1268 Egi‘in‘Pgtre,
1369 1191 1657 1268 et_I_’aterin
1678 1210 1754 1268 me
1779 1203 1869 1268 est.

343 1261 479 1323 dhuc
497 1261 604 1332 dic,
626 1267 725 1333 Qui
740 1283 818 1320 me
832 1266 974 1332 vidit,
996 1261 1117 1318 vidit
1136 1274 1181 1319 et
1199 1263 1405 1318 Patrem
1419 1261 1531 1327 (Id.
1551 1279 1658 1328 xlv,
1678 1263 1764 1327 10.
1788 1264 1867 1332 9).

298 1340 476 1415 Credis
496 1339 628 1415 jam,
659 1336 925 1415 hzeretice,
953 1343 1114 1389 tanta:
1137 1335 1472 1415 auctoritati?
1492 1336 1572 1415 A_n
1596 1334 1761 1415 ipsius
1795 1342 1874 1388 te-

301 1403 620 1464 stimonium
652 1408 721 1462 de
763 1421 822 1461 se
864 1407 978 1473 ipso
1007 1421 1112 1460 non
1148 1405 1415 1469 admittis,
1437 1403 1530 1460 sed
1561 1403 1691 1458 alios
1717 1403 1784 1457 de
1806 1420 1872 1458 eo

302 1488 457 1534 testes
504 1477 764 1548 requiris?
816 1476 954 1548 Ecce
998 1475 1441 1548 introducuntnr,
1473 1474 1771 1548 adversum
1820 1484 1871 1548 te

302 1549 477 1604 dicunt
496 1588 512 1613 ,
539 1544 872 1603 convinceris
892 1589 907 1611 ,
934 1545 1203 1612 refutaris,
1230 1554 1284 1600 et
1313 1544 1444 1613 legis
1471 1544 1673 1614 laqueis
1693 1544 1871 1598 irreti-

301 1621 391 1674 ris.
419 1619 513 1697 Dic
535 1659 551 1683 ,
577 1619 726 1697 testis
765 1617 858 1697 Dei
888 1616 1090 1697 Paule,
1117 1616 1204 1697 qui
1238 1629 1402 1697 usque
1437 1615 1512 1697 ad
1555 1615 1871 1697 sanguinem

303 1705 394 1757 pro
422 1689 525 1743 isto
555 1687 858 1743 testimonio
884 1683 1154 1757 accessisti
1177 1694 1281 1757 ,ret
1323 1701 1389 1739 ne
1435 1683 1580 1757 falsae
1617 1684 1873 1757 doctrina:

303 1754 676 1813 succumberes
699 1797 715 1823 ,
742 1758 972 1811 animam
1000 1755 1241 1826 posuisti.
1269 1756 1389 1810 Dic:
1418 1754 1696 1825 audiatqni
1738 1770 1871 1809 con-

303 1830 432 1882 vinci
472 1828 757 1893 formidat;
782 1828 1128 1882 convincatur
1152 1826 1242 1895 qui
1271 1841 1369 1880 nec
1396 1826 1671 1880 convictus
1696 1834 1869 1879 muta-

304 1909 403 1968 tur.
434 1898 639 1968 Singuli
664 1898 849 1968 quique
866 1938 882 1958 ,
908 1896 1011 1961 ait,
1040 1896 1133 1968 hoc
1158 1894 1333 1968 seruile
1352 1897 1405 1948 in
1431 1895 1566 1949 vobis
1585 1894 1721 1963 quod
1744 1904 1791 1948 et
1817 1895 1870 1950 in

304 1916 403 1952 lltl'.
434 1916 528 1954 om
567 1916 638 1951 ιιιι
664 1916 849 1968 quique
866 1938 882 1958 ,
908 1916 1011 1961 ait,
1040 1916 1133 1949 hoc
1158 1916 1333 1950 senum
1352 1916 1405 1948 ιη
1431 1916 1566 1949 voms
1585 1916 1717 1963 quoa
1744 1916 1791 1948 et
1817 1916 1870 1950 ιη

304 1967 497 2025 Christo
520 1916 644 2022 festi
663 2009 680 2034 ,
707 1969 792 2038 qui
818 1984 930 2021 cum
955 1967 1010 2020 in
1039 1965 1319 2038 [arma‘Dei
1347 1978 1494 2030 esset,
1518 1968 1873 2038 nonﬂrapinam

301 2040 568 2092 arbitratus
594 2048 666 2093 est
694 2034 799 2093 esse
822 2034 1154 2107 aequalisDeo
1176 2035 1431 2107 (Philipp.
1458 2037 1583 2107 ",5,
1606 2034 1682 2105 6).
1709 2037 1873 2092 Audis

302 2110 575 2179 aequalem,
604 2107 753 2179 audis
772 2106 994 2179 formam
1018 2107 1109 2162 Dei
1136 2125 1148 2161 :
1170 2116 1224 2179 et
1244 2116 1299 2162 tu
1320 2106 1484 2179 audes
1503 2106 1875 2179 dicere_tni_no-

303 2175 411 2233 rein
442 2179 632 2234 Filium
664 2178 790 2232 Dei!
816 2177 1007 2232 Veniat
1042 2187 1097 2231 et
1135 2176 1272 2231 alius
1295 2177 1444 2231 testis
1466 2218 1481 2243 ,
1505 2177 1638 2230 utin
1665 2175 1872 2231 duobus

303 2250 381 2303 vel
409 2249 577 2303 tribus
614 2249 959 2304 conﬁrmetur
986 2247 1209 2316 aequitas
1237 2247 1492 2301 veritatis.
1538 2246 1631 2301 Dic
1674 2254 1729 2300 et
1768 2255 1826 2300 tu
1853 2286 1870 2311 ,

304 2328 481 2374 sancte
507 2318 666 2373 Petre
688 2361 704 2383 ,
730 2318 855 2388 quid
887 2318 977 2372 tibi
1007 2318 1320 2388 re_velaverit
1344 2331 1653 2388 :Vnoncaro
1672 2325 1875 2388 et_san-

340 2390 435 2453 nis,
465 2389 558 2444 sed
588 2385 1018 2444 Pater'ctelestis.
1042 2385 1122 2441 Tu
1147 2404 1220 2455 es,
1242 2386 1431 2456 inquit,
1455 2385 1686 2442 Christus
1714 2385 1875 2441 Filius

328 2458 396 2513 'Iei
418 2460 517 2513 viri
532 2457 743 2526 (Matth.
765 2458 980 2524 xvt,16,
998 2457 1153 2527 7).Ει
1176 2458 1229 2512 in
1247 2457 1477 2526 Epistola
1490 2472 1582 2527 sua
1599 2457 1664 2510 ad
1676 2456 1876 2512 Gentes

304 2528 529 2600 secunda
564 2547 589 2600 :7
610 2527 798 2582 Notam
821 2525 1193 2600 facimus’vobis
1215 2568 1231 2592 ,
1261 2525 1425 2600 inquit
1448 2570 1463 2593 ,
1491 2525 1876 2600 Domiuinostri

303 2599 448 2654 Jexus
474 2598 657 2654 Christi
687 2597 985 2664 virtutem,et
1006 2598 1437 2669 pra'scientiam,et
1460 2597 1872 2669 magnitudinem.

305 2671 465 2725 Audis
486 2670 755 2734 virtutem,
778 2669 929 2724 audis
954 2668 1387 2738 magnitudinem,
1417 2668 1569 2722 audis
1593 2668 1871 2737 pra‘scien-

309 2740 449 2793 tiam.
474 2739 530 2794 ln
559 2755 685 2807 quo,
705 2739 972 2805 lueretice,
992 2739 1262 2794 Christum
1291 2738 1422 2792 dicis
1446 2754 1565 2793 esse
1591 2738 1875 2793 minorem?

308 2808 408 2865 Sed
431 2809 552 2863 audi
571 2809 746 2865 adhuc
772 2809 895 2879 quid
922 2810 1202 2879 adversum
1226 2818 1283 2879 te
1296 2808 1381 2863 hic
1403 2809 1551 2863 testis
1570 2818 1623 2863 ct
1648 2809 1714 2863 de
1742 2808 1877 2879 Filio

308 2890 358 2935 et
384 2879 451 2935 de
470 2879 668 2949 Spiritu
686 2877 870 2935 sancto
884 2879 1047 2935 dicat.
1070 2877 1189 2933 Non
1205 2878 1455 2933 voluntate
1479 2879 1699 2932 humana
1719 2878 1878 2932 (illata

310 2962 406 3011 est,
438 2950 639 3018 inquit,
668 2951 931 3020 prophetia
962 2966 980 3004 :
1006 2950 1092 3004 sed
1121 2949 1318 3019 Spiritu
1342 2959 1513 3020 sancto
1541 2951 1640 3002 acti
1663 2992 1678 3015 ,
1725 2950 1879 3003 locuti

309 3029 421 3074 sunt
450 3019 676 3074 homines
706 3020 814 3074 Dei.
846 3019 1075 3075 Fuerunt
1109 3037 1222 3073 vero
1252 3030 1297 3072 et
1338 3019 1786 3090 psendOprophcta:
1825 3020 1878 3074 in

312 3090 495 3160 popula
514 3130 530 3156 ,
556 3090 683 3144 sicut
725 3102 771 3144 et
800 3091 852 3145 in
882 3089 1015 3145 vobis
1044 3100 1188 3144 erunt
1212 3091 1439 3159 magistri
1469 3089 1728 3144 mendaces
1746 3132 1762 3155 ,
1791 3090 1879 3159 qui

309 3161 634 3214 subinducent
653 3172 812 3215 sectas
839 3161 1149 3230 perditionis,
1196 3170 1241 3212 et
1276 3161 1362 3230 qui
1398 3161 1515 3213 emit
1542 3177 1625 3214 eos
1648 3161 1879 3214 domina-

313 3232 795 3302 toremgabnegantes
816 3229 897 3301 ('Il
931 3230 1067 3284 Petr.
1098 3247 1142 3302 t,
1164 3230 1229 3285 16
1249 3271 1263 3292 ,
1295 3229 1385 3295 21,
1410 3241 1460 3302 et
1486 3247 1519 3284 ιι
1543 3270 1560 3296 ,
1591 3232 1615 3285 1
1645 3230 1684 3302 ).
1719 3230 1880 3288 Vides

311 3308 362 3354 te
411 3300 600 3356 validis
626 3300 961 3356 ’testimOniis
1010 3312 1065 3355 et
1113 3300 1466 3355 demonstrari
1514 3311 1569 3355 et
1612 3300 1877 3357 eonvinci.

313 3368 587 3441 Negantes,
612 3371 798 3440 inquit,
829 3371 1191 3425 dominatorem
1212 3385 1330 3425 esse
1354 3372 1439 3440 qui
1454 3371 1570 3424 emit
1589 3388 1689 3426 eos.
1710 3373 1878 3440 Quem

310 3456 468 3509 negas
488 3441 876 3496 dominatorem
898 3483 913 3507 ,
945 3442 1043 3495 nisi
1076 3441 1268 3496 Filium
1294 3457 1451 3510 quem
1479 3441 1611 3496 dicis
1637 3457 1754 3497 esse
1776 3444 1878 3497 mi-

310 3512 529 3566 norem?
560 3513 623 3565 Et
641 3513 759 3579 quis
782 3523 864 3566 est
884 3511 974 3581 qui
996 3528 1092 3566 nos
1112 3511 1262 3576 emit,
1288 3511 1387 3566 nisi
1413 3512 1501 3582 qui
1527 3527 1626 3567 nos
1641 3527 1738 3566 suo
1758 3529 1882 3568 san-

312 3582 468 3651 guiue
516 3582 779 3636 redemit?
806 3582 898 3636 sed
939 3583 1260 3650 ingrediatur
1288 3591 1342 3637 et
1370 3583 1555 3636 tertius
1600 3584 1749 3638 testis
1776 3624 1790 3647 ,
1824 3595 1881 3639 ut

312 3659 417 3706 tres
446 3668 608 3706 unum
634 3668 820 3707 verum
849 3653 1207 3707 testimonium
1238 3651 1414 3706 dicant
1446 3651 1535 3707 uni
1564 3652 1807 3708 Trinitati
1828 3664 1882 3709 et

312 3723 461 3775 trina:
491 3722 775 3794 divinitati.
809 3723 900 3794 Dic
942 3732 994 3776 tu
1020 3764 1035 3785 ,
1064 3732 1245 3778 sancte
1290 3721 1522 3794 Joannes
1546 3764 1560 3785 ,
1593 3724 1680 3793 qui
1721 3741 1883 3794 super

375 3803 492 3847 ctus
519 3791 805 3847 Salvatoris
833 3793 1201 3848 discumbebas
1222 3834 1237 3857 ,
1270 3802 1324 3848 et
1354 3793 1570 3848 videbas
1612 3791 1884 3863 Superste-

334 3863 463 3935 estia
492 3863 767 3935 mirabilia
771 3864 984 3935 verbum
1000 3864 1293 3935 Domini(a)
1321 3882 1334 3918 :
1358 3864 1442 3935 die
1462 3873 1514 3918 et
1544 3874 1618 3927 tu,
1644 3866 1879 3935 inquam,

348 3932 433 4003 uid
475 3933 697 4003 noveris
730 3933 923 3988 Filium
972 3934 1084 3988 Dei.
1117 3932 1181 3986 In
1208 3934 1513 4003 principio,
1539 3932 1750 4003 inquit}
1777 3946 1883 3990 erat

364 4004 558 4074 erbum,
581 4013 626 4057 et
662 4002 876 4057 Verbum
902 4014 1005 4057 erat
1026 4004 1165 4074 apud
1188 4002 1375 4074 Deum,
1400 4014 1444 4057 et
1468 4002 1729 4069 Deus’erat
1762 4004 1884 4060 Ver-

312 4072 424 4126 bum
455 4072 631 4144 (Icari.
657 4089 694 4134 ι.
720 4075 742 4128 1
770 4074 830 4144 λε
860 4084 912 4128 et
936 4076 985 4128 in
1012 4072 1232 4142 cpistola
1257 4089 1353 4128 sua
1373 4115 1386 4135 ,
1416 4074 1616 4128 Scimus
1635 4117 1648 4139 ,
1679 4076 1881 4144 inquit,

309 4144 547 4211 quoniam
580 4142 746 4197 Filius
770 4142 867 4198 Dei
899 4145 1048 4209 venit,
1080 4154 1126 4198 et
1152 4143 1285 4196 dedit
1313 4144 1453 4198 nobis
1476 4142 1800 4212 intellectum,
1829 4157 1885 4201 ut

309 4213 525 4286 sciamus
554 4213 676 4283 quid
702 4231 866 4286 verum
892 4216 976 4282 sit,
1007 4226 1053 4268 et
1078 4215 1235 4267 simus
1266 4215 1315 4267 in
1341 4214 1613 4286 veroﬂilio
1640 4217 1784 4286 ejus:
1806 4218 1886 4286 hic

308 4294 379 4358 est
424 4285 561 4337 enim
595 4300 741 4358 rerus
787 4283 943 4358 Deus_
971 4294 1017 4340 et
1068 4285 1398 4358 vita_teterna
1423 4283 1742 4358 (lAJoangv,
1769 4285 1883 4358 20).

308 4352 385 4407 Tu
415 4362 607 4425 autem,
626 4356 885 4409 minorem
914 4355 1139 4409 dicendo
1166 4355 1384 4420 Filium,
1409 4352 1495 4425 qui
1526 4365 1608 4410 est
1630 4356 1767 4410 Deus
1797 4352 1887 4412 ve-

307 4439 397 4478 rus
420 4464 436 4490 ,
468 4441 572 4477 non
599 4424 761 4479 habes
788 4426 946 4479 vitam
967 4435 1241 4480 :eternam.
1270 4426 1377 4479 Sed
1415 4424 1481 4480 ad
1512 4427 1886 4482 confutandam

307 4495 698 4549 contumaciam
742 4510 1044 4563 perversam
1095 4496 1311 4553 lizeresis
1335 4536 1350 4561 ,
1383 4496 1447 4548 ad
1484 4495 1884 4565 deglutiendum

309 4576 379 4636 te,
408 4579 634 4636 svi-pons
660 4567 860 4635 magice
887 4567 1056 4620 [ictus
1075 4608 1090 4629 ,
1120 4582 1224 4619 non
1254 4582 1282 4620 a
1313 4565 1534 4636 veritate
1564 4578 1842 4636 susceptus
1868 4609 1884 4634 ,

308 4633 423 4702 inSt:
469 4635 628 4689 Pater
681 4633 1036 4690 testimonium
1078 4637 1213 4689 dicat
1272 4636 1337 4691 de
1387 4635 1518 4691 Filio
1574 4653 1587 4689 :
1642 4633 1886 4693 ut—nihil

306 4705 536 4774 aniplius
582 4721 789 4774 qna'ras
817 4748 835 4770 ,
893 4706 1021 4760 nihil
1065 4706 1292 4774 amplius
1336 4707 1542 4761 credas.
1606 4707 1708 4762 Per
1759 4708 1889 4762 Pro.

306 4773 523 4846 phetam
570 4773 615 4846 ε
647 4774 862 4840 Tecum,
904 4777 1103 4845 inquit,
1150 4773 1451 4846 principium
1506 4778 1555 4829 in
1604 4778 1685 4831 die
1736 4778 1893 4832 virtu-

307 4844 371 4918 εἰς
408 4856 528 4899 tute.
564 4845 883 4918 Principium
914 4844 1091 4911 Pater,
1140 4844 1449 4916 principium
1482 4847 1644 4918 Filius
1675 4866 1711 4918 Δε
1762 4863 1890 4918 ergo

306 4913 468 4987 [ater
542 4924 615 4987 et,
659 4916 826 4971 Filius
880 4913 1192 4987 principium
1261 4913 1377 4970 sine
1446 4916 1553 4970 ullo
1609 4913 1886 4987 principio.

309 4982 498 5038 Tecum
538 4986 839 5056 principium
880 4982 931 5040 in
969 4982 1063 5039 die'
1087 4987 1278 5041 virtutis
1316 4997 1433 5052 tute,
1464 4988 1515 5040 in
1544 4982 1891 5057 splendoribus

280 5067 718 5140 ⁸εαιιτιοιδιιιιινιξίε
762 5067 901 5110 utero
951 5059 1199 5140 generauit
1253 5067 1298 5139 te
1355 5057 1533 5130 (Psal.
1590 5073 1707 5123 CIX,
1756 5058 1829 5140 5)
1872 5076 1889 5140 ξ

304 5126 809 5197 tanqnanidit-eret,
832 5126 1076 5182 ulsaneti
1112 5126 1551 5192 illumitiarentnr,
1585 5126 1890 5197 processisti

306 5210 377 5251 ex
407 5212 514 5269 me.
548 5196 658 5269 Nec
688 5197 816 5269 l‘uit,
844 5198 1175 5269 dilectissimi
1198 5240 1212 5258 ,
1236 5199 1336 5252 alia
1365 5214 1518 5252 causa
1550 5196 1643 5253 cur
1670 5201 1752 5253 vel
1777 5200 1890 5269 ipsa

304 5268 525 5338 nomina
558 5268 729 5321 Patris
760 5277 812 5323 et
843 5268 963 5323 Filii
994 5278 1046 5323 et
1075 5268 1301 5337 Spiritus
1330 5269 1496 5323 sancti
1544 5268 1892 5338 SlelllCltlh'l-

304 5336 591 5401 dereutur,
610 5337 709 5391 nisi
741 5347 797 5392 ut
824 5340 991 5392 sancti
1039 5336 1278 5394 homines
1325 5336 1727 5395 instrueretilur.
1779 5341 1893 5395 Cte-

305 5416 487 5481 ternm
518 5407 659 5481 quod
691 5408 889 5481 dictum
917 5419 999 5463 est
1024 5408 1283 5481 Moysiab
1310 5410 1420 5481 ipsa
1450 5410 1741 5481 substantia
1769 5410 1891 5466 Tri-

304 5476 511 5548 nitatis,
540 5478 652 5547 Ego
677 5495 786 5533 sum
808 5480 893 5548 qui
912 5494 1044 5539 sunt;
1067 5476 1153 5545 et,
1184 5478 1273 5535 Sic
1299 5480 1462 5542 dices,
1496 5480 1595 5545 Qui
1618 5493 1691 5534 est
1715 5523 1730 5546 ,
1758 5483 1892 5535 misit

304 5563 390 5601 me
416 5548 435 5619 (
458 5546 631 5602 Exod.
662 5564 717 5603 tu
747 5590 762 5616 ,
798 5546 862 5603 ll
884 5550 919 5619 ).
953 5550 1090 5620 Ergo
1117 5566 1179 5603 ex
1225 5560 1376 5605 utero
1418 5551 1470 5605 iu
1523 5551 1893 5620 splendorihus

372 5766 447 5831 (α)
471 5766 573 5819 vid.
600 5765 686 5817 lib.
709 5764 774 5816 de
792 5772 957 5817 Saucia
981 5767 1283 5832 \irgiaitatc,
1306 5779 1409 5831 cap.
1435 5766 1510 5817 '27.

1973 432 2278 500 sanctorum
2312 431 2599 500 generatus
2619 433 2713 500 est
2738 424 2928 500 Filius.
2953 426 3060 483 Sed
3100 444 3168 500 ne
3194 427 3351 500 hanc,
3373 443 3544 500 gene-

1973 493 2229 569 rationem
2250 493 2533 569 car_naliter
2551 495 2632 550 vel
2656 496 3016 569 temporaﬂter
3037 499 3306 568 acciperes
3332 493 3547 569 factam,

1973 564 2096 618 audi
2124 564 2551 636 quomodoeum
2591 566 2850 635 genuerit.
2886 564 3183 634 Eructavif,
3216 570 3385 636 inquit
3414 612 3429 636 ,
3461 564 3550 626 cor

1972 650 2137 687 meum
2161 633 2370 688 Verbum
2393 633 2560 705 (ζέσαι.
2584 633 2724 700 xuv,
2746 636 2828 705 2).
2848 636 3077 692 Joannes
3102 641 3252 694 testis
3277 633 3447 693 dicit:
3481 641 3547 695 In

1975 705 2224 773 principio
2264 714 2371 758 erat
2413 703 2646 759 Verbum.
2678 703 2816 761 Deus
2854 707 3012 762 Pater
3054 706 3183 764 dicit
3228 725 3243 760 ε
3288 708 3551 764 Ernclavit

1973 789 2061 827 cor
2107 791 2270 827 meum
2331 773 2564 829 Verbum.
2612 776 2856 833 Ilaliacuc
2887 777 3056 832 dicit:
3086 777 3370 833 Ambulavit
3419 778 3547 834 Ver-

1974 842 2091 916 bum
2119 843 2336 916 (llabac.
2364 862 2445 916 ιιι,
2477 847 2528 907 5.
2558 863 2658 900 sec.
2692 847 2880 915 LXX.)
2900 847 3065 903 Audis
3093 849 3261 903 Deum
3291 849 3545 913 Verbum,

1974 922 2026 987 et
2069 915 2169 987 hoc
2203 928 2322 987 esse
2360 915 2417 987 in,
2459 917 2718 985 principio
2747 918 2883 987 apud
2912 919 3075 973 Deum
3100 960 3116 983 ,
3140 927 3195 974 et
3222 919 3387 973 Deum
3425 935 3548 975 esse

1977 982 2229 1065 Verbum.
2278 982 2725 1065 Testimoniorum
2764 982 2865 1043 vox
2890 1029 2906 1061 ,
2946 997 3003 1043 et
3058 989 3221 1065 ipsius
3266 989 3546 1045 Trinitatis

1976 1058 2152 1109 unitas
2195 1070 2288 1122 per
2330 1064 2495 1110 totum
2547 1058 2800 1112 mundum
2839 1058 3021 1113 centra
3062 1058 3113 1112 te
3141 1059 3375 1114 clamat:
3408 1069 3461 1113 et
3490 1070 3548 1114 tu

1974 1125 2118 1179 velut
2142 1125 2289 1179 canis
2318 1126 2530 1180 rabidus
2549 1137 2733 1181 contra
2764 1137 2929 1182 totum
2960 1128 3211 1184 mundum
3239 1129 3418 1184 latras.
3438 1129 3548 1185 Sed

1975 1194 2099 1249 audi
2128 1194 2301 1268 adhuc
2339 1196 2478 1268 unde
2504 1197 2711 1264 plenius
2740 1199 3071 1252 convincaris
3102 1240 3118 1263 ,
3148 1200 3289 1268 quod
3314 1199 3546 1255 Trinitas

1980 1280 2115 1338 unus
2154 1265 2296 1338 Deus
2320 1266 2406 1338 sit.
2435 1266 2606 1338 Patris
2634 1283 2734 1323 vox
2764 1279 2844 1323 est
2873 1285 2969 1338 per
2998 1265 3314 1337 Prophetam
3352 1270 3416 1324 ad
3458 1269 3547 1324 Fi-

1976 1334 2103 1409 lium
2128 1353 2141 1387 :
2166 1333 2234 1389 In
2264 1336 2612 1409 splendoribus
2634 1333 2917 1409 sanctorum
2942 1356 3005 1393 ea:
3024 1333 3162 1409 utero
3190 1340 3339 1409 genui
3359 1349 3424 1394 te.
3446 1340 3546 1393 Pa-

1979 1406 2075 1477 tris
2101 1421 2203 1459 vox
2228 1417 2308 1460 eet
2334 1407 2398 1460 ad
2431 1407 2615 1461 Isaiam
2642 1408 2963 1477 prophetam
2993 1410 3059 1459 de
3082 1406 3277 1473 Spiritu
3305 1408 3499 1464 Sancto
3529 1428 3542 1462 :

1977 1474 2438 1548 Spiritussanctus,
2464 1474 2708 1548 inquit,'a
2731 1474 2806 1532 me
2829 1481 2975 1533 exiet.
3008 1479 3076 1534 Et
3099 1478 3214 1532 Filii
3240 1494 3339 1532 vox
3375 1489 3455 1533 est
3492 1481 3551 1534 its

1977 1545 2271 1618 Evangelio
2293 1545 2578 1603 ostenderis
2602 1549 2651 1602 in
2684 1565 2740 1603 se
2763 1550 2969 1603 Patrem
2996 1563 3133 1613 esse,
3161 1557 3216 1602 et
3237 1565 3295 1603 se
3321 1549 3374 1603 in
3408 1550 3551 1618 ipso.

1978 1615 2065 1669 ubi
2093 1615 2164 1689 ait
2182 1634 2207 1689 γε
2229 1616 2466 1689 ΔΡιῃειίίη
2489 1635 2566 1672 me
2593 1636 2798 1672 manens
2816 1658 2840 1689 _.
2872 1620 2979 1686 ipse
3020 1620 3138 1688 facit
3177 1636 3327 1689 opera
3350 1621 3366 1689 (
3387 1615 3555 1674 Joan-

1977 1701 2069 1740 xiv
2092 1728 2108 1752 ,
2142 1688 2206 1741 10
2228 1686 2267 1755 ).
2297 1687 2416 1742 Filii
2438 1704 2535 1743 vox
2587 1700 2667 1743 est
2708 1689 2776 1743 de
2806 1687 3002 1755 Spiritu
3020 1686 3239 1755 sancto,
3260 1686 3548 1744 ostendens

1976 1756 2097 1825 quia
2124 1758 2392 1824 quomodo
2420 1759 2656 1826 procedit
2684 1776 2748 1815 ex
2783 1760 2936 1813 Patre
2958 1800 2974 1824 ,
3006 1759 3075 1813 ita
3104 1775 3169 1814 ex
3197 1774 3253 1812 se
3281 1760 3427 1826 ipso,
3457 1760 3547 1813 ubi

1976 1826 2052 1898 ait
2078 1826 2352 1895 discipulis
2378 1829 2487 1882 suis
2516 1840 2633 1895 post
2652 1830 3091 1884 resurrectionem
3124 1848 3135 1882 :
3164 1829 3386 1898 Accipite
3418 1830 3547 1896 Spi-

1976 1897 2130 1970 ritum
2172 1907 2416 1951 sanctum.
2448 1898 2513 1951 Et
2543 1899 2810 1970 inm/flavit
2842 1901 2893 1953 in
2932 1901 3000 1954 eis
3024 1941 3039 1963 ,
3070 1899 3143 1954 ait
3167 1897 3504 1970 Evangelista
3527 1939 3545 1964 ,

1976 1966 2229 2035 Spiritum
2258 1979 2496 2023 sanctum
2525 1966 2780 2032 dans'i-is,
2810 1985 2874 2023 ac
2898 1971 3077 2024 dicens
3108 1985 3120 2020 :
3155 1969 3215 2023 Si
3235 1970 3315 2020 cui
3334 1966 3549 2023 remise-

1976 2038 2087 2090 ritis
2116 2047 2339 2106 peccata,
2368 2040 2677 2092 remittemur
2697 2041 2772 2092 illi
2799 2038 2907 2106 (ld.
2934 2056 3023 2102 xx,
3043 2039 3133 2101 22,
3160 2039 3270 2100 95).
3300 2037 3549 2094 Undeest

1977 2115 2032 2180 et
2054 2107 2221 2180 illud
2245 2110 2468 2177 apostoli
2514 2111 2700 2180 Pauli:
2735 2109 2795 2163 Si
2819 2111 2931 2180 quis
2956 2110 3205 2180 Spiritum
3229 2107 3418 2180 Christi
3445 2125 3548 2180 non

1978 2176 2141 2249 habet,
2171 2178 2251 2231 hic
2278 2176 2377 2231 non
2405 2188 2479 2231 est
2507 2180 2614 2249 ejus
2635 2179 2810 2245 (Rom.
2831 2176 2943 2243 'viu,
2975 2180 3051 2247 9).
3074 2179 3129 2233 Si
3160 2194 3287 2247 ergo
3306 2178 3474 2233 Filius
3495 2178 3547 2249 in

1977 2246 2135 2317 Patre
2169 2257 2223 2302 et
2268 2264 2332 2302 ex
2378 2246 2568 2309 Patre,
2599 2250 2827 2317 Spiritus
2858 2261 3071 2303 sanctus
3101 2246 3256 2302 simul
3279 2258 3361 2302 est
3397 2257 3452 2302 et
3494 2247 3549 2301 in

1976 2316 2116 2372 Filio
2156 2326 2210 2372 et
2237 2318 2393 2372 Patre
2420 2334 2436 2382 ;
2465 2334 2568 2372 non
2617 2316 2698 2373 est
2740 2319 2976 2386 seiuncta
3026 2318 3263 2373 Trinitas
3291 2360 3306 2376 .
3338 2319 3427 2373 ubi
3466 2327 3553 2372 est

2048 2386 2207 2442 rlecta
2236 2388 2426 2443 unitas.
2457 2389 2699 2443 Discedat
2722 2389 2948 2444 Arianus
2976 2389 3228 2444 confusus
3252 2404 3394 2455 rcus,
3426 2388 3550 2458 quia

2027 2458 2209 2511 rinitas
2230 2474 2368 2512 unus
2389 2468 2469 2514 est
2499 2460 2654 2513 Deus.

2048 2529 2273 2600 CAPUT
2310 2529 2546 2600 Vl.-—-8.
2596 2528 2763 2600 Virga
2801 2538 2847 2584 et
2884 2530 3046 2582 crucis
3086 2528 3271 2582 Christi
3316 2528 3554 2600 mysteria

1980 2599 2315 2669 prosequitur.
2346 2599 2648 2669 Sanctorum
2677 2599 2904 2668 exmtpla
2943 2600 3078 2653 omni
3108 2600 3364 2652 hominum
3385 2599 3554 2669 generi

1980 2667 2256 2738 proposita.
2287 2668 2390 2724 Sed
2430 2670 2640 2739 quando
2682 2670 2796 2731 tibi,
2822 2667 3083 2738 perversa
3123 2669 3359 2731 haeresis,
3390 2667 3553 2722 ’verba

1982 2754 2098 2793 mea
2122 2740 2422 2810 proﬁciunt,
2453 2756 2574 2795 cum
2617 2741 2691 2794 sis
2731 2741 2873 2808 asins
2911 2740 3089 2799 surda,
3123 2740 3375 2793 obturaus
3398 2752 3556 2792 aures

1982 2824 2049 2864 ne
2091 2809 2275 2864 audias
2304 2825 2485 2865 vocem
2533 2810 2953 2864 incantautium'l
2990 2810 3209 2864 Not-eris
3240 2819 3290 2862 te
3321 2819 3495 2863 tamen
3522 2823 3553 2861 a

1981 2888 2229 2947 serpente
2275 2895 2396 2935 esse
2436 2880 2841 2944 comedendum,
2887 2880 3011 2933 dum
3056 2896 3183 2934 oves
3228 2893 3360 2948 quas
3407 2889 3555 2933 tenes

1981 2950 2237 3018 captivas,
2284 2950 2349 3003 ad
2382 2966 2534 3004 suum
2566 2952 2703 3005 ovile
2735 2951 2819 3004 ille
2861 2961 3037 3018 pastor
3061 2950 3355 3018 adduxerit,
3387 2960 3445 3002 ut
3487 2949 3556 3002 sit

1982 3016 2120 3073 unus
2142 3036 2271 3089 grex
2302 3029 2353 3073 et
2382 3035 2518 3074 unus
2544 3031 2743 3090 pastor.
2778 3016 2871 3073 ille
2893 3029 3074 3088 pastor
3099 3016 3555 3090 nosterhdilectis-

1982 3090 2123 3154 simi,
2148 3086 2235 3159 qui
2268 3090 2318 3143 iu
2349 3091 2493 3158 virga
2524 3086 2691 3145 ferrea
2723 3086 2979 3159 pascit—et
3012 3090 3166 3158 regit,
3196 3086 3477 3159 coiilriugit
3501 3098 3556 3141 et

1983 3157 2234 3230 restituit,
2255 3159 2380 3230 ipse
2408 3157 2591 3230 pastor
2611 3157 2857 3227 esu-ipse
2887 3170 3083 3224 rector,
3114 3159 3225 3228 ipse
3249 3157 3552 3230 fabricator,

1984 3230 2097 3297 ipse
2116 3226 2438 3285 architectus
2474 3242 2673 3286 noster.
2721 3226 2962 3297 magnum
3004 3238 3055 3282 te
3085 3226 3345 3294 pastorem
3377 3226 3552 3292 video,

2029 3300 2206 3354 omine
2230 3300 2378 3363 Jesu,
2405 3316 2530 3355 oves
2558 3309 2883 3365 pascentem,
2912 3308 3153 3353 errantes
3174 3297 3553 3365 requirentem,

1986 3316 2206 3354 nomine
2230 3316 2378 3363 sesu,
2405 3316 2530 3355 oves
2594 3316 2883 3365 asccntem,
2912 3316 3153 3353 errantes
3174 3316 3553 3365 requirentem,

1984 3371 2224 3426 inventas
2271 3386 2391 3425 cum
2437 3316 2631 3439 gaudio
2679 3370 2744 3424 ad
2784 3385 2996 3439 gregem
3043 3369 3144 3422 tuis
3197 3368 3432 3439 humeris
3472 3382 3556 3423 re-

1984 3449 2282 3511 portantem
2316 3458 2329 3494 :
2359 3438 2605 3509 maguum
2653 3449 2705 3495 te
2740 3438 3104 3511 architectum,
3129 3439 3302 3511 video.
3354 3438 3555 3511 virgam

1985 3506 2303 3582 portantem,
2327 3511 2379 3565 in
2397 3506 2540 3579 virga
2568 3511 2905 3582 pendentem,
2928 3509 3066 3566 etde
3094 3509 3191 3564 ista
3218 3508 3361 3582 virga
3380 3506 3554 3582 multa

1984 3578 2236 3635 miracula
2268 3578 2579 3636 facientem.
2597 3580 2815 3635 Multum
2845 3594 3140 3650 expavesco
3170 3578 3554 3650 expositionem

1986 3653 2152 3720 virgae
2190 3651 2365 3719 hujus,
2394 3651 2746 3716 dlICCliSsltlli,
2783 3646 3052 3705 dum—loca
3079 3649 3378 3720 divinarum
3417 3646 3560 3720 Scri-

1986 3718 2271 3792 pturarum
2306 3722 2606 3776 considero.
2639 3720 2797 3792 Virga
2830 3720 2990 3776 Maria
3038 3729 3240 3781 sancta,
3271 3718 3414 3786 virga
3445 3718 3559 3786 ipse

1986 3791 2250 3851 Christus.
2275 3794 2418 3860 virga
2447 3808 2594 3845 crux.
2630 3793 2687 3845 Et
2725 3791 2790 3847 de
2819 3792 2915 3846 ista
2944 3793 3085 3857 virga
3111 3804 3265 3860 quam
3293 3803 3478 3860 magna
3505 3797 3559 3860 et

1987 3864 2118 3918 mira
2161 3862 2286 3917 fecit
2329 3858 2414 3916 hic
2458 3862 2803 3916 areliitecms!
2851 3869 2906 3915 et
2944 3858 3184 3915 arborem
3228 3858 3349 3912 fecit
3387 3858 3559 3912 crucis

1989 3934 2077 3988 uhi
2118 3933 2229 4000 ipse
2266 3933 2531 4001 angularis
2576 3932 2821 4002 pependit
2847 3932 3000 3998 lapis,
3032 3940 3087 4002 et
3116 3927 3429 4002 scalas‘caeli
3464 3943 3562 4002 per

1987 4018 2118 4073 quas
2138 3997 2417 4057 hominem
2448 3997 2656 4073 lapsum
2695 4003 2759 4055 ad
2790 3997 3007 4073 Patrem
3030 4000 3239 4073 levavit.
3269 3997 3436 4073 Quale
3463 3997 3562 4051 ιιιί-

1989 4068 2249 4140 iaculum,
2296 4068 2516 4133 fratres,
2549 4072 2701 4139 hujus
2739 4071 3032 4135 architecti,
3080 4080 3136 4123 ut
3174 4068 3261 4140 de,
3285 4069 3428 4136 virga
3466 4081 3561 4121 sua

1991 4143 2185 4199 faceret
2212 4138 2402 4209 scalas,
2428 4153 2481 4196 et
2510 4138 2639 4197 tales
2660 4157 2882 4211 quarum
2914 4150 3069 4209 caput
3089 4142 3139 4211 in
3166 4138 3357 4211 caelum
3391 4152 3558 4205 pone-

1990 4224 2091 4276 ret,
2120 4222 2176 4268 et
2202 4229 2295 4283 per
2320 4208 2411 4268 eas
2451 4213 2563 4281 ipse
2598 4222 2651 4267 et
2678 4208 2989 4266 ascenderet
3015 4220 3069 4266 et
3098 4208 3465 4283 descenderet,
3503 4214 3560 4283 et

1991 4277 2216 4355 propter
2233 4277 2831 4355 conﬁrmationemipse
2877 4296 3035 4350 super
3065 4296 3154 4355 eas
3197 4277 3559 4333 incumberet!

1991 4352 2235 4410 Ascende
2270 4368 2511 4419 securus,
2555 4354 2641 4423 qui
2670 4353 2942 4406 desideras
2970 4352 3217 4423 caelum;
3248 4363 3351 4402 non
3379 4356 3430 4401 te
3458 4355 3564 4423 ter-

1993 4437 2108 4480 reat
2148 4439 2329 4479 earum
2372 4438 2469 4477 nec
2499 4417 2782 4493 angustia,
2830 4436 2927 4474 nec
2970 4419 3260 4493 longitudo,
3303 4432 3401 4472 nec
3441 4417 3563 4493 alti-

1993 4494 2153 4558 tudo;
2187 4493 2314 4547 nihil
2347 4494 2553 4556 timeas,
2581 4487 2688 4545 Ῐιοιι
2720 4500 2903 4545 nutant
2929 4493 3120 4558 gradus
3149 4490 3284 4555 ejus,
3318 4503 3451 4557 quos
3475 4487 3563 4540 ille

1993 4564 2313 4619 architectus
2357 4563 2433 4617 sic.
2461 4563 2811 4619 conﬁrmavit.
2859 4570 2910 4612 ut
2954 4562 3003 4613 in
3040 4560 3156 4628 ejus
3200 4560 3338 4621 ligno
3366 4571 3565 4628 manus

1994 4651 2117 4689 suas
2156 4634 2318 4688 clavis
2343 4632 2483 4701 altigi
2526 4633 2766 4686 voluerit.
2800 4631 2930 4684 Vide
2970 4627 3258 4683 1ιςιςεοειιειε
3290 4627 3443 4701 hujus
3472 4641 3563 4678 ar-

1993 4705 2208 4760 chitecti
2260 4697 2572 4772 discipulum
2627 4703 2921 4772 apostolum
2966 4701 3184 4755 Paulum
3240 4708 3292 4750 et
3345 4697 3567 4772 demono

1993 4784 2274 4840 strautem,
2306 4783 2359 4828 et
2384 4764 2769 4846 gradttsiqtiasi
2799 4777 3245 4846 numerantemct
3270 4764 3567 4846 ascenderi-

1998 4855 2126 4910 tem,
2170 4853 2226 4899 et
2261 4837 2421 4915 quam
2449 4837 2716 4915 plurimos
2758 4837 3335 4915 invitantem:flecto,
3375 4837 3564 4915 inquit,

1994 4904 2157 4987 genua
2178 4904 2295 4987 interi
2340 4914 2408 4967 ad
2440 4904 2644 4987 Patrem
2677 4913 2876 4967 Domini
2921 4910 3076 4987 nostri
3105 4908 3229 4962 Jesu
3274 4904 3478 4987 Christi,
3512 4912 3567 4987 ut

1995 4980 2077 5040 det
2106 4986 2241 5040 vobis
2276 4985 2693 5052 comprehendere
2735 5000 2848 5035 cum
2888 4980 3333 5052 omnibusqsanclis
3361 4982 3474 5052 qua:
3500 4980 3569 5030 Si!

1996 5056 2276 5132 altitudo__et
2303 5045 2536 5132 latitudo,
2561 5054 2819 5132 longitudo
2845 5062 2889 5105 et
2916 5045 3461 5132 ριόῖιυιιζιιιιιν(ΕριιιξξΣ
3481 5059 3563 5132 ιιιι,

1998 5129 2066 5182 ib
2084 5138 2131 5182 et
2159 5125 2267 5197 18).
2300 5114 2534 5197 Quatuor
2561 5114 2754 5197 gradus
2782 5114 2956 5192 posuit
2992 5114 3184 5197 crucis.
3209 5114 3467 5197 Notierg‘o
3490 5114 3575 5197 la:

1997 5185 2239 5252 horiosaa'
2270 5185 2392 5267 sunt
2423 5195 2520 5267 lue
2544 5185 2737 5267 sczilze:
2770 5185 2994 5267 quatuor
3028 5186 3223 5267 gradus
3250 5185 3466 5267 habent,
3513 5190 3571 5239 et

2000 5268 2294 5337 perducunt
2331 5266 2395 5320 ad
2425 5264 2638 5337 caelum.
2686 5262 2739 5315 lu
2770 5259 3042 5337 altitudine
3076 5259 3440 5337 cruciscaput
3465 5269 3569 5337 po:

1998 5323 2153 5392 situm
2181 5348 2262 5391 est
2288 5334 2523 5391 crucifixi
2554 5353 2565 5387 :
2595 5347 2801 5387 sursum
2832 5345 2923 5384 cor
2943 5328 3131 5381 habeat
3159 5323 3484 5379 christianos
3504 5323 3570 5377 ad

2001 5409 2301 5469 Dominum,
2334 5404 2473 5476 quod
2506 5398 3117 5476 interrogatusquotitlie
3161 5394 3480 5476 respondet;
3519 5403 3573 5449 et

1998 5478 2237 5533 ascendit
2284 5466 2443 5531 unum
2482 5466 2731 5546 gradum:
2768 5470 2825 5525 In
2863 5466 3138 5523 latitudine
3170 5466 3345 5546 crucis
3385 5479 3573 5546 manus

1997 5549 2168 5602 allisa:
2209 5557 2331 5602 sunt
2366 5535 2603 5599 cruciﬁxi
2637 5561 2648 5595 :
2679 5548 3019 5613 perseverent
3067 5552 3254 5613 manus
3298 5535 3572 5613 christiaiii

2000 5618 2051 5691 in
2082 5618 2332 5691 operibus
2362 5615 2547 5691 bonis;
2575 5622 2629 5668 et
2654 5604 2940 5667 secundum
2958 5604 3571 5691 gradumnascenditziln

2001 5678 2323 5757 longitudine
2350 5685 2522 5741 crucis
2551 5697 2746 5757 corpus
2769 5678 3013 5757 pependit
3044 5678 3575 5757 crneilisifucastiget

1999 5744 2121 5831 quis
2156 5773 2348 5832 corpus
2377 5771 2530 5813 suum
2556 5744 3031 5818 observationibus,
3057 5749 3273 5823 jejuniis
3295 5744 3423 5803 illud
3453 5757 3573 5800 sus-
