4102 6336
443 464 676 535 pendat.
728 472 786 518 ut
832 463 1075 535 servituti
1119 462 1327 535 auium:
1359 460 1636 535 subjiciat;
1694 467 1770 535 et_
1797 458 2013 513 tertium

439 529 661 607 gradum
700 535 958 607 ascendit.
1003 534 1062 607 ιιι
1102 531 1367 607 profundo
1419 529 1594 607 crucis
1621 529 1888 584 occultum
1935 537 2018 607 esi

439 599 580 676 quod
628 621 731 676 non
762 605 931 676 vides,
971 604 1063 676 sed
1100 599 1224 676 inde
1267 603 1504 676 exsurgit
1532 602 1635 655 hoc
1673 609 1842 654 totum
1872 599 2017 669 quod

439 671 589 731 vides
618 693 630 729 :
663 675 801 730 adsit
827 671 959 729 fides
997 675 1306 738 christiana,
1338 671 1480 742 quod
1524 686 1630 726 non
1657 678 1832 742 potest
1867 684 2021 724 com-

441 746 795 817 prehendere,
844 744 1027 817 credat
1077 743 1256 809 corde,
1304 743 1491 798 altiora
1535 756 1593 798 se
1621 757 1743 817 _non
1793 748 2017 817 quaerat,

444 809 569 888 spes
598 833 717 888 eum
745 809 944 870 nutriat
964 833 989 888 ς⁸
1007 823 1060 869 et
1089 823 1214 869 tunc
1242 823 1486 888 quartum
1511 812 1729 888 gradum
1758 809 2018 866 ascendit.

513 888 568 942 9.
610 887 713 942 Per
743 888 838 940 hos
864 885 1064 956 gradus
1083 883 1437 956 ascenderunt
1465 883 1630 938 sancti
1654 896 1862 956 omnes,
1893 895 2022 956 con-

442 958 695 1023 tinentes,
737 951 998 1028 conjngati
1041 954 1266 1028 fideles:
1290 964 1573 1028 evaserunt
1602 953 1780 1028 ruinas
1812 951 2018 1028 mundi,

444 1021 807 1098 migraverunt
835 1021 1037 1098 aifloea
1067 1026 1351 1098 tutissima,
1393 1025 1482 1081 ubi
1506 1024 1616 1094 jam
1647 1037 1746 1098 nec
1767 1021 2023 1078 barbaros

441 1094 656 1164 timent,
703 1113 799 1153 nec
838 1096 1054 1166 fragiles
1093 1111 1249 1150 casus
1292 1095 1552 1166 humanos
1581 1094 1889 1166 exhorrent,
1923 1105 2024 1147 nec

441 1169 812 1239 corruptiones
837 1164 1099 1239 metuunt,
1124 1181 1220 1221 nec
1244 1165 1584 1239 a‘gritudines
1605 1164 1893 1239 patiuntur,
1925 1177 2024 1217 nec

443 1235 869 1293 tribulationibus
911 1236 1235 1307 affliguntur,
1291 1251 1390 1292 nec
1435 1237 1603 1306 ipsam
1637 1235 1746 1307 jam
1795 1243 2022 1307 mortem

441 1311 652 1374 timent,
695 1308 786 1364 sed
829 1323 948 1362 cum
981 1304 1089 1363 Deo
1133 1307 1201 1362 de
1249 1307 1360 1362 Deo
1406 1304 1607 1360 vivunt.
1641 1304 1786 1360 Hanc
1829 1305 2018 1368 vitam,

441 1379 790 1434 dilectissimi.
831 1393 1089 1444 amemus,
1135 1387 1469 1448 appetamus,
1515 1376 1882 1448 desideremus
1911 1391 1926 1429 :
1955 1374 2021 1448 ad

441 1465 602 1520 quam
637 1450 810 1504 omnis
837 1450 925 1516 qui
963 1443 1147 1513 currit,
1172 1443 1284 1502 non
1309 1447 1650 1520 graditurivia
1682 1443 2022 1520 pedum,_sed

442 1514 525 1573 via
577 1535 804 1574 morum.
851 1514 982 1574 Boni
1029 1534 1156 1590 ergo
1199 1514 1380 1574 mores
1417 1517 1776 1588 requirantur,
1821 1514 1927 1590 ipsi
1969 1514 2023 1568 in

443 1591 691 1644 omnibus
731 1586 1348 1659 inveniantttr.'Utcrquc
1395 1586 1555 1659 sexus
1582 1597 1648 1659 _et
1681 1586 1865 1659 omnis
1893 1593 2024 1640 tetas

442 1659 606 1714 habet
644 1662 694 1713 in
725 1660 825 1715 hoc
868 1668 1170 1714 sanctorum
1201 1656 1475 1714 hominum
1504 1656 1812 1712 imitationis
1837 1669 2023 1710 exem-

443 1730 608 1799 plum.
639 1729 916 1785 Imitentur
950 1745 1106 1784 senes
1136 1746 1310 1784 mores
1339 1729 1540 1793 Tobiae,
1571 1729 1660 1798 qui
1699 1741 1820 1799 cum
1850 1740 2024 1799 cmeus

443 1795 586 1870 esset
616 1816 862 1870 corpore,
884 1801 1022 1854 viam
1048 1802 1168 1854 vita:
1195 1801 1302 1854 filio
1325 1795 1722 1855 demonstrabat
1751 1798 1803 1851 in
1835 1795 2020 1870 corde.

443 1869 536 1925 llle
563 1885 684 1924 eum
714 1866 872 1924 manu
903 1870 1129 1924 ducebat
1171 1871 1226 1924 in
1270 1879 1429 1928 terra.
1467 1879 1521 1924 ct
1566 1878 1716 1938 pater
1753 1866 2024 1922 monendo

439 1955 563 1994 eum
611 1941 929 2008 perducebat
972 1941 1037 1994 ad
1082 1942 1298 1996 cmlum.
1337 1937 1614 1995 Imitentur
1651 1937 2022 1993 adolescentes

440 2009 638 2081 Joseplt
686 2022 960 2076 sanctum,
1016 2012 1294 2082 pulchrum
1345 2024 1605 2082 corpore,
1659 2008 2020 2079 pulchriorem

1465 342 1697 402 SERMO
1747 341 1833 398 DE
1873 339 2196 399 TEMPOR'E
2235 341 2642 402 BABBARICO.

3614 343 3720 402 700

2129 459 2308 516 mente
2335 477 2347 513 :
2376 475 2537 531 quem
2558 459 2774 517 castitas
2815 459 2893 514 sic
2941 457 3270 530 possederat,
3318 467 3378 513 ut
3449 458 3717 517 irruentes

2128 531 2287 586 mina:
2325 531 2556 586 domina:
2595 531 2834 586 mulieris
2878 531 3155 601 impudicae
3197 541 3550 601 nonpossent
3593 548 3718 588 eum

2128 601 2350 667 violare,
2397 617 2496 657 nec
2537 610 2714 656 mente
2732 603 2770 666 ⁸,
2814 616 2914 656 nec
2957 600 3202 670 corpore,
3243 600 3396 670 cujus
3419 601 3531 671 jam
3575 603 3716 658 Deus

2128 673 2442 741 possederat
2483 680 2740 728 mentem.
2786 671 3062 728 Imitentur
3087 672 3323 742 virgines
3362 681 3564 726 sancta:
3593 688 3720 727 sau-

2128 739 2266 797 ctam
2312 743 2520 798 Domini
2569 743 2651 798 sui
2691 752 2914 798 matrem
2953 739 3194 797 Mariam:
3242 739 3520 796 Imitentur
3545 743 3720 799 vidua:

2127 814 2429 883 religiosam
2464 813 2678 868 viduam
2725 815 2970 868 Annam:
3001 814 3274 884 imitentur
3317 822 3369 867 et
3418 814 3718 884 coniugata:

2129 892 2330 938 castam
2361 884 2681 939 Susannam.
2702 885 2862 954 Virgo
2889 893 3060 940 mater
3083 883 3224 953 quod
3248 884 3413 946 vovit,
3439 883 3716 953 implevit:

2127 954 2281 1008 Anna
2309 955 2461 1009 vidua
2511 957 2561 1009 in
2592 955 2924 1009 orationibus
2953 966 3006 1010 et
3029 954 3249 1024 jejuniis
3277 969 3445 1025 usque
3475 955 3527 1008 in
3558 958 3718 1010 tinem

2130 1027 2579 1092 perseverantiam
2625 1026 2834 1080 tenuit:
2870 1026 3114 1080 Susanna
3162 1033 3305 1080 casta
3337 1040 3433 1094 pro
3464 1026 3718 1094 pudicitia

2129 1095 2390 1166 conjugali
2419 1112 2584 1164 usque
2608 1097 2675 1150 ad
2703 1097 2998 1166 periculum
3037 1097 3230 1151 mortis
3258 1096 3507 1166 accessit.
3533 1096 3722 1151 lute-

2129 1165 2260 1227 dite,
2293 1167 2607 1236 coniugatio,
2643 1165 2814 1236 qualis
2846 1166 3000 1221 vobis
3028 1167 3186 1236 hujus
3214 1181 3244 1220 a
3272 1165 3546 1235 Scriptura
3587 1181 3722 1221 san-

2128 1245 2213 1290 cta
2263 1237 2487 1307 imitatio
2522 1245 2865 1307 proponatur.
2920 1237 3036 1292 Non
3091 1238 3234 1292 enim
3277 1251 3398 1292 eam
3437 1237 3714 1307 prtedicat,

2128 1307 2270 1376 quod
2297 1304 2457 1362 fuerit
2482 1304 2637 1374 auro,
2665 1307 2954 1378 monilibus
2991 1309 3072 1364 vel
3102 1318 3251 1363 veste
3286 1304 3519 1378 pretiosa
3547 1304 3718 1362 foriu;

2128 1391 2286 1432 secus
2313 1387 2545 1448 compta,
2593 1393 2714 1432 eum
2763 1377 2922 1433 fuerit
2957 1377 3515 1447 intrinsecus’pndore
3555 1380 3718 1433 casti-

2131 1448 2252 1501 tatis
2280 1458 2487 1504 ornata.
2511 1449 2770 1504 Omnibus
2790 1449 2950 1503 vitam
2971 1449 3206 1515 donavit,
3229 1449 3318 1517 qui
3343 1448 3512 1503 bonos
3541 1463 3719 1503 mores

2130 1517 2375 1591 instituit.
2422 1519 2711 1591 Propterea
2755 1535 2984 1591 namque
3014 1521 3130 1591 ipse
3169 1519 3250 1574 vir
3291 1519 3358 1574 de
3393 1519 3598 1574 Iemiua
3632 1527 3714 1575 est

2129 1589 2280 1661 nasci
2297 1589 2562 1661 dignatus,
2595 1590 2717 1660 quia
2739 1590 2807 1645 ab
2832 1589 2946 1660 ipso
2976 1589 3199 1661 uterque
3225 1605 3384 1644 sexus
3411 1601 3493 1644 est
3519 1591 3716 1646 libera-

2130 1667 2236 1713 tus.
2267 1659 2427 1715 Multa
2461 1659 2710 1724 diximus,
2741 1661 3096 1716 lntentissime
3117 1659 3372 1725 audistis,
3405 1661 3589 1729 epulas
3617 1661 3716 1714 do-

2110 1729 2353 1802 minicas
2402 1732 2753 1787 libentissime
2807 1731 3118 1788 comedistis
3158 1748 3171 1784 :
3218 1731 3494 1802 rependite
3543 1732 3714 1786 vicem

2131 1801 2481 1856 ministratori
2519 1810 2720 1870 vestro,
2757 1811 2816 1857 ut
2857 1803 2903 1858 si
2932 1817 3039 1858 non
3067 1802 3255 1870 verbo,
3283 1801 3484 1857 saltem
3512 1802 3708 1857 vestris

2131 1871 2461 1927 orationibus
2485 1887 2692 1943 pascar.

2195 2011 2214 2042 ι
2233 2010 2413 2069 .Abest,
2430 2022 2520 2061 nec
2535 2016 2708 2072 alente,
2724 2011 2786 2060 ab
2809 2017 2882 2060 Er.
2903 2017 2956 2062 et
2977 2023 3005 2061 a
3022 2017 3131 2062 Itss.

1754 2251 2370 2380 SERMO

1549 2459 1655 2522 DE
1693 2459 2070 2523 TEMPORE
2111 2460 2586 2526 BARBARICO.

1902 2590 2270 2648 9W9

507 2712 731 2772 CAPUT
779 2711 1062 2794 PRILLUM.
1101 2739 1173 2752 —-
1212 2712 1263 2794 1.
1320 2708 1674 2794 Paenitentiam
1717 2711 2022 2794 amplec't‘en-
2105 2713 2354 2794 viderint,
2386 2715 2834 2794 quemadmodum
2872 2717 2942 2773 ab
2975 2732 3298 2794 eo_omuem
3342 2735 3491 2794 spem
3529 2725 3717 2782 salutis

437 2785 558 2840 dam
599 2803 723 2850 esse,
770 2801 883 2839 cum
916 2784 1050 2838 Deus
1091 2791 1293 2853 propter
1355 2790 1559 2853 peccata
1599 2781 1846 2852 ﬂagellat.
1894 2781 2020 2853 Fla-

473 2856 571 2911 ello
622 2855 717 2910 Dei
759 2872 930 2909 omnes
973 2855 1150 2909 merito
1185 2851 1407 2906 conteri.
1457 2851 1722 2906 Admonet
1765 2852 2020 2908 Dominus

485 2941 580 2982 eus
623 2937 824 2990 noster,
874 2941 978 2980 non
1018 2939 1115 2980 nos
1142 2923 1336 2978 debere
1375 2923 1643 2992 negligere
1691 2929 1868 2976 nostra
1899 2938 2022 3047 pec-

485 3007 580 3047 lla.
630 2996 842 3047 mtando
898 2995 1055 3047 talem
1113 2994 1446 3047 demonstrat
1493 2994 1625 3047 iram
1685 3006 1856 3046 suam.
1929 3009 2022 3047 ose

440 3007 580 3061 cata,
630 2996 842 3068 quando
898 2995 1055 3068 talem
1113 2994 1856 3068 demonstrat_iram__suam.
1902 2994 2022 3068 Ipse

439 3063 812 3138 quippe'juste
851 3066 998 3138 punit
1050 3074 1360 3138 nocentem,
1393 3063 1514 3138 quia
1570 3063 1772 3116 nullum
1817 3064 2023 3119 invenit

435 3133 810 3221 pmni‘tentetn:
844 3133 1082 3221 Quoties,
1111 3133 1833 3221 diieciissimi,intonuerunt
1864 3144 2021 3218 atque

437 3205 685 3264 inlonant
727 3208 866 3262 tuba:
895 3208 1084 3261 divina:
1111 3225 1123 3260 :
1149 3207 1294 3277 Agite
1319 3205 1660 3277 pmnitentiam
1683 3220 1708 3277 ,j
1743 3207 2022 3277 appropinf

433 3281 605 3346 quavit
635 3279 766 3332 enim
794 3279 862 3332 ad
898 3294 983 3333 vos
1008 3273 1214 3346 regnum
1265 3273 1502 3348 cit/orum
1529 3273 1741 3348 (Matth.
1777 3273 2020 3348 tv,_17)?

437 3349 506 3404 Et
534 3350 728 3403 clausis
765 3351 981 3404 auribus
1010 3348 1206 3413 cordis,
1253 3347 1419 3416 magis
1459 3346 1745 3415 operamur
1778 3346 1937 3411 mala,
1961 3346 2022 3402 et

435 3421 666 3489 petimus
698 3428 753 3474 ut
781 3421 993 3474 veniant
1015 3421 1171 3473 bona.
1201 3417 1304 3473 Sed
1332 3417 1513 3489 talium
1537 3416 1794 3489 judicium
1817 3417 2019 3489 justum

437 3487 567 3546 dicit
603 3505 724 3546 esse
764 3491 1066 3558 Apostolus.
1112 3489 1168 3543 ln
1197 3503 1262 3542 eo
1289 3488 1428 3543 enim
1461 3488 1576 3611 ipso
1619 3487 1759 3557 quod
1791 3488 1912 3540 talia
1944 3503 2023 3542 sa-

437 3561 588 3611 niunt
613 3562 701 3611 aui
729 3561 859 3611 tales
889 3569 1032 3611 sunt.
1063 3575 1126 3611 ex
1159 3557 1312 3611 malis
1331 3558 1476 3611 oneri
1519 3572 1582 3611 us
1608 3572 1764 3611 posse
1794 3572 1852 3611 se
1881 3557 2018 3611 bona

435 3561 588 3631 piunt
613 3562 701 3631 qui
729 3557 859 3614 tales
889 3569 1032 3626 sunt,
1063 3575 1126 3614 ex
1159 3557 1312 3613 malis
1331 3557 1764 3631 operibusposse
1794 3572 1852 3612 se
1881 3557 2018 3612 bona

439 3627 736 3700 suscipere,
781 3631 1022 3685 obdurati
1062 3638 1206 3700 sunt,
1235 3628 1560 3700 paenitentia:
1588 3627 1760 3700 locum
1785 3643 1900 3700 non
1943 3644 2021 3683 rc-

436 3697 672 3781 qniru'nt.
706 3699 1320 3781 Meritojusteiud'icati,
1352 3699 1440 3768 qui
1471 3713 1500 3752 a
1529 3698 1829 3781 semetipsis
1867 3697 2019 3781 infe-

438 3768 656 3826 niuntur
701 3785 820 3825 esse
862 3768 1116 3824 damnati.
1161 3769 1311 3824 Licet
1350 3783 1456 3822 non
1497 3783 1684 3821 omnes
1727 3775 1904 3836 tangat
1933 3768 2020 3824 hic

437 3850 627 3897 noster
653 3855 848 3903 sermo,
880 3855 1065 3894 omnes
1095 3848 1271 3893 tamen
1306 3839 1551 3907 astringit
1580 3852 1757 3891 sermo
1785 3837 2016 3905 divinus,

437 3912 624 3968 dicens
648 3929 660 3964 :
689 3911 875 3964 Omnes
904 3911 1296 3971 declinaverunt,
1319 3909 1470 3963 simul
1491 3908 1694 3962 inutiles
1725 3907 1846 3978 facti
1866 3917 2020 3974 sunt;

434 3999 537 4036 non
583 3991 654 4034 est
697 3983 781 4048 qui
828 3982 980 4048 faciat
1032 3980 1236 4046 bonum,
1288 3996 1386 4033 non
1436 3987 1509 4034 est
1555 3995 1711 4048 usque
1756 3979 1824 4032 ad
1866 3995 2022 4033 unum

439 3999 537 4036 non
583 3991 654 4034 est
697 3985 781 4048 qui
851 3985 980 4034 aciat
1032 3985 1236 4046 bonum,
1288 3996 1386 4033 non
1436 3987 1509 4034 est
1555 3995 1711 4048 usque
1756 3985 1824 4032 ad
1866 3995 2016 4033 unum

439 4051 610 4122 (Psal.
649 4067 760 4115 xm,
793 3985 872 4122 ὃς.
919 4051 1198 4118 Quomodo
1245 4064 1451 4122 omnes,
1487 4059 1550 4122 _et
1595 4049 2016 4122 quomodo‘non

435 4119 659 4176 Omnes?
695 4119 972 4189 Quomodo
1009 4136 1109 4174 non
1136 4120 1364 4174 omnes?
1400 4120 1533 4187 Quia
1577 4129 1700 4172 sunt
1750 4120 1898 4173 multi
1928 4119 2020 4190 qui

436 4201 655 4258 gemunt
702 4202 752 4245 ct
792 4192 972 4246 dolent
1019 4191 1087 4246 ob
1133 4190 1436 4260 iniquitates
1477 4203 1593 4260 qua:
1635 4190 1763 4244 fiunt
1803 4191 1855 4242 in
1901 4205 2018 4244 me-

435 4261 526 4316 dio
562 4277 766 4324 eorum,
808 4261 1044 4316 volentes
1093 4261 1370 4322 resistere;
1414 4261 1510 4315 sed
1557 4261 1747 4314 timore
1789 4261 2018 4313 stccula-

436 4334 574 4387 rinm
607 4348 785 4386 rerum
831 4348 934 4386 non
973 4330 1250 4396 audentes,
1294 4345 1431 4402 quas
1469 4329 1643 4385 adlmc
1673 4331 1756 4385 vel
1780 4329 2017 4402 adipisci

437 4402 704 4457 desiderat
753 4402 977 4456 humana
1030 4400 1324 4471 fragilitas,
1355 4401 1438 4456 vel
1474 4403 1718 4455 amittere
1771 4400 2015 4455 formidat

437 4474 736 4528 infirmitas.
786 4472 1088 4528 Secundum
1128 4471 1176 4527 id
1207 4472 1344 4541 quod
1397 4472 1598 4535 dolent,
1642 4488 1744 4526 non
1789 4487 2014 4526 omnes:

435 4544 726 4598 secundum
747 4543 882 4614 quod
912 4559 1021 4614 rem
1054 4559 1157 4597 non
1183 4542 1467 4597 timendam
1501 4544 1703 4614 timent,
1730 4558 1901 4596 omnes
1926 4543 2014 4614 de;

436 4613 772 4678 clinavcrunl,
799 4613 952 4668 simul
988 4613 1189 4668 inutiles
1232 4614 1352 4684 facti
1391 4623 1541 4678 sunt;
1569 4613 1690 4684 quia
1730 4614 1848 4682 plus
1876 4613 2018 4684 τινειὶ-

435 4695 612 4740 matur
659 4687 817 4738 timor
862 4684 1109 4748 hominis,
1159 4683 1313 4754 quam
1366 4684 1522 4738 timor
1565 4683 1678 4754 Dei,
1725 4692 1778 4737 et
1828 4683 2016 4754 prafe—

433 4765 562 4810 runt
592 4755 832 4809 homines
873 4768 958 4808 res
995 4769 1126 4824 quas
1168 4753 1487 4824 acceperunt
1522 4769 1550 4806 a
1601 4753 1711 4808 Deo
1753 4753 1849 4822 ipsi
1882 4753 2014 4809 Deo.

435 4825 512 4881 Ne
564 4842 654 4880 cas
697 4826 845 4878 tollat
891 4825 1057 4878 malus
1105 4824 1284 4886 homo.
1329 4824 1686 4878 contemnitur
1733 4824 1872 4878 Deus
1923 4840 2018 4890 per

435 4913 594 4966 quem
623 4896 794 4950 factus
823 4907 902 4950 est
931 4895 1106 4948 homo.
1137 4895 1336 4950 Vellem
1374 4909 1467 4948 vos
1493 4894 1816 4966 quidemqui
1843 4894 2016 4966 adhuc

437 4965 570 5020 tales
594 4968 742 5033 estis,
775 4975 827 5020 et
865 4981 1047 5020 amore
1074 4980 1248 5019 rerum
1285 4966 1617 5018 saecularium
1645 4965 1857 5033 obligati
1889 4981 2014 5030 pec-

434 5038 678 5092 eantibus
717 5047 807 5091 aut
831 5038 1068 5107 parcitis,
1100 5043 1190 5088 aut
1219 5035 1434 5107 favetis;
1465 5036 1652 5090 vellem
1685 5051 1776 5107 vos
1801 5034 2014 5107 quidem

433 5109 698 5178 aliquibus
753 5104 1219 5178 cxﬁortationibus
1263 5106 1578 5178 admonere,
1631 5104 1756 5178 quid
1807 5105 1890 5158 cui
1935 5106 2012 5159 rei

433 5175 746 5248 praeponere
795 5177 1034 5248 debeatis
1075 5175 1221 5230 :nisi
1261 5191 1366 5248 nos
1420 5175 1610 5228 fluvius
1664 5175 2012 5248 lacrymarum

433 5246 776 5315 com—pelleret
800 5247 1045 5317 plangere
1069 5262 1162 5301 eos
1185 5247 1272 5316 qui
1301 5254 1540 5317 peccant,
1565 5255 1618 5298 et
1645 5246 2013 5317 noluntagere

432 5315 818 5389 pmnitentiam.
861 5315 1102 5389 Si’esset
1151 5315 1214 5370 in
1255 5316 1428 5389 nobis;
1462 5316 1726 5389 humanus
1771 5315 2009 5380 affectus,

430 5385 478 5442 si
510 5400 648 5444 esset
680 5388 1064 5456 compassionis
1102 5402 1310 5452 sensus,
1341 5386 1497 5441 unius
1531 5385 1758 5440 hominis
1786 5397 2011 5441 mortem

431 5456 584 5522 ﬂere,
625 5459 804 5511 dolere
845 5473 907 5512 ac
938 5459 1188 5528 plangere
1223 5457 1544 5513 deberemus
1573 5457 1805 5528 {quibus
1835 5456 2007 5528 lacry-

429 5529 730 5598 mis,_quo
781 5529 1011 5596 gemitu,
1057 5529 1246 5598 quibus
1297 5528 1591 5598 planctibus
1642 5529 2008 5596 exagitamur,

427 5596 762 5668 quando'aut
801 5596 1087 5652 maximam
1123 5596 1347 5668 partem,
1389 5607 1477 5652 aut
1508 5613 1644 5668 pene
1671 5606 1832 5651 totam
1870 5599 2012 5667 plan-

470 5671 606 5722 imus
632 5667 939 5722 civitatem?
969 5667 1137 5738 Eget:
1161 5681 1243 5724 est
1272 5669 1489 5733 charus,
1511 5667 1571 5724 et
1600 5684 1729 5723 vena
1758 5670 1872 5734 ejus
1899 5685 2010 5720 ma-

450 5755 537 5810 um
564 5740 872 5810 renuntiat;
899 5756 1082 5794 omnes
1111 5742 1197 5810 qui
1229 5757 1349 5794 cum
1381 5739 1620 5809 diligunt,
1655 5748 1911 5810 :rgrotant
1937 5739 2006 5792 si-

425 5807 540 5870 mul
575 5809 773 5867 animo.
820 5809 878 5867 Si
916 5825 1037 5865 eum
1077 5807 1140 5864 et
1173 5812 1224 5866 in
1265 5812 1376 5876 ipsa
1417 5807 1586 5867 vieina
1627 5807 1796 5866 morte
1830 5809 2006 5866 ridere

2127 2784 2361 2866 ablatam
2405 2784 2665 2866 sentiunt,
2701 2803 2959 2866 _eumque_
2991 2790 3176 2866 _adhuc
3224 2784 3408 2847 vivum
3463 2803 3712 2866 tanquam

2130 2864 2401 2936 mortuum
2434 2858 2625 2911 merito
2663 2858 2961 2936 plangunt?
2991 2861 3137 2936 Inter
3161 2869 3330 2918 tantas
3359 2858 3633 2934 angustias
3661 2877 3717 2923 et

2130 2926 2182 2979 in
2221 2927 2337 3003 ipso
2366 2926 2470 3003 fine
2509 2926 2687 2982 rerum
2735 2926 2902 2998 posita
2942 2942 3026 2986 est
3051 2934 3296 2986 universa
3340 2926 3630 3003 proVincia,
3661 2947 3716 2993 et

2129 2998 2365 3074 quotidie
2392 2997 2796 3074 frequentantur
2825 3003 3127 3074 spectacula
3153 3021 3166 3056 :
3198 2997 3411 3074 sanguis
3439 2997 3711 3062 hominum

2129 3067 2368 3136 quotidie
2405 3067 2643 3122 funditur
2691 3070 2740 3122 in
2786 3067 3005 3136 mundo,
3051 3081 3106 3128 et
3143 3067 3513 3129 insanientium
3554 3092 3713 3132 voces

2129 3139 2395 3215 crepitant
2419 3141 2470 3193 iu
2491 3139 2654 3215 circo.
2685 3138 2728 3194 0
2751 3141 3152 3215 planctusomni
3176 3144 3384 3198 tristitia
3408 3149 3707 3215 acceptior!

2131 3209 2436 3284 9_planctus
2461 3209 2607 3284 omni
2639 3209 2888 3284 minstitia
2932 3212 3176 3284 affligens
3203 3217 3327 3269 corl
3375 3209 3710 3273 Libet'llere.

2129 3276 2436 3356 Plangimus
2473 3282 2638 3346 enim,
2672 3281 3024 3356 diiectissimi,
3046 3276 3108 3340 Et
3137 3286 3256 3340 illos
3281 3295 3334 3340 et
3369 3301 3484 3352 nos,
3507 3290 3629 3356 quia
3659 3299 3715 3346 et

2130 3363 2227 3426 nos
2256 3351 2400 3426 digni
2441 3365 2632 3426 sumus
2641 3353 2742 3426 qui
2772 3368 2892 3407 cum
2920 3356 3112 3426 talibus
3141 3358 3332 3411 merito
3361 3351 3708 3426 ﬂagell'entur.

2127 3417 2236 3476 Nos
2250 3417 2413 3498 enim,
2445 3437 2564 3498 cum
2586 3417 2718 3498 alios
2735 3438 3045 3498 accusamus
3071 3425 3144 3498 (σι)
3164 3443 3180 3492 ;
3199 3442 3385 3482 omnes
3414 3417 3710 3484 declinavi-

2127 3504 2269 3566 mus,
2317 3492 2477 3546 simul
2537 3493 2751 3549 inutiles
2799 3495 2923 3550 facti
2977 3492 3181 3562 sumus,
3229 3513 3449 3566 prorsus
3501 3515 3706 3554 onmes.

2128 3560 2316 3636 i‘lullus
2344 3568 2783 3636 estrexcusatu's;
2814 3566 3087 3636 quia_talis
3121 3560 3202 3621 est
3223 3560 3405 3635 iudex,
3439 3578 3499 3624 ut
3534 3572 3709 3626 omnis

2127 3630 2289 3708 homo
2323 3634 2390 3708 ab
2419 3635 2510 3708 illo
2540 3630 2843 3690 inveniatur
2881 3631 3026 3708 reus.
3056 3637 3180 3692 Cum
3217 3630 3359 3692 enim
3397 3630 3514 3693 Rea:
3533 3642 3706 3708 justus

2125 3703 2314 3777 sederit
2333 3705 2384 3758 in
2407 3706 2603 3768 throno,
2627 3708 2738 3774 quis
2762 3707 3059 3777 gloriabitur
3079 3719 3267 3762 castum
3297 3725 3351 3762 se
3373 3703 3554 3763 habere
3579 3727 3665 3764 cor
3681 3711 3709 3764 Ρ

2125 3776 2666 3912 (ἑαιισὸἕῖνθιονὶαὺὶιυν
2683 3776 2922 3830 mundum
2939 3795 2992 3832 se
3015 3794 3122 3832 esse
3140 3796 3170 3830 a
3186 3790 3385 3849 peccato
3408 3779 3584 3850 (Prov.
3613 3797 3700 3848 xx,

2188 3861 2214 3897 c
2350 3887 2360 3898 .
2479 3875 2486 3884 -

2188 3853 2360 3898 019ὶῖ

2195 3914 2251 3968 2.
2292 3915 2520 3971 Advenit
2553 3914 2770 3989 tempus
2786 3917 2910 3972 illud
2953 3919 3092 3988 quod
3133 3919 3374 3989 prmdixit
3401 3918 3702 3976 Dominus:

2129 3984 2442 4056 PutasLCum
2491 3984 2678 4042 venerit
2723 3987 2890 4042 Filius
2934 3984 3171 4056 hominis,
3213 3992 3425 4044 inveniet
3470 3991 3621 4056 ﬁdem
3653 3995 3707 4046 in

2126 4055 2432 4130 terra_(Luc.
2457 4073 2606 4130 xvi",
2650 4057 2743 4128 8)?
2771 4060 2900 4126 Quis
2941 4059 3097 4115 habet
3140 4061 3342 4116 fidem?
3378 4055 3497 4130 quis
3540 4063 3710 4118 credit

2125 4126 2595 4201 verliis?_Attdeliit
2623 4126 2811 4198 aliquis
2833 4140 3070 4201 nostrum
3096 4135 3364 4201 assignare
3393 4126 3490 4186 sibi
3523 4132 3704 4200 fidem,

2123 4197 2523 4270 qttaniloiaudit
2554 4197 2830 4254 Dominum
2861 4200 3122 4256 dicentem
3161 4197 3432 4270 discipulis
3467 4219 3479 4255 :
3513 4203 3574 4256 Si
3610 4197 3705 4257 ha;

2123 4266 2298 4341 (geretis
2325 4269 2475 4336 ﬁdem
2498 4272 2626 4323 sicut
2652 4288 2864 4341 granum
2891 4274 3102 4337 sinapis,
3125 4266 3352 4326 diceretis
3377 4275 3546 4326 arbori
3570 4276 3705 4341 huic,

2125 4337 2431 4408 lsiradicare,
2484 4352 2529 4392 et
2571 4337 2800 4408 plantare
2842 4343 2894 4396 in
2949 4344 3113 4405 mari;
3153 4353 3200 4396 et
3247 4344 3531 4396 obaudisset
3573 4337 3706 4397 vobis

2125 4406 2232 4478 (Id.
2253 4425 2392 4484 _xvn,
2423 4409 2519 4482 6)?
2546 4406 2673 4479 Quis
2703 4412 2798 4466 sibi
2835 4412 3348 4484 audebitiassignare
3379 4415 3519 4483 qttod
3555 4415 3708 4468 faciat

2122 4479 2298 4552 omnia
2338 4479 2471 4550 qua:
2505 4484 2755 4551 praecepit
2800 4483 2977 4538 Deus?
3022 4479 3213 4548 Nemo,
3267 4479 3483 4552 prorsus
3528 4501 3703 4539 nemo.

2122 4548 2586 4616 Prmdit-a‘mus,_et
2615 4548 2717 4607 non
2747 4553 2966 4607 facimus
2991 4572 3003 4607 :
3033 4555 3244 4620 auditis,
3268 4548 3346 4609 'ct
3390 4554 3561 4609 facere
3600 4572 3704 4608 non

2122 4621 2336 4676 curatis.
2371 4623 2554 4676 Merito
2591 4639 2778 4676 omnes
2820 4625 2918 4679 sub
2964 4623 3191 4692 flagello,
3233 4634 3287 4679 et
3326 4625 3512 4678 doctor
3540 4633 3593 4679 et
3623 4625 3705 4679 fa-

2121 4699 2257 4763 ctor,
2285 4703 2336 4748 et
2357 4694 2570 4747 auditor
2597 4703 2650 4748 et
2675 4705 3022 4763 contemptor.
3057 4697 3345 4750 Studemus
3367 4695 3590 4751 invicem
3623 4711 3709 4750 re-

2121 4760 2482 4883 Brebendere,
2507 4774 2560 4818 et
2587 4780 2690 4819 non
2719 4760 2994 4820 studemus
3021 4781 3180 4835 opera
3208 4777 3387 4821 nostra
3415 4767 3700 4821 discutere.

2169 4832 2360 4883 etrahit
2387 4837 2656 4883 nmxinttts
2681 4836 2942 4883 nroximo-
2973 4837 3200 4883 detrahit
3231 4839 3456 4883 clericus
3486 4837 3699 4883 clerico-

2169 4832 2360 4886 ett-abit
2387 4837 2656 4902 proximus
2681 4836 2944 4904 proximo,
2973 4832 3202 4891 detrahit
3231 4839 3456 4892 clericus
3486 4837 3700 4901 clerico,

2121 4901 2353 4958 detrahit
2378 4901 2542 4976 laicus
2578 4901 2731 4960 laico.
2766 4906 2929 4961 Video
2953 4907 3166 4976 quidem
3197 4923 3255 4962 se
3292 4909 3514 4962 invicem
3544 4922 3704 4960 accu-

2121 4983 2330 5046 sautes,
2385 4975 2478 5029 sed
2529 4978 2790 5030 neminem
2840 4975 2995 5031 video
3041 4978 3184 5046 juste
3227 4993 3286 5032 se
3334 4986 3699 5032 excusantem.

2122 5041 2493 5116 Unusquisque
2528 5047 2690 5111 enim,
2723 5041 3071 5112 dilectissimi,
3099 5050 3368 5116 proprimn
3405 5062 3540 5102 onus
3572 5063 3700 5115 por-

2121 5121 2216 5188 t_at.
2251 5114 2717 5188 Nolilqdctmhcre
2733 5121 3048 5186 alterutrum,
3075 5114 3276 5188 fratres,
3322 5122 3394 5172 ait
3427 5114 3716 5188 apostolus-

2119 5182 2392 5260 J‘acnlinsn
2413 5186 2513 5260 Qui
2543 5189 2680 5260 enim
2703 5189 2920 5242 detrahit
2949 5182 3094 5260 fratri
3131 5200 3221 5242 aut
3237 5182 3436 5258 iudicat
3463 5182 3695 5260 fratrem,

2119 5255 2346 5332 detrahit
2374 5257 2471 5326 legi
2499 5268 2546 5332 et
2563 5259 2767 5332 judicat
2796 5255 2971 5332 legent.
3002 5261 3067 5332 Si
3101 5255 3269 5316 autem
3285 5255 3491 5332 judicas
3521 5260 3701 5332 legem,

2119 5341 2219 5401 non
2247 5343 2297 5401 es
2317 5327 2478 5395 factor
2505 5327 2646 5400 legis,
2679 5330 2767 5383 sed
2785 5327 2968 5401 judex.
3023 5330 3165 5386 Unus
3182 5341 3253 5386 est
3285 5327 3418 5384 'enim
3449 5327 3705 5400 legisiator

2119 5405 2164 5448 et
2181 5398 2368 5471 judex,
2400 5401 2485 5466 qui
2511 5398 2669 5469 potest
2709 5398 2913 5471 perdere
2948 5411 2994 5454 et
3017 5403 3248 5456 liberare.
3290 5401 3366 5456 Tu
3402 5398 3566 5454 autem
3593 5404 3704 5470 quis

2117 5469 2524 5543 estquijufiicas
2555 5469 2840 5543 proximum
2870 5470 3071 5543 (Jacobi
3102 5489 3176 5532 tv.
3204 5473 3438 5539 11-15)?

2188 5537 2417 5615 _CAPUT
2441 5540 2498 5593 ll.
2626 5543 2675 5596 5.
2718 5537 3020 5596 Pwniientia
3050 5545 3266 5615 agenda,
3298 5537 3572 5611 ant—equam
3591 5559 3704 5615 suc-

2117 5609 2314 5662 cidatur
2341 5613 2508 5663 arbor.
2556 5611 2662 5666 Nec
2687 5624 2858 5666 tamen
2906 5629 3064 5669 voces
3083 5609 3497 5668 'dctrahentitun
3542 5614 3707 5666 silen-

2119 5681 2248 5734 tium
2276 5693 2498 5750 possunt
2549 5684 2821 5753 imp-mere
2872 5686 3034 5738 verbo
3078 5687 3188 5740 llei.
3219 5685 3425 5740 Clamat
3469 5686 3557 5738 ille
3603 5701 3698 5753 per

2179 5814 2252 5878 (ιι)
2288 5821 2424 5865 Forte
2449 5816 2735 5876 addendum,
2755 5829 2837 5867 nos
2855 5829 3156 5868 cxcusumus.
