4102 6336
369 348 465 405 701

364 462 554 522 bonos,
603 468 657 514 et
700 475 794 530 per
824 461 995 515 malos
1024 459 1595 533 :Aitgtte_poenitentiam
1618 504 1633 526 ,
1668 463 1950 533 appropin-

363 533 531 601 quat'it
566 533 632 583 ad
670 529 756 585 ros
796 548 1004 603 regnum
1046 530 1158 603 Dei.
1189 529 1508 603 Nolitcucsse
1548 529 1799 586 auditores
1830 534 1954 603 legis

364 599 575 664 tantum,
598 602 685 656 sed
704 599 920 671 [actores
940 602 1137 671 (Jacobi
1160 618 1194 664 ι,
1223 601 1335 669 22).
1366 599 1542 655 Facite
1556 603 1734 671 dignos
1757 599 1950 666 [racius

364 674 685 739 ptenitentiaz.
712 672 842 726 Ecce
866 674 1016 731 enim.
1047 673 1118 725 ait
1146 672 1480 739 Evangelista
1502 714 1514 733 ,
1544 674 1732 726 securis
1761 673 1828 726 ad
1866 692 1950 726 ra-

362 746 496 797 dices
526 745 761 797 arborum
793 744 955 811 posita
980 752 1070 795 est.
1103 741 1280 795 Omnis
1299 744 1432 795 enim
1460 742 1609 795 arhor
1636 761 1734 795 non
1757 744 1946 811 ficiens

365 816 579 883 fructum
607 814 813 879 bonum,
843 814 1122 876 excidatur,
1145 825 1189 864 ct
1216 814 1266 865 in
1296 814 1460 883 ignem
1491 814 1711 865 mittetur
1733 814 1943 873 (.llalth.

362 881 437 942 tn.
466 884 521 945 2,
550 884 584 937 8
613 895 656 935 et
686 884 796 950 l0).
828 883 1011 947 Video,
1034 883 1220 951 inquit,
1240 881 1426 936 omnes
1445 881 1684 936 homines
1709 885 1945 938 diversas

360 956 602 1015 arbores,
638 953 840 1007 fructus
866 955 1024 1008 etiam
1054 953 1293 1008 diversos
1322 952 1578 1006 habentes
1607 971 1618 1005 :
1652 955 1743 1007 scd
1772 956 1943 1009 bonus

359 1025 559 1079 fructus
606 1026 864 1094 quaeritur
914 1027 1001 1093 qui
1051 1035 1246 1092 pascat,
1285 1040 1387 1077 non
1427 1025 1515 1092 qui
1559 1036 1774 1093 pungat.
1809 1024 1945 1079 Sunt

359 1096 502 1148 enim
553 1104 606 1148 et
649 1095 868 1149 arbores
908 1096 1157 1161 spinosas,
1192 1094 1297 1160 igni
1327 1094 1612 1159 dcpulatm,
1648 1096 1837 1149 merito
1861 1096 1938 1148 in-

358 1166 670 1227 retuletnlm,
695 1166 812 1234 quia
845 1166 989 1219 iocis
1019 1166 1190 1218 nullus
1219 1164 1419 1218 fructus
1436 1176 1516 1218 est
1539 1167 1749 1218 animae.
1784 1166 1941 1218 Puta-

358 1240 515 1295 tisne.
544 1236 894 1295 dilectissimi,
920 1250 1018 1289 nos
1038 1250 1225 1288 omnes
1254 1238 1386 1288 tales
1414 1250 1615 1298 sumus,
1636 1236 1721 1304 qui
1748 1237 1795 1288 in
1828 1237 1941 1290 istis

357 1307 514 1359 malis
555 1321 647 1372 pro
692 1306 920 1373 peccatis
975 1306 1171 1359 κρηνὶς
1213 1305 1415 1358 dimissi
1454 1306 1669 1359 sumus?
1721 1307 1940 1360 Exacuit

357 1377 589 1444 agriCola
645 1377 864 1441 ferrum,
901 1384 1139 1443 amputat
1185 1376 1365 1429 inutile
1410 1376 1629 1443 lignum,
1672 1377 1934 1430 abscisum

356 1456 535 1502 servat
578 1446 823 1500 incendio
855 1446 1324 1500 concremandum.
1366 1445 1475 1500 lloc
1524 1462 1662 1500 nunc
1706 1447 1875 1515 agitur
1905 1463 1935 1501 a

356 1532 485 1571 vero
509 1518 759 1585 agricola.
783 1516 1041 1570 Videntur
1060 1515 1272 1585 quidem
1302 1516 1398 1569 sibi
1430 1516 1550 1569 mali
1575 1516 1749 1571 adhuc
1769 1529 1931 1581 stare,

355 1588 530 1642 adhuc
556 1587 767 1640 ﬂorere.
808 1588 1057 1653 Quispiis
1099 1588 1215 1640 talis
1247 1604 1338 1649 es,
1372 1588 1608 1655 quisquis
1643 1588 1811 1640 malus
1851 1602 1930 1650 es,

356 1658 599 1726 quisquis
627 1659 819 1726 corrigi
858 1673 960 1711 non
1010 1658 1108 1718 vis,
1144 1674 1247 1710 non
1296 1666 1347 1711 te
1375 1658 1682 1711 consoletur
1711 1658 1933 1713 altitudo

357 1736 481 1791 tua;
513 1729 633 1796 quia
665 1728 833 1793 major
855 1738 903 1782 te
923 1738 1196 1797 exspectat
1223 1728 1745 1796 ruina,ampliorque
1773 1730 1935 1781 Sthli-

356 1808 450 1852 net
476 1799 706 1852 ﬁainma.
736 1799 865 1865 Quia
914 1800 1116 1852 securis
1148 1798 1261 1851 hmc
1298 1798 1363 1851 ad
1411 1807 1461 1851 te
1500 1799 1734 1851 nomium
1767 1798 1929 1863 venit,

356 1868 478 1924 ideo
505 1879 657 1936 putas
687 1878 738 1923 te
770 1884 925 1936 posse
944 1885 1153 1936 semper
1179 1869 1357 1923 stare?
1383 1884 1503 1921 cum
1536 1869 1713 1921 videas
1744 1871 1824 1924 vel
1848 1886 1933 1923 au-

357 1939 471 1993 dias
494 1942 622 1992 alias
642 1940 861 1993 arbores
889 1949 938 1993 te
963 1940 1247 2007 ampliores
1286 1940 1560 1993 cecidisse.
1594 1939 1742 2004 Quod
1775 1950 1823 1993 te
1847 1940 1932 1995 hic

355 2010 588 2078 agricola
618 2010 814 2075 differt,
839 2011 952 2078 ejus
977 2019 1059 2064 est
1089 2010 1372 2077 patientiai,
1394 2026 1461 2063 nc
1480 2008 1613 2063 forte
1641 2011 1933 2066 intercedat

356 2080 494 2148 apud
542 2096 662 2134 eum
712 2082 859 2134 locus
905 2080 1249 2149 pmnitentiaa.
1295 2080 1527 2134 Colouus
1562 2082 1702 2135 enim
1748 2080 1835 2135 ille
1880 2083 1928 2136 in

357 2149 667 2220 Evangelia,
697 2151 783 2221 qui
818 2151 1304 2221 intercedebatipro
1326 2151 1536 2213 arbore,
1569 2166 1727 2219 quam
1753 2150 1929 2205 domi-

356 2236 460 2275 nus
507 2220 777 2276 eradicare
806 2222 1035 2282 volebat.
1066 2220 1205 2290 quod
1248 2220 1473 2274 fructtttn
1520 2236 1610 2287 per
1646 2221 1927 2276 triennimn

357 2306 463 2344 non
495 2291 735 2355 haberet,
761 2293 936 2347 videte
960 2292 1082 2361 quid
1109 2292 1181 2344 ait
1207 2308 1219 2342 :
1249 2290 1482 2355 Domine,
1507 2291 1700 2344 dimitte
1720 2292 1861 2345 illam
1884 2304 1930 2347 et

355 2361 451 2415 hoc
471 2377 643 2425 anno;
669 2364 853 2429 faciam
879 2363 921 2415 ei
945 2364 1152 2431 fossam,
1177 2360 1441 2415 adhibeam
1461 2362 1730 2430 cap/tinum
1746 2373 1933 2415 sterco-

355 2433 427 2504 ris
457 2450 475 2486 :
503 2434 546 2486 si
566 2434 733 2502 fecerit
759 2438 997 2504 fructum,
1031 2433 1184 2496 bene;
1225 2432 1301 2485 sin
1324 2441 1513 2504 autem,
1550 2432 1777 2504 abscides
1819 2450 1929 2487 eam

357 2501 511 2573 (an.
545 2519 660 2565 xm,
684 2504 738 2569 8,
760 2501 837 2573 9).
864 2505 1038 2557 Arbor
1072 2504 1186 2556 haec
1210 2502 1407 2556 sterilis
1424 2544 1437 2563 ,
1462 2517 1629 2571 genus
1658 2502 1927 2558 hominum

353 2582 436 2627 est
474 2589 576 2627 non
609 2574 807 2630 habens
848 2573 1070 2628 fructum
1121 2574 1464 2643 pwnitentias.
1512 2574 1763 2627 Dominus
1792 2575 1929 2643 ejus,

353 2643 598 2713 conditor
617 2644 734 2713 ejus
760 2655 860 2699 est.
887 2644 1209 2698 loterccssor
1228 2643 1382 2711 hujus
1405 2644 1631 2707 arboris,
1658 2646 1930 2711 apostolus

286 2726 311 2739 “·
354 2712 551 2769 Paulus
572 2712 671 2768 est.
700 2714 850 2771 Unde
878 2714 1191 2784 probamus?
1209 2714 1343 2768 Audi
1367 2716 1416 2768 in
1441 2713 1666 2783 quadam
1696 2715 1930 2783 Epistula

353 2798 447 2837 sua
476 2786 921 2853 quemadmodum
954 2784 1316 2839 intercedebat
1354 2801 1450 2851 pro
1479 2785 1668 2838 talibus
1695 2804 1706 2837 :
1733 2785 1925 2849 Flecte,

355 2854 545 2924 inquit,
569 2873 731 2925 genua
757 2874 866 2910 mea
892 2874 934 2908 α.
985 2856 1189 2909 Patrem
1219 2855 1423 2908 Domini
1448 2856 1605 2909 nostri
1636 2854 1760 2908 Jesn
1782 2854 1929 2911 Chri-

353 2929 439 2998 sti,
463 2936 514 2977 ut
539 2926 620 2998 det
641 2928 773 2981 vobis
795 2928 1023 2980 virtuiem
1050 2926 1263 2998 (Ep/tes.
1294 2942 1369 2987 ιιι,
1393 2928 1425 2998 λι
1439 2927 1492 2989 4,
1525 2927 1636 2998 16).
1672 2927 1781 2998 Hoc
1803 2943 1931 2997 ergo

354 2995 436 3066 eis
464 2996 689 3063 petebat,
710 3008 764 3050 ut
784 2995 1085 3065 acciperent
1102 2995 1240 3066 quod
1258 3012 1363 3063 non
1391 2996 1673 3050 habebant.
1699 2995 1929 3060 Furiam,

357 3065 546 3139 inquit,
574 3068 619 3119 ei
645 3073 853 3139 fossam.
888 3065 1154 3121 adhibeam
1176 3068 1447 3130 cophinum
1475 3069 1727 3139 stercoris.
1765 3067 1927 3121 Fossa

353 3135 501 3190 locus
538 3148 619 3191 est
646 3135 1012 3192 humilitatis:
1041 3140 1302 3206 cophinus
1348 3138 1623 3201 stercoris,
1677 3139 1928 3207 lacryma:

354 3216 480 3261 sunt
508 3209 833 3276 pmnitentis.
882 3209 1049 3274 Quem
1100 3210 1270 3263 locum
1300 3209 1342 3262 si
1381 3208 1499 3276 quis
1529 3211 1925 3276 eoatompserit,

358 3278 585 3344 amplius
609 3280 889 3334 sustinebit
918 3288 1259 3341 tormentum,
1283 3278 1494 3346 quando
1517 3278 1655 3331 illius
1684 3280 1930 3345 agricolie

352 3348 711 3403 acutissimum
741 3352 969 3406 senserit
997 3353 1396 3405 ferramentum.
1433 3350 1614 3416 Agite,
1643 3351 1785 3408 mali,
1819 3365 1931 3417 pm-

352 3418 658 3491 nitentiam;
687 3422 1040 3491 corrigimini,
1082 3420 1225 3485 mali,
1269 3420 1392 3489 quia
1432 3420 1703 3474 vobiscum
1746 3422 1929 3490 flagel-

352 3488 526 3545 lantur
553 3498 606 3545 et
628 3491 771 3544 boni.
834 3488 851 3491 ⁷
912 3528 915 3531 λ

423 3559 646 3616 CAPUT
689 3562 770 3616 Ill.
800 3593 869 3602 —
898 3563 952 3616 4.
982 3563 1148 3629 Quare
1175 3562 1291 3615 boni
1315 3578 1427 3615 cum
1458 3561 1603 3613 malis
1630 3562 1923 3629 puniantur.

352 3629 503 3684 Dicet
549 3633 738 3700 aliquis
792 3651 806 3688 :
863 3633 917 3687 Si
972 3633 1093 3686 mali
1144 3633 1332 3687 merito
1388 3630 1749 3700 flagellantur.
1803 3633 1928 3687 boni

353 3715 516 3769 quare
550 3702 671 3755 talia
697 3720 815 3757 cum
846 3703 1000 3758 malis
1024 3715 1078 3758 et
1122 3718 1150 3755 a
1198 3703 1349 3756 malis
1386 3704 1686 3770 patiuntur?
1714 3703 1927 3768 Quare?

353 3772 487 3844 Quia
513 3774 805 3828 secundum
836 3775 1119 3844 quemdam
1145 3773 1356 3826 modum
1384 3774 1632 3844 dicuntur
1662 3774 1811 3836 boui;
1841 3790 1928 3829 sc-

352 3841 580 3896 cundum
602 3855 776 3897 autem
797 3841 998 3899 rectum
1017 3860 1304 3911 verumque
1321 3845 1537 3908 bonum,
1563 3843 1725 3896 Nemo
1747 3844 1926 3907 bonus,

353 3913 450 3966 nisi
474 3913 610 3967 solus
638 3913 774 3968 Deus
797 3914 945 3982 (Luc.
974 3931 1120 3973 xvui,
1147 3915 1257 3981 19).
1292 3915 1432 3983 Ergo
1451 3924 1503 3967 ct
1529 3916 1623 3981 ipsi
1644 3916 1790 3980 boni,
1809 3916 1927 3982 qui-

352 3997 581 4051 cumque
607 3995 730 4038 sunt
759 3984 903 4049 boni,
931 4002 1033 4038 non
1068 3986 1201 4038 tales
1228 3993 1372 4049 sunt,
1396 3985 1577 4051 quales
1592 3985 1787 4039 debent
1811 4001 1930 4040 esse

353 4052 479 4106 boni
518 4070 662 4107 :thtI
694 4057 834 4109 cnim
884 4067 1006 4110 sunt
1056 4055 1344 4124 perfectum
1386 4054 1619 4119 bonum;
1653 4055 1929 4123 proﬁciunt

352 4126 494 4195 enim
525 4124 592 4177 de
620 4125 704 4179 die
728 4128 777 4179 in
800 4128 963 4181 diem.
982 4126 1036 4182 Si
1063 4128 1364 4195 proﬁciunt,
1391 4127 1570 4194 utique
1594 4127 1926 4179 exercitatio-

354 4194 510 4248 nibus
541 4196 842 4263 proﬁciunt.
874 4198 1041 4252 Nemo
1066 4194 1130 4250 'se
1155 4196 1430 4262 justiticct,
1452 4206 1699 4263 tanquam
1722 4196 1829 4263 jam
1861 4198 1930 4250 sit

353 4265 638 4333 perfectos.
682 4268 914 4322 llecedat
952 4269 1019 4323 de
1052 4268 1227 4320 medio
1253 4269 1394 4320 male
1434 4268 1753 4333 justiticator
1786 4267 1929 4333 pela-

353 4336 558 4404 gianus,
588 4338 940 4392 eonl'uudatur
978 4339 1260 4392 luerctiCus
1297 4338 1510 4390 arianus
1546 4354 1557 4387 :
1592 4335 1755 4390 Nemo
1785 4337 1926 4391 enim

355 4409 530 4477 lienus,
560 4409 660 4460 nisi
699 4410 835 4463 solus
883 4410 1032 4463 Deus.
1064 4409 1198 4475 Quid
1245 4408 1407 4477 ergo?
1438 4407 1680 4460 Christus
1708 4423 1813 4461 non
1848 4418 1931 4463 est

354 4475 533 4532 Deus?
564 4478 726 4533 Plane
756 4480 919 4533 Deus.
971 4482 1042 4533 De
1093 4483 1206 4546 ipso
1250 4475 1444 4547 quippe
1485 4477 1612 4531 dicit
1656 4478 1928 4545 Scriptura

352 4547 529 4601 divina
563 4566 577 4600 :
616 4548 713 4602 llic
733 4561 804 4602 cst
832 4568 975 4604 verus
1001 4550 1155 4613 Deus,
1179 4559 1224 4602 et
1260 4551 1358 4602 vita
1386 4559 1574 4602 aeterna
1603 4549 1619 4615 (
1654 4548 1669 4601 Ι
1695 4547 1850 4601 Joan.
1876 4565 1925 4611 ν,

352 4618 468 4687 20-).
488 4617 621 4685 Quid
650 4620 877 4687 Spiritus
898 4630 1130 4682 sanctus,
1157 4636 1259 4672 non
1277 4630 1359 4673 est
1386 4619 1561 4673 Deus?
1585 4620 1743 4671 l’lane
1770 4620 1926 4672 Deus.

355 4684 843 4757 Undeprobamus,
876 4692 1123 4755 quoniam
1153 4699 1208 4744 et
1236 4689 1349 4757 ipse
1372 4690 1540 4742 Deus?
1565 4692 1599 4740 Α
1612 4689 1697 4741 udi
1720 4689 1769 4741 in
1788 4691 1930 4742 Acti-

352 4758 454 4812 bus
485 4762 862 4827 Apostolorum
894 4762 1106 4814 Petrum
1153 4761 1370 4815 Ananiie
1411 4759 1697 4812 fraudatori
1730 4760 1931 4827 impro-

354 4841 628 4898 perantem
663 4830 935 4892 :Auania,
974 4832 1162 4899 inquit,
1209 4847 1300 4884 cur
1341 4831 1560 4897 implevit
1604 4840 1807 4883 satanas
1844 4847 1932 4883 cor

354 4911 522 4961 tuum,
544 4902 742 4954 mentiri
760 4912 806 4956 te
824 4903 964 4971 apud
996 4902 1240 4967 Spiritum
1274 4902 1540 4954 sanetum?
1571 4899 1688 4953 Non
1720 4917 1769 4952 es
1794 4917 1934 4953 men-

354 4972 471 5023 titus
489 4971 789 5035 hominibus,
819 4974 1016 5025 sedl)eo
1036 4975 1170 5040 (Art.
1194 4974 1283 5033 v.5
1297 4982 1343 5024 et
1366 4972 1442 5039 4).
1473 4972 1607 5025 Ιοίευο
1631 4980 1681 5024 et
1704 4972 1931 5038 Spiritus

355 5050 569 5094 sanctus
601 5042 757 5095 Deus.
795 5045 929 5109 Ergo
961 5042 1190 5096 Trinitas
1208 5057 1342 5097 unus
1357 5051 1439 5096 est
1463 5041 1600 5094 Deus
1634 5060 1645 5093 :
1672 5052 1724 5094 et
1750 5058 1929 5094 verum

355 5122 437 5165 est
464 5113 584 5179 quia
615 5129 760 5165 nemo
789 5113 968 5176 bonus,
993 5114 1088 5166 nisi
1110 5130 1240 5166 unus
1270 5112 1423 5166 Deus.
1455 5112 1925 5170 Patientescstote.

354 5180 510 5252 boni,
563 5193 620 5235 ut
665 5184 782 5236 sitis
820 5198 944 5237 vere
987 5184 1149 5236 boui:
1186 5183 1445 5252 patientes
1473 5192 1642 5237 estote
1673 5198 1838 5250 usque.
1866 5182 1930 5235 ad

354 5250 638 5306 adventum
696 5254 925 5308 Domini.
983 5250 1229 5308 Tolerate
1278 5255 1414 5307 mala
1463 5269 1579 5322 qua:
1624 5254 1860 5320 patimini
1902 5267 1932 5305 a

355 5324 511 5376 malis
544 5338 665 5378 cum
711 5326 894 5381 malis:
928 5325 1047 5390 quia
1080 5328 1175 5377 ista
1207 5325 1457 5383 tcutatio,
1493 5333 1663 5376 vestra
1694 5335 1771 5376 est
1802 5339 1932 5376 exa-

355 5393 599 5464 minatio.
628 5395 683 5449 Si
711 5410 899 5448 aurum
924 5411 1002 5454 es,
1034 5395 1159 5464 quid
1188 5397 1341 5447 times
1372 5394 1599 5462 paleam,
1628 5394 1752 5462 quid
1779 5395 1935 5447 times

354 5462 762 5533 ignem?pSimul
784 5466 997 5533 quidem
1022 5462 1172 5519 eritis
1202 5467 1252 5517 in
1285 5466 1527 5525 fornace,
1550 5465 1642 5517 sed
1677 5466 1811 5533 ignis
1840 5481 1930 5532 pa-

353 5532 466 5588 leas
487 5535 537 5587 in
570 5536 776 5589 cineres
806 5532 980 5597 vertit,
1019 5537 1108 5589 tibi
1142 5536 1326 5589 sordes
1357 5534 1510 5589 tollit.
1534 5536 1587 5587 Si
1614 5532 1933 5589 fronteiitum

354 5620 434 5669 es,
460 5604 589 5674 quid
613 5607 769 5661 times
789 5608 1077 5661 tribulam?
1114 5607 1229 5661 Non
1268 5605 1550 5675 apparebis
1576 5605 1748 5673 qualis
1779 5617 1934 5659 antea

354 5689 476 5730 eras
502 5677 555 5728 in
587 5678 755 5743 spica,
782 5678 880 5731 nisi
913 5678 1102 5731 tributa
1132 5676 1458 5730 conterendo
1479 5692 1508 5729 a
1536 5686 1586 5729 te
1607 5678 1935 5742 separaverit

393 5746 554 5800 aleas.
595 5744 649 5801 Si
698 5747 878 5801 oleum
921 5763 1008 5811 cs,
1055 5747 1179 5816 quid
1226 5749 1382 5799 times
1430 5761 1728 5813 pressuram
1762 5746 1961 5814 preti?“

354 5760 471 5872 rion
500 5816 855 5872 declarabitur
882 5818 1088 5872 suecit-s
1121 5827 1230 5872 tua.
1253 5818 1353 5872 nisi
1384 5818 1540 5872 etiam
1568 5815 1772 5872 uoudus
1800 5816 1927 5872 lani-

403 5832 471 5872 on
500 5816 855 5873 declarabitur
882 5815 1088 5889 Species
1121 5827 1230 5888 tua,
1253 5818 1353 5872 nisi
1384 5818 1540 5872 etiam
1567 5815 1772 5888 pondus
1800 5816 1927 5885 lapi-

1452 346 1681 405 SERMO
1708 348 1796 405 DE
1832 348 2151 406 TEMPORE
2188 350 2595 409 BARBARICO.

3534 364 3640 427 702

2064 461 2148 517 dis
2173 478 2202 517 a
2231 473 2281 518 te
2316 465 2642 534 scparaverit
2666 479 2958 522 amurcam.
2987 463 3367 529 Verumtamen
3401 472 3630 528 interro-

2061 542 2145 656 get
2176 550 2232 587 se
2262 550 2590 607 unaquaeque
2619 536 2814 600 anima,
2842 546 2896 591 et
2922 537 3097 594 videat
3124 540 3167 594 si
3191 540 3383 608 injUste
3415 548 3630 611 patitur.

2086 604 2366 656 ’roferatnr
2411 615 2604 656 statera
2647 608 2879 656 institim-
2922 610 3250 656 annendntnr
3276 629 3423 656 mimr
3456 617 3630 656 ..ηιιηις

2086 604 2605 661 )τοι“ει·ειιιιῐ·”διιιιόω
2640 608 2880 674 Ῑιιειὶιίτρ,
2922 604 3427 676 appendaturamor
3456 617 3636 672 mutuli

2058 689 2179 728 cum
2235 690 2418 750 amore
2460 677 2594 750 Dci,_
2622 678 2739 732 vide
2773 679 3218 747 quemadmodum
3267 685 3637 750 pra-panderet

2058 758 2208 817 amor
2236 747 2435 817 mundi.
2464 746 2770 802 Proferatnr
2792 746 3068 817 stimulum
3095 746 3391 817 Scripturac
3412 754 3628 813 divum.

2057 815 2343 891 Speculum
2389 817 2488 871 hoc
2536 818 2797 891 ltctttittcm
2828 815 3006 889 palpat
3046 839 3057 874 :
3087 815 3256 891 qualis
3285 837 3363 887 es,
3393 825 3547 877 talem
3577 836 3635 883 te

2058 884 2147 938 tibi
2180 886 2552 965 _ilenititistrat.
2580 884 2843 965 ‘lnteudc'
2872 884 2931 944 ct'
2962 884 3117 965 vide,
3143 901 3198 946 et
3230 893 3271 945 si
3314 884 3395 946 est
3436 896 3630 965 aliquid

2054 956 2193 1023 qiiod
2222 955 2476 1023 offendat,
2508 958 2589 1012 abi
2610 960 2883 1025 C0llflhll§,
2908 961 3090 1015 etredi
3114 973 3405 1017 correctus.
3438 955 3628 1019 Annon

2051 1026 2412 1100 confunderis,
2445 1039 2499 1100 et
2548 1030 2598 1082 in
2641 1032 2790 1084 tnalis
2818 1032 2917 1084 tuis
2943 1032 3295 1100 gloriaheris?
3335 1035 3451 1088 Eris
3482 1037 3622 1089 enim

2052 1095 2344 1173 perfectum
2396 1099 2613 1173 malum,
2658 1118 2762 1154 non
2806 1095 3191 1173 quamcumque
3234 1102 3453 1159 bonum.
3487 1105 3628 1161 Talis

2051 1180 2155 1219 non
2189 1167 2266 1221 vis
2296 1168 2542 1245 flagellari
2572 1186 2689 1245 c_ut_n
2733 1167 2958 1245 nutndo,
2998 1167 3431 1245 aAtttfﬂagcliattls
3477 1176 3641 1228 mur?

2049 1250 2235 1316 inuras
2253 1238 2349 1316 sub
2374 1237 2579 1316 flagello
2597 1242 2617 1292 '.’
2638 1240 2803 1316 Serve
2827 1242 3183 1316 maletfecisti
3204 1237 3347 1313 quod
3374 1246 3629 1316 Dominus

2043 1307 2236 1372 jussit?
2264 1308 2341 1362 Ne
2366 1311 2672 1431 \aBulares,
2714 1312 2811 1365 ista
2843 1312 3042 1382 flagella
3076 1314 3165 1368 tibi
3207 1307 3330 1370 ante
3360 1315 3622 1383 praedixit.

2047 1377 2175 1431 Ouis
2207 1376 2396 1431 iussit?
2472 1382 2681 1431 ominus
2706 1382 2873 1431 iussit-
2899 1384 3117 1431 Crantor
3145 1392 3264 1431 tuus
3291 1385 3460 1431 iussit-
3488 1386 3622 1431 nnid

2047 1377 2175 1455 Quis
2199 1376 2396 1455 jussit?
2427 1376 2873 1455 Dominusjussit,
2899 1376 3117 1439 Creator
3145 1392 3264 1439 tuus
3286 1376 3460 1455 jussit.
3488 1386 3623 1453 Quid

2039 1447 2233 1515 jussit?
2258 1448 2355 1515 Qui
2371 1459 2537 1525 amat,
2561 1452 2747 1525 inquit,
2769 1464 2961 1525 patrem
2990 1464 3075 1508 aut
3109 1447 3315 1525 matrem
3342 1456 3455 1524 plus
3476 1447 3625 1525 quam

2045 1533 2142 1581 me,
2171 1536 2267 1571 non
2285 1529 2357 1573 est
2391 1537 2463 1571 me
2489 1522 2551 1591 di.
2578 1539 2691 1574 nus.
2718 1524 2850 1577 licet:
2874 1524 2994 1593 quid
3018 1524 3192 1593 jussit.
3219 1522 3350 1588 Aut,
3376 1522 3625 1592 Quiamat

2045 1587 2479 1644 ﬁliumantfiliam
2506 1539 2777 1644 thsauam
2797 1611 2889 1644 mc.
2915 1612 3012 1644 non
3035 1606 3105 1644 est
3121 1612 3196 1644 me
3210 1596 3389 1644 dianus
3408 1595 3620 1644 (Matth.

2044 1587 2207 1665 ﬁlium
2223 1599 2308 1665 aut
2320 1590 2479 1656 ﬁliam
2506 1587 2619 1665 plus
2629 1609 2777 1665 quam
2797 1587 3105 1665 nim-nonest
3121 1612 3196 1648 me
3210 1587 3425 1665 dignust
3435 1595 3620 1650 Matth.

2043 1673 2096 1722 Χ,
2127 1660 2237 1727 57).
2272 1660 2406 1715 Ecce
2433 1662 2555 1728 quid
2582 1663 2760 1730 jussit.
2801 1664 2871 1736 Et
2895 1668 3013 1736 quis
3035 1676 3135 1731 est,
3168 1660 3367 1732 inquit,
3398 1660 3483 1736 qui
3515 1667 3625 1721 odit

2041 1738 2245 1806 patrem
2274 1740 2363 1806 aut
2393 1740 2613 1806 matrem
2644 1735 2921 1788 auttilios?
2942 1734 3047 1789 Nec
3076 1736 3161 1791 ille
3186 1737 3301 1791 illos
3317 1734 3462 1789 odire
3491 1754 3625 1806 pra:-

2040 1800 2222 1876 c_epit_‘_:
2254 1800 2346 1853 sed
2395 1802 2476 1876 vel
2521 1815 2773 1876 quantum
2820 1806 2956 1869 illos,
2993 1815 3191 1860 tantum
3238 1822 3294 1861 se
3323 1808 3464 1876 diligi
3491 1800 3626 1874 'jus—

2040 1869 2128 1922 sit.
2163 1870 2291 1924 Plus
2330 1869 2549 1946 quidem
2567 1873 2827 1946 debueras
2857 1876 3073 1946 diligere
3098 1869 3614 1945 Cl'Ctllftl'Cltt:t|ll8|ll

2038 1949 2370 2016 creaturam;
2418 1943 2512 1996 sed
2547 1944 2608 2016 _si
2656 1961 2760 1998 non
2804 1943 3259 2016 v'alesqirztjfi.'ri'c,
3303 1943 3486 1999 saltem
3539 1949 3618 2003 vel

2038 2025 2250 2085 :eqimre
2273 2011 2679 2085 dignareaV'ere
2708 2017 2844 2069 ﬁlios
2870 2011 3053 2071 tues'di
3079 2011 3270 2085 igercs,
3296 2017 3618 2072 sitlhristum

2040 2081 2161 2155 ﬁliis
2190 2083 2485 2155 praeferres,
2521 2084 2768 2154 ipsosque
2799 2086 2932 2139 ﬁlios
2964 2088 3059 2155 ipsi
3078 2081 3457 2141 eonnnittvres.
3481 2087 3621 2143 Vere

2040 2150 2317 2225 ﬁliostuos
2341 2150 2610 2219 diligeres,
2648 2150 2695 2209 si
2731 2159 2781 2209 in
2815 2158 2927 2224 ipso
2966 2150 3081 2212 illos
3112 2158 3374 2223 diliget-es,
3408 2161 3493 2225 qtti
3525 2175 3620 2213 eos

2041 2222 2133 2275 tibi
2160 2222 2305 2276 dedit
2323 2232 2383 2297 ut
2409 2225 2614 2297 diligas.
2645 2227 2724 2297 An
2751 2222 2868 2280 ideo
2889 2245 2982 2281 cos
3008 2222 3466 2296 vitlrrisrdtligcrc,
3497 2230 3617 2297 quia

2037 2306 2223 2346 eorum
2253 2294 2608 2364 voluptatibus
2653 2296 2837 2351 faves?
2878 2298 3042 2351 Audis
3080 2294 3526 2364 blasplu'tnantes,
3565 2307 3619 2353 et
3695 2333 3699 2337 ν

2039 2364 2301 2435 patienter
2328 2363 2461 2427 fers,
2485 2365 2803 2429 Christiane,
2832 2368 2972 2435 quod
2998 2384 3087 2421 rex
3128 2367 3619 2422 Nabuchodonosor

2038 2434 2329 2504 alienigena
2358 2450 2460 2488 non
2487 2438 2655 2503 potuit
2682 2434 2966 2503 sustinere,
2999 2437 3182 2491 dicens
3213 2455 3224 2489 :
3252 2438 3312 2491 Si
3337 2439 3445 2504 quis
3475 2438 3619 2492 dide-

2036 2504 2099 2577 rit
2129 2502 2567 2577 Ablasphentiamin
2594 2505 2755 2577 Deum
2787 2502 3023 2569 SidraCh,
3058 2508 3215 2560 Misac
3242 2519 3286 2561 et
3320 2502 3610 2577 Abdenogo,

2036 2574 2088 2626 in
2128 2574 2383 2648 interitum
2427 2577 2518 2629 erit
2550 2576 2726 2648 (Dan.
2777 2594 2851 2639 ιιι,
2895 2582 2962 2632 9ϋ
3074 2577 3235 2632 Vides
3283 2574 3617 2647 frequentare

2038 2646 2359 2711 Spectacula,
2392 2656 2443 2699 et
2468 2646 2571 2700 non
2597 2662 2831 2701 revocas.
2866 2646 3022 2703 Vides
3054 2648 3192 2702 luxui
3212 2646 3399 2712 iantes,
3430 2659 3479 2701 et
3510 2665 3613 2702 non

2036 2716 2306 2769 verberas.
2338 2715 2631 2789 Necputes
2674 2727 2723 2771 te
2764 2718 2920 2771 talem
2962 2719 3219 2789 exhibere
3259 2730 3478 2787 patrem,
3526 2720 3614 2789 qui

2044 2797 2262 2855 paratus
2287 2789 2360 2841 sis
2392 2787 2807 2855 indisciplinatos
2844 2790 2979 2842 ﬁlios
3021 2792 3101 2843 vel
3142 2788 3483 2843 ethrcdare
3533 2787 3615 2845 vel

2036 2856 2287 2922 abjieere,
2317 2874 2435 2909 cum
2478 2866 2689 2924 paratus
2734 2874 2851 2912 esse
2897 2861 3158 2913 debueras
3185 2861 3320 2913 sit-ut
3347 2860 3611 2913 Abraham

2036 2928 2194 2981 etiam
2229 2927 2389 2979 ﬁlium
2424 2930 2715 2981 immolare.
2749 2930 2932 2982 Omnis
2957 2932 3095 2984 enim
3125 2930 3210 2998 qui
3242 2932 3465 2983 filiorum
3502 2940 3614 2985 ιιίισ

2037 2998 2176 3051 (“idat
2229 2999 2557 3065 voluptates,
2614 2999 2931 3053 sacrificium
2989 3002 3091 3053 tale
3140 3002 3296 3066 quale
3347 3000 3613 3054 Abraham

2036 3069 2190 3121 offert
2211 3068 2335 3122 Dio.
2371 3068 2473 3119 Sed
2492 3070 2612 3121 dum
2643 3072 2733 3122 ista
2763 3086 2863 3122 ltuit
2890 3070 3037 3129 fiunt,
3070 3080 3121 3123 et
3152 3069 3234 3122 his
3265 3071 3498 3124 moribus
3524 3072 3617 3125 de-

2038 3140 2268 3206 pravatis
2290 3138 2425 3191 male
2451 3142 2772 3202 nutriuntur,
2801 3143 2885 3208 qui
2919 3143 3017 3193 isto
3047 3140 3241 3193 mundo
3272 3151 3507 3200 utuntur,
3535 3142 3614 3193 la-

2035 3209 2162 3261 belit
2207 3210 2455 3271 mundus,
2500 3227 2597 3261 nec
2640 3211 2903 3263 innuerito
2949 3214 3021 3264 ait
3057 3213 3309 3278 propheta
3344 3227 3356 3262 :
3390 3210 3614 3278 lle/luxit

2037 3289 2189 3339 terra,
2220 3291 2265 3332 et
2284 3296 2452 3331 omnis
2482 3280 2815 3333 inhabitantes
2843 3282 2895 3333 in
2915 3298 2974 3333 eu
3002 3283 3018 3349 (
3041 3280 3165 3333 Isui.
3201 3297 3348 3341 XXIV,
3372 3282 3404 3334 4
3432 3286 3466 3347 ).
3498 3280 3612 3336 Non

2036 3350 2316 3416 qiiieseunt
2346 3366 2509 3418 usque
2552 3366 2689 3403 imnc
2733 3367 3064 3405 murmurare
3110 3352 3368 3413 homines,
3400 3351 3615 3407 laudare

2039 3429 2277 3487 tempora
2337 3421 2641 3487 pra-terita,
2700 3436 2951 3474 accusare
3007 3432 3240 3489 tempora
3303 3420 3611 3477 christiana.

2038 3491 2220 3557 Magna
2253 3500 2403 3543 t‘l‘alll
2433 3500 2670 3557 tempora
2705 3500 2910 3557 patrum
2955 3503 3254 3545 nostroium
3277 3534 3290 3556 ,
3322 3492 3501 3546 dicunt
3539 3511 3551 3546 :
3579 3509 3615 3545 0

2034 3577 2192 3631 quam
2222 3561 2356 3613 bona
2383 3572 2616 3627 tempora
2647 3562 2941 3615 habuerunt
2970 3574 3139 3631 patres
3167 3563 3330 3615 nostri
3358 3564 3369 3615 l

2105 3630 2327 3687 CAPUT
2358 3631 2442 3685 IV.
2471 3663 2539 3671 —
2569 3633 2629 3687 5.
2655 3631 2787 3685 Vitia
2813 3634 3083 3701 quisqucin
3105 3634 3206 3686 suis
3233 3634 3432 3701 castiget
3456 3641 3499 3684 rt
3517 3650 3613 3697 pu-

2036 3703 2139 3756 niat
2166 3703 2391 3769 exemplo
2433 3714 2665 3757 celerum.
2697 3702 2798 3757 Sed
2830 3704 2999 3756 videte
3028 3720 3145 3773 qua:
3181 3704 3402 3759 fecerint
3439 3711 3612 3772 patres

2035 3774 2222 3827 nostri.
2248 3773 2477 3827 Phincos
2503 3774 2886 3827 sacriﬁcantem
2916 3775 3084 3827 virum
3117 3773 3268 3827 idolis
3294 3790 3451 3827 manu
3483 3790 3605 3841 pro-
3632 3788 3637 3789 '

2036 3845 2147 3913 pria
2175 3843 2416 3912 peremit,
2438 3854 2491 3896 ut
2520 3844 2751 3910 placaret
2795 3845 2924 3897 iram
2970 3844 3057 3899 Dei
3089 3846 3106 3911 (
3145 3843 3307 3896 Nam.
3345 3860 3473 3915 xxv,
3507 3848 3538 3898 8

2036 3914 2244 3984 Moyses
2296 3916 2547 3984 populum
2597 3916 2963 3977 oberrantem,
3016 3916 3337 3981 vitulumque
3398 3914 3609 3969 fusilcut

2034 3985 2368 4048 adorantem,
2402 3986 2469 4037 ita
2498 3996 2641 4037 certa
2672 3986 3048 4039 emendatione
3070 3986 3302 4039 coercuit
3327 4027 3341 4050 ,
3370 3996 3424 4039 ut
3453 4001 3608 4038 unam

2036 4057 2232 4107 tribum
2271 4072 2301 4107 e
2338 4054 2617 4108 duodecim
2650 4055 2712 4106 ad
2743 4071 2801 4110 se
2838 4071 3065 4120 vocans,
3098 4071 3212 4124 qum
3256 4057 3402 4124 sequi
3447 4056 3612 4109 voluit

2039 4125 2225 4188 Deum,
2256 4134 2575 4193 praeceptum
2625 4127 2703 4179 eis
2730 4126 2912 4188 daret,
2962 4133 3018 4179 ut
3055 4128 3285 4194 acceptis
3322 4126 3510 4193 gladiis
3560 4128 3609 4179 in

2034 4199 2283 4248 manibus
2333 4198 2442 4248 suis
2490 4196 2579 4248 ﬁlii
2626 4205 2959 4263 percuterent
2992 4205 3254 4261 parentes.
3288 4209 3339 4249 et,
3368 4207 3614 4263 parentes

2035 4267 2340 4321 occiderent
2371 4266 2505 4319 ﬁlios
2535 4266 2725 4333 (Exod.
2761 4282 2933 4329 xxxii,
2963 4267 3173 4336 2628).
3199 4267 3381 4319 Nullus
3405 4283 3496 4321 cos
3529 4283 3614 4320 re—

2034 4338 2239 4391 vocavit
2261 4337 2504 4399 affectus,
2547 4337 2722 4390 nullus
2750 4336 3059 4390 humanitati
3091 4347 3387 4391 reservatus
3415 4348 3494 4389 est
3528 4340 3607 4388 lu-

2034 4424 2163 4469 cus;
2194 4409 2314 4473 quia
2347 4410 2505 4460 timur
2533 4418 2588 4461 et
2610 4423 2763 4460 amor
2789 4407 2877 4460 Dei
2903 4422 3009 4474 prie
3049 4410 3191 4460 omni
3221 4407 3608 4462 desideriorum

2036 4478 2327 4531 carnalium
2368 4494 2549 4530 amore
2578 4477 2868 4530 ferebatur.
2906 4477 3095 4545 Jepbte
3122 4487 3177 4530 ut
3209 4478 3389 4531 hostes
3420 4478 3520 4532 diis:
3548 4496 3610 4530 ac

2036 4547 2365 4601 (immunibus
2394 4548 2729 4599 immolantes
2767 4558 3078 4614 superaret,
3113 4550 3320 4601 unicam
3355 4550 3512 4601 tiliam
3561 4550 3610 4601 in

2037 4617 2297 4688 sacriﬁcio
2324 4616 2507 4686 dedit(
2538 4616 2711 4669 Judir.
2747 4633 2795 4668 XI
2829 4622 2864 4685 ).
2895 4617 3115 4671 Samson
3145 4634 3265 4674 cum
3296 4632 3481 4688 gentes
3502 4620 3613 4670 da:-

2038 4687 2352 4749 mouicolas,
2384 4688 2579 4739 virtute
2616 4704 2772 4752 quam
2803 4706 2831 4742 a
2860 4689 2971 4743 Deo
3001 4706 3051 4742 tn
3082 4691 3256 4757 capite
3301 4700 3611 4756 acceperat,

2036 4760 2235 4811 diutius
2266 4758 2416 4810 hellis
2442 4767 2742 4829 contereret
2769 4770 2925 4827 atque
2955 4758 3221 4829 fatigaret,
3256 4760 3611 4826 seductusquc

2036 4841 2218 4897 postea
2264 4843 2357 4895 per
2402 4828 2700 4891 mulierem,
2733 4833 2915 4883 oculos
2957 4831 3218 4897 simulque
3250 4831 3492 4882 virtutem
3526 4846 3600 4881 ca«

2038 4900 2161 4969 pitis
2191 4898 2522 4968 perdidisset,
2544 4909 2883 4967 posteaquam
2913 4902 3162 4967 cognovit
3189 4899 3238 4951 in
3270 4900 3611 4967 opprobrian

2037 4986 2190 5024 suum
2223 4985 2408 5023 omnes
2433 4970 2547 5022 illos
2588 4971 2899 5023 convenisse
2943 4969 3008 5022 ad
3053 4969 3304 5037 templum
3355 4969 3613 5021 idolorum

2039 5056 2276 5098 Sunium.
2304 5056 2502 5109 eosque
2525 5041 2859 5108 magniﬁcare
2886 5039 3015 5093 deos
3047 5056 3192 5104 suos,
3218 5039 3357 5107 quod
3387 5039 3464 5091 eis
3509 5049 3614 5093 tra-

2039 5112 2281 5165 diderant
2321 5111 2636 5164 acerrimum
2670 5110 2937 5163 inimicum
2970 5124 3157 5167 suum,
3186 5124 3303 5162 cum
3333 5118 3611 5163 crescente

2039 5197 2191 5234 coma
2232 5182 2417 5249 capitis
2448 5182 2562 5248 ejus
2595 5183 2641 5232 ei
2673 5181 2926 5232 crevisset
2953 5188 3007 5231 et
3036 5179 3220 5243 virtus,
3271 5195 3300 5231 a
3334 5194 3498 5248 puero
3526 5181 3616 5247 qui

2041 5253 2139 5304 sibi
2171 5252 2418 5305 ducatum
2449 5250 2733 5319 pra-bebat,
2770 5261 2824 5302 ut
2847 5250 2943 5302 sibi
2968 5264 3181 5302 mamun
3208 5252 3495 5319 porrigeret
3527 5264 3620 5317 pe-

2044 5322 2142 5382 tiit,
2167 5337 2331 5389 seque
2357 5323 2420 5374 ad
2457 5321 2579 5373 illud
2623 5321 2876 5386 templum
2907 5319 3025 5373 duci
3060 5321 3315 5389 poposcit.
3356 5319 3435 5374 Ad
3477 5320 3617 5388 quod

2041 5409 2161 5448 cum
2194 5393 2540 5459 pervenissot,
2574 5391 2764 5443 colunn
2788 5407 2846 5443 as
2890 5390 3022 5443 ditas
3044 5432 3057 5453 ,
3091 5405 3246 5458 supra
3288 5406 3421 5459 quas
3450 5400 3615 5443 totum

2045 5464 2167 5518 illud
2216 5462 2498 5514 arditicium
2536 5460 2822 5523 ferebatur,
2857 5462 3074 5527 singulis
3110 5461 3354 5514 manibus
3387 5462 3605 5530 singula:

2041 5533 2464 5601 apprehendens,
2494 5533 2640 5584 ruina
2672 5546 2731 5585 se
2758 5531 2913 5584 simul
2942 5542 2994 5585 et
3024 5532 3141 5584 illos
3170 5531 3331 5585 voluit
3370 5530 3616 5600 opprimi,

2042 5620 2108 5657 ne
2133 5603 2314 5656 laudes
2343 5602 2645 5655 daemonum
2694 5602 2743 5654 in
2774 5601 3149 5655 contumeliam
3194 5602 3285 5655 Dei
3323 5603 3402 5654 sui
3429 5618 3456 5653 a
3485 5618 3622 5669 quo-

2043 5690 2201 5744 quam
2235 5673 2458 5726 libenter
2486 5681 2752 5744 pateretur
2772 5671 2939 5744 audiri
2972 5669 3082 5742 (Id.
3113 5671 3246 5741 xvi).
3281 5672 3463 5727 Daniel
3493 5688 3561 5725 ne
3592 5687 3620 5723 a

2045 5742 2170 5813 rege
2197 5744 2410 5797 homine
2440 5742 2751 5811 petitionem
2777 5743 3005 5811 aliquam
3037 5752 3301 5811 posceret,
3334 5744 3425 5798 sed
3456 5760 3483 5795 a
3515 5744 3625 5796 Deo

2048 5816 2191 5883 vivo,
2212 5815 2300 5885 qui
2328 5824 2541 5884 praestat
2572 5815 2747 5868 omnia
2786 5814 2917 5869 bona
2946 5814 3082 5878 suis,
3112 5814 3352 5870 leonibus
3372 5815 3624 5884 jejunae.
