4102 6336
477 304 581 361 707

476 416 708 475 surrexit
736 432 749 470 :
780 415 969 477 cecidit
1003 422 1334 486 persecutor.
1364 422 1575 469 erectus
1604 423 1685 469 est
1714 415 2051 486 prmdicator.

478 491 535 544 ln
584 487 899 543 Christianis
948 484 1216 543 Christum
1268 486 1532 556 persecuti
1575 494 1698 539 sunt
1727 500 1880 556 rcges
1916 502 1927 537 :
1963 484 2057 539 sed

474 560 697 614 multum
727 560 806 612 eis
846 560 1229 627 prmstiterunt,
1262 555 1476 627 quando
1514 558 1752 627 membra
1791 555 1858 610 ad
1900 562 2060 627 caput

472 646 640 707 suum.
660 626 1271 707 velocitertransicrunt.
1297 626 1465 681 Nemo
1488 626 1608 707 talia
1636 626 1848 707 damna,
1880 626 2059 707 qualia

475 711 528 755 tu
561 741 575 766 ,
628 700 819 767 ingerit
872 698 1082 753 Christo
1116 716 1129 751 :
1160 699 1369 752 animas
1419 697 1561 752 enim
1598 698 1880 751 multorum
1911 697 2060 767 cupis

477 766 799 836 interficere,
828 786 923 838 pro
950 769 1139 838 quibus
1156 766 1399 822 Christus
1429 768 1480 821 in
1510 783 1669 822 carne
1690 767 1835 822 venit
1864 766 2058 838 occidi.

474 835 791 904 Erubesce,
811 835 1067 894 erube'sce
1092 879 1107 903 ,
1143 838 1413 893 hwretice.
1447 838 1583 904 Quid
1617 838 1775 892 itcras
1805 835 1946 903 quod
1977 851 2063 890 se-

473 914 575 964 mel
620 911 812 987 datur?
845 910 899 987 In
933 910 1188 987 membris
1210 910 1347 987 suis_
1364 909 1473 987 jam
1499 912 1640 987 intus
1661 919 1745 987 est
1768 907 2013 987 Christus
2042 948 2057 972 ,

472 983 579 1035 noli
621 982 671 1035 in
711 982 823 1036 istis
865 980 1040 1048 ipsum
1088 979 1226 1034 velle
1273 979 1641 1047 rebaptizare?
1686 978 1866 1033 Semel
1916 978 2058 1030 enim

476 1067 571 1120 pro
602 1051 845 1106 omnibus
870 1066 990 1104 cum
1021 1049 1225 1105 Joanne
1253 1050 1306 1104 in
1337 1064 1527 1118 aquam
1557 1049 1803 1118 dignatus
1827 1056 1909 1103 est
1950 1048 2063 1117 ipse

1714 302 1770 359 S.
1810 302 2177 360 AUGUSTINI
2218 301 2521 361 EPISCOPI

3649 311 3759 370 708

2163 415 2491 493 descendere
2507 414 2716 493 (Matth.
2744 432 2826 493 ut,
2842 417 2951 493 l6)_.
2982 416 3227 493 Redemit
3250 418 3499 493 Christus
3518 423 3748 493 animas,

2164 486 2426 564 custodite
2452 487 2593 556 quod
2608 487 2711 564 _i_lle
2734 486 2979 564 redemit.
3007 488 3219 564 integro
3238 489 3453 546 Christo
3479 486 3753 564 integrum

2164 557 2430 626 assignate
2479 557 2753 627 praedium.
2793 558 2960 613 Nemo
3006 557 3249 626 invadat,
3293 576 3452 616 nemo
3514 557 3752 621 inv'asori

2165 627 2461 682 consentiat
2495 646 2508 680 :
2549 628 2915 683 characterem
2953 630 3274 685 dominicum
3320 634 3495 688 nullus
3538 634 3752 691 abster-

2163 706 2272 767 gat,
2305 698 2483 752 titulos
2511 698 2707 752 Christi
2740 714 2895 753 nemo
2924 700 3174 768 deponat.
3213 702 3485 757 lteddituri
3516 706 3646 759 estis
3662 721 3755 761 ra-

2167 770 2363 823 tionem
2378 768 2601 822 Domino
2621 770 2752 837 regi,
2776 770 2896 824 boni
2925 773 3089 833 servi,
3114 772 3234 826 data
3256 783 3340 827 est
3364 775 3516 830 vobis
3538 777 3755 831 occasio

2166 839 2304 915 bene
2342 840 2644 915 oper-andi.
2673 840 2958 915 Abundant
2987 843 3247 913 peregrini
3265 885 3278 906 .
3309 844 3524 911 captivi,
3554 860 3755 915 exspo-

2168 910 2299 985 liati.
2326 908 2672 985 acite_vobis
2699 912 2891 985 amicos
2916 908 3293 967 eximammona
3333 908 3611 985 iniquitatis
3636 908 3668 981 ,’
3696 927 3752 970 ut

2168 988 2213 1033 et
2238 980 2336 1051 ipsi
2362 981 2605 1051 recipiant
2629 996 2716 1035 vos
2742 982 2795 1034 in
2821 982 3143 1037 tabernacula
3168 980 3519 1058 ceterna(Luc.
3540 980 3648 1052 XVI,
3670 987 3752 1058 9).

1056 1262 1198 1377 s.
1294 1261 2056 1377 nonam
2141 1259 3146 1419 annosum

1651 1448 2165 1513 HIPPONENSIS
2206 1448 2559 1513 EPISCOPI

526 1598 871 1756 DE
1007 1591 2533 1759 UTILITATE
2629 1592 3695 1757 JEJUNII

1854 1849 2254 1933 SERMO
2283 1837 2394 1924 (α).

1940 1983 2309 2040 dim

535 2095 761 2153 CAPUT
788 2094 1073 2163 PRIMUM.
1100 2124 1170 2135 —-
1197 2094 1249 2149 1.
1281 2092 1545 2165 Jejunium
1573 2090 1677 2145 Deo
1706 2088 1937 2144 exhibere
1962 2088 2057 2142 Ito-

464 2187 657 2242 minum
682 2198 775 2254 est,
809 2204 911 2242 non
940 2187 1265 2258 Angelorum.
1296 2186 1371 2240 De
1403 2186 1629 2239 utilitate
1654 2182 1843 2253 jejunii
1870 2181 2058 2236 admo-

464 2295 656 2335 nemur
678 2280 873 2349 aliquid
903 2280 1078 2350 loqui;
1105 2290 1159 2334 et
1178 2280 1318 2334 Deus
1344 2279 1616 2342 admonet,
1644 2286 1697 2332 et
1728 2285 1936 2345 tempus
1958 2289 2058 2329 nos

463 2367 735 2423 admonet.
779 2370 904 2424 Harc
947 2370 1090 2423 enim
1135 2367 1458 2431 observatio,
1503 2368 1619 2422 lucc
1646 2367 1815 2420 virtus
1842 2364 2051 2431 animi,

464 2461 580 2516 haec
607 2460 868 2516 fraudatio
888 2462 1066 2517 carnis
1090 2468 1145 2515 et
1169 2461 1376 2517 lucrum
1403 2460 1595 2515 mentis
1617 2460 1683 2513 ab
1712 2457 1928 2527 Angelis
1949 2472 2053 2511 non

463 2553 749 2608 exhibetur
768 2553 895 2610 Deo.
918 2552 994 2608 lbi
1016 2554 1155 2607 enim
1178 2554 1353 2607 omnis
1374 2562 1456 2608 est
1479 2552 1628 2622 copia
1644 2560 1698 2606 et
1727 2553 2051 2619 sempiterna

462 2644 725 2700 securitas
755 2663 768 2698 :
796 2653 852 2700 et
895 2645 1017 2701 ideo
1063 2645 1239 2699 nullus
1286 2644 1565 2710 delectus,
1615 2643 1738 2712 quia
1786 2643 1839 2695 in
1885 2643 2050 2696 Deum

462 2737 652 2806 plenus
677 2736 918 2791 affectus.
947 2736 1021 2790 lbi
1054 2736 1205 2806 panis
1250 2736 1573 2805 Angelorum
1608 2753 1620 2788 :
1656 2748 1813 2803 quem
1856 2747 2047 2803 panem

462 2827 791 2897 Angelorum
824 2837 880 2882 ut
920 2825 1266 2881 manducaret
1314 2826 1474 2879 homo
1497 2868 1512 2888 ,
1552 2824 1724 2879 factus
1750 2831 1833 2879 est
1867 2823 2045 2876 homo.

461 2916 561 2973 llic
588 2931 773 2971 omnes
814 2917 1005 2972 anima:
1050 2927 1314 2972 terrenam
1357 2931 1574 2971 carnem
1626 2924 1936 2987 portantes,
1982 2913 2049 2969 de

461 3014 604 3062 terra
630 3007 852 3078 implent
876 3016 1090 3062 ventres
1117 3024 1132 3060 :
1162 3007 1232 3061 ibi
1260 3007 1475 3077 spiritus
1503 3005 1789 3060 rationales
1813 3003 2048 3060 coelesti-

459 3096 560 3152 bus
598 3098 910 3167 corporibus
938 3098 1307 3170 praasidcutes,
1340 3097 1408 3152 de
1436 3097 1545 3152 Deo
1575 3096 1796 3166 implent
1817 3108 2043 3151 mentes.

457 3188 527 3245 Et
554 3188 643 3245 bic
663 3189 814 3245 cibus
839 3199 941 3256 est,
970 3199 1024 3246 et
1052 3190 1123 3245 ibi
1153 3190 1304 3245 cibus
1343 3206 1355 3243 :
1385 3189 1480 3244 sed
1510 3189 1659 3244 cibus
1693 3189 1793 3244 iste
1812 3203 1930 3243 cum
1957 3202 2045 3244 re-

458 3280 591 3348 ﬁcit,
629 3281 828 3348 delicit,
859 3290 913 3337 et
941 3282 1021 3336 sic
1053 3282 1242 3351 implet
1265 3281 1466 3347 alvum,
1515 3288 1573 3334 ut
1602 3280 1715 3349 ipse
1739 3280 2041 3345 minuatur;

456 3371 547 3427 ille
563 3378 739 3427 autem
757 3383 809 3427 et
831 3372 1034 3443 implet,
1059 3381 1113 3427 et
1137 3373 1343 3442 integer
1369 3379 1663 3441 permanet.
1688 3371 1838 3425 llunc
1858 3371 2040 3424 cibum

459 3462 616 3517 nobis
644 3463 991 3519 esuriendum
1030 3463 1278 3519 Christus
1304 3462 1514 3529 indixit,
1538 3462 1722 3517 dicens
1746 3480 1759 3516 :
1790 3459 1935 3514 Beati
1959 3461 2044 3531 qui

455 3556 679 3610 esuriant
713 3565 759 3610 et
788 3556 963 3610 sitiunt
981 3557 1254 3626 justitiam,
1286 3556 1524 3627 quoniam
1548 3554 1647 3625 ipsi
1683 3553 2043 3609 saturabuntur

456 3646 667 3719 (Matth.
702 3664 753 3713 v,
784 3648 860 3719 6).
891 3648 1128 3703 Pertinet
1160 3662 1290 3718 ergo
1323 3648 1389 3702 ad
1420 3647 1664 3701 homines
1704 3646 1842 3701 hanc
1876 3646 2039 3699 vitam

453 3739 733 3794 mortalem
765 3748 1048 3809 gerentes,
1100 3739 1303 3794 esurire
1332 3753 1394 3793 ac
1422 3737 1570 3792 sitire
1602 3737 1858 3808 justitiam
1893 3753 1906 3790 :
1942 3735 2042 3789 im-

452 3830 588 3899 pleri
617 3838 794 3884 autem
827 3829 1072 3900 justitia,
1121 3827 1191 3883 ad
1236 3827 1393 3883 aliam
1440 3828 1600 3882 vitam
1648 3827 1894 3895 pertinet.
1927 3825 2040 3880 lloc

451 3936 591 3990 pane
616 3962 630 3987 ,
683 3921 786 3975 hoc
833 3921 952 3975 cibo
996 3920 1135 3989 pleni
1174 3928 1300 3974 sunt
1327 3918 1513 3988 Angeli
1543 3935 1556 3971 :
1589 3916 1833 3971 homines
1861 3925 2038 3969 autem

452 4010 579 4065 dum
607 4010 850 4065 esuriant
874 4009 1166 4065 extendunt
1194 4026 1286 4075 se;
1318 4009 1444 4064 dum
1476 4022 1535 4064 se
1562 4008 1874 4074 extendunt,
1902 4007 2036 4062 dila-

451 4109 664 4167 tantur;
694 4102 818 4156 dum
844 4102 1155 4167 dilatantur,
1186 4115 1409 4171 capaces
1437 4100 1600 4165 fiunt;
1625 4114 1847 4168 capaces
1872 4098 1993 4153 facti
2017 4140 2033 4164 ,

450 4206 551 4248 suo
582 4202 821 4261 tempore
850 4191 1219 4261 replebantur.
1260 4190 1398 4258 Quid
1436 4188 1603 4259 ergo?
1633 4188 1719 4243 hic
1748 4188 1879 4242 nihil
1914 4187 2035 4243 inde

449 4282 665 4353 capiunt
714 4281 803 4352 qui
850 4281 1090 4335 esuriunt
1144 4287 1200 4335 et
1238 4281 1424 4334 sitiunt
1462 4277 1757 4347 justitiam?
1810 4277 2036 4349 Cupiunt

448 4373 606 4445 plane
630 4389 643 4426 :
672 4372 764 4427 sed
794 4370 937 4427 aliud
958 4378 1057 4438 est,
1076 4372 1196 4427 ctim
1218 4370 1505 4441 quaerimus
1525 4368 1591 4422 de
1614 4366 1904 4423 refectione
1933 4368 2035 4424 iter

448 4462 752 4534 agentium;
782 4473 836 4518 et
862 4461 1025 4526 aliud,
1078 4478 1199 4518 cum
1248 4460 1534 4532 qumrimus
1561 4457 1652 4515 .de
1706 4458 2033 4529 perfectione

447 4555 745 4610 beatorum.
797 4554 1111 4623 Apostolum
1138 4552 1262 4607 audi
1288 4552 1613 4607 esurientem
1641 4558 1695 4605 et
1719 4550 1986 4605 sitientem
2014 4592 2029 4618 ,

446 4656 501 4704 et
547 4647 725 4716 utique
769 4644 1049 4714 justitiam,
1079 4652 1272 4712 quanta
1303 4643 1355 4697 in
1388 4640 1488 4696 hac
1529 4642 1635 4695 vita
1679 4643 1792 4710 capi
1833 4649 2027 4710 potest,

446 4746 640 4808 quanta
668 4737 783 4807 geri
810 4734 1029 4805 iustitia.
1063 4732 1193 4802 Quis
1234 4734 1377 4788 enim
1427 4742 1669 4788 nostrum
1711 4747 1769 4788 se
1820 4732 1893 4787 illi
1948 4734 2031 4787 vel

445 4830 693 4885 conferre
716 4828 928 4893 audeat,
960 4826 1153 4880 nedum
1180 4825 1468 4896 prml’erre?
1495 4824 1600 4881 Sed
1629 4826 1753 4895 quid
1782 4826 1873 4892 ait,
1908 4824 2029 4879 Non

443 4924 561 4995 quia
574 4925 691 4995 jam
715 4920 1014 4991 acceperim,
1054 4929 1142 4974 aut
1158 4919 1273 4991 jam
1302 4919 1549 4989 perfectus
1565 4918 1680 4974 sim.
1702 4917 1885 4972 Videte
1910 4917 2029 4987 quis

442 5016 691 5087 loquatur
718 5032 732 5070 :
762 5013 868 5070 Vas
896 5012 1194 5080 electionis,
1216 5022 1269 5069 et
1289 5022 1585 5069 extremum
1611 5010 1838 5082 quodam
1866 5010 2027 5067 modo

442 5109 775 5164 ﬁmbriarum
808 5106 1113 5163 vestimenti
1161 5106 1406 5173 Domini;
1449 5105 1549 5163 sed
1586 5112 1761 5160 tamen
1791 5103 1933 5174 quod
1960 5102 2027 5159 ad

441 5200 641 5256 ﬂuxum
669 5198 940 5272 sanguinis
964 5208 1116 5255 sanat
1153 5206 1478 5269 tangentem,
1519 5196 1640 5266 quia
1670 5194 1975 5250 credentem
2008 5213 2022 5249 :

439 5296 761 5352 novissimus
790 5298 932 5354 enim
964 5294 1339 5366 Apostolorum
1366 5299 1421 5346 et
1449 5290 1720 5357 minimus,
1752 5289 1889 5343 sicut
1912 5289 2025 5359 ipse

439 5388 536 5450 ait,
568 5386 680 5457 Ego
707 5405 818 5442 sum
859 5389 1163 5444 nouissimus
1211 5385 1605 5457 Apostolorum;
1634 5391 1708 5447 et,
1756 5381 1866 5453 Ego
1913 5398 2026 5435 sum

442 5477 681 5532 minimus
731 5480 1128 5548 Apostolorum:
1155 5487 1211 5534 et
1256 5478 1469 5540 iterum,
1524 5474 1640 5528 Non
1686 5490 1795 5528 sum
1843 5474 2026 5543 dignus

370 5566 375 5569 ’
439 5572 609 5626 vocari
635 5573 913 5641 apostolus,
946 5575 1063 5645 quia
1093 5581 1379 5643 persecutus
1427 5586 1538 5624 sum
1582 5567 1857 5622 Ecclesium
1894 5565 2025 5618 Dei:

502 5708 577 5769 (α)
601 5713 897 5755 necensetur
920 5720 946 5756 a
964 5706 1234 5757 t‘ossidioin
1257 5703 1447 5754 lndieuli
1474 5716 1574 5765 mp.
1602 5702 1646 5748 8.
1681 5710 1771 5750 Non
1798 5704 2024 5762 repertus

443 5768 521 5822 est
546 5782 636 5820 m3]
660 5768 709 5818 in
732 5770 891 5818 aditis.

2171 2088 2260 2142 sed
2284 2088 2449 2157 gratia
2478 2087 2571 2143 Dei
2594 2106 2703 2144 sum
2726 2090 2780 2144 id
2814 2092 2950 2160 quod
2977 2108 3126 2157 sum;
3154 2102 3198 2147 et
3236 2096 3400 2163 gratia
3437 2097 3547 2166 ejus
3586 2098 3640 2152 iu
3668 2116 3746 2155 me

2161 2192 2319 2231 vacua
2350 2194 2453 2231 non
2494 2180 2623 2250 fuit,
2670 2182 2758 2235 sed
2803 2183 2916 2251 plus
2956 2184 3185 2237 euntibus
3212 2186 3315 2240 illis
3344 2186 3567 2242 laboravi
3598 2206 3615 2243 :
3644 2207 3743 2243 non

2162 2284 2251 2338 ego
2279 2277 2475 2334 autem,
2514 2272 2602 2323 sed
2639 2274 2803 2341 gratia
2833 2272 2926 2326 Dei
2965 2290 3158 2327 mecum
3186 2273 3241 2348 (ι
3282 2275 3401 2331 Cor.
3449 2294 3535 2347 xv,
3565 2279 3741 2350 8-l0).

2163 2360 2287 2415 Haec
2320 2362 2540 2418 audiens
2582 2374 2667 2431 tu,
2718 2374 2964 2436 tanquam
3006 2368 3219 2437 plenum
3245 2379 3300 2425 et
3327 2371 3617 2440 perfectum
3648 2373 3743 2428 tibi

2159 2451 2356 2508 videris
2381 2454 2584 2509 audire.
2617 2456 2823 2510 Audisti
2853 2458 2976 2528 quid
3007 2469 3197 2525 ructct,
3227 2461 3349 2514 audi
3380 2471 3433 2516 et
3460 2463 3586 2532 quid
3622 2477 3743 2518 esu-

2159 2542 2280 2597 riat.
2317 2542 2438 2597 Non
2468 2546 2585 2616 quia
2604 2548 2717 2617 jam
2744 2550 3042 2619 acceperim,
3082 2560 3166 2603 aut
3187 2553 3303 2620 jam
3334 2558 3584 2622 perfectus
3609 2554 3740 2622 sim,

2156 2633 2250 2687 ait.
2282 2633 2509 2703 Fratres,
2540 2653 2631 2706 ego
2656 2655 2756 2692 non
2781 2640 2996 2695 arbitror
3017 2658 3095 2694 me
3121 2633 3512 2713 appro/tendisse
3537 2662 3557 2699 .'
3586 2660 3743 2700 unum

2155 2733 2323 2778 autem
2348 2742 2462 2794 quin
2486 2736 2620 2782 retro
2649 2728 2854 2795 oblitus,
2884 2731 2937 2783 in
2980 2747 3037 2784 ea
3064 2748 3178 2800 quin
3200 2743 3315 2787 ante
3342 2744 3457 2788 sunt
3480 2746 3706 2790 extentus
3723 2778 3738 2803 ,

2154 2818 2426 2870 secundum
2454 2819 2776 2873 intentionem
2804 2837 2983 2891 sequor
3005 2823 3074 2875 ad
3093 2824 3314 2894 palmam
3335 2841 3568 2895 superna
3594 2843 3744 2881 voca-

2156 2906 2304 2961 tionis
2334 2906 2429 2961 Dei
2457 2910 2507 2962 in
2536 2907 2735 2964 Christo
2760 2909 2884 2964 Jesu
2912 2911 3171 2984 (Philipp.
3210 2930 3286 2977 tu,
3339 2916 3551 2987 12-14).
3606 2918 3740 2974 Dicit

2152 3010 2211 3052 sc
2240 3000 2472 3053 nondum
2497 3015 2616 3055 esse
2645 3002 2957 3070 perlectum,
2988 3004 3128 3074 quod
3159 3005 3393 3061 nondum
3423 3009 3689 3077 acceperit
3718 3048 3737 3076 ,

2152 3088 2389 3143 nondum
2441 3093 2900 3161 apprehenderit:
2940 3094 3072 3149 dicit
3114 3110 3172 3151 se
3218 3096 3454 3165 extendi,
3498 3096 3627 3152 dicit
3674 3113 3737 3153 se

2150 3180 2302 3251 sequi
2328 3181 2391 3235 ad
2411 3183 2642 3252 palmam
2665 3199 2910 3254 superna:
2939 3187 3250 3242 vocationis.
3280 3188 3334 3242 ln
3367 3188 3449 3241 via
3479 3197 3582 3256 est;
3611 3186 3736 3246 esu-

2150 3272 2240 3334 rit,
2272 3273 2481 3342 impleri
2503 3274 2634 3340 vult,
2658 3278 2867 3347 satagit,
2898 3279 3176 3347 pervenire
3202 3279 3487 3346 desiderat,
3507 3289 3735 3336 aestuat:

2149 3364 2283 3419 nihil
2314 3366 2389 3419 illi
2421 3374 2526 3437 tam
2552 3382 2757 3438 magnae
2783 3385 2946 3424 morae
2975 3381 3078 3437 est,
3108 3386 3265 3441 quam
3286 3371 3505 3426 dissolvi
3536 3381 3591 3428 et
3618 3388 3737 3429 esse

2147 3470 2267 3510 cum
2296 3457 2505 3512 Christo
2536 3458 2645 3530 (Id.
2680 3477 2715 3525 ι,
2742 3460 2857 3531 25).

2220 3548 2444 3604 CAPUT
2476 3549 2539 3603 ll.
2570 3580 2639 3591 —-
2663 3549 2716 3603 2.
2745 3549 3006 3621 Jejunium
3034 3552 3293 3608 hominum
3313 3564 3384 3609 est
3409 3555 3629 3609 medium
3655 3555 3731 3610 lo-

2146 3655 2261 3692 cum
2306 3641 2579 3694 tenentium
2605 3643 2839 3695 carnales
2855 3643 2984 3695 inter
3016 3652 3064 3696 et
3108 3644 3348 3714 Angelos.
3394 3645 3557 3715 Ergo,
3601 3646 3731 3700 cha-

2145 3733 2362 3797 rissimi,
2396 3734 2516 3803 quia
2545 3742 2627 3789 est
2650 3744 2895 3790 terrenus
2923 3735 3093 3802 cibus,
3121 3751 3227 3806 quo
3255 3737 3727 3792 carnisintirmitas

2146 3824 2415 3892 pascitur;
2461 3833 2545 3879 est
2588 3835 2850 3880 autemet
2902 3826 3139 3882 caelestis
3185 3828 3353 3894 cibus,
3401 3843 3507 3898 quo
3559 3828 3728 3897 pietas

2142 3916 2337 3969 mentis
2366 3917 2640 3985 impletur;
2671 3926 2726 3973 et
2754 3919 2914 3973 habet
2960 3920 3110 3973 cibus
3139 3921 3239 3975 iste
3269 3928 3512 3975 terrenus
3562 3922 3728 3976 vitam

2142 4021 2316 4073 suam,
2350 4008 2511 4063 habet
2538 4017 2591 4063 et
2639 4008 2724 4063 ille
2752 4025 2902 4065 suam
2931 4027 2942 4062 :
2973 4010 3131 4081 hujus
3179 4010 3284 4066 cibi
3315 4012 3418 4066 vita
3449 4011 3728 4068 hominum

2141 4110 2244 4167 est,
2274 4102 2416 4156 illius
2436 4102 2540 4157 eihi
2571 4102 2673 4157 vita
2703 4102 3028 4173 Angelorum
3072 4113 3176 4159 est.
3208 4104 3419 4162 Fideles
3447 4105 3726 4176 homines,

2140 4192 2360 4248 discreti
2380 4194 2489 4263 jam
2515 4193 2679 4248 corde
2724 4208 2755 4247 a
2802 4194 2961 4249 turba
3012 4196 3307 4251 inﬁdelium
3333 4237 3349 4263 ,
3398 4200 3643 4269 suSpensi
3674 4200 3726 4255 in

2140 4285 2307 4339 Deum
2327 4328 2339 4351 ,
2368 4285 2559 4355 quibus
2586 4285 2799 4349 dicitur,
2853 4286 3075 4341 Sursum
3112 4302 3205 4342 cor
3227 4328 3241 4354 ,
3270 4289 3428 4342 aliam
3455 4304 3603 4361 spem
3630 4305 3725 4361 ge-

2139 4388 2321 4433 rentes
2342 4417 2356 4443 ,
2393 4385 2447 4432 et
2474 4376 2703 4433 scientes
2720 4393 2778 4433 se
2806 4378 3132 4449 peregrinari
3156 4378 3207 4433 in
3234 4377 3338 4434 hoc
3357 4380 3555 4435 mundo
3570 4422 3586 4447 ,
3608 4395 3725 4435 me-

2137 4470 2282 4525 dium
2295 4470 2575 4540 quemdam
2595 4470 2768 4525 locum
2788 4479 2968 4526 tenent
2982 4485 3112 4540 :,nec
3128 4470 3232 4525 illis
3243 4472 3587 4540 comparandi
3600 4482 3727 4526 sunt

2136 4562 2226 4634 qui
2270 4562 2401 4616 nihil
2429 4562 2571 4616 aliud
2618 4571 2804 4632 putant
2842 4561 3061 4629 bonum,
3085 4577 3243 4631 quam
3265 4562 3469 4619 deliciis
3495 4565 3725 4619 terrenis

2136 4653 2357 4723 perfrui,
2374 4668 2470 4709 nec
2488 4654 2765 4709 illisadhuc
2782 4654 3023 4723 supernis
3040 4653 3425 4711 habitatoribus
3442 4658 3583 4721 caeli,
3601 4658 3724 4726 qui-

2136 4744 2236 4798 bus
2253 4744 2381 4813 sola:
2397 4744 2601 4799 delicia:
2627 4754 2751 4799 sunt
2777 4744 2932 4817 panis
2955 4744 3070 4813 ipse
3092 4760 3124 4799 a
3152 4762 3257 4815 quo
3277 4746 3443 4802 creati
3468 4756 3612 4801 sunt.
3640 4746 3725 4801 llli

2137 4837 2385 4893 homines
2409 4839 2564 4908 proni
2595 4838 2659 4892 ad
2689 4847 2907 4904 terram,
2943 4850 3150 4909 pastum
3182 4850 3341 4910 atque
3381 4841 3620 4895 laetitiam
3652 4841 3724 4896 de

2136 4928 2247 4981 sola
2272 4942 2432 4983 carne
2456 4928 2809 4997 requirentes,
2830 4932 3112 4998 pecoribus
3130 4935 3507 5001 comparantur
3531 4933 3720 5001 :longe

2132 5019 2204 5073 ab
2229 5018 2449 5088 Angelis
2482 5017 2684 5072 distant
2708 5029 2761 5073 et
2787 5019 3092 5076 conditione
3130 5029 3186 5076 et
3231 5022 3497 5089 moribus;
3527 5023 3718 5079 condi-

2135 5109 2301 5175 tione,
2333 5110 2456 5179 quia
2481 5109 2737 5166 mortales
2776 5121 2932 5177 sunt;
2982 5112 3246 5179 moribus,
3278 5115 3404 5184 quia
3436 5115 3717 5170 luxuriosi.

2132 5200 2277 5257 Inter
2304 5201 2451 5255 illum
2476 5201 2726 5270 populum
2757 5203 2881 5259 caeli
2909 5213 2963 5258 et
2995 5206 3251 5273 populum
3298 5214 3477 5269 terrm,
3510 5207 3721 5263 medius

2131 5290 2361 5362 quodam
2386 5290 2545 5345 modo
2574 5291 2839 5361 pendebat
2859 5294 3145 5363 Apostolus
3175 5313 3187 5348 ε
3214 5296 3334 5350 illuc
3358 5297 3485 5359 ibat,
3512 5296 3636 5351 hinc
3662 5314 3722 5352 sc

2131 5383 2423 5439 attollebat.
2452 5384 2563 5439 Nec
2585 5400 2706 5440 cum
2735 5386 2838 5440 illis
2855 5396 3031 5441 tamen
3063 5396 3180 5443 erat
3226 5389 3429 5453 adhuc;
3472 5404 3595 5442 nam
3645 5388 3719 5443 di-

2131 5485 2308 5541 ceret,
2342 5474 2459 5530 Jam
2482 5477 2747 5546 perlectus
2776 5493 2893 5531 sum
2916 5496 2930 5531 :
2954 5493 3050 5533 nec
3072 5494 3195 5533 cum
3224 5478 3339 5533 istis
3361 5489 3496 5541 erat.
3524 5481 3713 5549 pigris,

2133 5565 2375 5635 torpidis,
2407 5567 2674 5634 marcidis,
2707 5568 3076 5633 somnolentis,
3108 5569 3236 5622 nihil
3268 5569 3409 5622 aliud
3449 5586 3569 5624 esse
3609 5585 3679 5639 pu
3701 5602 3717 5610 -

2133 5658 2389 5718 tantibus,
2421 5659 2519 5712 nisi
2564 5658 2705 5727 quod
2735 5659 2915 5714 vident
2937 5700 2954 5724 ,
2981 5669 3032 5713 et
3055 5657 3195 5728 quod
3225 5662 3411 5714 transit
3437 5703 3451 5723 ,
3481 5672 3530 5714 et
3571 5662 3716 5729 quod

2138 5750 2245 5802 nati
2277 5758 2417 5817 sunt,
2450 5759 2502 5803 et
2531 5750 2667 5820 quod
2702 5751 2943 5806 morituri
2971 5761 3122 5818 sunt;
3154 5766 3274 5804 nam
3304 5750 3350 5806 si
3380 5767 3499 5806 cum
3520 5752 3595 5805 eis
3624 5766 3716 5804 es—
