  <div class='ocr_page' id='page_1' title='image "/cluster/home/n/w/nwhite01/storage/ocr_20150623/40/hvd.32044024147290/360.png"; bbox 0 0 4102 6336; ppageno 0'>
   <div class='ocr_carea' id='block_1_1' title="bbox 423 262 526 323">
    <p class='ocr_par' dir='ltr' id='par_1_1' title="bbox 423 262 526 323">
     <span class='ocr_line' id='line_1_1' title="bbox 423 262 526 323; baseline -0.029 0"><span class='ocrx_word' id='word_1_1' title='bbox 423 262 526 323; x_wconf 82' lang='lat'><strong>709</strong></span> 
     </span>
    </p>
   </div>
   <div class='ocr_carea' id='block_1_2' title="bbox 419 374 1990 447">
    <p class='ocr_par' dir='ltr' id='par_1_2' title="bbox 419 374 1990 447">
     <span class='ocr_line' id='line_1_2' title="bbox 419 374 1990 447; baseline -0.004 -11"><span class='ocrx_word' id='word_1_2' title='bbox 419 389 530 445; x_wconf 84' lang='lat' dir='ltr'><strong>set,</strong></span> <span class='ocrx_word' id='word_1_3' title='bbox 562 392 667 433; x_wconf 91' lang='lat' dir='ltr'><strong>non</strong></span> <span class='ocrx_word' id='word_1_4' title='bbox 690 377 926 443; x_wconf 93' lang='lat' dir='ltr'><strong>diceret,</strong></span> <span class='ocrx_word' id='word_1_5' title='bbox 954 375 1150 447; x_wconf 86' lang='lat' dir='ltr'><strong>Sequor</strong></span> <span class='ocrx_word' id='word_1_6' title='bbox 1176 376 1245 429; x_wconf 83' lang='lat' dir='ltr'><strong>ad</strong></span> <span class='ocrx_word' id='word_1_7' title='bbox 1266 376 1488 446; x_wconf 84' lang='lat' dir='ltr'><strong>palmam</strong></span> <span class='ocrx_word' id='word_1_8' title='bbox 1512 392 1745 447; x_wconf 77' lang='lat' dir='ltr'><strong>superna:</strong></span> <span class='ocrx_word' id='word_1_9' title='bbox 1766 374 1990 429; x_wconf 86' lang='lat' dir='ltr'><strong>uocatio-</strong></span> 
     </span>
    </p>
   </div>
   <div class='ocr_carea' id='block_1_3' title="bbox 417 466 1989 539">
    <p class='ocr_par' dir='ltr' id='par_1_3' title="bbox 417 466 1989 539">
     <span class='ocr_line' id='line_1_3' title="bbox 417 466 1989 539; baseline -0.001 -14"><span class='ocrx_word' id='word_1_10' title='bbox 417 473 515 526; x_wconf 89' lang='lat' dir='ltr'><strong>nis.</strong></span> <span class='ocrx_word' id='word_1_11' title='bbox 548 469 859 526; x_wconf 81' lang='lat' dir='ltr'><strong>Gubernare</strong></span> <span class='ocrx_word' id='word_1_12' title='bbox 882 470 1054 537; x_wconf 88' lang='lat' dir='ltr'><strong>itaque</strong></span> <span class='ocrx_word' id='word_1_13' title='bbox 1082 469 1336 525; x_wconf 85' lang='lat' dir='ltr'><strong>debemus</strong></span> <span class='ocrx_word' id='word_1_14' title='bbox 1383 478 1564 523; x_wconf 86' lang='lat' dir='ltr'><strong>nostra</strong></span> <span class='ocrx_word' id='word_1_15' title='bbox 1608 470 1832 539; x_wconf 89' lang='lat' dir='ltr'><strong>jejunia.</strong></span> <span class='ocrx_word' id='word_1_16' title='bbox 1872 466 1989 523; x_wconf 87' lang='lat' dir='ltr'><strong>Non</strong></span> 
     </span>
    </p>
   </div>
   <div class='ocr_carea' id='block_1_4' title="bbox 416 561 1995 631">
    <p class='ocr_par' dir='ltr' id='par_1_4' title="bbox 416 561 1995 631">
     <span class='ocr_line' id='line_1_4' title="bbox 416 561 1995 631; baseline -0.003 -12"><span class='ocrx_word' id='word_1_17' title='bbox 416 565 647 627; x_wconf 86' lang='lat' dir='ltr'><strong>esthoc,</strong></span> <span class='ocrx_word' id='word_1_18' title='bbox 678 562 859 616; x_wconf 78' lang='lat' dir='ltr'><strong>utdixi</strong></span> <span class='ocrx_word' id='word_1_19' title='bbox 886 604 899 627; x_wconf 91' lang='lat'><strong>,</strong></span> <span class='ocrx_word' id='word_1_20' title='bbox 929 561 1158 617; x_wconf 76' lang='lat' dir='ltr'><strong>officium</strong></span> <span class='ocrx_word' id='word_1_21' title='bbox 1206 562 1538 631; x_wconf 86' lang='lat' dir='ltr'><strong>angelicum;</strong></span> <span class='ocrx_word' id='word_1_22' title='bbox 1583 577 1684 617; x_wconf 89' lang='lat' dir='ltr'><strong>nec</strong></span> <span class='ocrx_word' id='word_1_23' title='bbox 1723 572 1897 616; x_wconf 91' lang='lat' dir='ltr'><strong>tamen</strong></span> <span class='ocrx_word' id='word_1_24' title='bbox 1941 570 1995 615; x_wconf 89' lang='lat' dir='ltr'><strong>et</strong></span> 
     </span>
    </p>
   </div>
   <div class='ocr_carea' id='block_1_5' title="bbox 416 652 1989 722">
    <p class='ocr_par' dir='ltr' id='par_1_5' title="bbox 416 652 1989 722">
     <span class='ocr_line' id='line_1_5' title="bbox 416 652 1989 722; baseline -0.003 -13"><span class='ocrx_word' id='word_1_25' title='bbox 416 656 624 709; x_wconf 90' lang='lat' dir='ltr'><strong>illorum</strong></span> <span class='ocrx_word' id='word_1_26' title='bbox 652 654 923 707; x_wconf 82' lang='lat' dir='ltr'><strong>hominum</strong></span> <span class='ocrx_word' id='word_1_27' title='bbox 976 653 1207 708; x_wconf 80' lang='lat' dir='ltr'><strong>ofﬁcium</strong></span> <span class='ocrx_word' id='word_1_28' title='bbox 1251 660 1332 706; x_wconf 90' lang='lat' dir='ltr'><strong>est</strong></span> <span class='ocrx_word' id='word_1_29' title='bbox 1374 652 1461 722; x_wconf 85' lang='lat' dir='ltr'><strong>qui</strong></span> <span class='ocrx_word' id='word_1_30' title='bbox 1495 656 1665 707; x_wconf 79' lang='lat' dir='ltr'><strong>ventri</strong></span> <span class='ocrx_word' id='word_1_31' title='bbox 1693 652 1931 706; x_wconf 85' lang='lat' dir='ltr'><strong>serviunt</strong></span> <span class='ocrx_word' id='word_1_32' title='bbox 1976 669 1989 705; x_wconf 90' lang='lat'>:</span> 
     </span>
    </p>
   </div>
   <div class='ocr_carea' id='block_1_6' title="bbox 415 743 1993 813">
    <p class='ocr_par' dir='ltr' id='par_1_6' title="bbox 415 743 1993 813">
     <span class='ocr_line' id='line_1_6' title="bbox 415 743 1993 813; baseline -0.003 -13"><span class='ocrx_word' id='word_1_33' title='bbox 415 746 711 801; x_wconf 90' lang='lat' dir='ltr'><strong>medietatis</strong></span> <span class='ocrx_word' id='word_1_34' title='bbox 738 756 932 800; x_wconf 74' lang='lat' dir='ltr'><strong>nostra:</strong></span> <span class='ocrx_word' id='word_1_35' title='bbox 956 760 1043 801; x_wconf 90' lang='lat' dir='ltr'><strong>res</strong></span> <span class='ocrx_word' id='word_1_36' title='bbox 1072 754 1183 808; x_wconf 91' lang='lat' dir='ltr'><strong>est,</strong></span> <span class='ocrx_word' id='word_1_37' title='bbox 1211 760 1313 813; x_wconf 89' lang='lat' dir='ltr'><strong>qua</strong></span> <span class='ocrx_word' id='word_1_38' title='bbox 1345 745 1570 799; x_wconf 78' lang='lat' dir='ltr'><strong>vivimus</strong></span> <span class='ocrx_word' id='word_1_39' title='bbox 1598 745 1790 800; x_wconf 90' lang='lat' dir='ltr'><strong>secreti</strong></span> <span class='ocrx_word' id='word_1_40' title='bbox 1823 744 1888 798; x_wconf 88' lang='lat' dir='ltr'><strong>ab</strong></span> <span class='ocrx_word' id='word_1_41' title='bbox 1921 743 1993 796; x_wconf 91' lang='lat' dir='ltr'><strong>in-</strong></span> 
     </span>
    </p>
   </div>
   <div class='ocr_carea' id='block_1_7' title="bbox 415 833 1988 904">
    <p class='ocr_par' dir='ltr' id='par_1_7' title="bbox 415 833 1988 904">
     <span class='ocr_line' id='line_1_7' title="bbox 415 833 1988 904; baseline -0.002 -15"><span class='ocrx_word' id='word_1_42' title='bbox 415 835 700 901; x_wconf 82' lang='lat' dir='ltr'><strong>ﬁdelibus,</strong></span> <span class='ocrx_word' id='word_1_43' title='bbox 760 834 1009 904; x_wconf 81' lang='lat' dir='ltr'><strong>conjungi</strong></span> <span class='ocrx_word' id='word_1_44' title='bbox 1084 835 1297 904; x_wconf 84' lang='lat' dir='ltr'><strong>Angelis</strong></span> <span class='ocrx_word' id='word_1_45' title='bbox 1377 835 1661 889; x_wconf 82' lang='lat' dir='ltr'><strong>inhiantes.</strong></span> <span class='ocrx_word' id='word_1_46' title='bbox 1744 833 1988 887; x_wconf 79' lang='lat' dir='ltr'><strong>Nondum</strong></span> 
     </span>
    </p>
   </div>
   <div class='ocr_carea' id='block_1_8' title="bbox 414 925 1989 998">
    <p class='ocr_par' dir='ltr' id='par_1_8' title="bbox 414 925 1989 998">
     <span class='ocr_line' id='line_1_8' title="bbox 414 925 1989 998; baseline -0.002 -16"><span class='ocrx_word' id='word_1_47' title='bbox 414 928 773 998; x_wconf 86' lang='lat' dir='ltr'><strong>pervenimus,</strong></span> <span class='ocrx_word' id='word_1_48' title='bbox 827 927 921 982; x_wconf 91' lang='lat' dir='ltr'><strong>sed</strong></span> <span class='ocrx_word' id='word_1_49' title='bbox 980 927 1090 997; x_wconf 88' lang='lat' dir='ltr'><strong>jam</strong></span> <span class='ocrx_word' id='word_1_50' title='bbox 1161 926 1353 980; x_wconf 89' lang='lat' dir='ltr'><strong>imus:</strong></span> <span class='ocrx_word' id='word_1_51' title='bbox 1396 925 1635 979; x_wconf 88' lang='lat' dir='ltr'><strong>nondum</strong></span> <span class='ocrx_word' id='word_1_52' title='bbox 1690 926 1760 982; x_wconf 86' lang='lat' dir='ltr'><strong>ibi</strong></span> <span class='ocrx_word' id='word_1_53' title='bbox 1839 925 1989 979; x_wconf 67' lang='grc' dir='ltr'>Ιωιιι-</span> 
     </span>
    </p>
   </div>
   <div class='ocr_carea' id='block_1_9' title="bbox 418 1015 1986 1088">
    <p class='ocr_par' dir='ltr' id='par_1_9' title="bbox 418 1015 1986 1088">
     <span class='ocr_line' id='line_1_9' title="bbox 418 1015 1986 1088; baseline -0.001 -15"><span class='ocrx_word' id='word_1_54' title='bbox 418 1036 580 1085; x_wconf 87' lang='lat' dir='ltr'><strong>mur,</strong></span> <span class='ocrx_word' id='word_1_55' title='bbox 616 1019 711 1075; x_wconf 88' lang='lat' dir='ltr'><strong>sed</strong></span> <span class='ocrx_word' id='word_1_56' title='bbox 734 1018 841 1088; x_wconf 88' lang='lat' dir='ltr'><strong>jam</strong></span> <span class='ocrx_word' id='word_1_57' title='bbox 894 1017 980 1073; x_wconf 92' lang='lat' dir='ltr'><strong>hic</strong></span> <span class='ocrx_word' id='word_1_58' title='bbox 1032 1018 1377 1088; x_wconf 86' lang='lat' dir='ltr'><strong>suspiramus.</strong></span> <span class='ocrx_word' id='word_1_59' title='bbox 1445 1016 1580 1085; x_wconf 86' lang='lat' dir='ltr'><strong>Quid</strong></span> <span class='ocrx_word' id='word_1_60' title='bbox 1641 1030 1770 1087; x_wconf 86' lang='lat' dir='ltr'><strong>ergo</strong></span> <span class='ocrx_word' id='word_1_61' title='bbox 1833 1015 1986 1071; x_wconf 89' lang='lat' dir='ltr'><strong>nobis</strong></span> 
     </span>
    </p>
   </div>
   <div class='ocr_carea' id='block_1_10' title="bbox 412 1108 1989 1181">
    <p class='ocr_par' dir='ltr' id='par_1_10' title="bbox 412 1108 1989 1181">
     <span class='ocr_line' id='line_1_10' title="bbox 412 1108 1989 1181; baseline -0.003 -16"><span class='ocrx_word' id='word_1_62' title='bbox 412 1110 629 1181; x_wconf 88' lang='lat' dir='ltr'><strong>prodest</strong></span> <span class='ocrx_word' id='word_1_63' title='bbox 647 1111 914 1165; x_wconf 81' lang='lat' dir='ltr'><strong>abstinere</strong></span> <span class='ocrx_word' id='word_1_64' title='bbox 959 1111 1288 1179; x_wconf 89' lang='lat' dir='ltr'><strong>aliquantum</strong></span> <span class='ocrx_word' id='word_1_65' title='bbox 1319 1125 1346 1162; x_wconf 90' lang='lat' dir='ltr'><strong>a</strong></span> <span class='ocrx_word' id='word_1_66' title='bbox 1372 1118 1523 1179; x_wconf 90' lang='lat' dir='ltr'><strong>pastu</strong></span> <span class='ocrx_word' id='word_1_67' title='bbox 1551 1117 1605 1163; x_wconf 92' lang='lat' dir='ltr'><strong>et</strong></span> <span class='ocrx_word' id='word_1_68' title='bbox 1652 1108 1832 1162; x_wconf 64' lang='lat' dir='ltr'><strong>lartitia</strong></span> <span class='ocrx_word' id='word_1_69' title='bbox 1869 1121 1989 1161; x_wconf 72' lang='lat' dir='ltr'><strong>(mr-</strong></span> 
     </span>
    </p>
   </div>
   <div class='ocr_carea' id='block_1_11' title="bbox 392 1186 1991 1269">
    <p class='ocr_par' dir='ltr' id='par_1_11' title="bbox 392 1186 1991 1269">
     <span class='ocr_line' id='line_1_11' title="bbox 392 1186 1991 1269; baseline -0.001 -16"><span class='ocrx_word' id='word_1_70' title='bbox 392 1186 395 1187; x_wconf 15' lang='grc' dir='ltr'><em>ν</em></span> <span class='ocrx_word' id='word_1_71' title='bbox 423 1201 526 1253; x_wconf 91' lang='lat' dir='ltr'><strong>nali</strong></span> <span class='ocrx_word' id='word_1_72' title='bbox 554 1200 577 1252; x_wconf 68' lang='grc' dir='ltr'><strong><em>Τ</em></strong></span> <span class='ocrx_word' id='word_1_73' title='bbox 605 1199 741 1254; x_wconf 90' lang='lat' dir='ltr'><strong>Caro</strong></span> <span class='ocrx_word' id='word_1_74' title='bbox 766 1201 815 1253; x_wconf 93' lang='lat' dir='ltr'><strong>in</strong></span> <span class='ocrx_word' id='word_1_75' title='bbox 844 1209 1040 1254; x_wconf 81' lang='lat' dir='ltr'><strong>terram</strong></span> <span class='ocrx_word' id='word_1_76' title='bbox 1066 1200 1236 1269; x_wconf 81' lang='lat' dir='ltr'><strong>cogit;</strong></span> <span class='ocrx_word' id='word_1_77' title='bbox 1258 1215 1409 1255; x_wconf 89' lang='lat' dir='ltr'><strong>mens</strong></span> <span class='ocrx_word' id='word_1_78' title='bbox 1435 1214 1642 1254; x_wconf 87' lang='lat' dir='ltr'><strong>sursum</strong></span> <span class='ocrx_word' id='word_1_79' title='bbox 1664 1198 1829 1254; x_wconf 88' lang='lat' dir='ltr'><strong>tendit</strong></span> <span class='ocrx_word' id='word_1_80' title='bbox 1861 1214 1873 1251; x_wconf 92' lang='lat'><strong>:</strong></span> <span class='ocrx_word' id='word_1_81' title='bbox 1905 1213 1991 1251; x_wconf 87' lang='lat' dir='ltr'><strong>ra-</strong></span> 
     </span>
    </p>
   </div>
   <div class='ocr_carea' id='block_1_12' title="bbox 410 1289 1988 1361">
    <p class='ocr_par' dir='ltr' id='par_1_12' title="bbox 410 1289 1988 1361">
     <span class='ocr_line' id='line_1_12' title="bbox 410 1289 1988 1361; baseline -0.002 -15"><span class='ocrx_word' id='word_1_82' title='bbox 410 1292 553 1361; x_wconf 82' lang='lat' dir='ltr'><strong>pitur</strong></span> <span class='ocrx_word' id='word_1_83' title='bbox 579 1306 781 1357; x_wconf 88' lang='lat' dir='ltr'><strong>atnore,</strong></span> <span class='ocrx_word' id='word_1_84' title='bbox 821 1290 918 1346; x_wconf 90' lang='lat' dir='ltr'><strong>sed</strong></span> <span class='ocrx_word' id='word_1_85' title='bbox 945 1291 1179 1345; x_wconf 83' lang='lat' dir='ltr'><strong>tardatur</strong></span> <span class='ocrx_word' id='word_1_86' title='bbox 1208 1292 1463 1361; x_wconf 88' lang='lat' dir='ltr'><strong>pondere.</strong></span> <span class='ocrx_word' id='word_1_87' title='bbox 1495 1292 1570 1345; x_wconf 88' lang='lat' dir='ltr'><strong>De</strong></span> <span class='ocrx_word' id='word_1_88' title='bbox 1602 1290 1703 1345; x_wconf 88' lang='lat' dir='ltr'><strong>hac</strong></span> <span class='ocrx_word' id='word_1_89' title='bbox 1743 1306 1801 1346; x_wconf 90' lang='lat' dir='ltr'><strong>re</strong></span> <span class='ocrx_word' id='word_1_90' title='bbox 1840 1289 1988 1345; x_wconf 86' lang='lat' dir='ltr'><strong>Scri-</strong></span> 
     </span>
    </p>
   </div>
   <div class='ocr_carea' id='block_1_13' title="bbox 411 1380 1984 1451">
    <p class='ocr_par' dir='ltr' id='par_1_13' title="bbox 411 1380 1984 1451">
     <span class='ocr_line' id='line_1_13' title="bbox 411 1380 1984 1451; baseline -0.001 -16"><span class='ocrx_word' id='word_1_91' title='bbox 411 1393 562 1451; x_wconf 86' lang='lat' dir='ltr'><strong>ptura</strong></span> <span class='ocrx_word' id='word_1_92' title='bbox 606 1381 674 1435; x_wconf 89' lang='lat' dir='ltr'><strong>ita</strong></span> <span class='ocrx_word' id='word_1_93' title='bbox 700 1381 934 1451; x_wconf 82' lang='lat' dir='ltr'><strong>loquitur</strong></span> <span class='ocrx_word' id='word_1_94' title='bbox 963 1399 977 1435; x_wconf 90' lang='lat'><strong>:</strong></span> <span class='ocrx_word' id='word_1_95' title='bbox 1011 1380 1203 1451; x_wconf 84' lang='lat' dir='ltr'><strong>Corpus</strong></span> <span class='ocrx_word' id='word_1_96' title='bbox 1251 1381 1383 1434; x_wconf 85' lang='lat' dir='ltr'><strong>enim</strong></span> <span class='ocrx_word' id='word_1_97' title='bbox 1432 1381 1566 1450; x_wconf 83' lang='lat' dir='ltr'><strong>quod</strong></span> <span class='ocrx_word' id='word_1_98' title='bbox 1604 1382 1947 1451; x_wconf 87' lang='lat' dir='ltr'><strong>corrumpitur</strong></span> <span class='ocrx_word' id='word_1_99' title='bbox 1970 1419 1984 1445; x_wconf 90' lang='lat'><strong>,</strong></span> 
     </span>
    </p>
   </div>
   <div class='ocr_carea' id='block_1_14' title="bbox 409 1472 1987 1544">
    <p class='ocr_par' dir='ltr' id='par_1_14' title="bbox 409 1472 1987 1544">
     <span class='ocr_line' id='line_1_14' title="bbox 409 1472 1987 1544; baseline -0.001 -19"><span class='ocrx_word' id='word_1_100' title='bbox 409 1482 649 1544; x_wconf 83' lang='lat' dir='ltr'><strong>aggrauat</strong></span> <span class='ocrx_word' id='word_1_101' title='bbox 668 1473 909 1536; x_wconf 86' lang='lat' dir='ltr'><strong>animum,</strong></span> <span class='ocrx_word' id='word_1_102' title='bbox 932 1482 977 1525; x_wconf 87' lang='lat' dir='ltr'><strong>et</strong></span> <span class='ocrx_word' id='word_1_103' title='bbox 998 1472 1232 1543; x_wconf 84' lang='lat' dir='ltr'><strong>deprimit</strong></span> <span class='ocrx_word' id='word_1_104' title='bbox 1254 1481 1449 1526; x_wconf 87' lang='lat' dir='ltr'><strong>terrena</strong></span> <span class='ocrx_word' id='word_1_105' title='bbox 1469 1472 1766 1526; x_wconf 87' lang='lat' dir='ltr'><strong>inhabitutio</strong></span> <span class='ocrx_word' id='word_1_106' title='bbox 1786 1487 1987 1525; x_wconf 78' lang='lat' dir='ltr'><strong>sensum</strong></span> 
     </span>
    </p>
   </div>
   <div class='ocr_carea' id='block_1_15' title="bbox 409 1560 1979 1635">
    <p class='ocr_par' dir='ltr' id='par_1_15' title="bbox 409 1560 1979 1635">
     <span class='ocr_line' id='line_1_15' title="bbox 409 1560 1979 1635; baseline -0.001 -19"><span class='ocrx_word' id='word_1_107' title='bbox 409 1562 568 1616; x_wconf 88' lang='lat' dir='ltr'><strong>multa</strong></span> <span class='ocrx_word' id='word_1_108' title='bbox 597 1562 896 1633; x_wconf 79' lang='lat' dir='ltr'><strong>cogitantem</strong></span> <span class='ocrx_word' id='word_1_109' title='bbox 920 1561 1073 1634; x_wconf 88' lang='lat' dir='ltr'><strong>(Sap.</strong></span> <span class='ocrx_word' id='word_1_110' title='bbox 1103 1560 1306 1635; x_wconf 64' lang='lat' dir='ltr'><strong>tx,15).</strong></span> <span class='ocrx_word' id='word_1_111' title='bbox 1340 1562 1393 1616; x_wconf 94' lang='lat' dir='ltr'><strong>Si</strong></span> <span class='ocrx_word' id='word_1_112' title='bbox 1413 1578 1540 1632; x_wconf 87' lang='lat' dir='ltr'><strong>ergo</strong></span> <span class='ocrx_word' id='word_1_113' title='bbox 1560 1577 1688 1616; x_wconf 79' lang='lat' dir='ltr'><strong>caro</strong></span> <span class='ocrx_word' id='word_1_114' title='bbox 1707 1562 1758 1616; x_wconf 90' lang='lat' dir='ltr'><strong>in</strong></span> <span class='ocrx_word' id='word_1_115' title='bbox 1784 1570 1979 1616; x_wconf 86' lang='lat' dir='ltr'><strong>terram</strong></span> 
     </span>
    </p>
   </div>
   <div class='ocr_carea' id='block_1_16' title="bbox 406 1652 1989 1724">
    <p class='ocr_par' dir='ltr' id='par_1_16' title="bbox 406 1652 1989 1724">
     <span class='ocr_line' id='line_1_16' title="bbox 406 1652 1989 1724; baseline 0 -17"><span class='ocrx_word' id='word_1_116' title='bbox 406 1667 633 1723; x_wconf 79' lang='lat' dir='ltr'><strong>vergens</strong></span> <span class='ocrx_word' id='word_1_117' title='bbox 654 1668 788 1707; x_wconf 90' lang='lat' dir='ltr'><strong>onus</strong></span> <span class='ocrx_word' id='word_1_118' title='bbox 812 1661 893 1707; x_wconf 90' lang='lat' dir='ltr'><strong>est</strong></span> <span class='ocrx_word' id='word_1_119' title='bbox 914 1652 1135 1718; x_wconf 65' lang='lat' dir='ltr'><strong>animas,</strong></span> <span class='ocrx_word' id='word_1_120' title='bbox 1166 1662 1219 1707; x_wconf 90' lang='lat' dir='ltr'><strong>et</strong></span> <span class='ocrx_word' id='word_1_121' title='bbox 1250 1653 1457 1708; x_wconf 84' lang='lat' dir='ltr'><strong>sarcina</strong></span> <span class='ocrx_word' id='word_1_122' title='bbox 1487 1668 1822 1724; x_wconf 80' lang='lat' dir='ltr'><strong>praegravans</strong></span> <span class='ocrx_word' id='word_1_123' title='bbox 1850 1668 1989 1722; x_wconf 68' lang='lat' dir='ltr'><strong>prte-</strong></span> 
     </span>
    </p>
   </div>
   <div class='ocr_carea' id='block_1_17' title="bbox 409 1740 1985 1817">
    <p class='ocr_par' dir='ltr' id='par_1_17' title="bbox 409 1740 1985 1817">
     <span class='ocr_line' id='line_1_17' title="bbox 409 1740 1985 1817; baseline 0.002 -20"><span class='ocrx_word' id='word_1_124' title='bbox 409 1740 704 1809; x_wconf 84' lang='lat' dir='ltr'><strong>volantem;</strong></span> <span class='ocrx_word' id='word_1_125' title='bbox 725 1753 981 1815; x_wconf 89' lang='lat' dir='ltr'><strong>quantum</strong></span> <span class='ocrx_word' id='word_1_126' title='bbox 1003 1746 1225 1816; x_wconf 88' lang='lat' dir='ltr'><strong>quisque</strong></span> <span class='ocrx_word' id='word_1_127' title='bbox 1248 1744 1545 1801; x_wconf 89' lang='lat' dir='ltr'><strong>delectatur</strong></span> <span class='ocrx_word' id='word_1_128' title='bbox 1574 1745 1847 1817; x_wconf 88' lang='lat' dir='ltr'><strong>superiore</strong></span> <span class='ocrx_word' id='word_1_129' title='bbox 1878 1745 1985 1800; x_wconf 87' lang='lat' dir='ltr'><strong>vita</strong></span> 
     </span>
    </p>
   </div>
   <div class='ocr_carea' id='block_1_18' title="bbox 407 1834 1984 1904">
    <p class='ocr_par' dir='ltr' id='par_1_18' title="bbox 407 1834 1984 1904">
     <span class='ocr_line' id='line_1_18' title="bbox 407 1834 1984 1904; baseline 0.002 -15"><span class='ocrx_word' id='word_1_130' title='bbox 407 1850 526 1900; x_wconf 90' lang='lat' dir='ltr'><strong>sua,</strong></span> <span class='ocrx_word' id='word_1_131' title='bbox 558 1844 760 1889; x_wconf 88' lang='lat' dir='ltr'><strong>tantum</strong></span> <span class='ocrx_word' id='word_1_132' title='bbox 791 1834 1010 1904; x_wconf 86' lang='lat' dir='ltr'><strong>deponit</strong></span> <span class='ocrx_word' id='word_1_133' title='bbox 1037 1834 1106 1891; x_wconf 91' lang='lat' dir='ltr'><strong>de</strong></span> <span class='ocrx_word' id='word_1_134' title='bbox 1158 1844 1368 1891; x_wconf 89' lang='lat' dir='ltr'><strong>terrena</strong></span> <span class='ocrx_word' id='word_1_135' title='bbox 1425 1836 1634 1891; x_wconf 81' lang='lat' dir='ltr'><strong>sarcina</strong></span> <span class='ocrx_word' id='word_1_136' title='bbox 1682 1851 1800 1891; x_wconf 90' lang='lat' dir='ltr'><strong>sua.</strong></span> <span class='ocrx_word' id='word_1_137' title='bbox 1846 1836 1984 1893; x_wconf 88' lang='lat' dir='ltr'><strong>Ecce</strong></span> 
     </span>
    </p>
   </div>
   <div class='ocr_carea' id='block_1_19' title="bbox 405 1926 1135 1998">
    <p class='ocr_par' dir='ltr' id='par_1_19' title="bbox 405 1926 1135 1998">
     <span class='ocr_line' id='line_1_19' title="bbox 405 1926 1135 1998; baseline -0.001 -17"><span class='ocrx_word' id='word_1_138' title='bbox 405 1927 548 1998; x_wconf 91' lang='lat' dir='ltr'><strong>quod</strong></span> <span class='ocrx_word' id='word_1_139' title='bbox 578 1928 784 1997; x_wconf 81' lang='lat' dir='ltr'><strong>agimus</strong></span> <span class='ocrx_word' id='word_1_140' title='bbox 811 1926 1135 1998; x_wconf 89' lang='lat' dir='ltr'><strong>jejunautes.</strong></span> 
     </span>
    </p>
   </div>
   <div class='ocr_carea' id='block_1_20' title="bbox 475 2017 1983 2089">
    <p class='ocr_par' dir='ltr' id='par_1_20' title="bbox 475 2017 1983 2089">
     <span class='ocr_line' id='line_1_20' title="bbox 475 2017 1983 2089; baseline -0.001 -14"><span class='ocrx_word' id='word_1_141' title='bbox 475 2018 702 2079; x_wconf 80' lang='lat' dir='ltr'><strong>CAPUT</strong></span> <span class='ocrx_word' id='word_1_142' title='bbox 742 2018 828 2074; x_wconf 86' lang='lat' dir='ltr'><strong>III.</strong></span> <span class='ocrx_word' id='word_1_143' title='bbox 856 2050 928 2060; x_wconf 95' lang='lat'><strong><em>—</em></strong></span> <span class='ocrx_word' id='word_1_144' title='bbox 947 2021 998 2075; x_wconf 79' lang='lat'><strong>5.</strong></span> <span class='ocrx_word' id='word_1_145' title='bbox 1025 2017 1287 2089; x_wconf 85' lang='lat' dir='ltr'><strong>Jejunium</strong></span> <span class='ocrx_word' id='word_1_146' title='bbox 1314 2020 1651 2073; x_wconf 87' lang='lat' dir='ltr'><strong>necessarium</strong></span> <span class='ocrx_word' id='word_1_147' title='bbox 1687 2019 1755 2074; x_wconf 83' lang='lat' dir='ltr'><strong>ad</strong></span> <span class='ocrx_word' id='word_1_148' title='bbox 1783 2037 1983 2075; x_wconf 87' lang='lat' dir='ltr'><strong>carnem</strong></span> 
     </span>
    </p>
   </div>
   <div class='ocr_carea' id='block_1_21' title="bbox 404 2108 1982 2181">
    <p class='ocr_par' dir='ltr' id='par_1_21' title="bbox 404 2108 1982 2181">
     <span class='ocr_line' id='line_1_21' title="bbox 404 2108 1982 2181; baseline -0.001 -16"><span class='ocrx_word' id='word_1_149' title='bbox 404 2110 733 2165; x_wconf 80' lang='lat' dir='ltr'><strong>domandam.</strong></span> <span class='ocrx_word' id='word_1_150' title='bbox 760 2110 877 2166; x_wconf 89' lang='lat' dir='ltr'><strong>Non</strong></span> <span class='ocrx_word' id='word_1_151' title='bbox 906 2111 1056 2166; x_wconf 89' lang='lat' dir='ltr'><strong>vobis</strong></span> <span class='ocrx_word' id='word_1_152' title='bbox 1085 2126 1211 2181; x_wconf 84' lang='lat' dir='ltr'><strong>ergo</strong></span> <span class='ocrx_word' id='word_1_153' title='bbox 1236 2108 1477 2165; x_wconf 88' lang='lat' dir='ltr'><strong>videatur</strong></span> <span class='ocrx_word' id='word_1_154' title='bbox 1505 2110 1635 2165; x_wconf 80' lang='lat' dir='ltr'><strong>levis</strong></span> <span class='ocrx_word' id='word_1_155' title='bbox 1665 2126 1753 2165; x_wconf 92' lang='lat' dir='ltr'><strong>res</strong></span> <span class='ocrx_word' id='word_1_156' title='bbox 1773 2119 1862 2164; x_wconf 93' lang='lat' dir='ltr'><strong>aut</strong></span> <span class='ocrx_word' id='word_1_157' title='bbox 1888 2127 1982 2166; x_wconf 90' lang='lat' dir='ltr'><strong>su-</strong></span> 
     </span>
    </p>
   </div>
   <div class='ocr_carea' id='block_1_22' title="bbox 403 2200 1983 2274">
    <p class='ocr_par' dir='ltr' id='par_1_22' title="bbox 403 2200 1983 2274">
     <span class='ocr_line' id='line_1_22' title="bbox 403 2200 1983 2274; baseline -0.001 -16"><span class='ocrx_word' id='word_1_158' title='bbox 403 2204 629 2274; x_wconf 80' lang='lat' dir='ltr'><strong>perﬂua,</strong></span> <span class='ocrx_word' id='word_1_159' title='bbox 662 2219 728 2258; x_wconf 89' lang='lat' dir='ltr'><strong>ne</strong></span> <span class='ocrx_word' id='word_1_160' title='bbox 757 2203 1035 2273; x_wconf 88' lang='lat' dir='ltr'><strong>quisquam</strong></span> <span class='ocrx_word' id='word_1_161' title='bbox 1065 2201 1199 2256; x_wconf 80' lang='lat' dir='ltr'><strong>forte</strong></span> <span class='ocrx_word' id='word_1_162' title='bbox 1221 2201 1322 2255; x_wconf 89' lang='lat' dir='ltr'><strong>hoc</strong></span> <span class='ocrx_word' id='word_1_163' title='bbox 1349 2200 1549 2255; x_wconf 80' lang='lat' dir='ltr'><strong>faciens</strong></span> <span class='ocrx_word' id='word_1_164' title='bbox 1580 2201 1829 2256; x_wconf 74' lang='lat' dir='ltr'><strong>Ecclesia:</strong></span> <span class='ocrx_word' id='word_1_165' title='bbox 1854 2218 1983 2256; x_wconf 92' lang='lat' dir='ltr'><strong>cnn-</strong></span> 
     </span>
    </p>
   </div>
   <div class='ocr_carea' id='block_1_23' title="bbox 403 2291 1979 2365">
    <p class='ocr_par' dir='ltr' id='par_1_23' title="bbox 403 2291 1979 2365">
     <span class='ocr_line' id='line_1_23' title="bbox 403 2291 1979 2365; baseline -0.003 -15"><span class='ocrx_word' id='word_1_166' title='bbox 403 2295 703 2359; x_wconf 87' lang='lat' dir='ltr'><strong>suctudine,</strong></span> <span class='ocrx_word' id='word_1_167' title='bbox 733 2294 927 2365; x_wconf 82' lang='lat' dir='ltr'><strong>cogitet</strong></span> <span class='ocrx_word' id='word_1_168' title='bbox 964 2292 1104 2363; x_wconf 86' lang='lat' dir='ltr'><strong>apud</strong></span> <span class='ocrx_word' id='word_1_169' title='bbox 1125 2308 1213 2360; x_wconf 89' lang='lat' dir='ltr'><strong>se,</strong></span> <span class='ocrx_word' id='word_1_170' title='bbox 1258 2300 1313 2347; x_wconf 90' lang='lat' dir='ltr'><strong>et</strong></span> <span class='ocrx_word' id='word_1_171' title='bbox 1340 2292 1479 2347; x_wconf 87' lang='lat' dir='ltr'><strong>dicat</strong></span> <span class='ocrx_word' id='word_1_172' title='bbox 1502 2291 1634 2357; x_wconf 86' lang='lat' dir='ltr'><strong>sibi,</strong></span> <span class='ocrx_word' id='word_1_173' title='bbox 1666 2300 1757 2345; x_wconf 91' lang='lat' dir='ltr'><strong>aut</strong></span> <span class='ocrx_word' id='word_1_174' title='bbox 1786 2307 1979 2362; x_wconf 85' lang='lat' dir='ltr'><strong>sugge-</strong></span> 
     </span>
    </p>
   </div>
   <div class='ocr_carea' id='block_1_24' title="bbox 406 2381 1976 2450">
    <p class='ocr_par' dir='ltr' id='par_1_24' title="bbox 406 2381 1976 2450">
     <span class='ocr_line' id='line_1_24' title="bbox 406 2381 1976 2450; baseline -0.003 -10"><span class='ocrx_word' id='word_1_175' title='bbox 406 2396 609 2441; x_wconf 89' lang='lat' dir='ltr'><strong>rentem</strong></span> <span class='ocrx_word' id='word_1_176' title='bbox 644 2386 965 2439; x_wconf 87' lang='lat' dir='ltr'><strong>intrinsecus</strong></span> <span class='ocrx_word' id='word_1_177' title='bbox 1015 2382 1197 2438; x_wconf 85' lang='lat' dir='ltr'><strong>audiat</strong></span> <span class='ocrx_word' id='word_1_178' title='bbox 1242 2391 1558 2437; x_wconf 87' lang='lat' dir='ltr'><strong>tentatorem</strong></span> <span class='ocrx_word' id='word_1_179' title='bbox 1586 2400 1598 2436; x_wconf 93' lang='lat'><strong>:</strong></span> <span class='ocrx_word' id='word_1_180' title='bbox 1628 2381 1763 2449; x_wconf 86' lang='lat' dir='ltr'><strong>Quid</strong></span> <span class='ocrx_word' id='word_1_181' title='bbox 1818 2383 1976 2450; x_wconf 81' lang='lat' dir='ltr'><strong>facis,</strong></span> 
     </span>
    </p>
   </div>
   <div class='ocr_carea' id='block_1_25' title="bbox 408 2473 1980 2547">
    <p class='ocr_par' dir='ltr' id='par_1_25' title="bbox 408 2473 1980 2547">
     <span class='ocr_line' id='line_1_25' title="bbox 408 2473 1980 2547; baseline -0.001 -17"><span class='ocrx_word' id='word_1_182' title='bbox 408 2477 529 2547; x_wconf 88' lang='lat' dir='ltr'><strong>quia</strong></span> <span class='ocrx_word' id='word_1_183' title='bbox 550 2476 763 2547; x_wconf 86' lang='lat' dir='ltr'><strong>jejunas</strong></span> <span class='ocrx_word' id='word_1_184' title='bbox 792 2474 815 2526; x_wconf 65' lang='grc' dir='ltr'><strong><em>ἲ</em></strong></span> <span class='ocrx_word' id='word_1_185' title='bbox 858 2473 1144 2529; x_wconf 84' lang='lat' dir='ltr'><strong>Defraudas</strong></span> <span class='ocrx_word' id='word_1_186' title='bbox 1167 2473 1397 2527; x_wconf 91' lang='lat' dir='ltr'><strong>animam</strong></span> <span class='ocrx_word' id='word_1_187' title='bbox 1448 2482 1624 2539; x_wconf 88' lang='lat' dir='ltr'><strong>tuam,</strong></span> <span class='ocrx_word' id='word_1_188' title='bbox 1658 2489 1763 2526; x_wconf 92' lang='lat' dir='ltr'><strong>non</strong></span> <span class='ocrx_word' id='word_1_189' title='bbox 1796 2473 1845 2529; x_wconf 89' lang='lat' dir='ltr'><strong>ei</strong></span> <span class='ocrx_word' id='word_1_190' title='bbox 1885 2473 1980 2529; x_wconf 85' lang='lat' dir='ltr'><strong>das</strong></span> 
     </span>
    </p>
   </div>
   <div class='ocr_carea' id='block_1_26' title="bbox 404 2563 1981 2640">
    <p class='ocr_par' dir='ltr' id='par_1_26' title="bbox 404 2563 1981 2640">
     <span class='ocr_line' id='line_1_26' title="bbox 404 2563 1981 2640; baseline -0.001 -19"><span class='ocrx_word' id='word_1_191' title='bbox 404 2567 543 2636; x_wconf 93' lang='lat' dir='ltr'><strong>quod</strong></span> <span class='ocrx_word' id='word_1_192' title='bbox 570 2582 689 2640; x_wconf 82' lang='lat' dir='ltr'><strong>eam</strong></span> <span class='ocrx_word' id='word_1_193' title='bbox 707 2565 969 2630; x_wconf 85' lang='lat' dir='ltr'><strong>delectat;</strong></span> <span class='ocrx_word' id='word_1_194' title='bbox 995 2564 1086 2619; x_wconf 88' lang='lat' dir='ltr'><strong>tibi</strong></span> <span class='ocrx_word' id='word_1_195' title='bbox 1113 2564 1212 2632; x_wconf 89' lang='lat' dir='ltr'><strong>ipsi</strong></span> <span class='ocrx_word' id='word_1_196' title='bbox 1242 2563 1439 2633; x_wconf 87' lang='lat' dir='ltr'><strong>ingeris</strong></span> <span class='ocrx_word' id='word_1_197' title='bbox 1465 2578 1700 2633; x_wconf 74' lang='lat' dir='ltr'><strong>ptenam,</strong></span> <span class='ocrx_word' id='word_1_198' title='bbox 1722 2571 1841 2617; x_wconf 90' lang='lat' dir='ltr'><strong>tuus</strong></span> <span class='ocrx_word' id='word_1_199' title='bbox 1870 2564 1981 2632; x_wconf 87' lang='lat' dir='ltr'><strong>ipse</strong></span> 
     </span>
    </p>
   </div>
   <div class='ocr_carea' id='block_1_27' title="bbox 404 2654 1977 2724">
    <p class='ocr_par' dir='ltr' id='par_1_27' title="bbox 404 2654 1977 2724">
     <span class='ocr_line' id='line_1_27' title="bbox 404 2654 1977 2724; baseline -0.003 -11"><span class='ocrx_word' id='word_1_200' title='bbox 404 2667 573 2713; x_wconf 88' lang='lat' dir='ltr'><strong>tortor</strong></span> <span class='ocrx_word' id='word_1_201' title='bbox 599 2666 652 2713; x_wconf 92' lang='lat' dir='ltr'><strong>et</strong></span> <span class='ocrx_word' id='word_1_202' title='bbox 679 2657 943 2712; x_wconf 79' lang='lat' dir='ltr'><strong>cruciatur</strong></span> <span class='ocrx_word' id='word_1_203' title='bbox 983 2656 1186 2711; x_wconf 82' lang='lat' dir='ltr'><strong>existis.</strong></span> <span class='ocrx_word' id='word_1_204' title='bbox 1222 2654 1330 2709; x_wconf 92' lang='lat' dir='ltr'><strong>Deo</strong></span> <span class='ocrx_word' id='word_1_205' title='bbox 1377 2669 1504 2724; x_wconf 87' lang='lat' dir='ltr'><strong>ergo</strong></span> <span class='ocrx_word' id='word_1_206' title='bbox 1549 2655 1719 2723; x_wconf 79' lang='lat' dir='ltr'><strong>placet</strong></span> <span class='ocrx_word' id='word_1_207' title='bbox 1763 2654 1883 2724; x_wconf 87' lang='lat' dir='ltr'><strong>quia</strong></span> <span class='ocrx_word' id='word_1_208' title='bbox 1924 2662 1977 2709; x_wconf 87' lang='lat' dir='ltr'><strong>te</strong></span> 
     </span>
    </p>
   </div>
   <div class='ocr_carea' id='block_1_28' title="bbox 402 2745 1975 2820">
    <p class='ocr_par' dir='ltr' id='par_1_28' title="bbox 402 2745 1975 2820">
     <span class='ocr_line' id='line_1_28' title="bbox 402 2745 1975 2820; baseline -0.004 -15"><span class='ocrx_word' id='word_1_209' title='bbox 402 2749 651 2805; x_wconf 87' lang='lat' dir='ltr'><strong>crucias?</strong></span> <span class='ocrx_word' id='word_1_210' title='bbox 676 2749 813 2820; x_wconf 84' lang='lat' dir='ltr'><strong>Ergo</strong></span> <span class='ocrx_word' id='word_1_211' title='bbox 839 2746 1068 2802; x_wconf 88' lang='lat' dir='ltr'><strong>crudelis</strong></span> <span class='ocrx_word' id='word_1_212' title='bbox 1098 2754 1207 2812; x_wconf 90' lang='lat' dir='ltr'><strong>est,</strong></span> <span class='ocrx_word' id='word_1_213' title='bbox 1226 2745 1314 2817; x_wconf 90' lang='lat' dir='ltr'><strong>qui</strong></span> <span class='ocrx_word' id='word_1_214' title='bbox 1337 2745 1637 2799; x_wconf 89' lang='lat' dir='ltr'><strong>delectatur</strong></span> <span class='ocrx_word' id='word_1_215' title='bbox 1662 2746 1836 2815; x_wconf 60' lang='lat' dir='ltr'><strong>poenis</strong></span> <span class='ocrx_word' id='word_1_216' title='bbox 1853 2745 1975 2799; x_wconf 90' lang='lat' dir='ltr'><strong>tuis.</strong></span> 
     </span>
    </p>
   </div>
   <div class='ocr_carea' id='block_1_29' title="bbox 402 2838 1974 2915">
    <p class='ocr_par' dir='ltr' id='par_1_29' title="bbox 402 2838 1974 2915">
     <span class='ocr_line' id='line_1_29' title="bbox 402 2838 1974 2915; baseline -0.005 -16"><span class='ocrx_word' id='word_1_217' title='bbox 402 2843 686 2915; x_wconf 82' lang='lat' dir='ltr'><strong>Responde</strong></span> <span class='ocrx_word' id='word_1_218' title='bbox 716 2841 1021 2913; x_wconf 91' lang='lat' dir='ltr'><strong>hujusmodi</strong></span> <span class='ocrx_word' id='word_1_219' title='bbox 1042 2839 1293 2895; x_wconf 90' lang='lat' dir='ltr'><strong>tentatori</strong></span> <span class='ocrx_word' id='word_1_220' title='bbox 1327 2857 1339 2892; x_wconf 92' lang='lat'><strong>:</strong></span> <span class='ocrx_word' id='word_1_221' title='bbox 1373 2838 1638 2892; x_wconf 80' lang='lat' dir='ltr'><strong>Excrucio</strong></span> <span class='ocrx_word' id='word_1_222' title='bbox 1667 2853 1749 2891; x_wconf 90' lang='lat' dir='ltr'><strong>me</strong></span> <span class='ocrx_word' id='word_1_223' title='bbox 1786 2838 1938 2906; x_wconf 89' lang='lat' dir='ltr'><strong>plane</strong></span> <span class='ocrx_word' id='word_1_224' title='bbox 1960 2880 1974 2904; x_wconf 93' lang='lat'><strong>,</strong></span> 
     </span>
    </p>
   </div>
   <div class='ocr_carea' id='block_1_30' title="bbox 404 2930 1981 3005">
    <p class='ocr_par' dir='ltr' id='par_1_30' title="bbox 404 2930 1981 3005">
     <span class='ocr_line' id='line_1_30' title="bbox 404 2930 1981 3005; baseline -0.005 -15"><span class='ocrx_word' id='word_1_225' title='bbox 404 2948 465 2991; x_wconf 90' lang='lat' dir='ltr'><strong>ut</strong></span> <span class='ocrx_word' id='word_1_226' title='bbox 486 2936 573 2990; x_wconf 88' lang='lat' dir='ltr'><strong>ille</strong></span> <span class='ocrx_word' id='word_1_227' title='bbox 600 2943 807 3005; x_wconf 86' lang='lat' dir='ltr'><strong>parcat;</strong></span> <span class='ocrx_word' id='word_1_228' title='bbox 833 2934 901 2988; x_wconf 93' lang='lat' dir='ltr'><strong>do</strong></span> <span class='ocrx_word' id='word_1_229' title='bbox 930 2932 997 2987; x_wconf 91' lang='lat' dir='ltr'><strong>de</strong></span> <span class='ocrx_word' id='word_1_230' title='bbox 1022 2947 1106 2986; x_wconf 92' lang='lat' dir='ltr'><strong>me</strong></span> <span class='ocrx_word' id='word_1_231' title='bbox 1133 2946 1346 3001; x_wconf 67' lang='lat' dir='ltr'><strong>pinnas,</strong></span> <span class='ocrx_word' id='word_1_232' title='bbox 1372 2938 1429 2984; x_wconf 92' lang='lat' dir='ltr'><strong>ut</strong></span> <span class='ocrx_word' id='word_1_233' title='bbox 1458 2930 1544 2984; x_wconf 85' lang='lat' dir='ltr'><strong>ille</strong></span> <span class='ocrx_word' id='word_1_234' title='bbox 1571 2930 1882 2994; x_wconf 87' lang='lat' dir='ltr'><strong>subveniat,</strong></span> <span class='ocrx_word' id='word_1_235' title='bbox 1921 2937 1981 2982; x_wconf 92' lang='lat' dir='ltr'><strong>ut</strong></span> 
     </span>
    </p>
   </div>
   <div class='ocr_carea' id='block_1_31' title="bbox 407 3019 1977 3098">
    <p class='ocr_par' dir='ltr' id='par_1_31' title="bbox 407 3019 1977 3098">
     <span class='ocr_line' id='line_1_31' title="bbox 407 3019 1977 3098; baseline -0.004 -17"><span class='ocrx_word' id='word_1_236' title='bbox 407 3027 644 3098; x_wconf 87' lang='lat' dir='ltr'><strong>placeam</strong></span> <span class='ocrx_word' id='word_1_237' title='bbox 667 3026 831 3081; x_wconf 89' lang='lat' dir='ltr'><strong>oculis</strong></span> <span class='ocrx_word' id='word_1_238' title='bbox 846 3026 983 3095; x_wconf 92' lang='lat' dir='ltr'><strong>ejus,</strong></span> <span class='ocrx_word' id='word_1_239' title='bbox 999 3032 1056 3077; x_wconf 90' lang='lat' dir='ltr'><strong>ut</strong></span> <span class='ocrx_word' id='word_1_240' title='bbox 1075 3022 1331 3078; x_wconf 89' lang='lat' dir='ltr'><strong>delectem</strong></span> <span class='ocrx_word' id='word_1_241' title='bbox 1349 3020 1668 3075; x_wconf 85' lang='lat' dir='ltr'><strong>suavitatem</strong></span> <span class='ocrx_word' id='word_1_242' title='bbox 1691 3020 1824 3090; x_wconf 90' lang='lat' dir='ltr'><strong>ejus.</strong></span> <span class='ocrx_word' id='word_1_243' title='bbox 1846 3019 1977 3074; x_wconf 84' lang='lat' dir='ltr'><strong>Nam</strong></span> 
     </span>
    </p>
   </div>
   <div class='ocr_carea' id='block_1_32' title="bbox 405 3108 1979 3179">
    <p class='ocr_par' dir='ltr' id='par_1_32' title="bbox 405 3108 1979 3179">
     <span class='ocr_line' id='line_1_32' title="bbox 405 3108 1979 3179; baseline -0.005 -9"><span class='ocrx_word' id='word_1_244' title='bbox 405 3126 459 3172; x_wconf 93' lang='lat' dir='ltr'><strong>ct</strong></span> <span class='ocrx_word' id='word_1_245' title='bbox 489 3116 699 3169; x_wconf 89' lang='lat' dir='ltr'><strong>victima</strong></span> <span class='ocrx_word' id='word_1_246' title='bbox 730 3115 1080 3179; x_wconf 81' lang='lat' dir='ltr'><strong>exeruciatur,</strong></span> <span class='ocrx_word' id='word_1_247' title='bbox 1112 3121 1168 3165; x_wconf 90' lang='lat' dir='ltr'><strong>ut</strong></span> <span class='ocrx_word' id='word_1_248' title='bbox 1200 3112 1251 3165; x_wconf 91' lang='lat' dir='ltr'><strong>in</strong></span> <span class='ocrx_word' id='word_1_249' title='bbox 1281 3126 1428 3164; x_wconf 89' lang='lat' dir='ltr'><strong>aram</strong></span> <span class='ocrx_word' id='word_1_250' title='bbox 1459 3111 1779 3178; x_wconf 85' lang='lat' dir='ltr'><strong>imponatur.</strong></span> <span class='ocrx_word' id='word_1_251' title='bbox 1809 3108 1979 3163; x_wconf 86' lang='lat' dir='ltr'><strong>Minus</strong></span> 
     </span>
    </p>
   </div>
   <div class='ocr_carea' id='block_1_33' title="bbox 408 3198 1975 3278">
    <p class='ocr_par' dir='ltr' id='par_1_33' title="bbox 408 3198 1975 3278">
     <span class='ocr_line' id='line_1_33' title="bbox 408 3198 1975 3278; baseline -0.006 -17"><span class='ocrx_word' id='word_1_252' title='bbox 408 3216 611 3278; x_wconf 85' lang='lat' dir='ltr'><strong>premet</strong></span> <span class='ocrx_word' id='word_1_253' title='bbox 640 3216 873 3259; x_wconf 91' lang='lat' dir='ltr'><strong>mentem</strong></span> <span class='ocrx_word' id='word_1_254' title='bbox 903 3218 1076 3259; x_wconf 87' lang='lat' dir='ltr'><strong>meam</strong></span> <span class='ocrx_word' id='word_1_255' title='bbox 1103 3217 1227 3257; x_wconf 83' lang='lat' dir='ltr'><strong>caro</strong></span> <span class='ocrx_word' id='word_1_256' title='bbox 1257 3216 1393 3255; x_wconf 91' lang='lat' dir='ltr'><strong>mea.</strong></span> <span class='ocrx_word' id='word_1_257' title='bbox 1440 3200 1507 3254; x_wconf 86' lang='lat' dir='ltr'><strong>Et</strong></span> <span class='ocrx_word' id='word_1_258' title='bbox 1547 3200 1635 3254; x_wconf 90' lang='lat' dir='ltr'><strong>tali</strong></span> <span class='ocrx_word' id='word_1_259' title='bbox 1683 3198 1975 3253; x_wconf 85' lang='lat' dir='ltr'><strong>dissuasori</strong></span> 
     </span>
    </p>
   </div>
   <div class='ocr_carea' id='block_1_34' title="bbox 406 3289 1979 3367">
    <p class='ocr_par' dir='ltr' id='par_1_34' title="bbox 406 3289 1979 3367">
     <span class='ocr_line' id='line_1_34' title="bbox 406 3289 1979 3367; baseline -0.008 -13"><span class='ocrx_word' id='word_1_260' title='bbox 406 3300 580 3367; x_wconf 78' lang='lat' dir='ltr'><strong>malo,</strong></span> <span class='ocrx_word' id='word_1_261' title='bbox 610 3312 765 3353; x_wconf 87' lang='lat' dir='ltr'><strong>servo</strong></span> <span class='ocrx_word' id='word_1_262' title='bbox 794 3296 995 3351; x_wconf 90' lang='lat' dir='ltr'><strong>ventris</strong></span> <span class='ocrx_word' id='word_1_263' title='bbox 1019 3337 1033 3363; x_wconf 93' lang='lat'><strong>,</strong></span> <span class='ocrx_word' id='word_1_264' title='bbox 1081 3291 1345 3363; x_wconf 87' lang='lat' dir='ltr'><strong>responde</strong></span> <span class='ocrx_word' id='word_1_265' title='bbox 1376 3307 1468 3361; x_wconf 89' lang='lat' dir='ltr'><strong>per</strong></span> <span class='ocrx_word' id='word_1_266' title='bbox 1497 3290 1633 3344; x_wconf 89' lang='lat' dir='ltr'><strong>hanc</strong></span> <span class='ocrx_word' id='word_1_267' title='bbox 1674 3289 1979 3344; x_wconf 84' lang='lat' dir='ltr'><strong>similitudi-</strong></span> 
     </span>
    </p>
   </div>
   <div class='ocr_carea' id='block_1_35' title="bbox 405 3383 1979 3460">
    <p class='ocr_par' dir='ltr' id='par_1_35' title="bbox 405 3383 1979 3460">
     <span class='ocr_line' id='line_1_35' title="bbox 405 3383 1979 3460; baseline -0.009 -12"><span class='ocrx_word' id='word_1_268' title='bbox 405 3410 549 3460; x_wconf 90' lang='lat' dir='ltr'><strong>nem,</strong></span> <span class='ocrx_word' id='word_1_269' title='bbox 578 3402 629 3446; x_wconf 87' lang='lat' dir='ltr'><strong>ct</strong></span> <span class='ocrx_word' id='word_1_270' title='bbox 650 3392 733 3445; x_wconf 90' lang='lat' dir='ltr'><strong>dic</strong></span> <span class='ocrx_word' id='word_1_271' title='bbox 755 3390 833 3445; x_wconf 91' lang='lat' dir='ltr'><strong>:Si</strong></span> <span class='ocrx_word' id='word_1_272' title='bbox 856 3390 1098 3458; x_wconf 91' lang='lat' dir='ltr'><strong>jumento</strong></span> <span class='ocrx_word' id='word_1_273' title='bbox 1128 3383 1562 3448; x_wconf 82' lang='lat' dir='ltr'><strong>fortcinsideres,</strong></span> <span class='ocrx_word' id='word_1_274' title='bbox 1588 3383 1631 3437; x_wconf 90' lang='lat' dir='ltr'><strong>si</strong></span> <span class='ocrx_word' id='word_1_275' title='bbox 1650 3397 1785 3451; x_wconf 88' lang='lat' dir='ltr'><strong>equo</strong></span> <span class='ocrx_word' id='word_1_276' title='bbox 1805 3389 1979 3435; x_wconf 87' lang='lat' dir='ltr'><strong>utere-</strong></span> 
     </span>
    </p>
   </div>
   <div class='ocr_carea' id='block_1_36' title="bbox 406 3476 1980 3554">
    <p class='ocr_par' dir='ltr' id='par_1_36' title="bbox 406 3476 1980 3554">
     <span class='ocr_line' id='line_1_36' title="bbox 406 3476 1980 3554; baseline -0.01 -13"><span class='ocrx_word' id='word_1_277' title='bbox 406 3486 501 3551; x_wconf 90' lang='lat' dir='ltr'><strong>ris,</strong></span> <span class='ocrx_word' id='word_1_278' title='bbox 516 3485 603 3554; x_wconf 88' lang='lat' dir='ltr'><strong>qui</strong></span> <span class='ocrx_word' id='word_1_279' title='bbox 628 3492 676 3539; x_wconf 89' lang='lat' dir='ltr'><strong>te</strong></span> <span class='ocrx_word' id='word_1_280' title='bbox 689 3480 963 3554; x_wconf 84' lang='lat' dir='ltr'><strong>gestiendo</strong></span> <span class='ocrx_word' id='word_1_281' title='bbox 978 3490 1155 3550; x_wconf 87' lang='lat' dir='ltr'><strong>posset</strong></span> <span class='ocrx_word' id='word_1_282' title='bbox 1168 3476 1500 3548; x_wconf 64' lang='lat' dir='ltr'><strong>praecipitare</strong></span> <span class='ocrx_word' id='word_1_283' title='bbox 1519 3492 1533 3541; x_wconf 93' lang='lat'><strong>;</strong></span> <span class='ocrx_word' id='word_1_284' title='bbox 1556 3489 1729 3528; x_wconf 92' lang='lat' dir='ltr'><strong>nonne</strong></span> <span class='ocrx_word' id='word_1_285' title='bbox 1755 3482 1811 3529; x_wconf 93' lang='lat' dir='ltr'><strong>ut</strong></span> <span class='ocrx_word' id='word_1_286' title='bbox 1822 3488 1980 3529; x_wconf 82' lang='lat' dir='ltr'><strong>secu-</strong></span> 
     </span>
    </p>
   </div>
   <div class='ocr_carea' id='block_1_37' title="bbox 406 3562 1979 3645">
    <p class='ocr_par' dir='ltr' id='par_1_37' title="bbox 406 3562 1979 3645">
     <span class='ocr_line' id='line_1_37' title="bbox 406 3562 1979 3645; baseline -0.008 -13"><span class='ocrx_word' id='word_1_287' title='bbox 406 3592 497 3632; x_wconf 85' lang='lat' dir='ltr'><strong>rus</strong></span> <span class='ocrx_word' id='word_1_288' title='bbox 522 3576 620 3629; x_wconf 89' lang='lat' dir='ltr'><strong>iter</strong></span> <span class='ocrx_word' id='word_1_289' title='bbox 646 3588 832 3645; x_wconf 80' lang='lat' dir='ltr'><strong>ageres</strong></span> <span class='ocrx_word' id='word_1_290' title='bbox 847 3615 861 3639; x_wconf 92' lang='lat'><strong>,</strong></span> <span class='ocrx_word' id='word_1_291' title='bbox 887 3571 1083 3627; x_wconf 88' lang='lat' dir='ltr'><strong>cibaria</strong></span> <span class='ocrx_word' id='word_1_292' title='bbox 1101 3567 1375 3623; x_wconf 84' lang='lat' dir='ltr'><strong>ferocienti</strong></span> <span class='ocrx_word' id='word_1_293' title='bbox 1393 3564 1754 3631; x_wconf 89' lang='lat' dir='ltr'><strong>subtraheres,</strong></span> <span class='ocrx_word' id='word_1_294' title='bbox 1773 3572 1827 3619; x_wconf 90' lang='lat' dir='ltr'><strong>et</strong></span> <span class='ocrx_word' id='word_1_295' title='bbox 1842 3562 1979 3619; x_wconf 82' lang='lat' dir='ltr'><strong>fame</strong></span> 
     </span>
    </p>
   </div>
   <div class='ocr_carea' id='block_1_38' title="bbox 407 3657 1980 3736">
    <p class='ocr_par' dir='ltr' id='par_1_38' title="bbox 407 3657 1980 3736">
     <span class='ocr_line' id='line_1_38' title="bbox 407 3657 1980 3736; baseline -0.009 -11"><span class='ocrx_word' id='word_1_296' title='bbox 407 3668 652 3725; x_wconf 86' lang='lat' dir='ltr'><strong>domares</strong></span> <span class='ocrx_word' id='word_1_297' title='bbox 677 3681 831 3736; x_wconf 87' lang='lat' dir='ltr'><strong>quem</strong></span> <span class='ocrx_word' id='word_1_298' title='bbox 865 3664 1019 3720; x_wconf 82' lang='lat' dir='ltr'><strong>freno</strong></span> <span class='ocrx_word' id='word_1_299' title='bbox 1053 3678 1157 3718; x_wconf 93' lang='lat' dir='ltr'><strong>non</strong></span> <span class='ocrx_word' id='word_1_300' title='bbox 1190 3675 1374 3732; x_wconf 91' lang='lat' dir='ltr'><strong>posses</strong></span> <span class='ocrx_word' id='word_1_301' title='bbox 1400 3660 1423 3713; x_wconf 89' lang='lat'><strong>?</strong></span> <span class='ocrx_word' id='word_1_302' title='bbox 1449 3658 1585 3713; x_wconf 77' lang='lat' dir='ltr'><strong>Caro</strong></span> <span class='ocrx_word' id='word_1_303' title='bbox 1613 3673 1728 3713; x_wconf 90' lang='lat' dir='ltr'><strong>mea</strong></span> <span class='ocrx_word' id='word_1_304' title='bbox 1767 3657 1980 3728; x_wconf 87' lang='lat' dir='ltr'><strong>jumen-</strong></span> 
     </span>
    </p>
   </div>
   <div class='ocr_carea' id='block_1_39' title="bbox 409 3750 1984 3825">
    <p class='ocr_par' dir='ltr' id='par_1_39' title="bbox 409 3750 1984 3825">
     <span class='ocr_line' id='line_1_39' title="bbox 409 3750 1984 3825; baseline -0.007 -9"><span class='ocrx_word' id='word_1_305' title='bbox 409 3771 518 3816; x_wconf 89' lang='lat' dir='ltr'><strong>tum</strong></span> <span class='ocrx_word' id='word_1_306' title='bbox 543 3775 717 3814; x_wconf 90' lang='lat' dir='ltr'><strong>meum</strong></span> <span class='ocrx_word' id='word_1_307' title='bbox 738 3765 822 3813; x_wconf 89' lang='lat' dir='ltr'><strong>est</strong></span> <span class='ocrx_word' id='word_1_308' title='bbox 850 3775 863 3812; x_wconf 93' lang='lat'><strong>:</strong></span> <span class='ocrx_word' id='word_1_309' title='bbox 892 3758 993 3811; x_wconf 91' lang='lat' dir='ltr'><strong>iter</strong></span> <span class='ocrx_word' id='word_1_310' title='bbox 1014 3770 1111 3825; x_wconf 87' lang='lat' dir='ltr'><strong>ago</strong></span> <span class='ocrx_word' id='word_1_311' title='bbox 1142 3754 1192 3807; x_wconf 91' lang='lat' dir='ltr'><strong>in</strong></span> <span class='ocrx_word' id='word_1_312' title='bbox 1219 3751 1535 3815; x_wconf 84' lang='lat' dir='ltr'><strong>Jerusalem,</strong></span> <span class='ocrx_word' id='word_1_313' title='bbox 1570 3750 1876 3821; x_wconf 87' lang='lat' dir='ltr'><strong>plerumque</strong></span> <span class='ocrx_word' id='word_1_314' title='bbox 1898 3765 1984 3805; x_wconf 90' lang='lat' dir='ltr'><strong>me</strong></span> 
     </span>
    </p>
   </div>
   <div class='ocr_carea' id='block_1_40' title="bbox 410 3841 1978 3921">
    <p class='ocr_par' dir='ltr' id='par_1_40' title="bbox 410 3841 1978 3921">
     <span class='ocr_line' id='line_1_40' title="bbox 410 3841 1978 3921; baseline -0.007 -15"><span class='ocrx_word' id='word_1_315' title='bbox 410 3852 563 3921; x_wconf 90' lang='lat' dir='ltr'><strong>rapit,</strong></span> <span class='ocrx_word' id='word_1_316' title='bbox 595 3858 647 3905; x_wconf 90' lang='lat' dir='ltr'><strong>et</strong></span> <span class='ocrx_word' id='word_1_317' title='bbox 676 3849 741 3904; x_wconf 89' lang='lat' dir='ltr'><strong>de</strong></span> <span class='ocrx_word' id='word_1_318' title='bbox 764 3848 848 3902; x_wconf 90' lang='lat' dir='ltr'><strong>via</strong></span> <span class='ocrx_word' id='word_1_319' title='bbox 876 3843 1404 3902; x_wconf 75' lang='lat' dir='ltr'><strong>conaturexcludere</strong></span> <span class='ocrx_word' id='word_1_320' title='bbox 1431 3843 1446 3873; x_wconf 75' lang='grc' dir='ltr'>ί</span> <span class='ocrx_word' id='word_1_321' title='bbox 1480 3860 1492 3897; x_wconf 90' lang='lat'>:</span> <span class='ocrx_word' id='word_1_322' title='bbox 1522 3841 1601 3897; x_wconf 85' lang='lat' dir='ltr'><strong>via</strong></span> <span class='ocrx_word' id='word_1_323' title='bbox 1656 3850 1830 3895; x_wconf 89' lang='lat' dir='ltr'><strong>autem</strong></span> <span class='ocrx_word' id='word_1_324' title='bbox 1860 3856 1978 3895; x_wconf 86' lang='lat' dir='ltr'><strong>mea</strong></span> 
     </span>
    </p>
   </div>
   <div class='ocr_carea' id='block_1_41' title="bbox 408 3932 1984 4003">
    <p class='ocr_par' dir='ltr' id='par_1_41' title="bbox 408 3932 1984 4003">
     <span class='ocr_line' id='line_1_41' title="bbox 408 3932 1984 4003; baseline -0.01 -2"><span class='ocrx_word' id='word_1_325' title='bbox 408 3945 648 4001; x_wconf 89' lang='lat' dir='ltr'><strong>Christus</strong></span> <span class='ocrx_word' id='word_1_326' title='bbox 677 3952 759 3998; x_wconf 89' lang='lat' dir='ltr'><strong>est</strong></span> <span class='ocrx_word' id='word_1_327' title='bbox 786 3959 798 3995; x_wconf 88' lang='lat'><strong>:</strong></span> <span class='ocrx_word' id='word_1_328' title='bbox 834 3942 903 3995; x_wconf 91' lang='lat' dir='ltr'><strong>ita</strong></span> <span class='ocrx_word' id='word_1_329' title='bbox 931 3941 1281 3995; x_wconf 76' lang='lat' dir='ltr'><strong>exsultantem</strong></span> <span class='ocrx_word' id='word_1_330' title='bbox 1315 3951 1420 3989; x_wconf 92' lang='lat' dir='ltr'><strong>non</strong></span> <span class='ocrx_word' id='word_1_331' title='bbox 1448 3934 1709 3989; x_wconf 88' lang='lat' dir='ltr'><strong>cohibebo</strong></span> <span class='ocrx_word' id='word_1_332' title='bbox 1730 3933 1932 4003; x_wconf 82' lang='lat' dir='ltr'><strong>jejunio</strong></span> <span class='ocrx_word' id='word_1_333' title='bbox 1960 3932 1984 3986; x_wconf 84' lang='lat'><strong>?</strong></span> 
     </span>
    </p>
   </div>
   <div class='ocr_carea' id='block_1_42' title="bbox 408 4026 1987 4107">
    <p class='ocr_par' dir='ltr' id='par_1_42' title="bbox 408 4026 1987 4107">
     <span class='ocr_line' id='line_1_42' title="bbox 408 4026 1987 4107; baseline -0.008 -13"><span class='ocrx_word' id='word_1_334' title='bbox 408 4037 602 4107; x_wconf 88' lang='lat' dir='ltr'><strong>Siquis</strong></span> <span class='ocrx_word' id='word_1_335' title='bbox 653 4037 755 4091; x_wconf 92' lang='lat' dir='ltr'><strong>hoc</strong></span> <span class='ocrx_word' id='word_1_336' title='bbox 781 4033 953 4104; x_wconf 88' lang='lat' dir='ltr'><strong>sapit,</strong></span> <span class='ocrx_word' id='word_1_337' title='bbox 1000 4032 1159 4086; x_wconf 90' lang='lat' dir='ltr'><strong>etiam</strong></span> <span class='ocrx_word' id='word_1_338' title='bbox 1216 4029 1331 4098; x_wconf 89' lang='lat' dir='ltr'><strong>ipso</strong></span> <span class='ocrx_word' id='word_1_339' title='bbox 1388 4027 1755 4099; x_wconf 77' lang='lat' dir='ltr'><strong>experimento</strong></span> <span class='ocrx_word' id='word_1_340' title='bbox 1798 4026 1987 4098; x_wconf 89' lang='lat' dir='ltr'><strong>probat</strong></span> 
     </span>
    </p>
   </div>
   <div class='ocr_carea' id='block_1_43' title="bbox 410 4122 1983 4204">
    <p class='ocr_par' dir='ltr' id='par_1_43' title="bbox 410 4122 1983 4204">
     <span class='ocr_line' id='line_1_43' title="bbox 410 4122 1983 4204; baseline -0.007 -18"><span class='ocrx_word' id='word_1_341' title='bbox 410 4148 567 4204; x_wconf 92' lang='lat' dir='ltr'><strong>quam</strong></span> <span class='ocrx_word' id='word_1_342' title='bbox 616 4132 814 4187; x_wconf 88' lang='lat' dir='ltr'><strong>utiliter</strong></span> <span class='ocrx_word' id='word_1_343' title='bbox 846 4130 1136 4200; x_wconf 89' lang='lat' dir='ltr'><strong>jejunetur.</strong></span> <span class='ocrx_word' id='word_1_344' title='bbox 1180 4123 1446 4194; x_wconf 88' lang='lat' dir='ltr'><strong>Numquid</strong></span> <span class='ocrx_word' id='word_1_345' title='bbox 1485 4124 1625 4178; x_wconf 90' lang='lat' dir='ltr'><strong>enim</strong></span> <span class='ocrx_word' id='word_1_346' title='bbox 1675 4137 1803 4177; x_wconf 91' lang='lat' dir='ltr'><strong>caro</strong></span> <span class='ocrx_word' id='word_1_347' title='bbox 1851 4122 1983 4190; x_wconf 90' lang='lat' dir='ltr'><strong>ista,</strong></span> 
     </span>
    </p>
   </div>
   <div class='ocr_carea' id='block_1_44' title="bbox 411 4215 1987 4298">
    <p class='ocr_par' dir='ltr' id='par_1_44' title="bbox 411 4215 1987 4298">
     <span class='ocr_line' id='line_1_44' title="bbox 411 4215 1987 4298; baseline -0.01 -16"><span class='ocrx_word' id='word_1_348' title='bbox 411 4243 528 4298; x_wconf 68' lang='lat' dir='ltr'><strong>qua:</strong></span> <span class='ocrx_word' id='word_1_349' title='bbox 558 4239 699 4280; x_wconf 92' lang='lat' dir='ltr'><strong>nunc</strong></span> <span class='ocrx_word' id='word_1_350' title='bbox 722 4224 989 4288; x_wconf 91' lang='lat' dir='ltr'><strong>domatur,</strong></span> <span class='ocrx_word' id='word_1_351' title='bbox 1014 4234 1225 4289; x_wconf 87' lang='lat' dir='ltr'><strong>semper</strong></span> <span class='ocrx_word' id='word_1_352' title='bbox 1250 4216 1594 4271; x_wconf 89' lang='lat' dir='ltr'><strong>domabitur?</strong></span> <span class='ocrx_word' id='word_1_353' title='bbox 1617 4215 1748 4269; x_wconf 91' lang='lat' dir='ltr'><strong>Dum</strong></span> <span class='ocrx_word' id='word_1_354' title='bbox 1780 4222 1987 4283; x_wconf 89' lang='lat' dir='ltr'><strong>tempo-</strong></span> 
     </span>
    </p>
   </div>
   <div class='ocr_carea' id='block_1_45' title="bbox 410 4306 1987 4381">
    <p class='ocr_par' dir='ltr' id='par_1_45' title="bbox 410 4306 1987 4381">
     <span class='ocr_line' id='line_1_45' title="bbox 410 4306 1987 4381; baseline -0.008 -9"><span class='ocrx_word' id='word_1_355' title='bbox 410 4318 592 4373; x_wconf 54' lang='lat' dir='ltr'><strong>raliter</strong></span> <span class='ocrx_word' id='word_1_356' title='bbox 618 4314 808 4381; x_wconf 84' lang='lat' dir='ltr'><strong>ﬂuitat,</strong></span> <span class='ocrx_word' id='word_1_357' title='bbox 839 4311 963 4368; x_wconf 91' lang='lat' dir='ltr'><strong>dum</strong></span> <span class='ocrx_word' id='word_1_358' title='bbox 990 4308 1330 4367; x_wconf 88' lang='lat' dir='ltr'><strong>mortalitatis</strong></span> <span class='ocrx_word' id='word_1_359' title='bbox 1358 4306 1663 4362; x_wconf 91' lang='lat' dir='ltr'><strong>conditione</strong></span> <span class='ocrx_word' id='word_1_360' title='bbox 1690 4320 1987 4376; x_wconf 49' lang='lat' dir='ltr'><strong>pra‘grava—</strong></span> 
     </span>
    </p>
   </div>
   <div class='ocr_carea' id='block_1_46' title="bbox 428 4398 1986 4477">
    <p class='ocr_par' dir='ltr' id='par_1_46' title="bbox 428 4398 1986 4477">
     <span class='ocr_line' id='line_1_46' title="bbox 428 4398 1986 4477; baseline -0.008 -14"><span class='ocrx_word' id='word_1_361' title='bbox 428 4425 516 4477; x_wconf 80' lang='lat' dir='ltr'><strong>nr,</strong></span> <span class='ocrx_word' id='word_1_362' title='bbox 545 4408 704 4464; x_wconf 85' lang='lat' dir='ltr'><strong>habet</strong></span> <span class='ocrx_word' id='word_1_363' title='bbox 738 4405 1119 4463; x_wconf 81' lang='lat' dir='ltr'><strong>exsultationes</strong></span> <span class='ocrx_word' id='word_1_364' title='bbox 1155 4417 1277 4456; x_wconf 90' lang='lat' dir='ltr'><strong>suas</strong></span> <span class='ocrx_word' id='word_1_365' title='bbox 1304 4400 1608 4455; x_wconf 83' lang='lat' dir='ltr'><strong>manifestas</strong></span> <span class='ocrx_word' id='word_1_366' title='bbox 1638 4408 1692 4454; x_wconf 89' lang='lat' dir='ltr'><strong>et</strong></span> <span class='ocrx_word' id='word_1_367' title='bbox 1721 4398 1986 4468; x_wconf 88' lang='lat' dir='ltr'><strong>periculo-</strong></span> 
     </span>
    </p>
   </div>
   <div class='ocr_carea' id='block_1_47' title="bbox 412 4488 1980 4558">
    <p class='ocr_par' dir='ltr' id='par_1_47' title="bbox 412 4488 1980 4558">
     <span class='ocr_line' id='line_1_47' title="bbox 412 4488 1980 4558; baseline -0.01 -3"><span class='ocrx_word' id='word_1_368' title='bbox 412 4515 498 4555; x_wconf 88' lang='lat' dir='ltr'><strong>sas</strong></span> <span class='ocrx_word' id='word_1_369' title='bbox 521 4499 685 4554; x_wconf 91' lang='lat' dir='ltr'><strong>menti</strong></span> <span class='ocrx_word' id='word_1_370' title='bbox 711 4505 925 4552; x_wconf 61' lang='lat' dir='ltr'><strong>nostrae.</strong></span> <span class='ocrx_word' id='word_1_371' title='bbox 949 4494 1086 4549; x_wconf 85' lang='lat' dir='ltr'><strong>Caro</strong></span> <span class='ocrx_word' id='word_1_372' title='bbox 1113 4501 1194 4547; x_wconf 89' lang='lat' dir='ltr'><strong>est</strong></span> <span class='ocrx_word' id='word_1_373' title='bbox 1225 4492 1367 4546; x_wconf 88' lang='lat' dir='ltr'><strong>enim</strong></span> <span class='ocrx_word' id='word_1_374' title='bbox 1392 4489 1568 4544; x_wconf 89' lang='lat' dir='ltr'><strong>adhuc</strong></span> <span class='ocrx_word' id='word_1_375' title='bbox 1592 4488 1980 4558; x_wconf 85' lang='lat' dir='ltr'><strong>corruptibilis,</strong></span> 
     </span>
    </p>
   </div>
   <div class='ocr_carea' id='block_1_48' title="bbox 415 4580 1988 4651">
    <p class='ocr_par' dir='ltr' id='par_1_48' title="bbox 415 4580 1988 4651">
     <span class='ocr_line' id='line_1_48' title="bbox 415 4580 1988 4651; baseline -0.009 -7"><span class='ocrx_word' id='word_1_376' title='bbox 415 4589 646 4645; x_wconf 91' lang='lat' dir='ltr'><strong>nondum</strong></span> <span class='ocrx_word' id='word_1_377' title='bbox 677 4586 995 4651; x_wconf 86' lang='lat' dir='ltr'><strong>resurrexit;</strong></span> <span class='ocrx_word' id='word_1_378' title='bbox 1021 4599 1145 4639; x_wconf 88' lang='lat' dir='ltr'><strong>nam</strong></span> <span class='ocrx_word' id='word_1_379' title='bbox 1190 4597 1296 4636; x_wconf 94' lang='lat' dir='ltr'><strong>non</strong></span> <span class='ocrx_word' id='word_1_380' title='bbox 1328 4595 1541 4650; x_wconf 88' lang='lat' dir='ltr'><strong>semper</strong></span> <span class='ocrx_word' id='word_1_381' title='bbox 1562 4580 1639 4634; x_wconf 92' lang='lat' dir='ltr'><strong>sic</strong></span> <span class='ocrx_word' id='word_1_382' title='bbox 1663 4580 1765 4633; x_wconf 88' lang='lat' dir='ltr'><strong>erit</strong></span> <span class='ocrx_word' id='word_1_383' title='bbox 1809 4596 1821 4633; x_wconf 90' lang='lat'>:</span> <span class='ocrx_word' id='word_1_384' title='bbox 1852 4593 1988 4631; x_wconf 87' lang='lat' dir='ltr'><strong>non-</strong></span> 
     </span>
    </p>
   </div>
   <div class='ocr_carea' id='block_1_49' title="bbox 418 4670 1984 4747">
    <p class='ocr_par' dir='ltr' id='par_1_49' title="bbox 418 4670 1984 4747">
     <span class='ocr_line' id='line_1_49' title="bbox 418 4670 1984 4747; baseline -0.007 -11"><span class='ocrx_word' id='word_1_385' title='bbox 418 4682 538 4737; x_wconf 86' lang='lat' dir='ltr'><strong>thtm</strong></span> <span class='ocrx_word' id='word_1_386' title='bbox 594 4681 749 4736; x_wconf 89' lang='lat' dir='ltr'><strong>habet</strong></span> <span class='ocrx_word' id='word_1_387' title='bbox 794 4688 987 4733; x_wconf 90' lang='lat' dir='ltr'><strong>statum</strong></span> <span class='ocrx_word' id='word_1_388' title='bbox 1031 4674 1304 4747; x_wconf 88' lang='lat' dir='ltr'><strong>proprium</strong></span> <span class='ocrx_word' id='word_1_389' title='bbox 1349 4673 1583 4729; x_wconf 75' lang='lat' dir='ltr'><strong>ctelestis</strong></span> <span class='ocrx_word' id='word_1_390' title='bbox 1628 4670 1984 4736; x_wconf 84' lang='lat' dir='ltr'><strong>habitudinis;</strong></span> 
     </span>
    </p>
   </div>
   <div class='ocr_carea' id='block_1_50' title="bbox 419 4761 1818 4835">
    <p class='ocr_par' dir='ltr' id='par_1_50' title="bbox 419 4761 1818 4835">
     <span class='ocr_line' id='line_1_50' title="bbox 419 4761 1818 4835; baseline -0.012 -5"><span class='ocrx_word' id='word_1_391' title='bbox 419 4774 647 4830; x_wconf 87' lang='lat' dir='ltr'><strong>nondum</strong></span> <span class='ocrx_word' id='word_1_392' title='bbox 670 4772 810 4828; x_wconf 92' lang='lat' dir='ltr'><strong>enim</strong></span> <span class='ocrx_word' id='word_1_393' title='bbox 844 4770 963 4824; x_wconf 79' lang='lat' dir='ltr'><strong>facti</strong></span> <span class='ocrx_word' id='word_1_394' title='bbox 992 4781 1174 4824; x_wconf 88' lang='lat' dir='ltr'><strong>sumus</strong></span> <span class='ocrx_word' id='word_1_395' title='bbox 1197 4763 1425 4835; x_wconf 66' lang='lat' dir='ltr'><strong>aequales</strong></span> <span class='ocrx_word' id='word_1_396' title='bbox 1460 4762 1676 4832; x_wconf 77' lang='lat' dir='ltr'><strong>Angelis</strong></span> <span class='ocrx_word' id='word_1_397' title='bbox 1705 4761 1818 4815; x_wconf 90' lang='lat' dir='ltr'><strong>Dei.</strong></span> 
     </span>
    </p>
   </div>
   <div class='ocr_carea' id='block_1_51' title="bbox 485 4852 1987 4921">
    <p class='ocr_par' dir='ltr' id='par_1_51' title="bbox 485 4852 1987 4921">
     <span class='ocr_line' id='line_1_51' title="bbox 485 4852 1987 4921; baseline -0.011 0"><span class='ocrx_word' id='word_1_398' title='bbox 485 4863 708 4920; x_wconf 78' lang='lat' dir='ltr'><strong>CAPUT</strong></span> <span class='ocrx_word' id='word_1_399' title='bbox 747 4861 834 4918; x_wconf 78' lang='lat' dir='ltr'><strong>IV.</strong></span> <span class='ocrx_word' id='word_1_400' title='bbox 875 4891 948 4902; x_wconf 92' lang='grc'><strong><em>--</em></strong></span> <span class='ocrx_word' id='word_1_401' title='bbox 976 4862 1027 4915; x_wconf 75' lang='grc'><strong>4.</strong></span> <span class='ocrx_word' id='word_1_402' title='bbox 1074 4857 1475 4911; x_wconf 74' lang='grc' dir='ltr'><strong>ΜηηὶεΙιωοηιηι</strong></span> <span class='ocrx_word' id='word_1_403' title='bbox 1523 4868 1663 4907; x_wconf 86' lang='lat' dir='ltr'><strong>error</strong></span> <span class='ocrx_word' id='word_1_404' title='bbox 1702 4852 1762 4905; x_wconf 86' lang='lat' dir='ltr'><strong>de</strong></span> <span class='ocrx_word' id='word_1_405' title='bbox 1819 4868 1987 4921; x_wconf 86' lang='lat' dir='ltr'><strong>pugna</strong></span> 
     </span>
    </p>
   </div>
   <div class='ocr_carea' id='block_1_52' title="bbox 415 4940 1989 5023">
    <p class='ocr_par' dir='ltr' id='par_1_52' title="bbox 415 4940 1989 5023">
     <span class='ocr_line' id='line_1_52' title="bbox 415 4940 1989 5023; baseline -0.008 -16"><span class='ocrx_word' id='word_1_406' title='bbox 415 4956 579 5008; x_wconf 72' lang='lat' dir='ltr'><strong>carnis</strong></span> <span class='ocrx_word' id='word_1_407' title='bbox 623 4962 668 5008; x_wconf 89' lang='lat' dir='ltr'><strong>et</strong></span> <span class='ocrx_word' id='word_1_408' title='bbox 691 4952 916 5023; x_wconf 76' lang='lat' dir='ltr'><strong>spiritus.</strong></span> <span class='ocrx_word' id='word_1_409' title='bbox 942 4947 1120 5005; x_wconf 84' lang='lat' dir='ltr'><strong>Carnis</strong></span> <span class='ocrx_word' id='word_1_410' title='bbox 1150 4963 1319 5018; x_wconf 86' lang='lat' dir='ltr'><strong>pugna</strong></span> <span class='ocrx_word' id='word_1_411' title='bbox 1345 4960 1491 5015; x_wconf 66' lang='lat' dir='ltr'><strong>paena</strong></span> <span class='ocrx_word' id='word_1_412' title='bbox 1525 4942 1733 5013; x_wconf 84' lang='lat' dir='ltr'><strong>peccati.</strong></span> <span class='ocrx_word' id='word_1_413' title='bbox 1760 4940 1835 4994; x_wconf 83' lang='lat' dir='ltr'><strong>Ne</strong></span> <span class='ocrx_word' id='word_1_414' title='bbox 1862 4955 1989 5011; x_wconf 87' lang='lat' dir='ltr'><strong>ergo</strong></span> 
     </span>
    </p>
   </div>
   <div class='ocr_carea' id='block_1_53' title="bbox 416 5033 1990 5109">
    <p class='ocr_par' dir='ltr' id='par_1_53' title="bbox 416 5033 1990 5109">
     <span class='ocr_line' id='line_1_53' title="bbox 416 5033 1990 5109; baseline -0.009 -9"><span class='ocrx_word' id='word_1_415' title='bbox 416 5047 702 5101; x_wconf 86' lang='lat' dir='ltr'><strong>arbitretur</strong></span> <span class='ocrx_word' id='word_1_416' title='bbox 729 5043 945 5099; x_wconf 91' lang='lat' dir='ltr'><strong>Dilectio</strong></span> <span class='ocrx_word' id='word_1_417' title='bbox 975 5049 1169 5107; x_wconf 89' lang='lat' dir='ltr'><strong>vestra,</strong></span> <span class='ocrx_word' id='word_1_418' title='bbox 1192 5037 1333 5109; x_wconf 91' lang='lat' dir='ltr'><strong>quod</strong></span> <span class='ocrx_word' id='word_1_419' title='bbox 1351 5036 1562 5091; x_wconf 91' lang='lat' dir='ltr'><strong>inimica</strong></span> <span class='ocrx_word' id='word_1_420' title='bbox 1579 5034 1648 5088; x_wconf 88' lang='lat' dir='ltr'><strong>sit</strong></span> <span class='ocrx_word' id='word_1_421' title='bbox 1675 5049 1799 5089; x_wconf 91' lang='lat' dir='ltr'><strong>caro</strong></span> <span class='ocrx_word' id='word_1_422' title='bbox 1829 5033 1990 5102; x_wconf 86' lang='lat' dir='ltr'><strong>spiri-</strong></span> 
     </span>
    </p>
   </div>
   <div class='ocr_carea' id='block_1_54' title="bbox 419 5125 1993 5211">
    <p class='ocr_par' dir='ltr' id='par_1_54' title="bbox 419 5125 1993 5211">
     <span class='ocr_line' id='line_1_54' title="bbox 419 5125 1993 5211; baseline -0.01 -18"><span class='ocrx_word' id='word_1_423' title='bbox 419 5140 510 5203; x_wconf 87' lang='lat' dir='ltr'><strong>tui,</strong></span> <span class='ocrx_word' id='word_1_424' title='bbox 542 5138 690 5211; x_wconf 89' lang='lat' dir='ltr'><strong>quasi</strong></span> <span class='ocrx_word' id='word_1_425' title='bbox 712 5136 845 5192; x_wconf 90' lang='lat' dir='ltr'><strong>alter</strong></span> <span class='ocrx_word' id='word_1_426' title='bbox 869 5135 937 5190; x_wconf 87' lang='lat' dir='ltr'><strong>sit</strong></span> <span class='ocrx_word' id='word_1_427' title='bbox 959 5142 1144 5189; x_wconf 87' lang='lat' dir='ltr'><strong>auctor</strong></span> <span class='ocrx_word' id='word_1_428' title='bbox 1168 5133 1364 5194; x_wconf 86' lang='lat' dir='ltr'><strong>carnis,</strong></span> <span class='ocrx_word' id='word_1_429' title='bbox 1406 5129 1541 5183; x_wconf 89' lang='lat' dir='ltr'><strong>alter</strong></span> <span class='ocrx_word' id='word_1_430' title='bbox 1569 5127 1639 5181; x_wconf 86' lang='lat' dir='ltr'><strong>sit</strong></span> <span class='ocrx_word' id='word_1_431' title='bbox 1664 5135 1849 5179; x_wconf 90' lang='lat' dir='ltr'><strong>auctor</strong></span> <span class='ocrx_word' id='word_1_432' title='bbox 1877 5125 1993 5195; x_wconf 89' lang='lat' dir='ltr'><strong>spi-</strong></span> 
     </span>
    </p>
   </div>
   <div class='ocr_carea' id='block_1_55' title="bbox 418 5215 1988 5292">
    <p class='ocr_par' dir='ltr' id='par_1_55' title="bbox 418 5215 1988 5292">
     <span class='ocr_line' id='line_1_55' title="bbox 418 5215 1988 5292; baseline -0.012 -5"><span class='ocrx_word' id='word_1_433' title='bbox 418 5235 567 5287; x_wconf 88' lang='lat' dir='ltr'><strong>ritus.</strong></span> <span class='ocrx_word' id='word_1_434' title='bbox 597 5229 745 5286; x_wconf 84' lang='lat' dir='ltr'><strong>Multi</strong></span> <span class='ocrx_word' id='word_1_435' title='bbox 775 5227 915 5285; x_wconf 92' lang='lat' dir='ltr'><strong>enim</strong></span> <span class='ocrx_word' id='word_1_436' title='bbox 965 5226 1067 5281; x_wconf 84' lang='lat' dir='ltr'><strong>hoc</strong></span> <span class='ocrx_word' id='word_1_437' title='bbox 1106 5232 1349 5292; x_wconf 86' lang='lat' dir='ltr'><strong>putantes</strong></span> <span class='ocrx_word' id='word_1_438' title='bbox 1398 5235 1523 5274; x_wconf 89' lang='lat' dir='ltr'><strong>vere</strong></span> <span class='ocrx_word' id='word_1_439' title='bbox 1572 5219 1708 5287; x_wconf 91' lang='lat' dir='ltr'><strong>rapti</strong></span> <span class='ocrx_word' id='word_1_440' title='bbox 1762 5215 1830 5270; x_wconf 88' lang='lat' dir='ltr'><strong>ab</strong></span> <span class='ocrx_word' id='word_1_441' title='bbox 1876 5215 1988 5286; x_wconf 88' lang='lat' dir='ltr'><strong>ipsa</strong></span> 
     </span>
    </p>
   </div>
   <div class='ocr_carea' id='block_1_56' title="bbox 417 5311 1989 5385">
    <p class='ocr_par' dir='ltr' id='par_1_56' title="bbox 417 5311 1989 5385">
     <span class='ocr_line' id='line_1_56' title="bbox 417 5311 1989 5385; baseline -0.01 -7"><span class='ocrx_word' id='word_1_442' title='bbox 417 5339 578 5385; x_wconf 90' lang='lat' dir='ltr'><strong>carne</strong></span> <span class='ocrx_word' id='word_1_443' title='bbox 607 5323 905 5384; x_wconf 87' lang='lat' dir='ltr'><strong>deviarunt,</strong></span> <span class='ocrx_word' id='word_1_444' title='bbox 938 5327 989 5373; x_wconf 92' lang='lat' dir='ltr'><strong>et</strong></span> <span class='ocrx_word' id='word_1_445' title='bbox 1010 5318 1230 5372; x_wconf 90' lang='lat' dir='ltr'><strong>alterum</strong></span> <span class='ocrx_word' id='word_1_446' title='bbox 1261 5322 1531 5368; x_wconf 88' lang='lat' dir='ltr'><strong>auctorem</strong></span> <span class='ocrx_word' id='word_1_447' title='bbox 1571 5311 1737 5377; x_wconf 90' lang='lat' dir='ltr'><strong>carni,</strong></span> <span class='ocrx_word' id='word_1_448' title='bbox 1765 5311 1989 5365; x_wconf 90' lang='lat' dir='ltr'><strong>alterum</strong></span> 
     </span>
    </p>
   </div>
   <div class='ocr_carea' id='block_1_57' title="bbox 418 5401 1991 5485">
    <p class='ocr_par' dir='ltr' id='par_1_57' title="bbox 418 5401 1991 5485">
     <span class='ocr_line' id='line_1_57' title="bbox 418 5401 1991 5485; baseline -0.01 -16"><span class='ocrx_word' id='word_1_449' title='bbox 418 5415 623 5485; x_wconf 75' lang='lat' dir='ltr'><strong>Spiritui</strong></span> <span class='ocrx_word' id='word_1_450' title='bbox 657 5419 970 5483; x_wconf 88' lang='lat' dir='ltr'><strong>posuerunt.</strong></span> <span class='ocrx_word' id='word_1_451' title='bbox 1004 5406 1235 5463; x_wconf 89' lang='lat' dir='ltr'><strong>Utuntur</strong></span> <span class='ocrx_word' id='word_1_452' title='bbox 1261 5412 1434 5458; x_wconf 86' lang='lat' dir='ltr'><strong>autem</strong></span> <span class='ocrx_word' id='word_1_453' title='bbox 1480 5402 1631 5471; x_wconf 89' lang='lat' dir='ltr'><strong>quasi</strong></span> <span class='ocrx_word' id='word_1_454' title='bbox 1688 5401 1991 5456; x_wconf 86' lang='lat' dir='ltr'><strong>testimonio</strong></span> 
     </span>
    </p>
   </div>
   <div class='ocr_carea' id='block_1_58' title="bbox 421 5493 1994 5577">
    <p class='ocr_par' dir='ltr' id='par_1_58' title="bbox 421 5493 1994 5577">
     <span class='ocr_line' id='line_1_58' title="bbox 421 5493 1994 5577; baseline -0.01 -14"><span class='ocrx_word' id='word_1_455' title='bbox 421 5507 732 5577; x_wconf 83' lang='lat' dir='ltr'><strong>apostolico,</strong></span> <span class='ocrx_word' id='word_1_456' title='bbox 760 5503 899 5574; x_wconf 92' lang='lat' dir='ltr'><strong>quod</strong></span> <span class='ocrx_word' id='word_1_457' title='bbox 922 5518 1025 5556; x_wconf 92' lang='lat' dir='ltr'><strong>non</strong></span> <span class='ocrx_word' id='word_1_458' title='bbox 1048 5500 1343 5569; x_wconf 85' lang='lat' dir='ltr'><strong>intelligunt</strong></span> <span class='ocrx_word' id='word_1_459' title='bbox 1371 5516 1383 5551; x_wconf 93' lang='lat'>:</span> <span class='ocrx_word' id='word_1_460' title='bbox 1417 5496 1545 5551; x_wconf 87' lang='lat' dir='ltr'><strong>Caro</strong></span> <span class='ocrx_word' id='word_1_461' title='bbox 1566 5495 1871 5566; x_wconf 83' lang='lat' dir='ltr'><strong>concupiscit</strong></span> <span class='ocrx_word' id='word_1_462' title='bbox 1900 5493 1994 5548; x_wconf 87' lang='lat' dir='ltr'><strong>ad-</strong></span> 
     </span>
    </p>
   </div>
   <div class='ocr_carea' id='block_1_59' title="bbox 420 5585 1990 5668">
    <p class='ocr_par' dir='ltr' id='par_1_59' title="bbox 420 5585 1990 5668">
     <span class='ocr_line' id='line_1_59' title="bbox 420 5585 1990 5668; baseline -0.01 -14"><span class='ocrx_word' id='word_1_463' title='bbox 420 5616 588 5654; x_wconf 65' lang='lat' dir='ltr'><strong>versus</strong></span> <span class='ocrx_word' id='word_1_464' title='bbox 619 5598 872 5668; x_wconf 79' lang='lat' dir='ltr'><strong>spiritum,</strong></span> <span class='ocrx_word' id='word_1_465' title='bbox 901 5604 947 5648; x_wconf 86' lang='lat' dir='ltr'><strong>et</strong></span> <span class='ocrx_word' id='word_1_466' title='bbox 986 5592 1192 5664; x_wconf 83' lang='lat' dir='ltr'><strong>spiritus</strong></span> <span class='ocrx_word' id='word_1_467' title='bbox 1221 5592 1458 5644; x_wconf 77' lang='lat' dir='ltr'><strong>adversus</strong></span> <span class='ocrx_word' id='word_1_468' title='bbox 1487 5604 1687 5643; x_wconf 85' lang='lat' dir='ltr'><strong>carnem</strong></span> <span class='ocrx_word' id='word_1_469' title='bbox 1712 5585 1913 5656; x_wconf 84' lang='lat' dir='ltr'><strong>(Gulat.</strong></span> <span class='ocrx_word' id='word_1_470' title='bbox 1940 5600 1990 5652; x_wconf 80' lang='grc' dir='ltr'><strong>ν,</strong></span> 
     </span>
    </p>
   </div>
   <div class='ocr_carea' id='block_1_60' title="bbox 481 5710 953 5770">
    <p class='ocr_par' dir='ltr' id='par_1_60' title="bbox 481 5710 953 5770">
     <span class='ocr_line' id='line_1_60' title="bbox 481 5710 953 5770; baseline -0.011 -10"><span class='ocrx_word' id='word_1_471' title='bbox 481 5711 500 5743; x_wconf 75' lang='grc' dir='ltr'>ί</span> <span class='ocrx_word' id='word_1_472' title='bbox 533 5714 690 5770; x_wconf 76' lang='lat' dir='ltr'><strong>Forte,</strong></span> <span class='ocrx_word' id='word_1_473' title='bbox 712 5710 953 5759; x_wconf 71' lang='lat' dir='ltr'><strong>excutere.</strong></span> 
     </span>
    </p>
   </div>
   <div class='ocr_carea' id='block_1_61' title="bbox 1544 236 2622 319">
    <p class='ocr_par' dir='ltr' id='par_1_61' title="bbox 1544 236 2622 319">
     <span class='ocr_line' id='line_1_61' title="bbox 1544 236 2622 319; baseline 0.001 -1"><span class='ocrx_word' id='word_1_474' title='bbox 1544 260 1769 319; x_wconf 83' lang='lat' dir='ltr'><strong>SERMO</strong></span> <span class='ocrx_word' id='word_1_475' title='bbox 1808 258 1896 316; x_wconf 77' lang='lat' dir='ltr'><strong>os</strong></span> <span class='ocrx_word' id='word_1_476' title='bbox 1951 255 2316 317; x_wconf 80' lang='lat' dir='ltr'><strong>UTILITATE</strong></span> <span class='ocrx_word' id='word_1_477' title='bbox 2353 236 2622 319; x_wconf 71' lang='lat' dir='ltr'><strong>summi.</strong></span> 
     </span>
    </p>
   </div>
   <div class='ocr_carea' id='block_1_62' title="bbox 3522 280 3675 357">
    <p class='ocr_par' dir='ltr' id='par_1_62' title="bbox 3522 280 3675 357">
     <span class='ocr_line' id='line_1_62' title="bbox 3522 280 3675 357; baseline 0 -21"><span class='ocrx_word' id='word_1_478' title='bbox 3522 346 3531 357; x_wconf 30' lang='grc' dir='ltr'>Γ</span> <span class='ocrx_word' id='word_1_479' title='bbox 3573 280 3675 336; x_wconf 71' lang='lat' dir='ltr'><strong>ito</strong></span> 
     </span>
    </p>
   </div>
   <div class='ocr_carea' id='block_1_63' title="bbox 2102 373 3674 450">
    <p class='ocr_par' dir='ltr' id='par_1_63' title="bbox 2102 373 3674 450">
     <span class='ocr_line' id='line_1_63' title="bbox 2102 373 3674 450; baseline 0.013 -23"><span class='ocrx_word' id='word_1_480' title='bbox 2102 373 2211 447; x_wconf 84' lang='lat' dir='ltr'><strong>l7).</strong></span> <span class='ocrx_word' id='word_1_481' title='bbox 2246 374 2357 429; x_wconf 82' lang='lat' dir='ltr'><strong>Hoc</strong></span> <span class='ocrx_word' id='word_1_482' title='bbox 2378 391 2561 431; x_wconf 85' lang='lat' dir='ltr'><strong>verum</strong></span> <span class='ocrx_word' id='word_1_483' title='bbox 2580 382 2695 442; x_wconf 89' lang='lat' dir='ltr'><strong>est;</strong></span> <span class='ocrx_word' id='word_1_484' title='bbox 2726 376 2817 431; x_wconf 86' lang='lat' dir='ltr'><strong>sed</strong></span> <span class='ocrx_word' id='word_1_485' title='bbox 2848 393 3012 450; x_wconf 88' lang='lat' dir='ltr'><strong>quare</strong></span> <span class='ocrx_word' id='word_1_486' title='bbox 3032 389 3085 436; x_wconf 87' lang='lat' dir='ltr'><strong>et</strong></span> <span class='ocrx_word' id='word_1_487' title='bbox 3113 383 3253 439; x_wconf 89' lang='lat' dir='ltr'><strong>aliud</strong></span> <span class='ocrx_word' id='word_1_488' title='bbox 3281 400 3385 443; x_wconf 91' lang='lat' dir='ltr'><strong>non</strong></span> <span class='ocrx_word' id='word_1_489' title='bbox 3411 390 3674 447; x_wconf 88' lang='lat' dir='ltr'><strong>attendis:</strong></span> 
     </span>
    </p>
   </div>
   <div class='ocr_carea' id='block_1_64' title="bbox 2104 468 3677 541">
    <p class='ocr_par' dir='ltr' id='par_1_64' title="bbox 2104 468 3677 541">
     <span class='ocr_line' id='line_1_64' title="bbox 2104 468 3677 541; baseline 0.008 -19"><span class='ocrx_word' id='word_1_490' title='bbox 2104 468 2269 524; x_wconf 84' lang='lat' dir='ltr'><strong>Nemo</strong></span> <span class='ocrx_word' id='word_1_491' title='bbox 2295 472 2425 523; x_wconf 86' lang='lat' dir='ltr'><strong>enim</strong></span> <span class='ocrx_word' id='word_1_492' title='bbox 2446 487 2667 536; x_wconf 85' lang='lat' dir='ltr'><strong>unquam</strong></span> <span class='ocrx_word' id='word_1_493' title='bbox 2689 487 2890 524; x_wconf 88' lang='lat' dir='ltr'><strong>carnem</strong></span> <span class='ocrx_word' id='word_1_494' title='bbox 2912 489 3058 527; x_wconf 87' lang='lat' dir='ltr'><strong>suum</strong></span> <span class='ocrx_word' id='word_1_495' title='bbox 3087 476 3202 529; x_wconf 87' lang='lat' dir='ltr'><strong>odio</strong></span> <span class='ocrx_word' id='word_1_496' title='bbox 3233 479 3412 541; x_wconf 83' lang='lat' dir='ltr'><strong>habet;</strong></span> <span class='ocrx_word' id='word_1_497' title='bbox 3449 481 3539 535; x_wconf 86' lang='lat' dir='ltr'><strong>sed</strong></span> <span class='ocrx_word' id='word_1_498' title='bbox 3576 500 3677 537; x_wconf 67' lang='lat' dir='ltr'><strong>nuo</strong></span> 
     </span>
    </p>
   </div>
   <div class='ocr_carea' id='block_1_65' title="bbox 2101 560 3675 640">
    <p class='ocr_par' dir='ltr' id='par_1_65' title="bbox 2101 560 3675 640">
     <span class='ocr_line' id='line_1_65' title="bbox 2101 560 3675 640; baseline 0.01 -29"><span class='ocrx_word' id='word_1_499' title='bbox 2101 560 2184 611; x_wconf 89' lang='lat' dir='ltr'><strong>trit</strong></span> <span class='ocrx_word' id='word_1_500' title='bbox 2205 569 2249 612; x_wconf 88' lang='lat' dir='ltr'><strong>et</strong></span> <span class='ocrx_word' id='word_1_501' title='bbox 2272 562 2400 630; x_wconf 76' lang='lat' dir='ltr'><strong>fouet</strong></span> <span class='ocrx_word' id='word_1_502' title='bbox 2424 577 2550 625; x_wconf 89' lang='lat' dir='ltr'><strong>eam,</strong></span> <span class='ocrx_word' id='word_1_503' title='bbox 2597 561 2721 614; x_wconf 88' lang='lat' dir='ltr'><strong>sicut</strong></span> <span class='ocrx_word' id='word_1_504' title='bbox 2749 570 2792 614; x_wconf 89' lang='lat' dir='ltr'><strong>et</strong></span> <span class='ocrx_word' id='word_1_505' title='bbox 2820 561 3048 616; x_wconf 81' lang='lat' dir='ltr'><strong>Christus</strong></span> <span class='ocrx_word' id='word_1_506' title='bbox 3083 563 3358 620; x_wconf 84' lang='lat' dir='ltr'><strong>Ecclesium</strong></span> <span class='ocrx_word' id='word_1_507' title='bbox 3384 568 3596 640; x_wconf 76' lang='lat' dir='ltr'><strong>(Ep/tes.</strong></span> <span class='ocrx_word' id='word_1_508' title='bbox 3620 588 3675 640; x_wconf 76' lang='grc' dir='ltr'><strong>ν,</strong></span> 
     </span>
    </p>
   </div>
   <div class='ocr_carea' id='block_1_66' title="bbox 2099 646 3675 731">
    <p class='ocr_par' dir='ltr' id='par_1_66' title="bbox 2099 646 3675 731">
     <span class='ocr_line' id='line_1_66' title="bbox 2099 646 3675 731; baseline 0.011 -30"><span class='ocrx_word' id='word_1_509' title='bbox 2099 646 2230 718; x_wconf 74' lang='lat'><strong>29)?</strong></span> <span class='ocrx_word' id='word_1_510' title='bbox 2258 648 2313 703; x_wconf 91' lang='lat' dir='ltr'><strong>In</strong></span> <span class='ocrx_word' id='word_1_511' title='bbox 2368 650 2454 703; x_wconf 90' lang='lat' dir='ltr'><strong>illa</strong></span> <span class='ocrx_word' id='word_1_512' title='bbox 2509 649 2677 719; x_wconf 88' lang='lat' dir='ltr'><strong>prima</strong></span> <span class='ocrx_word' id='word_1_513' title='bbox 2724 654 2983 707; x_wconf 89' lang='lat' dir='ltr'><strong>sententia</strong></span> <span class='ocrx_word' id='word_1_514' title='bbox 3025 671 3181 726; x_wconf 89' lang='lat' dir='ltr'><strong>quam</strong></span> <span class='ocrx_word' id='word_1_515' title='bbox 3224 665 3675 731; x_wconf 89' lang='lat' dir='ltr'><strong>commemoravi,</strong></span> 
     </span>
    </p>
   </div>
   <div class='ocr_carea' id='block_1_67' title="bbox 2100 741 3759 823">
    <p class='ocr_par' dir='ltr' id='par_1_67' title="bbox 2100 741 3759 823">
     <span class='ocr_line' id='line_1_67' title="bbox 2100 741 3759 823; baseline 0.011 -30"><span class='ocrx_word' id='word_1_516' title='bbox 2100 741 2247 811; x_wconf 90' lang='lat' dir='ltr'><strong>quasi</strong></span> <span class='ocrx_word' id='word_1_517' title='bbox 2293 742 2531 811; x_wconf 69' lang='lat' dir='ltr'><strong>quantam</strong></span> <span class='ocrx_word' id='word_1_518' title='bbox 2592 743 2729 799; x_wconf 89' lang='lat' dir='ltr'><strong>lucta</strong></span> <span class='ocrx_word' id='word_1_519' title='bbox 2776 745 2999 801; x_wconf 86' lang='lat' dir='ltr'><strong>duorum</strong></span> <span class='ocrx_word' id='word_1_520' title='bbox 3055 748 3391 807; x_wconf 89' lang='lat' dir='ltr'><strong>inimicorum</strong></span> <span class='ocrx_word' id='word_1_521' title='bbox 3448 754 3677 823; x_wconf 85' lang='lat' dir='ltr'><strong>videtur,</strong></span> <span class='ocrx_word' id='word_1_522' title='bbox 3754 792 3759 793; x_wconf 47' lang='grc' dir='ltr'><em>κ</em></span> 
     </span>
    </p>
   </div>
   <div class='ocr_carea' id='block_1_68' title="bbox 2098 832 3680 915">
    <p class='ocr_par' dir='ltr' id='par_1_68' title="bbox 2098 832 3680 915">
     <span class='ocr_line' id='line_1_68' title="bbox 2098 832 3680 915; baseline 0.01 -31"><span class='ocrx_word' id='word_1_523' title='bbox 2098 832 2272 884; x_wconf 88' lang='lat' dir='ltr'><strong>carnis</strong></span> <span class='ocrx_word' id='word_1_524' title='bbox 2302 841 2353 886; x_wconf 90' lang='lat' dir='ltr'><strong>et</strong></span> <span class='ocrx_word' id='word_1_525' title='bbox 2376 834 2591 902; x_wconf 85' lang='lat' dir='ltr'><strong>spiritus</strong></span> <span class='ocrx_word' id='word_1_526' title='bbox 2612 853 2625 901; x_wconf 89' lang='lat'><strong>;</strong></span> <span class='ocrx_word' id='word_1_527' title='bbox 2640 838 2769 915; x_wconf 67' lang='lat' dir='ltr'><strong>gula</strong></span> <span class='ocrx_word' id='word_1_528' title='bbox 2792 855 2910 892; x_wconf 88' lang='lat' dir='ltr'><strong>curo</strong></span> <span class='ocrx_word' id='word_1_529' title='bbox 2937 841 3248 910; x_wconf 85' lang='lat' dir='ltr'><strong>concupiscit</strong></span> <span class='ocrx_word' id='word_1_530' title='bbox 3274 843 3511 897; x_wconf 83' lang='lat' dir='ltr'><strong>adversus</strong></span> <span class='ocrx_word' id='word_1_531' title='bbox 3526 847 3680 914; x_wconf 81' lang='lat' dir='ltr'><strong>spiri-</strong></span> 
     </span>
    </p>
   </div>
   <div class='ocr_carea' id='block_1_69' title="bbox 2099 925 3677 992">
    <p class='ocr_par' dir='ltr' id='par_1_69' title="bbox 2099 925 3677 992">
     <span class='ocr_line' id='line_1_69' title="bbox 2099 925 3677 992; baseline 0.011 -20"><span class='ocrx_word' id='word_1_532' title='bbox 2099 929 2225 986; x_wconf 88' lang='lat' dir='ltr'><strong>tum,</strong></span> <span class='ocrx_word' id='word_1_533' title='bbox 2252 932 2296 974; x_wconf 86' lang='lat' dir='ltr'><strong>et</strong></span> <span class='ocrx_word' id='word_1_534' title='bbox 2340 925 2547 992; x_wconf 82' lang='lat' dir='ltr'><strong>spiritus</strong></span> <span class='ocrx_word' id='word_1_535' title='bbox 2590 928 2827 982; x_wconf 78' lang='lat' dir='ltr'><strong>adversus</strong></span> <span class='ocrx_word' id='word_1_536' title='bbox 2856 945 3079 984; x_wconf 85' lang='lat' dir='ltr'><strong>carnem.</strong></span> <span class='ocrx_word' id='word_1_537' title='bbox 3106 931 3160 985; x_wconf 90' lang='lat' dir='ltr'><strong>lu</strong></span> <span class='ocrx_word' id='word_1_538' title='bbox 3193 931 3291 986; x_wconf 85' lang='lat' dir='ltr'><strong>hac</strong></span> <span class='ocrx_word' id='word_1_539' title='bbox 3333 945 3509 990; x_wconf 86' lang='lat' dir='ltr'><strong>autem</strong></span> <span class='ocrx_word' id='word_1_540' title='bbox 3556 944 3677 989; x_wconf 84' lang='lat' dir='ltr'><strong>tan-</strong></span> 
     </span>
    </p>
   </div>
   <div class='ocr_carea' id='block_1_70' title="bbox 2098 1017 3675 1095">
    <p class='ocr_par' dir='ltr' id='par_1_70' title="bbox 2098 1017 3675 1095">
     <span class='ocr_line' id='line_1_70' title="bbox 2098 1017 3675 1095; baseline 0.011 -31"><span class='ocrx_word' id='word_1_541' title='bbox 2098 1027 2253 1081; x_wconf 81' lang='lat' dir='ltr'><strong>qnam</strong></span> <span class='ocrx_word' id='word_1_542' title='bbox 2294 1017 2558 1085; x_wconf 83' lang='lat' dir='ltr'><strong>cepulatio</strong></span> <span class='ocrx_word' id='word_1_543' title='bbox 2588 1020 2917 1091; x_wconf 88' lang='lat' dir='ltr'><strong>conjugalis:</strong></span> <span class='ocrx_word' id='word_1_544' title='bbox 2953 1021 3116 1077; x_wconf 88' lang='lat' dir='ltr'><strong>Nemo</strong></span> <span class='ocrx_word' id='word_1_545' title='bbox 3145 1024 3278 1077; x_wconf 88' lang='lat' dir='ltr'><strong>enim</strong></span> <span class='ocrx_word' id='word_1_546' title='bbox 3313 1042 3532 1095; x_wconf 83' lang='lat' dir='ltr'><strong>unquam</strong></span> <span class='ocrx_word' id='word_1_547' title='bbox 3557 1044 3647 1080; x_wconf 86' lang='lat' dir='ltr'><strong>cur</strong></span> <span class='ocrx_word' id='word_1_548' title='bbox 3674 1060 3675 1063; x_wconf 61' lang='grc' dir='ltr'><strong>η</strong></span> 
     </span>
    </p>
   </div>
   <div class='ocr_carea' id='block_1_71' title="bbox 2098 1109 3678 1185">
    <p class='ocr_par' dir='ltr' id='par_1_71' title="bbox 2098 1109 3678 1185">
     <span class='ocr_line' id='line_1_71' title="bbox 2098 1109 3678 1185; baseline 0.011 -29"><span class='ocrx_word' id='word_1_549' title='bbox 2098 1120 2209 1158; x_wconf 86' lang='lat' dir='ltr'><strong>nem</strong></span> <span class='ocrx_word' id='word_1_550' title='bbox 2234 1123 2377 1159; x_wconf 88' lang='lat' dir='ltr'><strong>suum</strong></span> <span class='ocrx_word' id='word_1_551' title='bbox 2400 1109 2515 1162; x_wconf 89' lang='lat' dir='ltr'><strong>odio</strong></span> <span class='ocrx_word' id='word_1_552' title='bbox 2542 1110 2719 1173; x_wconf 80' lang='lat' dir='ltr'><strong>habet;</strong></span> <span class='ocrx_word' id='word_1_553' title='bbox 2760 1112 2849 1166; x_wconf 86' lang='lat' dir='ltr'><strong>sed</strong></span> <span class='ocrx_word' id='word_1_554' title='bbox 2874 1115 3028 1167; x_wconf 84' lang='lat' dir='ltr'><strong>nutrit</strong></span> <span class='ocrx_word' id='word_1_555' title='bbox 3050 1124 3093 1168; x_wconf 90' lang='lat' dir='ltr'><strong>et</strong></span> <span class='ocrx_word' id='word_1_556' title='bbox 3131 1119 3261 1185; x_wconf 75' lang='lat' dir='ltr'><strong>fovet</strong></span> <span class='ocrx_word' id='word_1_557' title='bbox 3300 1134 3407 1171; x_wconf 87' lang='lat' dir='ltr'><strong>eam</strong></span> <span class='ocrx_word' id='word_1_558' title='bbox 3429 1159 3443 1182; x_wconf 89' lang='lat'><strong>,</strong></span> <span class='ocrx_word' id='word_1_559' title='bbox 3475 1120 3606 1174; x_wconf 82' lang='lat' dir='ltr'><strong>sicut</strong></span> <span class='ocrx_word' id='word_1_560' title='bbox 3630 1130 3678 1174; x_wconf 86' lang='lat' dir='ltr'><strong>ct</strong></span> 
     </span>
    </p>
   </div>
   <div class='ocr_carea' id='block_1_72' title="bbox 2098 1195 3675 1276">
    <p class='ocr_par' dir='ltr' id='par_1_72' title="bbox 2098 1195 3675 1276">
     <span class='ocr_line' id='line_1_72' title="bbox 2098 1195 3675 1276; baseline 0.012 -27"><span class='ocrx_word' id='word_1_561' title='bbox 2098 1195 2324 1251; x_wconf 79' lang='lat' dir='ltr'><strong>Christus</strong></span> <span class='ocrx_word' id='word_1_562' title='bbox 2346 1198 2642 1255; x_wconf 77' lang='lat' dir='ltr'><strong>Ecclesium.</strong></span> <span class='ocrx_word' id='word_1_563' title='bbox 2670 1203 2805 1271; x_wconf 84' lang='lat' dir='ltr'><strong>Quid</strong></span> <span class='ocrx_word' id='word_1_564' title='bbox 2828 1221 2955 1276; x_wconf 86' lang='lat' dir='ltr'><strong>ergo</strong></span> <span class='ocrx_word' id='word_1_565' title='bbox 2997 1205 3219 1264; x_wconf 78' lang='lat' dir='ltr'><strong>facimus</strong></span> <span class='ocrx_word' id='word_1_566' title='bbox 3259 1209 3395 1264; x_wconf 86' lang='lat' dir='ltr'><strong>inter</strong></span> <span class='ocrx_word' id='word_1_567' title='bbox 3418 1210 3511 1267; x_wconf 80' lang='lat' dir='ltr'><strong>has</strong></span> <span class='ocrx_word' id='word_1_568' title='bbox 3540 1212 3675 1268; x_wconf 80' lang='lat' dir='ltr'><strong>duas</strong></span> 
     </span>
    </p>
   </div>
   <div class='ocr_carea' id='block_1_73' title="bbox 2096 1289 3674 1371">
    <p class='ocr_par' dir='ltr' id='par_1_73' title="bbox 2096 1289 3674 1371">
     <span class='ocr_line' id='line_1_73' title="bbox 2096 1289 3674 1371; baseline 0.012 -30"><span class='ocrx_word' id='word_1_569' title='bbox 2096 1289 2429 1343; x_wconf 78' lang='lat' dir='ltr'><strong>sententias?</strong></span> <span class='ocrx_word' id='word_1_570' title='bbox 2462 1290 2515 1345; x_wconf 90' lang='lat' dir='ltr'><strong>Si</strong></span> <span class='ocrx_word' id='word_1_571' title='bbox 2564 1297 2845 1350; x_wconf 77' lang='lat' dir='ltr'><strong>contrarize</strong></span> <span class='ocrx_word' id='word_1_572' title='bbox 2899 1307 3058 1364; x_wconf 90' lang='lat' dir='ltr'><strong>sunt,</strong></span> <span class='ocrx_word' id='word_1_573' title='bbox 3117 1316 3271 1368; x_wconf 80' lang='lat' dir='ltr'><strong>quant</strong></span> <span class='ocrx_word' id='word_1_574' title='bbox 3323 1318 3674 1371; x_wconf 88' lang='lat' dir='ltr'><strong>respuemus,</strong></span> 
     </span>
    </p>
   </div>
   <div class='ocr_carea' id='block_1_74' title="bbox 2095 1383 3679 1454">
    <p class='ocr_par' dir='ltr' id='par_1_74' title="bbox 2095 1383 3679 1454">
     <span class='ocr_line' id='line_1_74' title="bbox 2095 1383 3679 1454; baseline 0.012 -22"><span class='ocrx_word' id='word_1_575' title='bbox 2095 1394 2251 1449; x_wconf 90' lang='lat' dir='ltr'><strong>quam</strong></span> <span class='ocrx_word' id='word_1_576' title='bbox 2282 1383 2622 1440; x_wconf 88' lang='lat' dir='ltr'><strong>tenebimus?</strong></span> <span class='ocrx_word' id='word_1_577' title='bbox 2650 1385 2754 1442; x_wconf 92' lang='lat' dir='ltr'><strong>Sed</strong></span> <span class='ocrx_word' id='word_1_578' title='bbox 2788 1404 2890 1442; x_wconf 92' lang='lat' dir='ltr'><strong>non</strong></span> <span class='ocrx_word' id='word_1_579' title='bbox 2918 1400 3043 1444; x_wconf 89' lang='lat' dir='ltr'><strong>sunt</strong></span> <span class='ocrx_word' id='word_1_580' title='bbox 3084 1395 3385 1447; x_wconf 75' lang='lat' dir='ltr'><strong>contrariae.</strong></span> <span class='ocrx_word' id='word_1_581' title='bbox 3433 1394 3679 1454; x_wconf 87' lang='lat' dir='ltr'><strong>lnlendat</strong></span> 
     </span>
    </p>
   </div>
   <div class='ocr_carea' id='block_1_75' title="bbox 2094 1470 3677 1555">
    <p class='ocr_par' dir='ltr' id='par_1_75' title="bbox 2094 1470 3677 1555">
     <span class='ocr_line' id='line_1_75' title="bbox 2094 1470 3677 1555; baseline 0.012 -32"><span class='ocrx_word' id='word_1_582' title='bbox 2094 1470 2236 1526; x_wconf 85' lang='lat' dir='ltr'><strong>enim</strong></span> <span class='ocrx_word' id='word_1_583' title='bbox 2262 1472 2507 1530; x_wconf 88' lang='lat' dir='ltr'><strong>Charitas</strong></span> <span class='ocrx_word' id='word_1_584' title='bbox 2536 1484 2708 1532; x_wconf 90' lang='lat' dir='ltr'><strong>vestra</strong></span> <span class='ocrx_word' id='word_1_585' title='bbox 2742 1496 2753 1530; x_wconf 88' lang='lat'>:</span> <span class='ocrx_word' id='word_1_586' title='bbox 2798 1478 3010 1535; x_wconf 90' lang='lat' dir='ltr'><strong>interim</strong></span> <span class='ocrx_word' id='word_1_587' title='bbox 3033 1497 3131 1552; x_wconf 86' lang='lat' dir='ltr'><strong>ego</strong></span> <span class='ocrx_word' id='word_1_588' title='bbox 3152 1483 3334 1538; x_wconf 86' lang='lat' dir='ltr'><strong>ambas</strong></span> <span class='ocrx_word' id='word_1_589' title='bbox 3359 1486 3558 1555; x_wconf 90' lang='lat' dir='ltr'><strong>accipio</strong></span> <span class='ocrx_word' id='word_1_590' title='bbox 3578 1527 3591 1550; x_wconf 91' lang='lat'><strong><em>.</em></strong></span> <span class='ocrx_word' id='word_1_591' title='bbox 3622 1497 3677 1542; x_wconf 90' lang='lat' dir='ltr'><strong>et</strong></span> 
     </span>
    </p>
   </div>
   <div class='ocr_carea' id='block_1_76' title="bbox 2093 1566 3673 1643">
    <p class='ocr_par' dir='ltr' id='par_1_76' title="bbox 2093 1566 3673 1643">
     <span class='ocr_line' id='line_1_76' title="bbox 2093 1566 3673 1643; baseline 0.009 -25"><span class='ocrx_word' id='word_1_592' title='bbox 2093 1566 2275 1621; x_wconf 85' lang='lat' dir='ltr'><strong>ambas</strong></span> <span class='ocrx_word' id='word_1_593' title='bbox 2302 1568 2595 1624; x_wconf 87' lang='lat' dir='ltr'><strong>concordes</strong></span> <span class='ocrx_word' id='word_1_594' title='bbox 2619 1612 2633 1636; x_wconf 93' lang='lat'><strong>,</strong></span> <span class='ocrx_word' id='word_1_595' title='bbox 2666 1583 2917 1641; x_wconf 90' lang='lat' dir='ltr'><strong>quantmn</strong></span> <span class='ocrx_word' id='word_1_596' title='bbox 2961 1583 3185 1643; x_wconf 88' lang='lat' dir='ltr'><strong>potuero</strong></span> <span class='ocrx_word' id='word_1_597' title='bbox 3214 1614 3229 1641; x_wconf 91' lang='lat'><strong>,</strong></span> <span class='ocrx_word' id='word_1_598' title='bbox 3274 1575 3673 1634; x_wconf 85' lang='lat' dir='ltr'><strong>demonstrabo.</strong></span> 
     </span>
    </p>
   </div>
   <div class='ocr_carea' id='block_1_77' title="bbox 2035 1653 3671 1735">
    <p class='ocr_par' dir='ltr' id='par_1_77' title="bbox 2035 1653 3671 1735">
     <span class='ocr_line' id='line_1_77' title="bbox 2035 1653 3671 1735; baseline 0.009 -26"><span class='ocrx_word' id='word_1_599' title='bbox 2035 1697 2046 1709; x_wconf 94' lang='lat'><strong>.</strong></span> <span class='ocrx_word' id='word_1_600' title='bbox 2095 1653 2172 1708; x_wconf 89' lang='lat' dir='ltr'><strong>Tu</strong></span> <span class='ocrx_word' id='word_1_601' title='bbox 2202 1665 2378 1711; x_wconf 89' lang='lat' dir='ltr'><strong>autem</strong></span> <span class='ocrx_word' id='word_1_602' title='bbox 2406 1659 2645 1729; x_wconf 83' lang='lat' dir='ltr'><strong>quisquis</strong></span> <span class='ocrx_word' id='word_1_603' title='bbox 2675 1661 2833 1715; x_wconf 91' lang='lat' dir='ltr'><strong>alium</strong></span> <span class='ocrx_word' id='word_1_604' title='bbox 2861 1671 3130 1718; x_wconf 86' lang='lat' dir='ltr'><strong>auctorem</strong></span> <span class='ocrx_word' id='word_1_605' title='bbox 3160 1666 3335 1720; x_wconf 83' lang='lat' dir='ltr'><strong>carnis</strong></span> <span class='ocrx_word' id='word_1_606' title='bbox 3358 1669 3637 1722; x_wconf 72' lang='lat' dir='ltr'><strong>consutuis</strong></span> <span class='ocrx_word' id='word_1_607' title='bbox 3656 1710 3671 1735; x_wconf 91' lang='lat'><strong>,</strong></span> 
     </span>
    </p>
   </div>
   <div class='ocr_carea' id='block_1_78' title="bbox 2093 1745 3670 1826">
    <p class='ocr_par' dir='ltr' id='par_1_78' title="bbox 2093 1745 3670 1826">
     <span class='ocr_line' id='line_1_78' title="bbox 2093 1745 3670 1826; baseline 0.008 -29"><span class='ocrx_word' id='word_1_608' title='bbox 2093 1745 2254 1799; x_wconf 90' lang='lat' dir='ltr'><strong>alium</strong></span> <span class='ocrx_word' id='word_1_609' title='bbox 2282 1748 2518 1816; x_wconf 84' lang='lat' dir='ltr'><strong>spiritus,</strong></span> <span class='ocrx_word' id='word_1_610' title='bbox 2550 1749 2617 1804; x_wconf 91' lang='lat' dir='ltr'><strong>de</strong></span> <span class='ocrx_word' id='word_1_611' title='bbox 2640 1751 2725 1804; x_wconf 85' lang='lat' dir='ltr'><strong>illa</strong></span> <span class='ocrx_word' id='word_1_612' title='bbox 2758 1752 2881 1821; x_wconf 79' lang='lat' dir='ltr'><strong>quid</strong></span> <span class='ocrx_word' id='word_1_613' title='bbox 2912 1754 3066 1822; x_wconf 85' lang='lat' dir='ltr'><strong>agis?</strong></span> <span class='ocrx_word' id='word_1_614' title='bbox 3091 1751 3254 1806; x_wconf 86' lang='lat' dir='ltr'><strong>Nemo</strong></span> <span class='ocrx_word' id='word_1_615' title='bbox 3284 1756 3415 1808; x_wconf 85' lang='lat' dir='ltr'><strong>enim</strong></span> <span class='ocrx_word' id='word_1_616' title='bbox 3449 1772 3670 1826; x_wconf 84' lang='lat' dir='ltr'><strong>unquam</strong></span> 
     </span>
    </p>
   </div>
   <div class='ocr_carea' id='block_1_79' title="bbox 2092 1841 3675 1915">
    <p class='ocr_par' dir='ltr' id='par_1_79' title="bbox 2092 1841 3675 1915">
     <span class='ocr_line' id='line_1_79' title="bbox 2092 1841 3675 1915; baseline 0.009 -28"><span class='ocrx_word' id='word_1_617' title='bbox 2092 1851 2292 1890; x_wconf 86' lang='lat' dir='ltr'><strong>carnem</strong></span> <span class='ocrx_word' id='word_1_618' title='bbox 2318 1856 2459 1891; x_wconf 85' lang='lat' dir='ltr'><strong>suam</strong></span> <span class='ocrx_word' id='word_1_619' title='bbox 2487 1841 2602 1893; x_wconf 88' lang='lat' dir='ltr'><strong>odio</strong></span> <span class='ocrx_word' id='word_1_620' title='bbox 2625 1841 2773 1895; x_wconf 80' lang='lat' dir='ltr'><strong>habet</strong></span> <span class='ocrx_word' id='word_1_621' title='bbox 2790 1883 2805 1908; x_wconf 90' lang='lat'><strong>,</strong></span> <span class='ocrx_word' id='word_1_622' title='bbox 2830 1843 2917 1896; x_wconf 83' lang='lat' dir='ltr'><strong>sed</strong></span> <span class='ocrx_word' id='word_1_623' title='bbox 2948 1846 3100 1897; x_wconf 88' lang='lat' dir='ltr'><strong>nutrit</strong></span> <span class='ocrx_word' id='word_1_624' title='bbox 3126 1854 3172 1898; x_wconf 89' lang='lat' dir='ltr'><strong>ct</strong></span> <span class='ocrx_word' id='word_1_625' title='bbox 3213 1845 3342 1915; x_wconf 80' lang='lat' dir='ltr'><strong>fovet</strong></span> <span class='ocrx_word' id='word_1_626' title='bbox 3369 1863 3477 1901; x_wconf 82' lang='lat' dir='ltr'><strong>eam</strong></span> <span class='ocrx_word' id='word_1_627' title='bbox 3501 1888 3517 1913; x_wconf 88' lang='lat'><strong>,</strong></span> <span class='ocrx_word' id='word_1_628' title='bbox 3543 1850 3675 1902; x_wconf 86' lang='lat' dir='ltr'><strong>sicut</strong></span> 
     </span>
    </p>
   </div>
   <div class='ocr_carea' id='block_1_80' title="bbox 2091 1923 3670 2006">
    <p class='ocr_par' dir='ltr' id='par_1_80' title="bbox 2091 1923 3670 2006">
     <span class='ocr_line' id='line_1_80' title="bbox 2091 1923 3670 2006; baseline 0.008 -29"><span class='ocrx_word' id='word_1_629' title='bbox 2091 1923 2317 1980; x_wconf 83' lang='lat' dir='ltr'><strong>Christus</strong></span> <span class='ocrx_word' id='word_1_630' title='bbox 2344 1927 2645 1983; x_wconf 83' lang='lat' dir='ltr'><strong>Ecclesium.</strong></span> <span class='ocrx_word' id='word_1_631' title='bbox 2672 1930 2765 1985; x_wconf 81' lang='lat' dir='ltr'><strong>Vel</strong></span> <span class='ocrx_word' id='word_1_632' title='bbox 2796 1933 3087 1986; x_wconf 87' lang='lat' dir='ltr'><strong>similitudo</strong></span> <span class='ocrx_word' id='word_1_633' title='bbox 3109 1950 3214 1987; x_wconf 92' lang='lat' dir='ltr'><strong>non</strong></span> <span class='ocrx_word' id='word_1_634' title='bbox 3243 1944 3292 1988; x_wconf 91' lang='lat' dir='ltr'><strong>te</strong></span> <span class='ocrx_word' id='word_1_635' title='bbox 3323 1937 3523 1990; x_wconf 87' lang='lat' dir='ltr'><strong>terret?</strong></span> <span class='ocrx_word' id='word_1_636' title='bbox 3544 1938 3670 2006; x_wconf 86' lang='lat' dir='ltr'><strong>quia</strong></span> 
     </span>
    </p>
   </div>
   <div class='ocr_carea' id='block_1_81' title="bbox 2091 2017 3667 2091">
    <p class='ocr_par' dir='ltr' id='par_1_81' title="bbox 2091 2017 3667 2091">
     <span class='ocr_line' id='line_1_81' title="bbox 2091 2017 3667 2091; baseline 0.007 -23"><span class='ocrx_word' id='word_1_637' title='bbox 2091 2017 2266 2084; x_wconf 88' lang='lat' dir='ltr'><strong>nutrit,</strong></span> <span class='ocrx_word' id='word_1_638' title='bbox 2293 2018 2478 2087; x_wconf 90' lang='lat' dir='ltr'><strong>inquit,</strong></span> <span class='ocrx_word' id='word_1_639' title='bbox 2514 2032 2558 2073; x_wconf 88' lang='lat' dir='ltr'><strong>et</strong></span> <span class='ocrx_word' id='word_1_640' title='bbox 2580 2024 2709 2091; x_wconf 77' lang='lat' dir='ltr'><strong>fouct</strong></span> <span class='ocrx_word' id='word_1_641' title='bbox 2734 2039 2865 2086; x_wconf 87' lang='lat' dir='ltr'><strong>eum,</strong></span> <span class='ocrx_word' id='word_1_642' title='bbox 2886 2024 3012 2076; x_wconf 80' lang='lat' dir='ltr'><strong>sicut</strong></span> <span class='ocrx_word' id='word_1_643' title='bbox 3039 2034 3083 2076; x_wconf 84' lang='lat' dir='ltr'><strong>et</strong></span> <span class='ocrx_word' id='word_1_644' title='bbox 3107 2023 3334 2078; x_wconf 85' lang='lat' dir='ltr'><strong>Christus</strong></span> <span class='ocrx_word' id='word_1_645' title='bbox 3366 2024 3667 2081; x_wconf 84' lang='lat' dir='ltr'><strong>Ecclesium.</strong></span> 
     </span>
    </p>
   </div>
   <div class='ocr_carea' id='block_1_82' title="bbox 2090 2106 3670 2186">
    <p class='ocr_par' dir='ltr' id='par_1_82' title="bbox 2090 2106 3670 2186">
     <span class='ocr_line' id='line_1_82' title="bbox 2090 2106 3670 2186; baseline 0.006 -24"><span class='ocrx_word' id='word_1_646' title='bbox 2090 2106 2412 2177; x_wconf 73' lang='lat' dir='ltr'><strong>C(llllpCdt&#39;m</strong></span> <span class='ocrx_word' id='word_1_647' title='bbox 2460 2120 2610 2179; x_wconf 76' lang='lat' dir='ltr'><strong>putas</strong></span> <span class='ocrx_word' id='word_1_648' title='bbox 2661 2128 2874 2166; x_wconf 79' lang='lat' dir='ltr'><strong>carnem</strong></span> <span class='ocrx_word' id='word_1_649' title='bbox 2924 2131 2934 2164; x_wconf 92' lang='lat'><strong>:</strong></span> <span class='ocrx_word' id='word_1_650' title='bbox 2987 2115 3107 2184; x_wconf 90' lang='lat' dir='ltr'><strong>quis</strong></span> <span class='ocrx_word' id='word_1_651' title='bbox 3160 2125 3304 2169; x_wconf 87' lang='lat' dir='ltr'><strong>amat</strong></span> <span class='ocrx_word' id='word_1_652' title='bbox 3352 2117 3670 2186; x_wconf 88' lang='lat' dir='ltr'><strong>compedem</strong></span> 
     </span>
    </p>
   </div>
   <div class='ocr_carea' id='block_1_83' title="bbox 2090 2199 3671 2273">
    <p class='ocr_par' dir='ltr' id='par_1_83' title="bbox 2090 2199 3671 2273">
     <span class='ocr_line' id='line_1_83' title="bbox 2090 2199 3671 2273; baseline 0.006 -20"><span class='ocrx_word' id='word_1_653' title='bbox 2090 2214 2237 2253; x_wconf 87' lang='lat' dir='ltr'><strong>suam</strong></span> <span class='ocrx_word' id='word_1_654' title='bbox 2266 2199 2590 2256; x_wconf 89' lang='lat' dir='ltr'><strong>?Carcerem</strong></span> <span class='ocrx_word' id='word_1_655' title='bbox 2619 2210 2769 2271; x_wconf 88' lang='lat' dir='ltr'><strong>putas</strong></span> <span class='ocrx_word' id='word_1_656' title='bbox 2801 2219 3012 2257; x_wconf 91' lang='lat' dir='ltr'><strong>carnem</strong></span> <span class='ocrx_word' id='word_1_657' title='bbox 3040 2221 3055 2257; x_wconf 90' lang='lat'>:</span> <span class='ocrx_word' id='word_1_658' title='bbox 3080 2205 3196 2273; x_wconf 91' lang='lat' dir='ltr'><strong>quis</strong></span> <span class='ocrx_word' id='word_1_659' title='bbox 3227 2216 3370 2260; x_wconf 90' lang='lat' dir='ltr'><strong>amat</strong></span> <span class='ocrx_word' id='word_1_660' title='bbox 3398 2221 3671 2263; x_wconf 76' lang='lat' dir='ltr'><strong>carcereos</strong></span> 
     </span>
    </p>
   </div>
   <div class='ocr_carea' id='block_1_84' title="bbox 2090 2289 3668 2363">
    <p class='ocr_par' dir='ltr' id='par_1_84' title="bbox 2090 2289 3668 2363">
     <span class='ocr_line' id='line_1_84' title="bbox 2090 2289 3668 2363; baseline 0.004 -20"><span class='ocrx_word' id='word_1_661' title='bbox 2090 2304 2245 2343; x_wconf 88' lang='lat' dir='ltr'><strong>suum</strong></span> <span class='ocrx_word' id='word_1_662' title='bbox 2290 2290 2312 2342; x_wconf 85' lang='lat'><strong>?</strong></span> <span class='ocrx_word' id='word_1_663' title='bbox 2350 2289 2513 2343; x_wconf 85' lang='lat' dir='ltr'><strong>Nemo</strong></span> <span class='ocrx_word' id='word_1_664' title='bbox 2540 2292 2669 2344; x_wconf 87' lang='lat' dir='ltr'><strong>enim</strong></span> <span class='ocrx_word' id='word_1_665' title='bbox 2711 2309 2931 2363; x_wconf 88' lang='lat' dir='ltr'><strong>unquam</strong></span> <span class='ocrx_word' id='word_1_666' title='bbox 2959 2310 3161 2346; x_wconf 86' lang='lat' dir='ltr'><strong>carnem</strong></span> <span class='ocrx_word' id='word_1_667' title='bbox 3187 2310 3331 2347; x_wconf 89' lang='lat' dir='ltr'><strong>suam</strong></span> <span class='ocrx_word' id='word_1_668' title='bbox 3358 2296 3474 2348; x_wconf 86' lang='lat' dir='ltr'><strong>odio</strong></span> <span class='ocrx_word' id='word_1_669' title='bbox 3503 2296 3668 2349; x_wconf 84' lang='lat' dir='ltr'><strong>habet.</strong></span> 
     </span>
    </p>
   </div>
   <div class='ocr_carea' id='block_1_85' title="bbox 2088 2380 3671 2454">
    <p class='ocr_par' dir='ltr' id='par_1_85' title="bbox 2088 2380 3671 2454">
     <span class='ocr_line' id='line_1_85' title="bbox 2088 2380 3671 2454; baseline 0.007 -27"><span class='ocrx_word' id='word_1_670' title='bbox 2088 2380 2216 2446; x_wconf 85' lang='lat' dir='ltr'><strong>Quis</strong></span> <span class='ocrx_word' id='word_1_671' title='bbox 2242 2396 2346 2434; x_wconf 91' lang='lat' dir='ltr'><strong>non</strong></span> <span class='ocrx_word' id='word_1_672' title='bbox 2369 2381 2541 2435; x_wconf 90' lang='lat' dir='ltr'><strong>oderit</strong></span> <span class='ocrx_word' id='word_1_673' title='bbox 2566 2381 2829 2435; x_wconf 88' lang='lat' dir='ltr'><strong>vinculum</strong></span> <span class='ocrx_word' id='word_1_674' title='bbox 2861 2397 3015 2436; x_wconf 80' lang='lat' dir='ltr'><strong>suum</strong></span> <span class='ocrx_word' id='word_1_675' title='bbox 3042 2382 3200 2451; x_wconf 88' lang='lat' dir='ltr'><strong>?quis</strong></span> <span class='ocrx_word' id='word_1_676' title='bbox 3228 2398 3329 2437; x_wconf 91' lang='lat' dir='ltr'><strong>non</strong></span> <span class='ocrx_word' id='word_1_677' title='bbox 3357 2383 3531 2438; x_wconf 90' lang='lat' dir='ltr'><strong>oderit</strong></span> <span class='ocrx_word' id='word_1_678' title='bbox 3552 2399 3671 2454; x_wconf 73' lang='lat' dir='ltr'><strong>pm-</strong></span> 
     </span>
    </p>
   </div>
   <div class='ocr_carea' id='block_1_86' title="bbox 2089 2470 3670 2542">
    <p class='ocr_par' dir='ltr' id='par_1_86' title="bbox 2089 2470 3670 2542">
     <span class='ocr_line' id='line_1_86' title="bbox 2089 2470 3670 2542; baseline 0.003 -19"><span class='ocrx_word' id='word_1_679' title='bbox 2089 2484 2208 2523; x_wconf 89' lang='lat' dir='ltr'><strong>nam</strong></span> <span class='ocrx_word' id='word_1_680' title='bbox 2236 2470 2429 2524; x_wconf 84' lang='lat' dir='ltr'><strong>suam?</strong></span> <span class='ocrx_word' id='word_1_681' title='bbox 2461 2470 2527 2525; x_wconf 89' lang='lat' dir='ltr'><strong>Et</strong></span> <span class='ocrx_word' id='word_1_682' title='bbox 2568 2481 2741 2526; x_wconf 85' lang='lat' dir='ltr'><strong>tamen</strong></span> <span class='ocrx_word' id='word_1_683' title='bbox 2764 2512 2777 2537; x_wconf 94' lang='lat'><strong>,</strong></span> <span class='ocrx_word' id='word_1_684' title='bbox 2810 2470 2973 2525; x_wconf 87' lang='lat' dir='ltr'><strong>Nemo</strong></span> <span class='ocrx_word' id='word_1_685' title='bbox 3018 2489 3238 2542; x_wconf 87' lang='lat' dir='ltr'><strong>unquam</strong></span> <span class='ocrx_word' id='word_1_686' title='bbox 3286 2490 3485 2527; x_wconf 78' lang='lat' dir='ltr'><strong>carnem</strong></span> <span class='ocrx_word' id='word_1_687' title='bbox 3522 2490 3670 2528; x_wconf 68' lang='lat' dir='ltr'><strong>suam</strong></span> 
     </span>
    </p>
   </div>
   <div class='ocr_carea' id='block_1_87' title="bbox 2093 2560 3672 2632">
    <p class='ocr_par' dir='ltr' id='par_1_87' title="bbox 2093 2560 3672 2632">
     <span class='ocr_line' id='line_1_87' title="bbox 2093 2560 3672 2632; baseline 0.003 -19"><span class='ocrx_word' id='word_1_688' title='bbox 2093 2560 2208 2613; x_wconf 89' lang='lat' dir='ltr'><strong>odio</strong></span> <span class='ocrx_word' id='word_1_689' title='bbox 2234 2560 2414 2624; x_wconf 86' lang='lat' dir='ltr'><strong>habet;</strong></span> <span class='ocrx_word' id='word_1_690' title='bbox 2438 2561 2525 2614; x_wconf 86' lang='lat' dir='ltr'><strong>sed</strong></span> <span class='ocrx_word' id='word_1_691' title='bbox 2549 2563 2706 2615; x_wconf 86' lang='lat' dir='ltr'><strong>nutrit</strong></span> <span class='ocrx_word' id='word_1_692' title='bbox 2726 2572 2772 2615; x_wconf 90' lang='lat' dir='ltr'><strong>et</strong></span> <span class='ocrx_word' id='word_1_693' title='bbox 2801 2566 2931 2632; x_wconf 73' lang='lat' dir='ltr'><strong>fouet</strong></span> <span class='ocrx_word' id='word_1_694' title='bbox 2960 2580 3091 2629; x_wconf 90' lang='lat' dir='ltr'><strong>eum,</strong></span> <span class='ocrx_word' id='word_1_695' title='bbox 3116 2564 3243 2616; x_wconf 87' lang='lat' dir='ltr'><strong>sicut</strong></span> <span class='ocrx_word' id='word_1_696' title='bbox 3265 2574 3311 2617; x_wconf 82' lang='lat' dir='ltr'><strong>et</strong></span> <span class='ocrx_word' id='word_1_697' title='bbox 3328 2564 3552 2619; x_wconf 85' lang='lat' dir='ltr'><strong>Christus</strong></span> <span class='ocrx_word' id='word_1_698' title='bbox 3573 2563 3672 2618; x_wconf 86' lang='lat' dir='ltr'><strong>Ec-</strong></span> 
     </span>
    </p>
   </div>
   <div class='ocr_carea' id='block_1_88' title="bbox 2087 2651 3667 2725">
    <p class='ocr_par' dir='ltr' id='par_1_88' title="bbox 2087 2651 3667 2725">
     <span class='ocr_line' id='line_1_88' title="bbox 2087 2651 3667 2725; baseline 0.004 -22"><span class='ocrx_word' id='word_1_699' title='bbox 2087 2651 2407 2705; x_wconf 87' lang='lat' dir='ltr'><strong>clesium.Tu</strong></span> <span class='ocrx_word' id='word_1_700' title='bbox 2433 2667 2560 2721; x_wconf 88' lang='lat' dir='ltr'><strong>ergo</strong></span> <span class='ocrx_word' id='word_1_701' title='bbox 2608 2654 2699 2721; x_wconf 90' lang='lat' dir='ltr'><strong>qui</strong></span> <span class='ocrx_word' id='word_1_702' title='bbox 2743 2653 2903 2707; x_wconf 91' lang='lat' dir='ltr'><strong>alium</strong></span> <span class='ocrx_word' id='word_1_703' title='bbox 2948 2663 3219 2709; x_wconf 89' lang='lat' dir='ltr'><strong>auctorem</strong></span> <span class='ocrx_word' id='word_1_704' title='bbox 3274 2656 3429 2725; x_wconf 90' lang='lat' dir='ltr'><strong>ponis</strong></span> <span class='ocrx_word' id='word_1_705' title='bbox 3475 2656 3667 2723; x_wconf 90' lang='lat' dir='ltr'><strong>carni,</strong></span> 
     </span>
    </p>
   </div>
   <div class='ocr_carea' id='block_1_89' title="bbox 2087 2741 3663 2816">
    <p class='ocr_par' dir='ltr' id='par_1_89' title="bbox 2087 2741 3663 2816">
     <span class='ocr_line' id='line_1_89' title="bbox 2087 2741 3663 2816; baseline 0.005 -22"><span class='ocrx_word' id='word_1_706' title='bbox 2087 2741 2247 2797; x_wconf 90' lang='lat' dir='ltr'><strong>alium</strong></span> <span class='ocrx_word' id='word_1_707' title='bbox 2277 2753 2546 2799; x_wconf 90' lang='lat' dir='ltr'><strong>auctorem</strong></span> <span class='ocrx_word' id='word_1_708' title='bbox 2569 2744 2801 2813; x_wconf 89' lang='lat' dir='ltr'><strong>spiritui,</strong></span> <span class='ocrx_word' id='word_1_709' title='bbox 2831 2746 2991 2799; x_wconf 92' lang='lat' dir='ltr'><strong>alium</strong></span> <span class='ocrx_word' id='word_1_710' title='bbox 3015 2747 3283 2816; x_wconf 89' lang='lat' dir='ltr'><strong>positurus</strong></span> <span class='ocrx_word' id='word_1_711' title='bbox 3309 2764 3367 2803; x_wconf 73' lang='lat' dir='ltr'><strong>es</strong></span> <span class='ocrx_word' id='word_1_712' title='bbox 3386 2748 3663 2815; x_wconf 61' lang='lat' dir='ltr'><strong>Ecclesiae,</strong></span> 
     </span>
    </p>
   </div>
   <div class='ocr_carea' id='block_1_90' title="bbox 2086 2830 3665 2910">
    <p class='ocr_par' dir='ltr' id='par_1_90' title="bbox 2086 2830 3665 2910">
     <span class='ocr_line' id='line_1_90' title="bbox 2086 2830 3665 2910; baseline 0.005 -24"><span class='ocrx_word' id='word_1_713' title='bbox 2086 2833 2245 2887; x_wconf 86' lang='lat' dir='ltr'><strong>alium</strong></span> <span class='ocrx_word' id='word_1_714' title='bbox 2273 2833 2483 2889; x_wconf 90' lang='lat' dir='ltr'><strong>Christo</strong></span> <span class='ocrx_word' id='word_1_715' title='bbox 2512 2852 2524 2887; x_wconf 90' lang='lat'><strong>:</strong></span> <span class='ocrx_word' id='word_1_716' title='bbox 2555 2835 2695 2904; x_wconf 90' lang='lat' dir='ltr'><strong>quod</strong></span> <span class='ocrx_word' id='word_1_717' title='bbox 2725 2837 2813 2905; x_wconf 91' lang='lat' dir='ltr'><strong>qui</strong></span> <span class='ocrx_word' id='word_1_718' title='bbox 2841 2830 3015 2905; x_wconf 80' lang='lat' dir='ltr'><strong>sapit&#39;,</strong></span> <span class='ocrx_word' id='word_1_719' title='bbox 3046 2837 3260 2908; x_wconf 87' lang='lat' dir='ltr'><strong>desipit.</strong></span> <span class='ocrx_word' id='word_1_720' title='bbox 3317 2839 3495 2909; x_wconf 90' lang='lat' dir='ltr'><strong>Diligit</strong></span> <span class='ocrx_word' id='word_1_721' title='bbox 3536 2854 3665 2910; x_wconf 83' lang='lat' dir='ltr'><strong>ergo</strong></span> 
     </span>
    </p>
   </div>
   <div class='ocr_carea' id='block_1_91' title="bbox 2088 2926 3669 3002">
    <p class='ocr_par' dir='ltr' id='par_1_91' title="bbox 2088 2926 3669 3002">
     <span class='ocr_line' id='line_1_91' title="bbox 2088 2926 3669 3002; baseline 0.003 -23"><span class='ocrx_word' id='word_1_722' title='bbox 2088 2926 2448 2995; x_wconf 79' lang='lat' dir='ltr'><strong>unusquisque</strong></span> <span class='ocrx_word' id='word_1_723' title='bbox 2476 2942 2690 2980; x_wconf 89' lang='lat' dir='ltr'><strong>carnem</strong></span> <span class='ocrx_word' id='word_1_724' title='bbox 2720 2942 2886 2993; x_wconf 87' lang='lat' dir='ltr'><strong>suam,</strong></span> <span class='ocrx_word' id='word_1_725' title='bbox 2921 2929 3209 2997; x_wconf 85' lang='lat' dir='ltr'><strong>Apostolus</strong></span> <span class='ocrx_word' id='word_1_726' title='bbox 3233 2932 3381 2998; x_wconf 89' lang='lat' dir='ltr'><strong>dicit,</strong></span> <span class='ocrx_word' id='word_1_727' title='bbox 3400 2941 3456 2987; x_wconf 90' lang='lat' dir='ltr'><strong>et</strong></span> <span class='ocrx_word' id='word_1_728' title='bbox 3476 2942 3669 3002; x_wconf 61' lang='lat' dir='ltr'><strong>printer</strong></span> 
     </span>
    </p>
   </div>
   <div class='ocr_carea' id='block_1_92' title="bbox 2087 3015 3667 3090">
    <p class='ocr_par' dir='ltr' id='par_1_92' title="bbox 2087 3015 3667 3090">
     <span class='ocr_line' id='line_1_92' title="bbox 2087 3015 3667 3090; baseline 0.006 -21"><span class='ocrx_word' id='word_1_729' title='bbox 2087 3016 2326 3084; x_wconf 88' lang='lat' dir='ltr'><strong>Apostoli</strong></span> <span class='ocrx_word' id='word_1_730' title='bbox 2349 3015 2543 3069; x_wconf 91' lang='lat' dir='ltr'><strong>dictum</strong></span> <span class='ocrx_word' id='word_1_731' title='bbox 2577 3018 2939 3087; x_wconf 88' lang='lat' dir='ltr'><strong>unusquisque</strong></span> <span class='ocrx_word' id='word_1_732' title='bbox 2967 3019 3019 3072; x_wconf 91' lang='lat' dir='ltr'><strong>in</strong></span> <span class='ocrx_word' id='word_1_733' title='bbox 3048 3035 3104 3073; x_wconf 90' lang='lat' dir='ltr'><strong>se</strong></span> <span class='ocrx_word' id='word_1_734' title='bbox 3131 3021 3336 3090; x_wconf 88' lang='lat' dir='ltr'><strong>probat.</strong></span> <span class='ocrx_word' id='word_1_735' title='bbox 3371 3022 3667 3089; x_wconf 84' lang='lat' dir='ltr'><strong>Quantum-</strong></span> 
     </span>
    </p>
   </div>
   <div class='ocr_carea' id='block_1_93' title="bbox 2089 3106 3669 3178">
    <p class='ocr_par' dir='ltr' id='par_1_93' title="bbox 2089 3106 3669 3178">
     <span class='ocr_line' id='line_1_93' title="bbox 2089 3106 3669 3178; baseline 0.005 -17"><span class='ocrx_word' id='word_1_736' title='bbox 2089 3106 2217 3161; x_wconf 89' lang='lat' dir='ltr'><strong>libet</strong></span> <span class='ocrx_word' id='word_1_737' title='bbox 2241 3107 2381 3160; x_wconf 90' lang='lat' dir='ltr'><strong>enim</strong></span> <span class='ocrx_word' id='word_1_738' title='bbox 2414 3106 2487 3161; x_wconf 89' lang='lat' dir='ltr'><strong>sis</strong></span> <span class='ocrx_word' id='word_1_739' title='bbox 2510 3106 2753 3161; x_wconf 90' lang='lat' dir='ltr'><strong>domator</strong></span> <span class='ocrx_word' id='word_1_740' title='bbox 2781 3108 2957 3161; x_wconf 87' lang='lat' dir='ltr'><strong>carnis</strong></span> <span class='ocrx_word' id='word_1_741' title='bbox 2976 3150 2990 3172; x_wconf 94' lang='lat'><strong>,</strong></span> <span class='ocrx_word' id='word_1_742' title='bbox 3014 3111 3339 3178; x_wconf 83' lang='lat' dir='ltr'><strong>quantalibet</strong></span> <span class='ocrx_word' id='word_1_743' title='bbox 3364 3112 3415 3165; x_wconf 92' lang='lat' dir='ltr'><strong>in</strong></span> <span class='ocrx_word' id='word_1_744' title='bbox 3444 3128 3559 3165; x_wconf 91' lang='lat' dir='ltr'><strong>eam</strong></span> <span class='ocrx_word' id='word_1_745' title='bbox 3580 3128 3669 3169; x_wconf 85' lang='lat' dir='ltr'><strong>se-</strong></span> 
     </span>
    </p>
   </div>
   <div class='ocr_carea' id='block_1_94' title="bbox 2088 3198 3665 3263">
    <p class='ocr_par' dir='ltr' id='par_1_94' title="bbox 2088 3198 3665 3263">
     <span class='ocr_line' id='line_1_94' title="bbox 2088 3198 3665 3263; baseline 0.006 -11"><span class='ocrx_word' id='word_1_746' title='bbox 2088 3198 2311 3254; x_wconf 86' lang='lat' dir='ltr'><strong>veritate</strong></span> <span class='ocrx_word' id='word_1_747' title='bbox 2337 3199 2667 3263; x_wconf 88' lang='lat' dir='ltr'><strong>aecendaris,</strong></span> <span class='ocrx_word' id='word_1_748' title='bbox 2696 3201 2877 3254; x_wconf 89' lang='lat' dir='ltr'><strong>nescio</strong></span> <span class='ocrx_word' id='word_1_749' title='bbox 2930 3211 3105 3254; x_wconf 90' lang='lat' dir='ltr'><strong>utrum</strong></span> <span class='ocrx_word' id='word_1_750' title='bbox 3137 3219 3241 3256; x_wconf 93' lang='lat' dir='ltr'><strong>non</strong></span> <span class='ocrx_word' id='word_1_751' title='bbox 3292 3203 3507 3259; x_wconf 87' lang='lat' dir='ltr'><strong>claudes</strong></span> <span class='ocrx_word' id='word_1_752' title='bbox 3536 3221 3665 3261; x_wconf 89' lang='lat' dir='ltr'><strong>ocu-</strong></span> 
     </span>
    </p>
   </div>
   <div class='ocr_carea' id='block_1_95' title="bbox 2089 3288 3008 3360">
    <p class='ocr_par' dir='ltr' id='par_1_95' title="bbox 2089 3288 3008 3360">
     <span class='ocr_line' id='line_1_95' title="bbox 2089 3288 3008 3360; baseline 0.001 -17"><span class='ocrx_word' id='word_1_753' title='bbox 2089 3288 2194 3343; x_wconf 89' lang='lat' dir='ltr'><strong>lum</strong></span> <span class='ocrx_word' id='word_1_754' title='bbox 2216 3330 2231 3357; x_wconf 93' lang='lat'><strong>,</strong></span> <span class='ocrx_word' id='word_1_755' title='bbox 2260 3289 2303 3343; x_wconf 91' lang='lat' dir='ltr'><strong>si</strong></span> <span class='ocrx_word' id='word_1_756' title='bbox 2334 3290 2523 3360; x_wconf 87' lang='lat' dir='ltr'><strong>aliquis</strong></span> <span class='ocrx_word' id='word_1_757' title='bbox 2550 3291 2684 3345; x_wconf 90' lang='lat' dir='ltr'><strong>ictus</strong></span> <span class='ocrx_word' id='word_1_758' title='bbox 2714 3291 3008 3346; x_wconf 88' lang='lat' dir='ltr'><strong>immineat.</strong></span> 
     </span>
    </p>
   </div>
   <div class='ocr_carea' id='block_1_96' title="bbox 2160 3404 3669 3478">
    <p class='ocr_par' dir='ltr' id='par_1_96' title="bbox 2160 3404 3669 3478">
     <span class='ocr_line' id='line_1_96' title="bbox 2160 3404 3669 3478; baseline 0.005 -19"><span class='ocrx_word' id='word_1_759' title='bbox 2160 3404 2213 3459; x_wconf 84' lang='lat'><strong>5.</strong></span> <span class='ocrx_word' id='word_1_760' title='bbox 2245 3404 2339 3460; x_wconf 89' lang='lat' dir='ltr'><strong>Est</strong></span> <span class='ocrx_word' id='word_1_761' title='bbox 2364 3420 2491 3475; x_wconf 83' lang='lat' dir='ltr'><strong>ergo</strong></span> <span class='ocrx_word' id='word_1_762' title='bbox 2516 3405 2668 3475; x_wconf 87' lang='lat' dir='ltr'><strong>quasi</strong></span> <span class='ocrx_word' id='word_1_763' title='bbox 2715 3404 2978 3474; x_wconf 86' lang='lat' dir='ltr'><strong>quoddam</strong></span> <span class='ocrx_word' id='word_1_764' title='bbox 3007 3407 3310 3478; x_wconf 87' lang='lat' dir='ltr'><strong>eonjugium</strong></span> <span class='ocrx_word' id='word_1_765' title='bbox 3357 3409 3573 3478; x_wconf 88' lang='lat' dir='ltr'><strong>spiritus</strong></span> <span class='ocrx_word' id='word_1_766' title='bbox 3613 3419 3669 3467; x_wconf 92' lang='lat' dir='ltr'><strong>et</strong></span> 
     </span>
    </p>
   </div>
   <div class='ocr_carea' id='block_1_97' title="bbox 2087 3497 3659 3571">
    <p class='ocr_par' dir='ltr' id='par_1_97' title="bbox 2087 3497 3659 3571">
     <span class='ocr_line' id='line_1_97' title="bbox 2087 3497 3659 3571; baseline 0.002 -18"><span class='ocrx_word' id='word_1_767' title='bbox 2087 3497 2281 3553; x_wconf 84' lang='lat' dir='ltr'><strong>carnis.</strong></span> <span class='ocrx_word' id='word_1_768' title='bbox 2310 3497 2460 3553; x_wconf 87' lang='lat' dir='ltr'><strong>Unde</strong></span> <span class='ocrx_word' id='word_1_769' title='bbox 2480 3512 2607 3567; x_wconf 83' lang='lat' dir='ltr'><strong>ergo</strong></span> <span class='ocrx_word' id='word_1_770' title='bbox 2628 3514 2746 3552; x_wconf 84' lang='lat' dir='ltr'><strong>curo</strong></span> <span class='ocrx_word' id='word_1_771' title='bbox 2770 3499 3073 3569; x_wconf 85' lang='lat' dir='ltr'><strong>concupiscit</strong></span> <span class='ocrx_word' id='word_1_772' title='bbox 3122 3500 3360 3554; x_wconf 84' lang='lat' dir='ltr'><strong>adversus</strong></span> <span class='ocrx_word' id='word_1_773' title='bbox 3400 3502 3659 3571; x_wconf 85' lang='lat' dir='ltr'><strong>spiritum,</strong></span> 
     </span>
    </p>
   </div>
   <div class='ocr_carea' id='block_1_98' title="bbox 2089 3590 3668 3663">
    <p class='ocr_par' dir='ltr' id='par_1_98' title="bbox 2089 3590 3668 3663">
     <span class='ocr_line' id='line_1_98' title="bbox 2089 3590 3668 3663; baseline 0.003 -18"><span class='ocrx_word' id='word_1_774' title='bbox 2089 3600 2136 3646; x_wconf 87' lang='lat' dir='ltr'><strong>et</strong></span> <span class='ocrx_word' id='word_1_775' title='bbox 2161 3590 2365 3661; x_wconf 86' lang='lat' dir='ltr'><strong>spiritus</strong></span> <span class='ocrx_word' id='word_1_776' title='bbox 2386 3591 2622 3645; x_wconf 80' lang='lat' dir='ltr'><strong>adversus</strong></span> <span class='ocrx_word' id='word_1_777' title='bbox 2646 3608 2847 3645; x_wconf 87' lang='lat' dir='ltr'><strong>carnem</strong></span> <span class='ocrx_word' id='word_1_778' title='bbox 2867 3592 2891 3645; x_wconf 77' lang='lat' dir='ltr'><strong>&#39;t</strong></span> <span class='ocrx_word' id='word_1_779' title='bbox 2912 3592 3050 3646; x_wconf 89' lang='lat' dir='ltr'><strong>unde</strong></span> <span class='ocrx_word' id='word_1_780' title='bbox 3082 3592 3178 3646; x_wconf 87' lang='lat' dir='ltr'><strong>ista</strong></span> <span class='ocrx_word' id='word_1_781' title='bbox 3210 3608 3383 3661; x_wconf 72' lang='lat' dir='ltr'><strong>ptena,</strong></span> <span class='ocrx_word' id='word_1_782' title='bbox 3408 3609 3526 3663; x_wconf 63' lang='lat' dir='ltr'><strong>quae</strong></span> <span class='ocrx_word' id='word_1_783' title='bbox 3564 3594 3668 3649; x_wconf 89' lang='lat' dir='ltr'><strong>du-</strong></span> 
     </span>
    </p>
   </div>
   <div class='ocr_carea' id='block_1_99' title="bbox 2089 3682 3662 3753">
    <p class='ocr_par' dir='ltr' id='par_1_99' title="bbox 2089 3682 3662 3753">
     <span class='ocr_line' id='line_1_99' title="bbox 2089 3682 3662 3753; baseline 0.002 -15"><span class='ocrx_word' id='word_1_784' title='bbox 2089 3690 2173 3738; x_wconf 87' lang='lat' dir='ltr'><strong>cta</strong></span> <span class='ocrx_word' id='word_1_785' title='bbox 2220 3691 2302 3736; x_wconf 90' lang='lat' dir='ltr'><strong>cst</strong></span> <span class='ocrx_word' id='word_1_786' title='bbox 2348 3682 2419 3737; x_wconf 90' lang='lat' dir='ltr'><strong>de</strong></span> <span class='ocrx_word' id='word_1_787' title='bbox 2471 3683 2655 3737; x_wconf 86' lang='lat' dir='ltr'><strong>mortis</strong></span> <span class='ocrx_word' id='word_1_788' title='bbox 2703 3684 2992 3753; x_wconf 79' lang='lat' dir='ltr'><strong>propagine</strong></span> <span class='ocrx_word' id='word_1_789' title='bbox 3033 3684 3056 3737; x_wconf 86' lang='lat'><strong>?</strong></span> <span class='ocrx_word' id='word_1_790' title='bbox 3092 3684 3241 3739; x_wconf 91' lang='lat' dir='ltr'><strong>Unde</strong></span> <span class='ocrx_word' id='word_1_791' title='bbox 3289 3684 3490 3739; x_wconf 72' lang='lat' dir='ltr'><strong>dictum</strong></span> <span class='ocrx_word' id='word_1_792' title='bbox 3530 3693 3662 3753; x_wconf 89' lang='lat' dir='ltr'><strong>est,</strong></span> 
     </span>
    </p>
   </div>
   <div class='ocr_carea' id='block_1_100' title="bbox 2093 3774 3670 3846">
    <p class='ocr_par' dir='ltr' id='par_1_100' title="bbox 2093 3774 3670 3846">
     <span class='ocr_line' id='line_1_100' title="bbox 2093 3774 3670 3846; baseline 0.003 -20"><span class='ocrx_word' id='word_1_793' title='bbox 2093 3774 2278 3827; x_wconf 78' lang='lat' dir='ltr'><strong>Omnes</strong></span> <span class='ocrx_word' id='word_1_794' title='bbox 2308 3775 2358 3827; x_wconf 88' lang='lat' dir='ltr'><strong>in</strong></span> <span class='ocrx_word' id='word_1_795' title='bbox 2387 3774 2548 3827; x_wconf 77' lang='lat' dir='ltr'><strong>Adam</strong></span> <span class='ocrx_word' id='word_1_796' title='bbox 2585 3775 2868 3828; x_wconf 85' lang='lat' dir='ltr'><strong>moriuntur</strong></span> <span class='ocrx_word' id='word_1_797' title='bbox 2910 3774 2950 3846; x_wconf 93' lang='grc' dir='ltr'><strong>(Ι</strong></span> <span class='ocrx_word' id='word_1_798' title='bbox 2973 3775 3090 3829; x_wconf 86' lang='lat' dir='ltr'><strong>Cor.</strong></span> <span class='ocrx_word' id='word_1_799' title='bbox 3128 3791 3216 3839; x_wconf 77' lang='lat' dir='ltr'><strong>xv,</strong></span> <span class='ocrx_word' id='word_1_800' title='bbox 3243 3775 3334 3845; x_wconf 73' lang='lat'><strong>22)</strong></span> <span class='ocrx_word' id='word_1_801' title='bbox 3373 3777 3480 3830; x_wconf 87' lang='lat' dir='ltr'><strong>?et</strong></span> <span class='ocrx_word' id='word_1_802' title='bbox 3527 3776 3670 3832; x_wconf 86' lang='lat' dir='ltr'><strong>unde</strong></span> 
     </span>
    </p>
   </div>
   <div class='ocr_carea' id='block_1_101' title="bbox 2090 3863 3671 3935">
    <p class='ocr_par' dir='ltr' id='par_1_101' title="bbox 2090 3863 3671 3935">
     <span class='ocr_line' id='line_1_101' title="bbox 2090 3863 3671 3935; baseline 0.002 -18"><span class='ocrx_word' id='word_1_803' title='bbox 2090 3863 2215 3917; x_wconf 87' lang='lat' dir='ltr'><strong>dicit</strong></span> <span class='ocrx_word' id='word_1_804' title='bbox 2248 3864 2561 3933; x_wconf 71' lang='lat' dir='ltr'><strong>Apostolus,</strong></span> <span class='ocrx_word' id='word_1_805' title='bbox 2595 3863 2810 3917; x_wconf 87' lang='lat' dir='ltr'><strong>Fuimus</strong></span> <span class='ocrx_word' id='word_1_806' title='bbox 2834 3865 3107 3935; x_wconf 80' lang='lat' dir='ltr'><strong>aliquando</strong></span> <span class='ocrx_word' id='word_1_807' title='bbox 3134 3875 3179 3919; x_wconf 88' lang='lat' dir='ltr'><strong>et</strong></span> <span class='ocrx_word' id='word_1_808' title='bbox 3209 3882 3299 3919; x_wconf 90' lang='lat' dir='ltr'><strong>nos</strong></span> <span class='ocrx_word' id='word_1_809' title='bbox 3340 3876 3529 3918; x_wconf 87' lang='lat' dir='ltr'><strong>natura</strong></span> <span class='ocrx_word' id='word_1_810' title='bbox 3572 3867 3671 3935; x_wconf 79' lang='lat' dir='ltr'><strong>ﬁlii</strong></span> 
     </span>
    </p>
   </div>
   <div class='ocr_carea' id='block_1_102' title="bbox 2090 3953 3669 4025">
    <p class='ocr_par' dir='ltr' id='par_1_102' title="bbox 2090 3953 3669 4025">
     <span class='ocr_line' id='line_1_102' title="bbox 2090 3953 3669 4025; baseline 0.003 -19"><span class='ocrx_word' id='word_1_811' title='bbox 2090 3953 2199 4019; x_wconf 69' lang='lat' dir='ltr'><strong>irae,</strong></span> <span class='ocrx_word' id='word_1_812' title='bbox 2227 3954 2356 4006; x_wconf 81' lang='lat' dir='ltr'><strong>sicut</strong></span> <span class='ocrx_word' id='word_1_813' title='bbox 2379 3963 2424 4007; x_wconf 88' lang='lat' dir='ltr'><strong>et</strong></span> <span class='ocrx_word' id='word_1_814' title='bbox 2444 3953 2857 4023; x_wconf 78' lang='lat' dir='ltr'><strong>caztcri(Ephes.</strong></span> <span class='ocrx_word' id='word_1_815' title='bbox 2892 3970 2948 4020; x_wconf 89' lang='lat' dir='ltr'><strong>II,</strong></span> <span class='ocrx_word' id='word_1_816' title='bbox 2977 3954 3082 4024; x_wconf 81' lang='lat'><strong>3)?</strong></span> <span class='ocrx_word' id='word_1_817' title='bbox 3129 3955 3347 4025; x_wconf 87' lang='lat' dir='ltr'><strong>Accepit</strong></span> <span class='ocrx_word' id='word_1_818' title='bbox 3389 3957 3530 4010; x_wconf 85' lang='lat' dir='ltr'><strong>enim</strong></span> <span class='ocrx_word' id='word_1_819' title='bbox 3580 3955 3669 4010; x_wconf 87' lang='lat' dir='ltr'><strong>ille</strong></span> 
     </span>
    </p>
   </div>
   <div class='ocr_carea' id='block_1_103' title="bbox 2094 4045 3669 4116">
    <p class='ocr_par' dir='ltr' id='par_1_103' title="bbox 2094 4045 3669 4116">
     <span class='ocr_line' id='line_1_103' title="bbox 2094 4045 3669 4116; baseline 0.004 -19"><span class='ocrx_word' id='word_1_820' title='bbox 2094 4045 2377 4099; x_wconf 88' lang='lat' dir='ltr'><strong>vindictam</strong></span> <span class='ocrx_word' id='word_1_821' title='bbox 2406 4046 2608 4106; x_wconf 85' lang='lat' dir='ltr'><strong>mortis,</strong></span> <span class='ocrx_word' id='word_1_822' title='bbox 2639 4045 2707 4100; x_wconf 92' lang='lat' dir='ltr'><strong>de</strong></span> <span class='ocrx_word' id='word_1_823' title='bbox 2747 4062 2852 4116; x_wconf 93' lang='lat' dir='ltr'><strong>quo</strong></span> <span class='ocrx_word' id='word_1_824' title='bbox 2883 4048 2989 4101; x_wconf 87' lang='lat' dir='ltr'><strong>nati</strong></span> <span class='ocrx_word' id='word_1_825' title='bbox 3021 4062 3201 4102; x_wconf 89' lang='lat' dir='ltr'><strong>sumus</strong></span> <span class='ocrx_word' id='word_1_826' title='bbox 3226 4088 3242 4115; x_wconf 91' lang='lat'><strong>,</strong></span> <span class='ocrx_word' id='word_1_827' title='bbox 3299 4057 3353 4102; x_wconf 91' lang='lat' dir='ltr'><strong>et</strong></span> <span class='ocrx_word' id='word_1_828' title='bbox 3408 4048 3669 4103; x_wconf 85' lang='lat' dir='ltr'><strong>trahimus</strong></span> 
     </span>
    </p>
   </div>
   <div class='ocr_carea' id='block_1_104' title="bbox 2091 4134 3669 4206">
    <p class='ocr_par' dir='ltr' id='par_1_104' title="bbox 2091 4134 3669 4206">
     <span class='ocr_line' id='line_1_104' title="bbox 2091 4134 3669 4206; baseline 0.003 -17"><span class='ocrx_word' id='word_1_829' title='bbox 2091 4134 2232 4204; x_wconf 90' lang='lat' dir='ltr'><strong>quod</strong></span> <span class='ocrx_word' id='word_1_830' title='bbox 2260 4136 2569 4191; x_wconf 88' lang='lat' dir='ltr'><strong>vincamus:</strong></span> <span class='ocrx_word' id='word_1_831' title='bbox 2594 4145 2648 4190; x_wconf 90' lang='lat' dir='ltr'><strong>et</strong></span> <span class='ocrx_word' id='word_1_832' title='bbox 2676 4136 2795 4190; x_wconf 89' lang='lat' dir='ltr'><strong>ideo</strong></span> <span class='ocrx_word' id='word_1_833' title='bbox 2822 4137 3245 4206; x_wconf 88' lang='lat' dir='ltr'><strong>concupiscimus</strong></span> <span class='ocrx_word' id='word_1_834' title='bbox 3270 4137 3525 4192; x_wconf 88' lang='lat' dir='ltr'><strong>adversus</strong></span> <span class='ocrx_word' id='word_1_835' title='bbox 3548 4152 3669 4193; x_wconf 90' lang='lat' dir='ltr'><strong>car-</strong></span> 
     </span>
    </p>
   </div>
   <div class='ocr_carea' id='block_1_105' title="bbox 2092 4225 3669 4295">
    <p class='ocr_par' dir='ltr' id='par_1_105' title="bbox 2092 4225 3669 4295">
     <span class='ocr_line' id='line_1_105' title="bbox 2092 4225 3669 4295; baseline 0.003 -16"><span class='ocrx_word' id='word_1_836' title='bbox 2092 4242 2237 4290; x_wconf 89' lang='lat' dir='ltr'><strong>nem,</strong></span> <span class='ocrx_word' id='word_1_837' title='bbox 2266 4235 2324 4280; x_wconf 92' lang='lat' dir='ltr'><strong>ut</strong></span> <span class='ocrx_word' id='word_1_838' title='bbox 2350 4225 2506 4281; x_wconf 89' lang='lat' dir='ltr'><strong>nobis</strong></span> <span class='ocrx_word' id='word_1_839' title='bbox 2526 4226 2780 4281; x_wconf 88' lang='lat' dir='ltr'><strong>domitam</strong></span> <span class='ocrx_word' id='word_1_840' title='bbox 2810 4242 3023 4282; x_wconf 88' lang='lat' dir='ltr'><strong>carnem</strong></span> <span class='ocrx_word' id='word_1_841' title='bbox 3062 4227 3404 4294; x_wconf 86' lang='lat' dir='ltr'><strong>subjiciamus</strong></span> <span class='ocrx_word' id='word_1_842' title='bbox 3425 4269 3440 4295; x_wconf 93' lang='lat'><strong>,</strong></span> <span class='ocrx_word' id='word_1_843' title='bbox 3464 4236 3519 4282; x_wconf 90' lang='lat' dir='ltr'><strong>et</strong></span> <span class='ocrx_word' id='word_1_844' title='bbox 3549 4242 3669 4283; x_wconf 87' lang='lat' dir='ltr'><strong>eam</strong></span> 
     </span>
    </p>
   </div>
   <div class='ocr_carea' id='block_1_106' title="bbox 2092 4315 3667 4387">
    <p class='ocr_par' dir='ltr' id='par_1_106' title="bbox 2092 4315 3667 4387">
     <span class='ocr_line' id='line_1_106' title="bbox 2092 4315 3667 4387; baseline 0.003 -18"><span class='ocrx_word' id='word_1_845' title='bbox 2092 4315 2159 4370; x_wconf 90' lang='lat' dir='ltr'><strong>ad</strong></span> <span class='ocrx_word' id='word_1_846' title='bbox 2184 4315 2536 4371; x_wconf 86' lang='lat' dir='ltr'><strong>obediendum</strong></span> <span class='ocrx_word' id='word_1_847' title='bbox 2559 4316 2911 4372; x_wconf 87' lang='lat' dir='ltr'><strong>attrahamus.</strong></span> <span class='ocrx_word' id='word_1_848' title='bbox 2957 4316 3220 4387; x_wconf 85' lang='lat' dir='ltr'><strong>Numquid</strong></span> <span class='ocrx_word' id='word_1_849' title='bbox 3248 4332 3374 4387; x_wconf 85' lang='lat' dir='ltr'><strong>ergo</strong></span> <span class='ocrx_word' id='word_1_850' title='bbox 3421 4317 3631 4373; x_wconf 82' lang='lat' dir='ltr'><strong>odimus</strong></span> <span class='ocrx_word' id='word_1_851' title='bbox 3651 4358 3667 4384; x_wconf 93' lang='lat'><strong>,</strong></span> 
     </span>
    </p>
   </div>
   <div class='ocr_carea' id='block_1_107' title="bbox 2092 4406 3670 4478">
    <p class='ocr_par' dir='ltr' id='par_1_107' title="bbox 2092 4406 3670 4478">
     <span class='ocr_line' id='line_1_107' title="bbox 2092 4406 3670 4478; baseline 0.003 -19"><span class='ocrx_word' id='word_1_852' title='bbox 2092 4422 2250 4476; x_wconf 88' lang='lat' dir='ltr'><strong>quam</strong></span> <span class='ocrx_word' id='word_1_853' title='bbox 2280 4406 2434 4462; x_wconf 88' lang='lat' dir='ltr'><strong>nobis</strong></span> <span class='ocrx_word' id='word_1_854' title='bbox 2465 4408 2709 4476; x_wconf 88' lang='lat' dir='ltr'><strong>cupimus</strong></span> <span class='ocrx_word' id='word_1_855' title='bbox 2728 4407 2946 4462; x_wconf 85' lang='lat' dir='ltr'><strong>obedire</strong></span> <span class='ocrx_word' id='word_1_856' title='bbox 2974 4408 2996 4459; x_wconf 89' lang='lat'><strong>?</strong></span> <span class='ocrx_word' id='word_1_857' title='bbox 3029 4408 3128 4462; x_wconf 88' lang='lat' dir='ltr'><strong>Dat</strong></span> <span class='ocrx_word' id='word_1_858' title='bbox 3156 4408 3518 4478; x_wconf 88' lang='lat' dir='ltr'><strong>unusquisque</strong></span> <span class='ocrx_word' id='word_1_859' title='bbox 3537 4416 3591 4463; x_wconf 90' lang='lat' dir='ltr'><strong>et</strong></span> <span class='ocrx_word' id='word_1_860' title='bbox 3615 4409 3670 4463; x_wconf 90' lang='lat' dir='ltr'><strong>in</strong></span> 
     </span>
    </p>
   </div>
   <div class='ocr_carea' id='block_1_108' title="bbox 2093 4496 3670 4569">
    <p class='ocr_par' dir='ltr' id='par_1_108' title="bbox 2093 4496 3670 4569">
     <span class='ocr_line' id='line_1_108' title="bbox 2093 4496 3670 4569; baseline 0.003 -19"><span class='ocrx_word' id='word_1_861' title='bbox 2093 4497 2253 4551; x_wconf 92' lang='lat' dir='ltr'><strong>domo</strong></span> <span class='ocrx_word' id='word_1_862' title='bbox 2302 4512 2395 4551; x_wconf 91' lang='lat' dir='ltr'><strong>sua</strong></span> <span class='ocrx_word' id='word_1_863' title='bbox 2450 4496 2758 4567; x_wconf 89' lang='lat' dir='ltr'><strong>plerumque</strong></span> <span class='ocrx_word' id='word_1_864' title='bbox 2798 4496 3131 4567; x_wconf 85' lang='lat' dir='ltr'><strong>disciplinam</strong></span> <span class='ocrx_word' id='word_1_865' title='bbox 3175 4499 3384 4569; x_wconf 83' lang='lat' dir='ltr'><strong>conjugi</strong></span> <span class='ocrx_word' id='word_1_866' title='bbox 3430 4515 3576 4565; x_wconf 71' lang='lat' dir='ltr'><strong>suta;</strong></span> <span class='ocrx_word' id='word_1_867' title='bbox 3614 4508 3670 4555; x_wconf 91' lang='lat' dir='ltr'><strong>et</strong></span> 
     </span>
    </p>
   </div>
   <div class='ocr_carea' id='block_1_109' title="bbox 2094 4587 3668 4659">
    <p class='ocr_par' dir='ltr' id='par_1_109' title="bbox 2094 4587 3668 4659">
     <span class='ocr_line' id='line_1_109' title="bbox 2094 4587 3668 4659; baseline 0.002 -19"><span class='ocrx_word' id='word_1_868' title='bbox 2094 4601 2209 4641; x_wconf 89' lang='lat' dir='ltr'><strong>eam</strong></span> <span class='ocrx_word' id='word_1_869' title='bbox 2237 4587 2815 4656; x_wconf 81' lang='lat' dir='ltr'><strong>subjugatrenitentem</strong></span> <span class='ocrx_word' id='word_1_870' title='bbox 2838 4628 2852 4651; x_wconf 91' lang='lat'><strong>,</strong></span> <span class='ocrx_word' id='word_1_871' title='bbox 2882 4602 2985 4643; x_wconf 92' lang='lat' dir='ltr'><strong>non</strong></span> <span class='ocrx_word' id='word_1_872' title='bbox 3020 4592 3358 4659; x_wconf 87' lang='lat' dir='ltr'><strong>persequitur</strong></span> <span class='ocrx_word' id='word_1_873' title='bbox 3386 4591 3668 4645; x_wconf 74' lang='lat' dir='ltr'><strong>inimicen-</strong></span> 
     </span>
    </p>
   </div>
   <div class='ocr_carea' id='block_1_110' title="bbox 2094 4676 3665 4750">
    <p class='ocr_par' dir='ltr' id='par_1_110' title="bbox 2094 4676 3665 4750">
     <span class='ocr_line' id='line_1_110' title="bbox 2094 4676 3665 4750; baseline 0.004 -20"><span class='ocrx_word' id='word_1_874' title='bbox 2094 4683 2225 4731; x_wconf 90' lang='lat' dir='ltr'><strong>tem.</strong></span> <span class='ocrx_word' id='word_1_875' title='bbox 2257 4676 2448 4731; x_wconf 87' lang='lat' dir='ltr'><strong>Filium</strong></span> <span class='ocrx_word' id='word_1_876' title='bbox 2493 4685 2638 4731; x_wconf 91' lang='lat' dir='ltr'><strong>tuum</strong></span> <span class='ocrx_word' id='word_1_877' title='bbox 2682 4677 2899 4745; x_wconf 89' lang='lat' dir='ltr'><strong>domas,</strong></span> <span class='ocrx_word' id='word_1_878' title='bbox 2928 4690 2985 4733; x_wconf 89' lang='lat' dir='ltr'><strong>ut</strong></span> <span class='ocrx_word' id='word_1_879' title='bbox 3014 4679 3106 4734; x_wconf 90' lang='lat' dir='ltr'><strong>tibi</strong></span> <span class='ocrx_word' id='word_1_880' title='bbox 3134 4681 3379 4735; x_wconf 86' lang='lat' dir='ltr'><strong>obediat:</strong></span> <span class='ocrx_word' id='word_1_881' title='bbox 3411 4680 3665 4750; x_wconf 89' lang='lat' dir='ltr'><strong>numquid</strong></span> 
     </span>
    </p>
   </div>
   <div class='ocr_carea' id='block_1_111' title="bbox 2094 4766 3667 4839">
    <p class='ocr_par' dir='ltr' id='par_1_111' title="bbox 2094 4766 3667 4839">
     <span class='ocr_line' id='line_1_111' title="bbox 2094 4766 3667 4839; baseline 0.001 -17"><span class='ocrx_word' id='word_1_882' title='bbox 2094 4767 2253 4822; x_wconf 85' lang='lat' dir='ltr'><strong>odisti</strong></span> <span class='ocrx_word' id='word_1_883' title='bbox 2281 4766 2303 4819; x_wconf 69' lang='grc' dir='ltr'><strong>’ἶ</strong></span> <span class='ocrx_word' id='word_1_884' title='bbox 2330 4767 2584 4837; x_wconf 90' lang='lat' dir='ltr'><strong>numquid</strong></span> <span class='ocrx_word' id='word_1_885' title='bbox 2606 4768 2829 4838; x_wconf 90' lang='lat' dir='ltr'><strong>deputas</strong></span> <span class='ocrx_word' id='word_1_886' title='bbox 2857 4770 3129 4824; x_wconf 92' lang='lat' dir='ltr'><strong>inimicum</strong></span> <span class='ocrx_word' id='word_1_887' title='bbox 3159 4770 3182 4823; x_wconf 76' lang='lat' dir='ltr'><strong>‘t</strong></span> <span class='ocrx_word' id='word_1_888' title='bbox 3208 4769 3432 4824; x_wconf 89' lang='lat' dir='ltr'><strong>Servum</strong></span> <span class='ocrx_word' id='word_1_889' title='bbox 3461 4779 3667 4839; x_wconf 87' lang='lat' dir='ltr'><strong>postre-</strong></span> 
     </span>
    </p>
   </div>
   <div class='ocr_carea' id='block_1_112' title="bbox 2094 4858 3669 4930">
    <p class='ocr_par' dir='ltr' id='par_1_112' title="bbox 2094 4858 3669 4930">
     <span class='ocr_line' id='line_1_112' title="bbox 2094 4858 3669 4930; baseline 0 -17"><span class='ocrx_word' id='word_1_890' title='bbox 2094 4874 2182 4913; x_wconf 91' lang='lat' dir='ltr'><strong>mo</strong></span> <span class='ocrx_word' id='word_1_891' title='bbox 2206 4867 2350 4913; x_wconf 90' lang='lat' dir='ltr'><strong>tuum</strong></span> <span class='ocrx_word' id='word_1_892' title='bbox 2372 4858 2546 4928; x_wconf 82' lang='lat' dir='ltr'><strong>diligis</strong></span> <span class='ocrx_word' id='word_1_893' title='bbox 2572 4870 2625 4914; x_wconf 90' lang='lat' dir='ltr'><strong>et</strong></span> <span class='ocrx_word' id='word_1_894' title='bbox 2644 4861 2889 4930; x_wconf 85' lang='lat' dir='ltr'><strong>castigas,</strong></span> <span class='ocrx_word' id='word_1_895' title='bbox 2920 4870 2971 4914; x_wconf 90' lang='lat' dir='ltr'><strong>et</strong></span> <span class='ocrx_word' id='word_1_896' title='bbox 3001 4861 3053 4914; x_wconf 92' lang='lat' dir='ltr'><strong>in</strong></span> <span class='ocrx_word' id='word_1_897' title='bbox 3081 4858 3386 4930; x_wconf 88' lang='lat' dir='ltr'><strong>castigando</strong></span> <span class='ocrx_word' id='word_1_898' title='bbox 3413 4858 3669 4914; x_wconf 88' lang='lat' dir='ltr'><strong>obedien-</strong></span> 
     </span>
    </p>
   </div>
   <div class='ocr_carea' id='block_1_113' title="bbox 2097 4948 3671 5020">
    <p class='ocr_par' dir='ltr' id='par_1_113' title="bbox 2097 4948 3671 5020">
     <span class='ocr_line' id='line_1_113' title="bbox 2097 4948 3671 5020; baseline -0.001 -14"><span class='ocrx_word' id='word_1_899' title='bbox 2097 4960 2201 5007; x_wconf 90' lang='lat' dir='ltr'><strong>tem</strong></span> <span class='ocrx_word' id='word_1_900' title='bbox 2231 4951 2383 5006; x_wconf 81' lang='lat' dir='ltr'><strong>facis.</strong></span> <span class='ocrx_word' id='word_1_901' title='bbox 2430 4951 2602 5005; x_wconf 87' lang='lat' dir='ltr'><strong>llabes</strong></span> <span class='ocrx_word' id='word_1_902' title='bbox 2629 4951 2695 5007; x_wconf 92' lang='lat' dir='ltr'><strong>de</strong></span> <span class='ocrx_word' id='word_1_903' title='bbox 2723 4952 2823 5005; x_wconf 88' lang='lat' dir='ltr'><strong>hac</strong></span> <span class='ocrx_word' id='word_1_904' title='bbox 2870 4967 2930 5006; x_wconf 91' lang='lat' dir='ltr'><strong>re</strong></span> <span class='ocrx_word' id='word_1_905' title='bbox 2959 4951 3124 5020; x_wconf 88' lang='lat' dir='ltr'><strong>ipsius</strong></span> <span class='ocrx_word' id='word_1_906' title='bbox 3172 4951 3413 5020; x_wconf 84' lang='lat' dir='ltr'><strong>Apostoli</strong></span> <span class='ocrx_word' id='word_1_907' title='bbox 3455 4948 3671 5005; x_wconf 78' lang='lat' dir='ltr'><strong>manife-</strong></span> 
     </span>
    </p>
   </div>
   <div class='ocr_carea' id='block_1_114' title="bbox 2095 5037 3667 5112">
    <p class='ocr_par' dir='ltr' id='par_1_114' title="bbox 2095 5037 3667 5112">
     <span class='ocr_line' id='line_1_114' title="bbox 2095 5037 3667 5112; baseline -0.003 -15"><span class='ocrx_word' id='word_1_908' title='bbox 2095 5051 2229 5097; x_wconf 88' lang='lat' dir='ltr'><strong>stam</strong></span> <span class='ocrx_word' id='word_1_909' title='bbox 2258 5041 2571 5112; x_wconf 85' lang='lat' dir='ltr'><strong>plenamque</strong></span> <span class='ocrx_word' id='word_1_910' title='bbox 2591 5041 2907 5096; x_wconf 89' lang='lat' dir='ltr'><strong>sententiam</strong></span> <span class='ocrx_word' id='word_1_911' title='bbox 2932 5058 2944 5093; x_wconf 90' lang='lat'><strong>:</strong></span> <span class='ocrx_word' id='word_1_912' title='bbox 2977 5039 3096 5093; x_wconf 88' lang='lat' dir='ltr'><strong>Non</strong></span> <span class='ocrx_word' id='word_1_913' title='bbox 3125 5040 3195 5093; x_wconf 88' lang='lat' dir='ltr'><strong>sic</strong></span> <span class='ocrx_word' id='word_1_914' title='bbox 3244 5054 3422 5106; x_wconf 88' lang='lat' dir='ltr'><strong>curro,</strong></span> <span class='ocrx_word' id='word_1_915' title='bbox 3462 5037 3667 5108; x_wconf 91' lang='lat' dir='ltr'><strong>inquit,</strong></span> 
     </span>
    </p>
   </div>
   <div class='ocr_carea' id='block_1_115' title="bbox 2097 5128 3667 5201">
    <p class='ocr_par' dir='ltr' id='par_1_115' title="bbox 2097 5128 3667 5201">
     <span class='ocr_line' id='line_1_115' title="bbox 2097 5128 3667 5201; baseline -0.003 -14"><span class='ocrx_word' id='word_1_916' title='bbox 2097 5144 2334 5201; x_wconf 81' lang='lat' dir='ltr'><strong>tanquam</strong></span> <span class='ocrx_word' id='word_1_917' title='bbox 2354 5132 2406 5185; x_wconf 87' lang='lat' dir='ltr'><strong>in</strong></span> <span class='ocrx_word' id='word_1_918' title='bbox 2425 5132 2691 5194; x_wconf 88' lang='lat' dir='ltr'><strong>incertum;</strong></span> <span class='ocrx_word' id='word_1_919' title='bbox 2718 5148 2819 5184; x_wconf 85' lang='lat' dir='ltr'><strong>nou</strong></span> <span class='ocrx_word' id='word_1_920' title='bbox 2846 5131 2919 5185; x_wconf 89' lang='lat' dir='ltr'><strong>sic</strong></span> <span class='ocrx_word' id='word_1_921' title='bbox 2941 5128 3184 5200; x_wconf 86' lang='lat' dir='ltr'><strong>pugillor,</strong></span> <span class='ocrx_word' id='word_1_922' title='bbox 3215 5128 3360 5194; x_wconf 87' lang='lat' dir='ltr'><strong>quasi</strong></span> <span class='ocrx_word' id='word_1_923' title='bbox 3378 5144 3541 5183; x_wconf 81' lang='lat' dir='ltr'><strong>aerem</strong></span> <span class='ocrx_word' id='word_1_924' title='bbox 3569 5144 3667 5183; x_wconf 73' lang='lat' dir='ltr'><strong>cu:-</strong></span> 
     </span>
    </p>
   </div>
   <div class='ocr_carea' id='block_1_116' title="bbox 2099 5218 3673 5291">
    <p class='ocr_par' dir='ltr' id='par_1_116' title="bbox 2099 5218 3673 5291">
     <span class='ocr_line' id='line_1_116' title="bbox 2099 5218 3673 5291; baseline -0.004 -14"><span class='ocrx_word' id='word_1_925' title='bbox 2099 5223 2222 5277; x_wconf 85' lang='lat' dir='ltr'><strong>deus</strong></span> <span class='ocrx_word' id='word_1_926' title='bbox 2242 5237 2260 5277; x_wconf 90' lang='lat'><strong><em>:</em></strong></span> <span class='ocrx_word' id='word_1_927' title='bbox 2282 5222 2370 5275; x_wconf 87' lang='lat' dir='ltr'><strong>sed</strong></span> <span class='ocrx_word' id='word_1_928' title='bbox 2402 5221 2591 5291; x_wconf 87' lang='lat' dir='ltr'><strong>castigo</strong></span> <span class='ocrx_word' id='word_1_929' title='bbox 2620 5237 2802 5291; x_wconf 87' lang='lat' dir='ltr'><strong>corpus</strong></span> <span class='ocrx_word' id='word_1_930' title='bbox 2825 5235 3006 5285; x_wconf 87' lang='lat' dir='ltr'><strong>meum,</strong></span> <span class='ocrx_word' id='word_1_931' title='bbox 3032 5228 3077 5272; x_wconf 85' lang='lat' dir='ltr'><strong>et</strong></span> <span class='ocrx_word' id='word_1_932' title='bbox 3098 5219 3148 5271; x_wconf 89' lang='lat' dir='ltr'><strong>in</strong></span> <span class='ocrx_word' id='word_1_933' title='bbox 3170 5221 3452 5273; x_wconf 80' lang='lat' dir='ltr'><strong>seruitutem</strong></span> <span class='ocrx_word' id='word_1_934' title='bbox 3476 5218 3673 5289; x_wconf 84' lang='lat' dir='ltr'><strong>redigo;</strong></span> 
     </span>
    </p>
   </div>
   <div class='ocr_carea' id='block_1_117' title="bbox 2099 5308 3665 5386">
    <p class='ocr_par' dir='ltr' id='par_1_117' title="bbox 2099 5308 3665 5386">
     <span class='ocr_line' id='line_1_117' title="bbox 2099 5308 3665 5386; baseline -0.003 -18"><span class='ocrx_word' id='word_1_935' title='bbox 2099 5332 2160 5369; x_wconf 85' lang='lat' dir='ltr'><strong>ne</strong></span> <span class='ocrx_word' id='word_1_936' title='bbox 2182 5319 2311 5386; x_wconf 77' lang='lat' dir='ltr'><strong>forte</strong></span> <span class='ocrx_word' id='word_1_937' title='bbox 2330 5313 2443 5366; x_wconf 85' lang='lat' dir='ltr'><strong>aliis</strong></span> <span class='ocrx_word' id='word_1_938' title='bbox 2471 5313 2772 5382; x_wconf 76' lang='lat' dir='ltr'><strong>prwdicaus,</strong></span> <span class='ocrx_word' id='word_1_939' title='bbox 2816 5312 2925 5380; x_wconf 83' lang='lat' dir='ltr'><strong>ipse</strong></span> <span class='ocrx_word' id='word_1_940' title='bbox 2965 5310 3205 5380; x_wconf 80' lang='lat' dir='ltr'><strong>reprobus</strong></span> <span class='ocrx_word' id='word_1_941' title='bbox 3229 5310 3455 5364; x_wconf 83' lang='lat' dir='ltr'><strong>inveniar</strong></span> <span class='ocrx_word' id='word_1_942' title='bbox 3484 5310 3522 5379; x_wconf 86' lang='grc' dir='ltr'><strong>(Ι</strong></span> <span class='ocrx_word' id='word_1_943' title='bbox 3548 5308 3665 5363; x_wconf 83' lang='lat' dir='ltr'><strong>Cor.</strong></span> 
     </span>
    </p>
   </div>
   <div class='ocr_carea' id='block_1_118' title="bbox 2098 5399 3667 5473">
    <p class='ocr_par' dir='ltr' id='par_1_118' title="bbox 2098 5399 3667 5473">
     <span class='ocr_line' id='line_1_118' title="bbox 2098 5399 3667 5473; baseline -0.003 -14"><span class='ocrx_word' id='word_1_944' title='bbox 2098 5421 2171 5467; x_wconf 71' lang='grc' dir='ltr'><strong>ιχ,</strong></span> <span class='ocrx_word' id='word_1_945' title='bbox 2201 5404 2271 5458; x_wconf 73' lang='lat'><strong>26</strong></span> <span class='ocrx_word' id='word_1_946' title='bbox 2300 5413 2346 5456; x_wconf 90' lang='lat' dir='ltr'><strong>et</strong></span> <span class='ocrx_word' id='word_1_947' title='bbox 2372 5402 2488 5473; x_wconf 73' lang='lat'><strong>27).</strong></span> <span class='ocrx_word' id='word_1_948' title='bbox 2521 5402 2689 5456; x_wconf 89' lang='lat' dir='ltr'><strong>llabet</strong></span> <span class='ocrx_word' id='word_1_949' title='bbox 2716 5415 2842 5471; x_wconf 85' lang='lat' dir='ltr'><strong>ergo</strong></span> <span class='ocrx_word' id='word_1_950' title='bbox 2868 5414 2993 5454; x_wconf 90' lang='lat' dir='ltr'><strong>caro</strong></span> <span class='ocrx_word' id='word_1_951' title='bbox 3018 5415 3083 5455; x_wconf 81' lang='lat' dir='ltr'><strong>ex</strong></span> <span class='ocrx_word' id='word_1_952' title='bbox 3110 5399 3411 5455; x_wconf 91' lang='lat' dir='ltr'><strong>conditione</strong></span> <span class='ocrx_word' id='word_1_953' title='bbox 3450 5399 3667 5455; x_wconf 90' lang='lat' dir='ltr'><strong>mortali</strong></span> 
     </span>
    </p>
   </div>
   <div class='ocr_carea' id='block_1_119' title="bbox 2098 5488 3664 5565">
    <p class='ocr_par' dir='ltr' id='par_1_119' title="bbox 2098 5488 3664 5565">
     <span class='ocr_line' id='line_1_119' title="bbox 2098 5488 3664 5565; baseline -0.004 -16"><span class='ocrx_word' id='word_1_954' title='bbox 2098 5496 2248 5565; x_wconf 86' lang='lat' dir='ltr'><strong>quasi</strong></span> <span class='ocrx_word' id='word_1_955' title='bbox 2268 5492 2523 5564; x_wconf 86' lang='lat' dir='ltr'><strong>quosdam</strong></span> <span class='ocrx_word' id='word_1_956' title='bbox 2545 5499 2783 5546; x_wconf 89' lang='lat' dir='ltr'><strong>terrenos</strong></span> <span class='ocrx_word' id='word_1_957' title='bbox 2798 5491 3060 5561; x_wconf 87' lang='lat' dir='ltr'><strong>appetitus</strong></span> <span class='ocrx_word' id='word_1_958' title='bbox 3078 5505 3201 5545; x_wconf 92' lang='lat' dir='ltr'><strong>suos</strong></span> <span class='ocrx_word' id='word_1_959' title='bbox 3234 5509 3246 5545; x_wconf 89' lang='lat'><strong>:</strong></span> <span class='ocrx_word' id='word_1_960' title='bbox 3273 5490 3323 5544; x_wconf 88' lang='lat' dir='ltr'><strong>in</strong></span> <span class='ocrx_word' id='word_1_961' title='bbox 3342 5488 3439 5544; x_wconf 86' lang='lat' dir='ltr'><strong>bos</strong></span> <span class='ocrx_word' id='word_1_962' title='bbox 3471 5491 3563 5545; x_wconf 89' lang='lat' dir='ltr'><strong>tibi</strong></span> <span class='ocrx_word' id='word_1_963' title='bbox 3580 5490 3664 5561; x_wconf 78' lang='lat' dir='ltr'><strong>jus</strong></span> 
     </span>
    </p>
   </div>
   <div class='ocr_carea' id='block_1_120' title="bbox 2100 5583 3674 5655">
    <p class='ocr_par' dir='ltr' id='par_1_120' title="bbox 2100 5583 3674 5655">
     <span class='ocr_line' id='line_1_120' title="bbox 2100 5583 3674 5655; baseline -0.004 -11"><span class='ocrx_word' id='word_1_964' title='bbox 2100 5590 2231 5644; x_wconf 82' lang='lat' dir='ltr'><strong>freni</strong></span> <span class='ocrx_word' id='word_1_965' title='bbox 2253 5600 2563 5643; x_wconf 89' lang='lat' dir='ltr'><strong>concessum</strong></span> <span class='ocrx_word' id='word_1_966' title='bbox 2593 5594 2692 5638; x_wconf 89' lang='lat' dir='ltr'><strong>est.</strong></span> <span class='ocrx_word' id='word_1_967' title='bbox 2725 5584 2892 5655; x_wconf 82' lang='lat' dir='ltr'><strong>Rogat</strong></span> <span class='ocrx_word' id='word_1_968' title='bbox 2920 5592 2970 5638; x_wconf 90' lang='lat' dir='ltr'><strong>te</strong></span> <span class='ocrx_word' id='word_1_969' title='bbox 2995 5584 3332 5653; x_wconf 61' lang='lat' dir='ltr'><strong>praepositus,</strong></span> <span class='ocrx_word' id='word_1_970' title='bbox 3359 5593 3417 5638; x_wconf 88' lang='lat' dir='ltr'><strong>ut</strong></span> <span class='ocrx_word' id='word_1_971' title='bbox 3452 5583 3615 5654; x_wconf 71' lang='lat' dir='ltr'><strong>pos:it</strong></span> <span class='ocrx_word' id='word_1_972' title='bbox 3644 5599 3674 5637; x_wconf 88' lang='lat' dir='ltr'><strong>a</strong></span> 
     </span>
    </p>
   </div>
   <div class='ocr_carea' id='block_1_121' title="bbox 2104 5674 3675 5751">
    <p class='ocr_par' dir='ltr' id='par_1_121' title="bbox 2104 5674 3675 5751">
     <span class='ocr_line' id='line_1_121' title="bbox 2104 5674 3675 5751; baseline -0.007 -14"><span class='ocrx_word' id='word_1_973' title='bbox 2104 5694 2153 5738; x_wconf 89' lang='lat' dir='ltr'><strong>te</strong></span> <span class='ocrx_word' id='word_1_974' title='bbox 2177 5681 2283 5751; x_wconf 84' lang='lat' dir='ltr'><strong>regi</strong></span> <span class='ocrx_word' id='word_1_975' title='bbox 2314 5677 2596 5747; x_wconf 88' lang='lat' dir='ltr'><strong>subjectus.</strong></span> <span class='ocrx_word' id='word_1_976' title='bbox 2631 5674 2765 5730; x_wconf 81' lang='lat' dir='ltr'><strong>Infra</strong></span> <span class='ocrx_word' id='word_1_977' title='bbox 2804 5684 2853 5731; x_wconf 90' lang='lat' dir='ltr'><strong>te</strong></span> <span class='ocrx_word' id='word_1_978' title='bbox 2891 5684 2971 5731; x_wconf 86' lang='lat' dir='ltr'><strong>est</strong></span> <span class='ocrx_word' id='word_1_979' title='bbox 3015 5690 3139 5730; x_wconf 86' lang='lat' dir='ltr'><strong>caro</strong></span> <span class='ocrx_word' id='word_1_980' title='bbox 3172 5685 3279 5741; x_wconf 89' lang='lat' dir='ltr'><strong>tua,</strong></span> <span class='ocrx_word' id='word_1_981' title='bbox 3324 5689 3484 5742; x_wconf 85' lang='lat' dir='ltr'><strong>supra</strong></span> <span class='ocrx_word' id='word_1_982' title='bbox 3517 5682 3567 5733; x_wconf 85' lang='lat' dir='ltr'><strong>te</strong></span> <span class='ocrx_word' id='word_1_983' title='bbox 3595 5679 3675 5727; x_wconf 87' lang='lat' dir='ltr'><strong>est</strong></span> 
     </span>
    </p>
   </div>
  </div>
