4102 6336
535 322 638 380 τη

542 437 682 492 Deus
710 443 832 491 tuus
872 451 888 491 :
921 446 1041 490 cum
1067 429 1147 487 vis
1174 437 1233 486 ut
1263 428 1466 484 serviat
1488 427 1577 485 tibi
1608 441 1734 482 caro
1763 436 1846 480 tua
1868 466 1885 492 ,
1930 426 2116 481 admo-

540 529 683 583 neris
707 524 971 597 quomodo
1000 532 1053 579 te
1076 528 1323 593 oporteat
1347 520 1553 576 servire
1579 518 1690 573 Deo
1729 526 1839 571 tuo.
1872 514 2118 570 Attendis

538 617 681 689 quod
709 618 807 671 sub
828 626 879 671 te
902 624 984 670 est
1007 656 1023 682 ,
1056 612 1269 669 attende
1294 620 1348 668 et
1374 609 1516 681 quod
1555 623 1716 679 supra
1746 616 1799 663 te
1819 615 1920 663 est.
1948 606 2118 677 Leges

540 711 593 765 in
624 707 925 764 inferiorem
945 721 1049 761 non
1068 704 1262 770 habes,
1296 702 1395 758 nisi
1424 717 1454 756 a
1481 701 1779 760 superiore.
1808 698 2007 754 Servus
2034 712 2115 765 es,

539 814 752 856 servum
775 798 940 852 habes
973 814 985 850 :
1018 795 1111 851 sed
1138 795 1392 849 Dominus
1419 792 1553 847 duos
1578 806 1765 847 servos
1784 790 1965 846 habet.
1994 788 2121 846 Ser-

538 909 636 949 vus
658 902 779 948 tuus
799 892 918 963 plus
946 890 1103 945 estin
1131 895 1395 959 potestate
1437 885 1649 941 Domini
1690 884 1808 950 tui,
1850 898 2009 955 quam
2063 882 2118 937 in

540 993 650 1039 tua.
691 982 880 1052 Itaque
924 981 1003 1034 vis
1052 978 1146 1034 tibi
1211 975 1415 1032 obediri
1463 990 1494 1029 a
1532 989 1727 1040 carne;
1773 971 2026 1043 numquid
2065 972 2119 1027 in

538 1073 789 1131 omnibus
814 1080 991 1143 potest
1008 1070 1108 1126 ?ln
1126 1070 1373 1125 omnibus
1387 1069 1719 1138 obtemperat
1741 1067 1968 1122 Domino
1991 1074 2083 1121 tuo
2102 1082 2118 1132 ;

540 1167 725 1222 nonin
764 1163 1010 1220 omnibus
1052 1163 1386 1232 obtemperat
1414 1160 1530 1214 tibi.
1559 1157 1837 1227 Quomodo
1856 1200 1871 1224 ,
1901 1156 2120 1228 inquis?

542 1253 990 1324 Ambulas,pedcs
1016 1266 1219 1317 moves,
1241 1250 1483 1321 sequitur
1515 1267 1529 1303 :
1558 1246 1653 1304 sed
1671 1246 1926 1317 numquid
1954 1262 2121 1317 quan-

539 1354 650 1400 tum
664 1345 742 1399 vis
763 1344 856 1399 ibit
872 1352 1045 1400 tecum
1075 1342 1393 1397 ?Animatur
1412 1355 1443 1394 a
1483 1349 1535 1394 te
1550 1379 1567 1406 ,
1594 1337 1848 1407 numquid
1870 1337 2120 1408 quamdiu

538 1437 651 1493 vis?
667 1435 917 1505 numquid
934 1433 1148 1504 quando
1162 1432 1266 1497 vis,
1285 1430 1471 1485 doles?
1487 1428 1699 1501 quando
1719 1428 1819 1495 vis,
1841 1442 2004 1484 sanus
2024 1427 2120 1483 es?

538 1530 772 1586 Exercet
787 1529 927 1584 enim
960 1526 1331 1596 teplcrumque
1356 1521 1611 1577 Dominus
1637 1528 1759 1575 tuas
1783 1534 1878 1590 per
1902 1533 2119 1575 servum

484 1634 487 1639 ‘
539 1630 730 1687 tuum;
778 1628 838 1675 ut
882 1619 1007 1690 quia
1055 1617 1198 1673 fuisti
1235 1615 1451 1671 Domini
1479 1621 1837 1684 contemptor,
1864 1611 2121 1668 merearis

539 1710 811 1767 emendari
837 1726 935 1783 per
962 1724 1198 1765 servum.

609 1801 834 1858 CAPUT
872 1800 930 1854 V.
956 1829 1028 1840 —
1061 1799 1115 1855 6.
1160 1796 1437 1852 Delectatio
1465 1795 1634 1851 carnis
1660 1795 1977 1863 aliquantum
2005 1802 2054 1850 et
2086 1810 2119 1848 a

538 1893 688 1949 licitis
712 1891 1034 1964 refrenanda.
1067 1889 1337 1959 Jejunium
1376 1896 1601 1943 nostrum
1651 1888 1753 1957 ﬁne
1798 1886 2047 1940 diversum
2088 1901 2121 1939 a

532 1986 733 2058 jejunio
761 1983 1113 2054 Paganorum,
1140 1979 1441 2035 Judworum
1466 1988 1513 2034 et
1534 1979 1904 2033 Iucreticorum.
1937 1976 2118 2031 Hiere-

536 2076 650 2129 ticis
674 2084 727 2127 ut
746 2073 1002 2145 jejunium
1029 2071 1185 2142 prosit
1211 2070 1523 2123 redeundum
1565 2068 1634 2122 ad
1667 2067 1973 2123 Ecclesium.
2006 2066 2114 2122 Sed

536 2165 603 2220 ad
633 2175 683 2220 te
706 2163 832 2233 quid
890 2163 1161 2234 pertinet?
1187 2160 1603 2216 Delectationem
1655 2159 1833 2215 carnis
1889 2174 1995 2214 non
2027 2172 2118 2214 re-

537 2260 722 2314 laxare
751 2272 916 2327 usque
962 2255 1026 2310 ad
1060 2254 1263 2322 illicita,
1293 2253 1621 2323 aliquantum
1651 2260 1707 2307 et
1748 2267 1779 2307 a
1830 2251 1989 2306 licitis
2026 2264 2118 2305 re-

538 2348 787 2403 fraenare.
843 2346 944 2413 Qui
990 2344 1130 2400 enim
1174 2359 1204 2398 a
1261 2344 1421 2397 nullis
1469 2342 1717 2398 refnnnat
1761 2342 1938 2408 licitis,
1984 2341 2117 2398 vici-

535 2454 636 2493 nus
660 2446 744 2493 est
767 2446 822 2491 et
849 2437 1063 2491 illicitis.
1097 2434 1345 2498 Proinde,
1376 2433 1568 2489 fratres
1591 2474 1607 2499 ,
1638 2433 1837 2488 licitum
1880 2441 1963 2489 est
1987 2448 2118 2489 con-

530 2529 758 2601 jugium,
791 2528 1028 2581 illicitum
1058 2534 1137 2580 est
1159 2524 1509 2587 adulterium;
1533 2534 1586 2579 et
1610 2531 1785 2579 tamen
1809 2534 2115 2594 temperan-

535 2628 614 2674 tes
642 2619 761 2685 viri,
785 2626 843 2672 ut
870 2618 1023 2687 longe
1048 2616 1152 2670 sint
1176 2616 1243 2669 ab
1268 2614 1452 2669 illicito
1468 2614 1749 2678 adulterio,
1772 2611 2116 2669 relrenantse
2154 2686 2159 2691 ξ

532 2709 857 2780 aliquantum
874 2716 927 2762 et
946 2724 974 2761 a
994 2708 1136 2761 licito
1157 2705 1424 2776 conjugio.
1447 2705 1616 2760 Lieita
1632 2714 1714 2760 est
1732 2706 1954 2759 satietas
1971 2747 1986 2772 ,
2011 2704 2115 2760 illi-

531 2802 639 2857 cita
666 2811 747 2856 est
766 2800 1080 2856 ebriositas:
1114 2808 1287 2861 trunen
1316 2797 1543 2854 modesti
1581 2796 1847 2864 homines,
1871 2809 1925 2852 ut
1957 2797 2113 2868 longe

530 2908 592 2949 se
619 2893 813 2949 iaciant
838 2910 865 2946 a
898 2892 1221 2962 turpitudine
1267 2891 1539 2947 ebrietatis
1562 2933 1577 2958 ,
1626 2891 1885 2962 castigant
1916 2906 1973 2946 se
2011 2891 2110 2946 ali-

529 2993 788 3054 quantum
826 2991 881 3040 et
923 2998 954 3038 a
983 2982 1227 3038 libertate
1256 2982 1534 3037 satietatis.
1578 2979 1654 3036 Ita
1701 2996 1830 3052 ergo
1860 2992 2109 3052 agamus,

528 3075 745 3141 fratres,
774 3085 1163 3145 temperemus;
1185 3070 1393 3143 etquod
1418 3071 1641 3127 facimus
1661 3113 1677 3139 ,
1701 3072 1931 3126 sciamus
1945 3086 2112 3143 quare

527 3163 1092 3221 faciamus.Cessando
1114 3179 1145 3218 a
1165 3163 1347 3219 laetitia
1378 3162 1577 3231 carnis,
1608 3163 1899 3234 acquiritur
1927 3161 2111 3218 laetitia

527 3256 746 3313 mentis.

599 3348 654 3402 7.
685 3346 917 3403 Proinde
945 3346 1065 3402 linis
1092 3344 1246 3401 nobis
1291 3344 1617 3416 jejuniorum
1664 3355 2000 3411 nostrorum,
2041 3344 2109 3401 ad

526 3437 630 3494 iter
654 3446 893 3494 nostrum
924 3456 938 3492 :
968 3436 1094 3508 quid
1115 3438 1185 3491 sit
1220 3435 1393 3507 ipsum
1417 3436 1537 3501 iter,
1578 3444 1633 3491 et
1657 3450 1764 3506 quo
1794 3436 2072 3491 tendamus
2090 3476 2106 3502 ,

526 3527 630 3585 hoc
654 3527 1096 3585 considerandum
1126 3534 1228 3582 est.
1280 3525 1519 3596 Namque
1544 3535 1598 3581 et
1628 3526 1824 3597 Pagani
1866 3525 2110 3596 jejunant

526 3620 835 3690 aliquando,
866 3635 965 3676 nec
992 3619 1264 3690 regionem
1315 3632 1423 3688 quo
1472 3618 1739 3673 tendimus
1790 3628 2021 3672 norunt:
2054 3626 2109 3673 et

528 3710 697 3765 Judaei
723 3709 1279 3780 jejunantaliquando,
1299 3717 1354 3764 et
1378 3709 1515 3762 viam
1546 3711 1599 3763 ln
1625 3724 1724 3779 qua
1746 3710 2104 3776 ambulamus,

528 3820 635 3859 non
661 3801 1374 3874 apprchenderunt.Taleest
1403 3800 1524 3866 hoc,
1551 3815 1614 3854 ac
1632 3801 1675 3855 si
1696 3800 1885 3870 aliquis
1909 3816 2104 3871 equum

524 3896 725 3954 domet.
751 3894 803 3948 in
831 3908 936 3964 quo
967 3901 1131 3948 erret.
1161 3891 1409 3961 Jejunant
1438 3890 1709 3945 hmrctici:
1742 3890 1896 3946 video
1921 3893 2105 3962 quales

526 3994 683 4051 eant;
715 3986 985 4056 interrogo
1008 4000 1113 4054 quo
1137 3991 1261 4039 eant
1278 3982 1302 4036 ?
1318 3982 1598 4052 Jejunatis,
1621 3991 1679 4036 ut
1703 3983 1787 4038 cui
1816 3983 2105 4053 placeatis?

525 4078 653 4142 Deo,
687 4077 947 4146 inquiunt.
967 4074 1175 4139 Munus,
1192 4073 1415 4145 putatis,
1438 4073 1665 4142 accipit?
1685 4072 1789 4128 Sed
1811 4073 1955 4143 prius
1986 4074 2105 4129 vide

523 4167 653 4239 quid
679 4166 810 4221 dicit
834 4184 847 4221 :
880 4165 1127 4238 Relinque
1145 4179 1349 4231 munus,
1376 4172 1423 4217 et
1450 4163 1595 4229 vade,
1621 4164 1760 4233 prius
1780 4165 2106 4220 reconciliare

526 4260 678 4330 fratri
698 4267 784 4312 tuo
811 4256 1020 4328 (Matth.
1046 4270 1103 4322 ν,
1129 4254 1247 4325 ει).
1271 4254 1532 4326 Numquid
1573 4254 1809 4310 membra
1841 4264 1928 4309 tua
1958 4265 2104 4311 recte

522 4352 731 4416 domas,
758 4351 845 4421 qui
871 4348 1066 4404 Christi
1089 4348 1325 4402 membra
1346 4347 1617 4402 dilanias?
1640 4346 1876 4411 Auditur,
1902 4346 2095 4417 inquit,

521 4442 575 4495 in
600 4442 818 4496 clamore
838 4456 931 4495 vos:
950 4449 1140 4505 vestra;
1166 4448 1213 4493 et
1242 4455 1325 4493 eos
1339 4438 1425 4509 qui
1440 4438 1529 4492 sub
1534 4439 1663 4509 jugo
1682 4446 1842 4492 vestro
1861 4448 1996 4504 sunt,
2011 4438 2103 4493 sti-

522 4533 727 4586 mulatis
747 4542 792 4586 et
816 4531 1007 4586 ceditis
1030 4531 1232 4602 pugnis.
1265 4529 1385 4584 Non
1408 4530 1508 4583 tale
1517 4530 1775 4600 jejunium
1804 4530 1949 4600 elegi,
1978 4530 2101 4585 dicit

522 4621 772 4676 Dominus
803 4621 954 4693 (lsai.
986 4637 1129 4687 LVIII,
1159 4621 1258 4676 Aet
1275 4621 1351 4690 5).
1383 4620 1777 4690 lmprobaretur
1801 4635 1928 4690 ergo
1964 4620 2104 4691 jeju-

523 4716 666 4770 nium
697 4724 866 4780 tuum,
890 4714 934 4769 si
966 4713 1366 4769 immoderatius
1388 4727 1608 4768 severus
1628 4712 1888 4767 esisteres
1908 4712 1960 4767 in
1987 4726 2101 4768 ser-

521 4823 643 4861 vum
672 4817 818 4862 tuum
844 4824 857 4861 :
886 4806 1264 4877 approbabitur
1304 4805 1565 4875 jejunium
1609 4814 1755 4861 tuum
1783 4846 1799 4872 ,
1828 4821 1947 4861 cum
1993 4820 2097 4861 non

526 4903 775 4973 agnoscis
816 4902 1030 4956 lratrem
1060 4901 1251 4955 tuum?
1280 4899 1395 4955 Non
1436 4915 1536 4971 ego
1579 4914 1761 4969 quer
1789 4914 1818 4953 a
1845 4913 1950 4969 quo
1979 4900 2099 4955 cibo

517 4995 806 5059 abstineas,
830 4992 923 5049 sed
950 5008 1109 5064 quem
1140 4992 1317 5048 cibum
1343 4993 1554 5063 diligas.
1575 4992 1668 5047 Dic
1694 4990 1821 5044 mihi
1839 5006 1995 5059 quem
2017 4990 2097 5045 ci-

518 5084 644 5139 bum
669 5086 887 5156 diligas,
919 5091 978 5138 ut
1000 5083 1288 5153 approbem
1314 5084 1453 5154 quod
1490 5083 1557 5138 ab
1585 5082 1686 5137 isto
1713 5082 1832 5137 cibo
1860 5089 1911 5136 te
1930 5081 2096 5136 absti-

517 5191 666 5233 neas.
695 5176 877 5247 Diligis
894 5175 1151 5245 justitiam
1176 5175 1199 5229 ?
1228 5174 1387 5230 Forte
1407 5217 1421 5240 ,
1453 5174 1628 5244 inquis
1648 5215 1663 5239 ,
1696 5170 1878 5243 diligo.
1914 5175 2095 5244 Appa-

516 5278 633 5326 rcat
658 5285 787 5341 ergo
808 5269 1011 5341 justitia
1039 5278 1150 5325 tua.
1179 5270 1315 5325 Puto
1338 5270 1478 5324 enim
1501 5269 1701 5340 justum
1732 5282 1850 5323 esse
1874 5276 1934 5323 ut
1982 5282 2093 5322 ma-

513 5361 615 5434 jori
644 5363 845 5417 servias
871 5404 885 5428 ,
910 5377 1013 5433 quo
1036 5362 1128 5418 tibi
1177 5362 1353 5416 minor
1400 5360 1750 5429 obtemperet.
1811 5360 1884 5415 De
1932 5373 2095 5413 carne

514 5451 658 5506 enim
682 5451 1067 5522 loquebamur,
1108 5466 1227 5523 quae
1252 5450 1427 5505 minor
1454 5458 1718 5519 estquam
1760 5449 2006 5519 spiritus,
2040 5457 2094 5504 et

513 5558 632 5614 quae
658 5542 920 5599 domanda
948 5560 1010 5600 ac
1040 5542 1365 5600 moderanda
1404 5542 1640 5612 subjecta
1671 5550 1771 5597 est.
1815 5542 1943 5612 Agis
1969 5555 2090 5597 cum

513 5648 575 5689 ea
605 5643 663 5690 ut
688 5633 1023 5705 obtemperet
1053 5635 1179 5701 tibi,
1223 5642 1277 5689 et
1314 5633 1582 5689 subtrahis
1624 5634 1672 5689 ei
1711 5635 1915 5700 cibum,
1947 5631 2090 5703 quod

512 5737 659 5783 ames
682 5724 975 5797 subjectam
1007 5725 1101 5781 tibi
1132 5743 1146 5784 :
1172 5739 1401 5799 agnosce
1427 5724 1683 5796 majorem
1705 5766 1720 5794 ,
1752 5740 1980 5797 agnosce
2001 5742 2091 5781 su-

1759 315 1818 371 S.
1859 311 2224 372 AUGUSTINI
2266 313 2561 372 EPISCOI‘I
2588 334 2615 350 ε

3705 319 3816 382 7i!

2227 427 2513 497 periorem,
2544 437 2600 481 ut
2634 427 2725 482 tibi
2755 436 2898 483 recte
2918 427 3072 484 cedat
3100 427 3340 486 interior.

2301 518 2525 575 CAPUT
2556 519 2641 575 Vi.
2676 550 2746 559 —
2770 519 3049 575 Concordia
3093 523 3429 577 membrorum
3469 528 3697 596 corporis
3731 528 3809 587 ad

2225 610 2466 664 unitatem
2491 625 2573 664 eos
2601 619 2825 664 revocat.
2851 610 2986 679 Quid
3007 652 3022 675 ,
3051 610 3097 665 si
3124 626 3251 666 caro
3277 619 3364 667 tua
3392 613 3574 670 obedit
3601 617 3690 673 tibi
3710 659 3727 684 ,
3756 628 3813 676 et

2228 707 2282 753 tu
2303 714 2407 754 non
2434 700 2617 755 obedis
2640 700 2751 755 Deo
2782 709 2873 756 tuo
2897 701 2922 754 ?
2946 716 3122 757 nonne
3150 702 3217 756 ab
3233 702 3347 773 ipsa
3376 703 3668 774 damnaris,
3687 723 3811 764 cum

2227 789 2320 844 tibi
2349 789 2729 859 obtemperat?
2755 788 2942 846 Nonne
2965 790 3380 863 obtemperando
3410 794 3527 861 tibi,
3557 806 3744 851 contra
3762 784 3815 854 te

2226 879 2354 935 dicit
2381 881 2742 936 testimonium
2759 883 2787 936 τ

2294 968 2349 1025 8.
2382 970 2447 1024 Et
2471 970 2554 1024 cui
2573 1011 2589 1038 ,
2614 970 2803 1041 inquit,
2831 971 3019 1042 majori
3048 973 3451 1046 obtemperem?
3480 977 3618 1033 Ecce
3656 978 3814 1035 Chri-

2226 1068 2340 1114 stus
2370 1060 2604 1130 loquitur
2622 1104 2636 1127 ,
2658 1062 2875 1130 justitiaa
2903 1072 3194 1119 amatorem
3226 1074 3279 1120 te
3300 1066 3512 1123 dixeras
3536 1086 3549 1121 :
3582 1068 3812 1124 Manda-

2226 1161 2334 1206 tum
2362 1169 2543 1207 novum
2568 1154 2634 1209 do
2654 1155 2810 1223 vobis,
2838 1164 2893 1210 ut
2913 1172 2999 1210 vos
3017 1156 3228 1211 invicem
3249 1156 3473 1228 diligatis
3490 1158 3667 1233 (Joan.
3692 1178 3809 1229 xm,

2226 1244 2341 1316 δι).
2375 1246 2513 1301 Audi
2532 1262 2660 1317 ergo
2689 1247 2969 1302 Dominum
2999 1257 3144 1303 tuum
3170 1251 3473 1306 mandatum
3491 1252 3727 1321 dantem,
3754 1264 3812 1311 ut

2227 1352 2327 1393 nos
2357 1337 2583 1393 invicem
2622 1338 2927 1409 diligamus.
2954 1339 3089 1395 Cum
3112 1357 3181 1396 ex
3211 1341 3368 1398 nobis
3409 1345 3657 1401 omnibus
3686 1356 3809 1406 tan-

2225 1445 2385 1499 quam
2427 1429 2685 1485 membris
2730 1445 2929 1502 corpus
2956 1431 3054 1487 sibi
3084 1431 3243 1487 faciat
3264 1474 3280 1499 ,
3310 1433 3451 1504 quod
3487 1451 3680 1508 corpus
3707 1438 3806 1495 ha-

2222 1519 2350 1575 beat
2370 1536 2530 1575 unum
2559 1528 2719 1591 caput
2740 1521 2914 1592 ipsum
2947 1522 3231 1577 Dominum
3261 1534 3315 1578 et
3334 1523 3698 1594 Salvatorem;
3748 1537 3808 1585 tu

2225 1623 2412 1668 contra
2439 1611 2649 1668 divellis
2680 1622 2731 1668 te
2774 1628 2804 1667 a
2831 1613 3085 1669 membris
3119 1614 3350 1681 Christi,
3380 1632 3485 1672 non
3511 1634 3660 1675 amas
3684 1623 3809 1677 uni-

2222 1710 2409 1760 tatem.
2460 1703 2574 1759 Non
2618 1704 2721 1759 hoc
2749 1719 3131 1774 expavesceres
3181 1705 3232 1761 in
3286 1708 3539 1765 membris
3572 1711 3714 1765 tuis?
3746 1711 3806 1771 Si

2224 1793 2509 1849 distortum
2539 1792 2762 1863 digitum
2790 1794 3049 1861 haberes,
3095 1810 3201 1851 non
3242 1795 3307 1850 ad
3338 1809 3695 1855 correctorem
3723 1801 3804 1857 di-

2222 1884 2317 1955 giti
2345 1883 2420 1939 tui
2446 1884 2710 1940 medicum
2737 1886 3023 1941 currercs?
3047 1886 3202 1942 Certe
3226 1896 3354 1942 tunc
3381 1903 3438 1943 se
3467 1889 3626 1945 habet
3666 1892 3803 1949 bene

2223 1990 2418 2046 corpus
2446 1984 2594 2031 tuum
2618 2018 2635 2044 ,
2675 1976 2890 2048 quando
2926 1976 3027 2032 sibi
3052 1978 3377 2033 concordant
3405 1980 3639 2035 membra
3669 1992 3755 2037 tua
3784 2001 3800 2037 :

2222 2072 2350 2121 tunc
2376 2065 2569 2122 diceris
2602 2080 2765 2121 sanus
2783 2107 2799 2134 ,
2832 2074 2957 2122 tunc
2976 2066 3113 2123 bene
3134 2068 3299 2125 vales.
3322 2068 3378 2123 Si
3406 2079 3583 2126 autem
3606 2072 3804 2141 aliquid

2178 2158 2181 2159 ⁷
2222 2155 2278 2211 in
2320 2165 2410 2211 tuo
2455 2171 2679 2227 corpore
2708 2156 2988 2212 dissentiat
3032 2157 3101 2212 ab
3141 2159 3259 2213 aliis
3284 2160 3559 2230 partibus,
3610 2165 3804 2233 quarris

2222 2250 2313 2322 qui
2360 2250 2628 2306 emendet.
2684 2249 2793 2305 Cur
2819 2265 2949 2321 ergo
2996 2264 3103 2305 non
3140 2252 3337 2321 quieris
3392 2252 3698 2321 emendari,
3746 2265 3805 2310 ut

2222 2342 2521 2414 compagini
2573 2342 2935 2398 membrorum
2985 2342 3182 2398 Christi
3227 2345 3515 2413 revoceris,
3563 2354 3618 2401 et
3668 2362 3802 2402 con-

2221 2449 2382 2507 gruas
2424 2435 2476 2490 iu
2524 2435 2639 2505 ipso
2680 2449 2909 2505 corpore
2948 2443 3004 2489 et
3051 2436 3183 2490 tuo?
3233 2434 3392 2492 Certe
3421 2436 3637 2494 viliores
3678 2449 3803 2495 sunt

2220 2527 2430 2583 cmtcris
2475 2526 2730 2583 membris
2774 2525 2950 2596 capilli
2992 2526 3107 2582 tui?
3156 2528 3279 2598 quid
3309 2529 3465 2586 vilius
3486 2530 3535 2585 in
3578 2545 3801 2601 corpore

2219 2627 2311 2675 tuo
2336 2619 2541 2690 capillis
2562 2618 2705 2674 tuis?
2732 2617 2858 2689 quid
2883 2619 3282 2688 contemptius?
3321 2620 3446 2690 quid
3494 2620 3750 2691 abjectins
3774 2622 3800 2677 ?

2220 2712 2288 2766 Et
2335 2719 2510 2766 tamen
2562 2710 2607 2764 si
2657 2709 2795 2765 male
2842 2718 2893 2765 te
2941 2709 3195 2775 tondeat,
3251 2710 3495 2766 irasceris
3542 2713 3789 2780 tonsori,

2219 2802 2344 2871 quia
2370 2801 2424 2855 in
2450 2801 2655 2871 capillis
2688 2801 2791 2855 tuis
2814 2814 2921 2856 non
2944 2808 3125 2856 servat
3148 2801 3503 2872 aequalitatem
3536 2819 3549 2856 :
3580 2812 3635 2857 et
3660 2812 3712 2858 tu
3742 2805 3798 2860 in

2219 2892 2478 2950 membris
2500 2892 2699 2948 Christi
2720 2908 2823 2948 non
2852 2902 3001 2949 tenes
3020 2894 3319 2949 unitatem?
3345 2894 3479 2963 Quid
3500 2905 3625 2951 sunt
3646 2912 3797 2969 ergo,

2217 2995 2309 3040 aut
2334 2986 2419 3040 cui
2451 2986 2525 3040 rei
2548 2996 2770 3055 prosunt
2790 2985 2991 3056 jejunia
3025 2985 3155 3040 tua?
3185 2986 3462 3058 Indignum
3490 2988 3656 3044 Deum
3699 3005 3800 3060 pu-

2216 3082 2332 3140 tas,
2361 3074 2447 3131 cui
2475 3076 2542 3132 ab
2565 3076 2811 3132 omnibus
2842 3075 2932 3147 qui
2982 3075 3036 3131 in
3066 3091 3188 3132 eum
3216 3076 3469 3143 credunt,
3503 3078 3554 3133 in
3596 3079 3798 3136 unitate

2215 3170 2520 3225 serviatur:
2550 3177 2605 3225 et
2633 3178 2809 3225 tamen
2836 3169 2918 3224 vis
2957 3170 3009 3223 in
3038 3168 3293 3224 membris
3323 3169 3427 3224 tuis
3445 3209 3461 3234 ,
3489 3170 3541 3224 in
3568 3184 3797 3241 corpore

2216 3268 2329 3327 tuo,
2345 3260 2395 3313 in
2413 3259 2621 3330 capillis
2641 3260 2744 3314 tuis
2762 3259 3013 3314 unitatem
3032 3258 3251 3314 servari.
3268 3258 3579 3330 Loquuntur
3594 3260 3795 3317 viscera

2215 3357 2326 3416 tua,
2347 3349 2583 3404 membra
2614 3358 2699 3403 tua
2721 3358 2905 3405 contra
2927 3358 2978 3404 te
3001 3348 3183 3405 dicunt
3205 3363 3387 3405 verum
3412 3350 3795 3420 testimonium,

2213 3449 2268 3496 et
2294 3449 2346 3495 tu
2377 3440 2567 3495 falsum
2595 3451 2777 3496 contra
2804 3442 3041 3497 membra
3064 3440 3303 3496 Christi?

2285 3531 2337 3587 9.
2374 3532 2684 3587 Discrevisri
2714 3541 2766 3587 te
2789 3545 2817 3585 a
2843 3532 3044 3601 jejunio
3073 3531 3453 3603 Paganorum?
3481 3532 3593 3590 Hoc
3620 3542 3793 3604 putas,

2212 3631 2267 3677 et
2318 3622 2439 3677 ideo
2489 3637 2707 3678 securus
2756 3623 2849 3678 tibi
2904 3623 3121 3679 videris.
3180 3624 3290 3695 Ego
3339 3625 3521 3691 enim,
3576 3626 3787 3695 inquis,

2211 3712 2422 3768 Christo
2447 3711 2628 3784 jejuno
2647 3754 2662 3779 ,
2692 3713 2763 3767 illi
2795 3723 2969 3768 autem
2997 3713 3150 3768 idolis
3171 3724 3226 3770 et
3250 3713 3545 3769 daemoniis.
3574 3715 3792 3785 Accipio

2211 3804 2351 3874 quod
2373 3804 2504 3859 dicis
2522 3844 2538 3869 ,
2567 3812 2621 3860 et
2647 3818 2831 3859 revera
2850 3844 2867 3871 ,
2912 3820 3017 3859 non
3044 3821 3179 3876 nego
3198 3846 3212 3871 ,
3241 3804 3523 3861 discretum
3551 3813 3651 3862 est.
3684 3806 3791 3862 Sed

2210 3911 2337 3951 ecce
2364 3895 2806 3967 quemadmodum
2832 3904 3019 3951 contra
3048 3905 3098 3952 te
3121 3896 3275 3967 paulo
3303 3906 3425 3951 ante
3452 3912 3535 3951 me
3555 3910 3795 3953 comme-
3828 3916 3837 3921 ί

2210 3998 2454 4044 morante
2473 4030 2489 4056 ,
2518 3987 2766 4044 dicebant
2791 3987 3154 4044 testimOnium
3184 3990 3417 4044 membra
3462 3996 3549 4043 tua
3567 4031 3583 4056 ,
3605 3998 3663 4043 ut
3691 3990 3793 4045 ad-

2209 4094 2483 4137 monerem
2516 4091 2567 4135 te
2591 4080 2761 4151 qualis
2779 4095 2899 4135 esse
2925 4079 3122 4135 debeas
3150 4095 3270 4135 cum
3311 4079 3567 4135 membris
3591 4079 3791 4136 Christi

2211 4172 2305 4229 Dei
2337 4174 2445 4235 tui;
2472 4182 2528 4228 et
2556 4172 2654 4242 ipsi
2712 4172 2945 4244 Pagani,
3002 4186 3032 4227 a
3062 4171 3252 4241 quibus
3277 4186 3496 4241 separas
3528 4172 3794 4243 jejunium

2209 4276 2355 4321 tuum
2379 4307 2397 4333 ,
2421 4266 2744 4322 admoneant
2774 4275 2824 4321 te
2851 4266 3048 4336 aliquid
3076 4266 3142 4321 de
3165 4267 3363 4321 unitate
3390 4265 3591 4323 Christi
3623 4269 3718 4322 tui.

2278 4357 2506 4415 CAPUT
2533 4358 2643 4413 VII.
2671 4388 2743 4399 —
2771 4357 3097 4429 Paganorum
3149 4359 3375 4430 ipsorum
3423 4360 3693 4415 concordia
3735 4361 3791 4415 in

2207 4449 2346 4503 cultu
2386 4447 2693 4520 litigantimn
2724 4449 2953 4504 deorum.
2982 4449 3117 4504 Ecce
3145 4448 3219 4503 illi
3247 4450 3448 4505 multos
3472 4450 3600 4505 deos
3630 4449 3792 4507 falsos

2207 4555 2312 4595 non
2334 4540 2485 4594 divisi
2511 4541 2730 4596 colunt:
2761 4539 3013 4611 numquid
3035 4556 3132 4595 nos
3162 4556 3321 4596 unum
3353 4556 3536 4596 verum
3567 4540 3687 4595 ideo
3708 4541 3792 4595 in-

2208 4630 2455 4684 venimus
2475 4671 2488 4693 ,
2537 4640 2595 4684 ut
2638 4630 2735 4683 sub
2777 4644 2883 4684 uno
2922 4630 2974 4684 in
3003 4630 3202 4685 unitate
3229 4645 3335 4686 non
3365 4631 3569 4685 simus?
3596 4630 3792 4687 Multos

2205 4719 2278 4774 illi
2304 4729 2356 4775 et
2386 4719 2575 4786 falsos,
2608 4736 2703 4774 nos
2729 4736 2892 4775 unum
2932 4728 2987 4776 et
3006 4737 3189 4777 verum
3222 4739 3236 4775 :
3267 4730 3321 4776 et
3351 4722 3428 4777 illi
3479 4722 3580 4779 sub
3610 4723 3793 4779 multis

2204 4812 2349 4867 falsis
2378 4827 2481 4866 non
2508 4811 2703 4867 habent
2740 4812 3053 4867 divisionem
3080 4853 3094 4877 ,
3125 4828 3225 4868 nos
3266 4814 3366 4868 sub
3391 4828 3499 4868 uno
3526 4828 3656 4869 vero
3681 4828 3788 4867 non

2204 4911 2447 4958 tenemus
2479 4905 2753 4959 unitatem.
2784 4902 2900 4959 Non
2943 4904 3091 4960 doles
3112 4947 3127 4972 ,
3159 4921 3263 4960 non
3305 4906 3501 4976 gemis,
3531 4920 3634 4960 non
3665 4921 3788 4960 eru-

2202 4993 2413 5049 boscis?
2445 4994 2597 5048 Aliud
2652 4994 2790 5048 addo
2821 5012 2833 5046 :
2866 5009 2970 5048 non
3007 4995 3179 5049 solum
3226 4997 3422 5051 multos
3449 4996 3579 5050 deos
3622 4995 3787 5051 falsos

2202 5084 2395 5154 Pagaui
2424 5084 2645 5148 colunt,
2677 5083 2772 5139 sed
2805 5083 3087 5155 plerosque
3116 5085 3214 5140 sibi
3261 5086 3557 5141 contrarios
3603 5094 3658 5141 et
3684 5087 3787 5141 ini-

2202 5177 2388 5232 micos.
2421 5176 2577 5232 Verbi
2601 5176 2770 5246 gratia
2796 5218 2811 5238 ,
2841 5191 3321 5233 commemoramus
3337 5180 3507 5248 aliqua
3526 5180 3784 5248 ipsorum,

2200 5268 2244 5322 si
2274 5275 2462 5322 cuncta
2495 5282 2599 5321 non
2629 5281 2911 5337 possumus
2942 5283 2955 5321 :
3011 5266 3265 5324 Hercules
3308 5278 3363 5324 et
3402 5269 3543 5324 Juno
3592 5269 3789 5325 inimici

2201 5355 2410 5410 luerunt
2433 5397 2447 5420 ,
2495 5356 2736 5413 homines
2762 5358 2903 5413 enim
2935 5357 3185 5423 fuerunt;
3221 5361 3489 5429 privignus
3520 5361 3607 5415 ille
3628 5401 3643 5426 ,
3694 5375 3789 5414 no-

2198 5461 2353 5501 verca
2384 5446 2472 5501 illa
2498 5462 2511 5500 :
2544 5448 2751 5519 utrique
2779 5464 2962 5504 eorum
2994 5450 3190 5518 Pagani
3217 5451 3408 5520 templa
3435 5451 3700 5511 fecerunt,
3735 5458 3788 5503 et

2197 5536 2392 5593 Junoni
2421 5546 2477 5593 et
2498 5537 2731 5594 Herculi.
2765 5540 3003 5596 Adorant
3024 5543 3169 5596 illum
3196 5585 3208 5607 ,
3244 5544 3463 5597 adorant
3489 5544 3630 5597 illam
3656 5558 3671 5607 ;
3702 5555 3786 5611 pa-

2196 5631 2327 5687 riter
2371 5639 2505 5687 eunt
2530 5630 2597 5688 ad
2638 5632 2929 5699 lunonem,
2962 5634 3162 5704 pariter
3206 5636 3275 5689 ad
3326 5636 3603 5691 Herculem
3638 5653 3651 5689 :
3683 5635 3786 5689 illis

2196 5726 2298 5783 sibi
2330 5726 2479 5783 iratis
2498 5766 2515 5796 ,
2543 5723 2835 5783 concordes
2858 5734 3000 5782 sunt.
3032 5723 3300 5783 Vulcanus
3324 5738 3376 5783 et
3416 5726 3555 5783 Mars
3584 5725 3781 5781 inimici
