4102 6336
304 570 456 631 sunt,
488 567 543 617 et
564 558 761 631 justam
789 568 1004 614 causam
1034 552 1194 610 habet
1216 552 1477 609 Vulcanus
1511 572 1524 610 :
1573 553 1669 609 sed
1693 553 1758 609 da
1793 552 1882 623 ju-

306 656 472 712 diccm
501 649 800 725 quiaudiat.
832 648 955 705 Odit
976 648 1118 704 enim
1144 646 1307 701 miser
1320 646 1503 701 uxoris
1527 645 1882 712 adulterium;

306 762 401 804 nec
423 754 599 801 tamen
626 742 785 799 audet
811 740 1045 797 cultores
1066 752 1191 795 suos
1214 753 1246 794 a
1271 737 1447 793 Martis
1475 738 1673 809 templo
1699 737 1885 810 prohi-

308 839 449 895 bere.
482 837 649 891 Simul
670 834 895 890 adorant
916 832 1063 887 illum
1091 841 1145 887 et
1170 831 1343 885 illum.
1363 830 1418 885 Si
1437 830 1709 885 imitantur
1731 829 1882 897 deos,

309 929 512 997 litigant
539 938 592 983 et
620 926 742 996 ipsi.
798 924 939 980 Eunt
982 923 1051 979 de
1080 922 1279 993 templo
1315 920 1497 977 Martis
1535 920 1601 976 ad
1634 921 1887 991 templum

310 1019 567 1075 Vulcani:
602 1033 790 1089 magna
846 1016 1169 1088 indignitas!
1204 1030 1303 1071 nec
1353 1024 1531 1070 tamen
1582 1016 1771 1071 timent
1821 1028 1891 1069 ne

310 1111 403 1166 sibi
433 1110 692 1165 irascatur
738 1109 959 1163 maritus
979 1149 993 1174 ,
1022 1105 1163 1178 quod
1188 1106 1253 1161 ad
1280 1121 1400 1162 eum
1431 1106 1640 1161 venitur
1664 1105 1730 1160 de
1758 1114 1894 1159 tem-

311 1205 395 1274 plo
422 1202 602 1258 Martis
623 1202 870 1257 adulteri.
900 1200 1107 1257 Habent
1134 1215 1228 1256 cor
1250 1242 1265 1266 ,
1303 1201 1474 1256 sciunt
1500 1200 1728 1270 lapidem
1767 1214 1894 1253 sen-

313 1297 408 1351 tire
435 1311 538 1351 non
573 1310 747 1365 posse.
774 1294 912 1349 Ecce
938 1293 1175 1349 colentes
1203 1292 1401 1347 multos
1425 1333 1439 1357 ,
1489 1291 1648 1346 falsos
1670 1333 1683 1354 ,
1715 1290 1895 1345 diver-

313 1402 398 1443 sos
419 1429 433 1453 ,
466 1386 719 1442 adversos
742 1428 757 1454 ,
788 1393 969 1441 tenent
990 1394 1164 1439 tamen
1191 1384 1243 1438 in
1283 1384 1361 1439 eis
1390 1382 1627 1439 colendis
1657 1382 1899 1453 qualem-

313 1496 536 1552 cumque
567 1480 823 1535 unitatem
849 1498 862 1533 :
892 1494 1020 1535 ecce
1044 1479 1225 1534 dicunt
1250 1486 1432 1533 contra
1459 1487 1508 1532 te
1534 1474 1897 1532 testimonium

314 1582 366 1628 et
386 1573 485 1643 ipsi
512 1572 795 1643 Pagani,a
826 1572 1018 1641 quibus
1073 1578 1158 1625 tua
1203 1569 1402 1641 jejunio
1448 1567 1726 1639 scparasti.
1764 1565 1899 1622 Veni

317 1678 439 1734 ergo
460 1662 526 1718 ad
548 1662 805 1717 unitatem
831 1703 844 1728 ,
874 1662 1056 1717 frater.
1078 1659 1253 1717 Unum
1286 1660 1450 1715 Deum
1473 1659 1698 1714 colimus
1722 1676 1735 1713 :
1766 1673 1901 1713 nun-

315 1767 471 1824 quam
499 1753 711 1809 Patrem
735 1760 791 1809 et
820 1751 1012 1808 Filium
1035 1751 1265 1807 vidimus
1291 1750 1577 1822 litigantes.
1615 1749 1725 1806 Nec
1770 1748 1903 1804 mihi

316 1847 512 1919 Pagani
550 1852 934 1912 succenseant,
981 1844 1123 1916 quod
1178 1844 1293 1899 haec
1330 1843 1439 1899 dixi
1466 1842 1534 1899 de
1562 1843 1665 1898 diis
1692 1857 1898 1898 eorum.

317 1940 490 2006 Quare
515 1938 656 1994 enim
686 1937 986 1994 irascantur
1003 1936 1181 1993 verbis
1208 1935 1341 1991 meis
1367 1977 1382 2002 ,
1408 1943 1461 1990 et
1491 1949 1595 1990 non
1619 1933 1795 2004 potius
1814 1932 1902 1988 lit-

319 2034 445 2088 teris
470 2031 620 2087 suis?
648 2031 770 2087 lllas
793 2030 943 2102 prius
966 2072 980 2099 ,
1012 2030 1057 2085 si
1090 2037 1346 2102 possunt,
1402 2028 1539 2095 imo,
1593 2031 1639 2084 si
1681 2026 1901 2095 volunt,

320 2123 527 2179 deleant
544 2141 558 2178 :
578 2138 686 2179 non
712 2123 791 2179 eis
809 2120 1063 2178 docendis
1075 2119 1405 2192 grammatici
1423 2119 1539 2175 vela
1555 2115 1901 2188 su3pendant.

325 2214 570 2270 irascitur
590 2214 720 2270 mihi
756 2214 878 2285 quia
908 2228 1007 2284 ego
1051 2212 1201 2279 dico,
1238 2212 1326 2283 qui
1370 2211 1463 2266 dat
1510 2208 1811 2266 mercedem
1849 2215 1909 2263 ut

324 2304 458 2360 ﬁlius
488 2306 651 2375 ipsius
679 2305 867 2360 discat.

392 2396 617 2453 CAPUT
642 2396 774 2451 Vill.
804 2426 872 2436 -—
901 2396 985 2452 10.
1014 2394 1212 2469 Pagani
1230 2395 1631 2453 Christianorum
1656 2392 1910 2449 discordia

324 2490 525 2542 avocari
573 2504 605 2540 a
632 2488 904 2543 christiana
956 2489 1199 2560 religione
1243 2506 1341 2544 non
1391 2486 1588 2542 debent.
1637 2485 1907 2553 Charitas,

323 2581 459 2648 vita;
484 2580 727 2635 dissensio
751 2623 765 2647 ,
809 2598 964 2635 mors.
1015 2580 1188 2651 Ergo,
1222 2579 1521 2635 charissimi
1544 2621 1557 2645 ,
1593 2577 1667 2632 illi
1694 2577 1909 2648 quidem

325 2672 457 2728 tales
481 2672 612 2728 deos
641 2672 871 2740 habent,
902 2672 987 2728 vel
1040 2672 1216 2742 potius
1242 2671 1559 2727 habuerunt.
1602 2670 1733 2737 Quia
1766 2669 1909 2725 enim

325 2766 423 2836 ipsi
447 2782 540 2823 eos
560 2767 815 2823 deserere
844 2768 1130 2823 noluerunt
1153 2808 1168 2833 ,
1210 2767 1278 2821 ab
1308 2767 1387 2821 eis
1430 2764 1627 2821 deserti
1671 2773 1810 2819 sunt.
1845 2764 1912 2819 Et

324 2859 474 2914 multi
499 2860 853 2918 deseruerunt
877 2875 970 2916 eos
994 2903 1008 2927 ,
1038 2869 1092 2916 et
1119 2858 1292 2915 adhuc
1313 2858 1602 2924 deserunt,
1655 2856 1913 2927 dejieiunt

325 2953 524 3025 templa
551 2968 737 3011 eorum
772 2955 825 3009 in
854 2953 1108 3010 cordibus
1156 2953 1313 3009 suis:
1344 2952 1437 3008 sed
1482 2950 1807 3023 gaudeamus
1845 2950 1914 3006 de

326 3042 460 3113 illis,
491 3046 614 3116 quia
636 3046 854 3102 veniunt
877 3045 942 3101 ad
970 3046 1228 3101 unitatem
1249 3086 1265 3113 ,
1311 3059 1418 3099 non
1462 3045 1529 3099 ad
1572 3043 1911 3098 divisionem.

324 3134 441 3192 Non
490 3137 726 3194 inveniat
778 3152 1017 3208 paganus
1065 3136 1401 3193 occasionem
1449 3150 1552 3206 qua
1602 3135 1736 3190 nolit
1794 3149 1914 3190 esse

325 3227 666 3285 ehristianus.
700 3228 1101 3285 Concordemus
1126 3271 1141 3298 ,
1191 3228 1421 3295 fratres,
1471 3226 1710 3281 colentes
1746 3240 1914 3279 unum

327 3318 496 3374 Deum
522 3362 537 3389 ,
565 3330 621 3376 ut
655 3328 710 3376 et
734 3320 854 3375 illos
883 3320 1130 3376 deserere
1180 3318 1378 3374 multos
1406 3317 1536 3373 deos
1568 3316 1914 3375 exhortemur

326 3409 554 3479 quodam
599 3410 760 3466 modo
804 3418 986 3466 nostra
1030 3408 1315 3466 concordia
1344 3451 1359 3476 ,
1414 3416 1471 3463 ut
1521 3407 1588 3462 ad
1618 3422 1802 3477 pacem
1862 3415 1916 3463 et

326 3502 394 3557 ad
446 3504 698 3559 unitatem
743 3503 961 3559 veniant
1009 3501 1219 3558 colendi
1271 3512 1435 3556 unum
1496 3498 1686 3555 Deum.
1746 3498 1815 3553 Et
1868 3498 1914 3553 si

329 3592 464 3649 forte
496 3594 804 3664 fastidiunt,
856 3604 910 3651 et
945 3595 1071 3650 hinc
1103 3593 1259 3649 nobis
1297 3592 1689 3649 calumniantur
1716 3632 1731 3659 ,
1771 3592 1915 3662 quod

326 3684 585 3740 unitatem
616 3686 757 3742 inter
783 3700 881 3742 nos
903 3685 1194 3742 Christiani
1222 3700 1328 3741 non
1367 3684 1627 3740 habemus
1646 3725 1660 3751 ,
1711 3691 1766 3739 et
1792 3683 1916 3740 inde

328 3783 453 3830 sunt
479 3776 614 3831 tardi
643 3784 700 3833 ct
722 3777 854 3848 pigri
875 3792 945 3833 ne
968 3777 1188 3833 veniant
1211 3775 1278 3831 ad
1303 3775 1530 3832 salutem
1556 3791 1571 3842 ;
1601 3774 1844 3847 alloquar
1863 3784 1917 3831 et

329 3865 474 3936 ipsos
494 3868 764 3937 paululum
785 3909 802 3938 ,
823 3877 877 3925 et
901 3867 1075 3925 dicam
1090 3910 1106 3937 ,
1138 3866 1281 3939 quod
1304 3866 1383 3923 eis
1411 3866 1621 3923 dicatis.
1636 3863 1752 3921 Non
1781 3881 1915 3936 pra:-

328 3959 506 4017 ferant
533 3962 687 4017 nobis
712 3963 862 4033 quasi
890 3961 1232 4018 concordiam
1260 3974 1409 4015 suam
1430 4001 1445 4027 ,
1490 3975 1596 4014 non
1651 3958 1752 4014 sibi
1802 3967 1918 4013 tan-

328 4068 491 4123 quam
517 4053 586 4109 de
608 4054 807 4110 unitate
833 4070 928 4110 sua
973 4052 1240 4125 placeant.
1272 4051 1492 4108 Hostem
1535 4051 1730 4123 quippe
1759 4066 1915 4123 quem

326 4147 563 4216 patimur
580 4188 595 4213 ,
626 4146 700 4202 illi
727 4162 832 4202 non
858 4146 1133 4217 patiuntur
1163 4164 1176 4201 :
1205 4145 1329 4201 illos
1352 4154 1409 4202 et
1434 4158 1542 4200 non
1570 4144 1672 4200 ista
1699 4153 1918 4216 agentes

328 4238 446 4310 ipse
473 4240 729 4313 possidet.
748 4240 906 4297 Videt
930 4255 1025 4297 eos
1052 4240 1366 4297 adoratores
1389 4240 1639 4295 falsorum
1662 4237 1914 4305 deorum;

326 4333 475 4387 videt
497 4348 592 4389 eos
611 4347 795 4389 servos
810 4373 826 4403 ,
853 4340 909 4390 et
931 4347 1117 4389 servos
1140 4331 1526 4387 daemoniorum
1543 4329 1668 4402 quid
1690 4330 1765 4386 illi
1786 4330 1919 4385 lucri

329 4432 415 4480 est
439 4424 562 4495 quia
590 4424 826 4495 litigant,
857 4431 947 4478 aut
994 4423 1120 4496 quid
1145 4422 1325 4480 damni
1370 4431 1456 4479 est
1502 4422 1627 4493 quia
1661 4437 1769 4477 non
1815 4422 1920 4477 liti-

328 4525 458 4586 gant
475 4516 501 4570 ?
525 4516 595 4573 Et
620 4532 786 4573 unum
809 4517 1053 4589 quamvis
1080 4516 1271 4572 falsum
1303 4523 1358 4571 et
1376 4530 1571 4571 vanum
1602 4514 1915 4585 sentientes,

331 4608 543 4679 sibique
562 4609 962 4666 consentientes
985 4651 1001 4678 ,
1033 4609 1111 4664 sic
1138 4621 1232 4665 eos
1256 4606 1512 4679 possidet.
1542 4608 1613 4662 At
1644 4622 1772 4662 vero
1798 4622 1919 4662 cum

332 4700 671 4758 desereretur
690 4745 706 4769 ,
736 4712 790 4761 et
819 4702 972 4760 multi
1003 4702 1070 4759 ad
1097 4718 1263 4758 unum
1291 4702 1458 4758 Deum
1497 4711 1877 4758 concurrerent
1901 4743 1919 4769 ,

330 4795 449 4865 ejus
472 4795 728 4868 sacrilega
749 4807 1082 4855 sacramenta
1111 4797 1421 4853 desererent
1445 4838 1459 4863 ,
1489 4796 1683 4867 templa
1714 4806 1923 4854 everte-

330 4897 487 4955 rent,
519 4888 660 4944 idola
686 4888 1023 4963 frangerent,
1050 4889 1311 4946 sacrificia
1353 4888 1737 4962 prohiberent;
1790 4888 1923 4945 vidit

331 4994 393 5035 se
436 4981 736 5053 perdidisse
763 4997 898 5055 quos
927 4982 1180 5052 tenebat,
1210 4982 1343 5039 vidit
1381 4998 1409 5037 a
1439 4998 1536 5039 sua
1579 4980 1779 5037 familia
1829 4996 1922 5038 re-

329 5073 590 5142 cessisse,
621 5090 808 5131 verum
853 5075 1022 5130 Deum
1074 5075 1391 5145 cognovisse
1434 5091 1447 5128 :
1498 5073 1623 5146 quid
1672 5072 1922 5129 faceret?

329 5166 602 5237 quomodo
628 5167 1001 5224 insidiaretur?
1028 5166 1335 5223 Concordes
1358 5181 1459 5222 nos
1502 5167 1603 5223 scit
1627 5165 1769 5238 quod
1793 5180 1920 5237 pos-

328 5261 510 5317 sidere
556 5277 664 5318 non
692 5262 889 5333 possit,
932 5277 1097 5317 unum
1148 5262 1316 5316 Deum
1347 5259 1501 5315 nobis
1542 5259 1786 5317 dividere
1814 5276 1921 5317 non

329 5363 544 5424 potest,
574 5355 737 5412 falsos
788 5356 920 5413 deos
975 5354 1131 5411 nobis
1180 5367 1485 5430 supponere
1537 5368 1644 5409 non
1693 5362 1918 5425 potest;

328 5448 497 5502 sentit
525 5462 647 5504 esse
665 5448 831 5504 vitam
877 5455 1113 5504 nostram
1136 5445 1489 5512 charitatem,
1540 5454 1769 5503 mortem
1814 5462 1917 5503 no-

328 5549 499 5595 Stram
527 5541 919 5598 dissensionem
960 5557 975 5596 :
1007 5541 1130 5597 lites
1157 5538 1379 5595 immisit
1404 5539 1543 5593 inter
1565 5536 1919 5606 Christianos,

329 5633 456 5702 quia
483 5633 681 5689 multos
726 5632 859 5689 deos
903 5646 1012 5689 non
1053 5631 1226 5703 potuit
1266 5628 1529 5685 fabricare
1566 5627 1922 5697 Christianis;

331 5735 509 5781 sectas
538 5726 908 5797 multiplicavit
927 5768 942 5794 ,
965 5740 1180 5783 errores
1207 5721 1530 5789 seminavit,
1562 5722 1794 5777 haereses
1837 5723 1923 5777 in-

332 5817 525 5871 stituit.
555 5817 661 5874 Sed
704 5816 961 5890 quidquid
999 5816 1151 5883 fecit,
1193 5814 1262 5873 de
1289 5815 1441 5887 palea
1471 5812 1739 5870 dominica
1774 5811 1920 5871 fecit.

334 5908 477 5970 Ecce
495 5910 753 5969 securitas
780 5911 937 5968 nobis
962 5916 1078 5980 est,
1098 5909 1224 5966 licet
1247 5908 1340 5967 illo
1369 5908 1650 5981 saeviente,
1679 5907 1804 5967 licet
1829 5906 1921 5969 illo

577 6004 804 6073 Sacr.
848 6005 1133 6070 Auens'r.
1166 6002 1278 6071 VI.

1393 420 1623 495 SERMO
1665 431 1753 492 DE
1795 418 2158 492 mturare
2196 420 2464 491 JEJUNII.

3477 434 3584 492 7H

1992 548 2313 617 insidiante,
2353 556 2409 605 et
2451 546 2815 605 dissensiones
2862 547 3042 605 varias
3087 550 3227 607 inter
3249 550 3583 610 Christianos

1992 642 2336 698 seminante:
2380 641 2426 696 si
2469 641 2636 697 Deum
2680 650 2922 698 nostrum
2951 655 3337 713 agnoscamus,
3379 646 3423 699 si
3451 660 3587 700 con-

1994 733 2225 789 corditer
2248 742 2519 790 teneamus
2546 775 2561 802 ,
2593 733 2640 789 si
2663 733 2820 790 fidem
2850 748 3147 801 servemus,
3175 735 3350 790 securi
3378 750 3583 790 sumus.

1996 823 2214 881 Fratres
2234 866 2248 892 ,
2274 823 2596 881 frumentum
2626 824 2694 881 de
2714 840 2839 880 area
2865 833 2957 880 aut
2980 840 3087 880 non
3114 826 3349 892 recedit,
3384 836 3472 881 aut
3506 844 3589 879 rc—

1998 916 2109 971 dit:
2139 916 2337 987 aliquid
2366 917 2637 987 palearum
2668 918 2841 973 aufert
2861 928 3053 973 ventus
3076 918 3385 974 tentatiouis
3406 961 3419 985 ,
3447 920 3586 973 unde

2000 1010 2153 1066 nobis
2185 1010 2339 1065 faciat
2367 1025 2471 1065 non
2496 1010 2633 1064 viam
2666 1010 2976 1081 perditionis
2998 1052 3013 1078 ,
3044 1011 3138 1066 sed
3164 1027 3297 1081 opus
3330 1014 3592 1068 exercita-

2002 1103 2181 1158 tionis.
2214 1099 2475 1171 Quantam
2502 1119 2631 1159 vero
2650 1104 2855 1173 paleam
2888 1119 2991 1161 non
3019 1104 3159 1160 tollit
3182 1104 3325 1160 foras
3349 1147 3362 1170 ,
3396 1114 3449 1159 et
3474 1105 3587 1175 ipsa

2001 1203 2176 1251 tamen
2204 1194 2255 1249 in
2282 1195 2469 1250 ultimo
2496 1196 2798 1252 ventilanda
2827 1206 2948 1253 est:
2982 1204 3037 1252 et
3064 1213 3168 1253 non
3200 1198 3241 1253 it
3294 1207 3401 1253 tota
3437 1199 3589 1267 palea

2002 1286 2106 1341 nisi
2134 1287 2184 1341 in
2214 1287 2410 1357 ignem.
2435 1289 2693 1359 Satagere
2712 1303 2840 1359 ergo
2865 1288 3125 1343 debemus
3145 1330 3159 1354 ,
3202 1288 3396 1344 fratres
3436 1290 3539 1345 mci
3568 1329 3587 1356 ,

2002 1392 2124 1433 cum
2150 1388 2361 1449 tempus
2408 1388 2491 1434 est
2515 1419 2528 1445 ,
2558 1380 2772 1450 quantis
2804 1394 3090 1450 possumus
3114 1380 3312 1435 viribus
3336 1424 3349 1446 ,
3395 1391 3595 1450 quanta

2006 1484 2289 1540 possumus
2315 1471 2628 1538 intentione,
2658 1479 2715 1526 ut
2751 1471 2796 1527 si
2828 1472 2942 1528 fieri
2970 1481 3163 1544 potest,
3196 1482 3250 1528 et
3276 1474 3425 1544 palea
3474 1475 3597 1531 red-

2004 1571 2111 1629 eat,
2148 1561 2273 1617 dum
2304 1563 2571 1618 frumenta
2600 1578 2708 1618 non
2756 1572 2998 1635 pereant.
3033 1565 3255 1621 Dilectio
3296 1574 3477 1621 nostra
3508 1566 3597 1621 hic

2008 1655 2297 1725 probatur,
2342 1671 2593 1727 magnum
2639 1671 2774 1727 opus
2831 1657 2953 1712 vita:
3002 1664 3203 1713 nostrae
3257 1659 3596 1729 proponitur.

2006 1746 2123 1803 Non
2150 1763 2248 1804 nos
2266 1748 2629 1805 inveniremus
2648 1790 2662 1816 ,
2690 1758 2946 1820 quantum
2971 1750 3167 1808 fratres
3198 1750 3512 1823 diligamus,
3550 1753 3602 1809 si

2007 1854 2167 1895 nemo
2208 1840 2596 1910 periclitaretur
2641 1859 2655 1895 :
2706 1856 2814 1898 non
2855 1852 3137 1914 appareret
3195 1853 3392 1915 quanta
3454 1855 3602 1902 esset

2008 1928 2221 1987 dilectio
2268 1931 2623 2003 inquisitionis
2658 1974 2675 2003 ,
2721 1934 2767 1990 si
2808 1934 2941 1989 nihil
2992 1942 3199 1992 teneret
3225 1936 3451 2008 abyssus
3471 1954 3600 2009 per-

2009 2025 2245 2082 ditionis.
2960 2080 2965 2087 .

2080 2116 2306 2176 CAPUT
2332 2120 2525 2176 lX.-—i
2540 2122 2561 2176 l
2576 2160 2589 2176 .
2609 2119 2874 2193 Agendum
2901 2121 3131 2178 omnibus
3154 2122 3319 2179 modis
3336 2132 3392 2178 ut
3410 2125 3480 2179 ad
3494 2125 3604 2182 uni-

2012 2221 2164 2266 tatem
2184 2212 2648 2268 rcdeanthazretici.
2678 2212 3005 2269 Piscatorum
3034 2225 3081 2269 et
3109 2226 3404 2271 venatorum
3439 2220 3605 2290 oﬁcia

2013 2301 2228 2357 diversa.
2253 2302 2605 2371 Laborenius,
2626 2303 2837 2373 fratres,
2858 2321 2961 2360 non
2989 2320 3283 2374 cessemus,
3304 2309 3449 2363 omni
3471 2326 3605 2380 ope-

2013 2409 2092 2460 re,
2113 2395 2258 2449 omni
2280 2395 2472 2451 sudore
2492 2438 2505 2461 ,
2536 2396 2731 2451 affectu
2762 2398 2849 2467 pio
2867 2396 2933 2452 ad
2958 2398 3121 2453 Deum
3142 2440 3157 2467 ,
3188 2398 3255 2455 ad
3279 2400 3398 2456 illos
3418 2442 3433 2469 ,
3464 2402 3607 2459 inter

2014 2503 2141 2553 nos,
2172 2504 2242 2544 ne
2267 2488 2479 2543 illorum
2511 2498 2746 2545 veterem
2774 2490 2918 2546 litem
2946 2492 3125 2562 sopire
3155 2493 3396 2550 volentes
3416 2536 3429 2561 ,
3464 2496 3607 2551 inter

2019 2595 2118 2636 nos
2152 2596 2319 2637 novas
2346 2582 2489 2637 rixas
2529 2581 2789 2639 faciamus
2838 2602 2853 2638 :
2899 2594 2955 2640 et
3002 2592 3127 2640 ante
3152 2586 3331 2641 omnia
3360 2589 3500 2643 eauti
3526 2589 3607 2644 si-

2016 2688 2135 2729 mus
2162 2671 2302 2728 inter
2336 2688 2434 2729 nos
2463 2674 2607 2744 ipsos
2640 2684 2821 2731 tenere
2847 2673 3206 2731 firmissimam
3236 2677 3603 2736 dilectionem.

2016 2763 2097 2819 illi
2124 2765 2434 2835 gelaverunt
2460 2766 2513 2820 in
2555 2767 2920 2837 iniquitatibus
2945 2768 3057 2823 suis
3086 2786 3100 2822 :
3125 2770 3394 2837 quomodo
3433 2772 3486 2826 in
3522 2771 3606 2828 eis

2017 2864 2075 2912 tu
2113 2857 2290 2913 solves
2319 2858 2541 2929 glaciem
2575 2858 2865 2927 iniquitatis
2886 2901 2899 2926 ,
2946 2860 2992 2914 si
3022 2874 3127 2914 non
3159 2860 3350 2916 ardcas
3390 2861 3608 2918 flamma

2016 2949 2330 3007 charitatis?
2372 2950 2483 3007 Nec
2520 2967 2767 3007 curemus
2806 2951 2950 3023 quod
2997 2953 3075 3007 eis
3122 2955 3333 3009 molesti
3358 2944 3609 3012 videmur

2017 3041 2387 3112 compellendo
2420 3060 2434 3096 :
2463 3043 2798 3098 attendamus
2832 3058 2971 3113 quo;
3001 3044 3052 3097 in
3099 3059 3164 3099 eo
3188 3049 3361 3101 securi
3388 3047 3557 3103 simus
3589 3065 3603 3101 :

2018 3132 2274 3203 numquid
2302 3133 2443 3188 enim
2470 3133 2535 3187 ad
2581 3144 2807 3189 mortem
2833 3176 2848 3200 ,
2898 3142 2951 3189 et
2992 3149 3097 3190 non
3130 3137 3302 3206 potius
3329 3153 3359 3192 a
3389 3148 3563 3195 morte
3581 3138 3607 3192 ?

2016 3224 2246 3282 Omnino
2292 3226 2713 3297 quibuscumque
2759 3227 2932 3282 modis
2978 3242 3294 3298 possumus,
3345 3231 3441 3286 sed
3493 3247 3611 3287 mo-

2017 3317 2167 3374 deste
2187 3360 2201 3384 ,
2233 3326 2440 3373 vetusta
2467 3318 2688 3373 vulnera
2714 3327 3099 3388 pertractemus
3130 3338 3142 3373 :
3172 3330 3226 3378 et
3249 3323 3389 3377 cauti
3416 3324 3605 3391 simus,

2018 3426 2087 3464 ne
2126 3409 2265 3466 inter
2307 3424 2496 3464 manus
2553 3410 2745 3465 medici
2802 3410 3014 3466 deficiat
3050 3412 3141 3482 qui
3194 3424 3427 3469 curatur.
3468 3414 3611 3484 Quid

2019 3503 2198 3573 itaque
2225 3503 2516 3559 curandum
2551 3504 2704 3558 nobis
2743 3512 2825 3559 cst
2868 3504 2989 3575 quia
3020 3506 3193 3575 plorat
3235 3524 3366 3577 puer
3407 3508 3495 3579 qui
3541 3509 3610 3564 ad

2018 3593 2255 3650 scholam
2282 3594 2529 3650 ducitur?
2557 3594 2906 3666 Cogitandum
2938 3598 3095 3652 nobis
3124 3606 3207 3653 est
3245 3599 3367 3669 quia
3398 3600 3635 3671 repellit,

2020 3704 2209 3743 manus
2237 3688 2431 3744 medici
2458 3690 2547 3759 qui
2587 3688 2837 3743 secatur?
2866 3689 3166 3745 Piscatores
3210 3691 3424 3746 fuerunt
3467 3694 3610 3765 Apo-

2019 3781 2175 3847 stoli,
2220 3791 2275 3838 et
2312 3783 2568 3838 Dominus
2594 3782 2728 3838 dixit
2782 3784 2893 3850 eis,
2946 3781 3160 3840 Faciant
3200 3802 3285 3840 vos
3336 3787 3611 3857 piscatores

2021 3878 2282 3932 hominum
2315 3877 2528 3948 (Matth.
2557 3892 2613 3932 1v
2635 3919 2649 3945 ,
2681 3877 2794 3947 19).
2827 3878 2930 3933 Per
2954 3877 3267 3949 prephetatn
3308 3886 3485 3935 autem
3530 3881 3614 3936 di—

2021 3973 2163 4029 citur
2190 3970 2331 4042 quod
2378 3971 2522 4026 Deus
2576 3970 2750 4040 primo
2801 3973 3094 4039 piscatores
3147 3979 3263 4026 erat
3314 3962 3633 4041 missurus,‘

2022 4071 2208 4134 postea
2237 4069 2521 4117 venatores
2552 4059 2768 4131 (Jerem.
2800 4076 2894 4115 va
2914 4101 2929 4127 ,
2963 4060 3076 4133 16).
3108 4062 3287 4116 Primo
3318 4061 3613 4132 piscatores

2021 4155 2200 4217 misit,
2248 4162 2435 4224 postea
2484 4161 2763 4209 venatores
2809 4152 2992 4206 mittit.
3046 4151 3221 4220 Quare
3281 4155 3611 4223 piscatores,

2023 4260 2188 4317 quare
2231 4246 2547 4301 venatores?
2594 4244 2668 4298 De
2692 4244 2887 4314 abysso
2926 4251 2982 4298 et
3012 4242 3275 4313 profundo
3328 4244 3490 4299 maris
3519 4260 3613 4299 su-

2021 4338 2355 4410 perstitionis
2376 4337 2690 4393 idololatrite
2718 4335 2997 4391 credentes
3027 4335 3215 4406 piscati
3245 4348 3371 4392 sunt
3408 4337 3615 4393 retibus

2024 4432 2168 4488 fidei.
2200 4431 2495 4487 Venatores
2520 4436 2695 4485 autem
2726 4443 2832 4496 quo
2874 4426 3025 4483 missi
3066 4429 3227 4484 sunt?
3254 4429 3385 4485 Cum
3414 4430 3490 4484 illi
3518 4444 3615 4484 va-

2022 4531 2276 4596 garentur
2300 4538 2398 4593 per
2426 4528 2636 4577 montes
2666 4528 2722 4576 et
2741 4520 2906 4576 colles
2924 4562 2939 4588 ,
2968 4519 3020 4576 id
3043 4529 3127 4577 est
3145 4562 3160 4589 ,
3190 4536 3286 4593 per
3331 4521 3613 4592 superbias

2025 4615 2299 4671 hominum
2320 4656 2334 4682 ,
2366 4629 2462 4685 per
2491 4620 2731 4669 tumores
2768 4621 3055 4668 terrarum.
3084 4613 3236 4669 Mons
3265 4627 3400 4667 unus
3432 4612 3613 4669 Dona-

2027 4715 2112 4763 tus
2131 4749 2145 4776 ,
2170 4715 2223 4762 et
2251 4705 2387 4761 alius
2416 4720 2571 4762 mons
2600 4705 2788 4773 Arius;
2806 4704 2955 4761 'alter
2983 4720 3140 4762 mons
3168 4704 3449 4771 Photinus,
3473 4704 3611 4761 alter

2025 4813 2182 4855 mons
2205 4798 2441 4853 Novatus
2473 4815 2485 4851 :
2514 4812 2613 4870 per
2632 4798 2763 4854 istos
2787 4805 2999 4853 montes
3027 4797 3311 4863 errabant;
3342 4797 3615 4852 venatori-

2028 4891 2127 4948 bus
2149 4889 2419 4963 indigebat
2440 4904 2596 4948 error
2637 4891 2895 4962 ipsorum.
2930 4889 3053 4946 ideo
3082 4898 3136 4945 et
3164 4888 3445 4945 distributa
3490 4897 3619 4945 sunt

2028 4983 2202 5039 officia
2230 4983 2553 5055 piscatorum
2580 4990 2635 5039 et
2671 4986 3014 5048 venatorum,
3045 4996 3114 5037 ne
3142 4978 3282 5036 forte
3321 4980 3407 5035 isti
3435 4979 3623 5037 dicant

2030 5076 2184 5133 nobis
2214 5094 2227 5130 :
2258 5076 2436 5145 Quare
2481 5074 2723 5145 Apostoli
2770 5074 3038 5130 neminem
3084 5081 3413 5144 coegerunt,
3446 5073 3620 5128 nemi-

2030 5185 2153 5226 nem
2196 5169 2561 5240 impulerunt?
2604 5168 2739 5237 Quia
2784 5168 3021 5239 piscator
3048 5174 3167 5235 est,
3196 5166 3330 5222 retia
3362 5166 3525 5221 mittit
3564 5167 3621 5222 in

2029 5275 2209 5326 mare,
2240 5259 2381 5330 quod
2424 5258 2709 5315 incurrerit
2752 5258 2933 5314 trahit.
2961 5258 3197 5315 Venator
3236 5267 3413 5314 autem
3459 5259 3616 5318 silvas

2029 5354 2222 5426 cingit,
2269 5361 2452 5411 sentes
2478 5354 2711 5420 excutit,
2745 5352 3041 5409 terroribus
3082 5352 3317 5426 undique
3363 5353 3625 5424 multipli-

2029 5448 2160 5504 catis
2188 5446 2329 5518 cogit
2377 5446 2430 5500 in
2484 5446 2637 5501 retia.
2666 5444 2744 5501 Ne
2795 5446 2895 5501 hac
2941 5452 3060 5512 cat,
3084 5461 3154 5502 ne
3177 5446 3297 5501 illac
3335 5455 3463 5502 eat:
3498 5446 3624 5503 inde

2030 5554 2252 5595 occurre
2272 5581 2285 5605 ,
2319 5537 2443 5594 inde
2469 5537 2647 5606 cmde,
2674 5537 2798 5594 inde
2828 5547 3003 5607 terre;
3033 5555 3140 5594 non
3184 5549 3374 5608 exeat,
3403 5556 3510 5597 non
3540 5542 3625 5597 ef-

2030 5629 2213 5703 fugiat.
2242 5629 2347 5687 Sed
2376 5630 2506 5685 retia
2534 5639 2715 5685 nostra
2742 5631 2850 5686 vita
2876 5640 2959 5688 est
2978 5673 2993 5699 ,
3023 5640 3227 5690 tantum
3248 5634 3466 5692 dilectio
3491 5650 3619 5691 conc

2030 5731 2291 5778 servetur.
2334 5722 2443 5778 Nec
2484 5722 2729 5778 attendas
2757 5739 2917 5795 quam
2946 5724 3021 5779 illi
3072 5726 3148 5781 sis
3192 5726 3489 5793 molestus,
3522 5725 3622 5780 sed

2029 5829 2190 5886 quam
2222 5815 2316 5872 tibi
2340 5816 2431 5877 ille
2454 5816 2527 5876 sit
2553 5816 2800 5876 dilectus.
2829 5818 3013 5887 Qualis
3039 5819 3210 5891 pietas
3230 5860 3247 5889 ,
3278 5820 3325 5878 si
3361 5817 3537 5892 parcis
3562 5824 3621 5877 et

2034 5904 2292 5969 moritur?

2866 6005 3376 6089 (Vingt-trois.)
