4102 6336
481 388 591 448 715

550 505 775 563 CAPUT
804 499 1038 561 X.——12.
1068 496 1364 556 Similitudo
1382 499 1563 553 docens
1586 498 1783 570 pietatis
1808 515 1933 565 esse,
1965 515 2077 551 cum

480 602 727 659 haereticis
754 599 1015 655 obstinatis
1040 613 1141 652 non
1168 595 1398 669 parcitur
1424 636 1440 662 ,
1469 610 1531 647 ne
1556 601 1782 664 pereant.
1817 591 2031 647 Fratres
2057 634 2070 657 ,

480 696 619 753 hanc
647 696 806 752 etiam
834 691 1169 751 considerate
1224 688 1677 759 comparationem
1725 694 1779 742 et
1823 685 2076 743 similitu-

479 787 662 845 dinem
697 801 842 844 :una
891 784 1035 843 enim
1079 797 1167 839 res
1209 780 1407 837 multas
1454 777 1830 835 similitudines
1875 777 2076 832 habere

479 890 676 954 potest.
709 881 783 936 Ea
836 876 1139 935 conditione
1191 881 1484 930 nascuntur
1525 871 1791 938 homines,
1852 877 1910 925 ut
1953 869 2080 924 velit

480 976 584 1034 sibi
613 974 785 1031 omnis
811 974 970 1030 homo
998 986 1028 1027 a
1051 969 1172 1026 ﬁliis
1197 968 1309 1025 suis
1339 965 1551 1024 succedi
1583 983 1597 1034 ;
1621 974 1674 1021 et
1702 980 1860 1020 nemo
1885 971 1968 1019 est
1988 962 2077 1034 qui

480 1084 590 1126 non
610 1068 751 1125 hunc
772 1067 1011 1123 ordinem
1037 1066 1088 1120 in
1112 1064 1270 1121 domo
1297 1078 1389 1119 sua
1409 1061 1495 1118 vel
1524 1069 1671 1132 Optet
1686 1059 1773 1115 vel
1794 1067 1993 1129 Speret,
2022 1066 2080 1114 ut

480 1171 826 1234 generatores
857 1160 1087 1215 ﬁliorum
1113 1156 1323 1223 cedant,
1385 1162 1439 1211 et
1486 1152 1725 1225 generati
1766 1151 2076 1207 succedant.

482 1254 684 1310 Tamen
706 1252 752 1309 si
777 1261 927 1324 pater
956 1266 1120 1307 senex
1149 1255 1371 1320 aegrotet
1403 1266 1416 1303 :
1450 1261 1558 1302 non
1601 1245 1721 1301 dico
1746 1286 1760 1311 ,
1810 1244 1853 1297 si
1905 1243 2042 1297 ﬁlius
2063 1285 2077 1311 ,

478 1348 570 1404 cui
605 1347 745 1403 adsit
796 1354 968 1417 pater,
999 1359 1155 1414 quem
1201 1342 1393 1412 quaerit
1432 1339 1723 1403 haeredem,
1751 1354 1906 1408 quem
1938 1337 2082 1408 cupit

480 1454 872 1506 successorem,
904 1451 1063 1508 quem
1102 1442 1385 1505 propterea
1428 1433 1631 1504 genuit,
1666 1439 1722 1485 ut
1748 1430 1838 1485 illo
1868 1436 2081 1485 mortuo

481 1534 599 1605 ipse
654 1532 835 1600 vivat;
890 1546 995 1586 non
1023 1528 1127 1585 hoc
1178 1526 1340 1583 dico:
1370 1526 1415 1582 si
1442 1534 1592 1596 pater
1626 1532 1851 1594 (egrotet
1879 1537 2077 1588 senex,

482 1624 676 1692 iturus,
704 1622 813 1694 jam
844 1620 1050 1676 vicinus
1080 1618 1260 1685 morti,
1288 1617 1401 1688 jam
1437 1624 1641 1670 naturae
1691 1613 1937 1669 ordinem
1984 1628 2081 1683 pe-

476 1724 627 1784 tens,
653 1715 763 1786 jam
810 1713 947 1768 ultra
996 1711 1137 1783 quod
1182 1717 1361 1780 speret
1404 1725 1511 1765 non
1553 1708 1783 1774 habens;
1831 1717 2006 1762 tamen
2038 1708 2085 1762 si

481 1812 729 1877 aegrotet,
759 1812 811 1860 et
850 1802 989 1858 adsit
1024 1801 1097 1856 illi
1123 1801 1212 1873 pie
1264 1799 1403 1855 ﬁlius
1434 1799 1587 1869 ejus,
1644 1806 1697 1853 et
1748 1795 1923 1852 videat
1960 1812 2083 1853 eum

478 1895 726 1953 medicus
749 1894 933 1950 letbali
956 1901 1011 1949 et
1056 1892 1216 1948 noxio
1239 1906 1428 1948 somno
1459 1889 1655 1960 premi,
1688 1887 1895 1959 patiens
1922 1896 2003 1944 est
2030 1889 2084 1943 in

482 2003 669 2045 senem
695 1988 1012 2043 moriturum
1040 1994 1259 2056 propter
1305 1984 1449 2055 ipsos
1475 1997 1674 2054 paucos
1727 1980 1843 2037 dies
1896 1981 2085 2052 quibus

484 2081 574 2136 hic
593 2089 773 2153 potest
798 2080 1001 2146 vivere;
1025 2085 1133 2133 stat
1154 2076 1313 2144 ﬁlius,
1347 2084 1403 2132 et
1445 2076 1597 2132 adest
1624 2075 1762 2147 patri
1787 2075 2045 2130 sollicitus
2069 2093 2081 2128 :

482 2184 541 2232 et
565 2190 685 2231 cum
707 2173 932 2229 audierit
958 2172 1225 2228 medicum
1247 2172 1536 2237 dicentem,
1564 2169 1672 2224 lste
1694 2170 1855 2225 homo
1882 2168 2084 2223 lethar-

484 2267 637 2336 gicus
668 2274 843 2337 potest
866 2280 1007 2331 esse,
1041 2273 1094 2319 et
1122 2263 1245 2319 inde
1270 2262 1430 2327 mori,
1450 2262 1494 2316 si
1519 2262 1857 2331 permittatur
1882 2259 2087 2316 dormi-

482 2373 582 2424 re;
607 2358 651 2413 si
678 2358 837 2413 vultis
860 2372 982 2412 eum
1014 2356 1213 2421 vivere,
1238 2370 1343 2409 non
1366 2352 1599 2408 dormiat
1637 2370 1649 2406 :
1690 2352 1835 2406 illum
1868 2365 2087 2406 somnus

484 2453 579 2509 ille
604 2451 793 2507 noxius
818 2451 1031 2520 premit,
1056 2448 1220 2517 quiet
1248 2444 1443 2501 noxius
1467 2452 1569 2511 est,
1589 2452 1643 2498 et
1660 2442 1829 2498 dulcis
1869 2451 1966 2497 est.
1996 2441 2087 2496 Fi-

486 2544 594 2599 lius
614 2552 791 2599 autem
812 2540 929 2612 ejus
970 2537 1274 2594 admonitus
1302 2552 1333 2592 a
1364 2535 1573 2591 medico
1595 2577 1610 2603 ,
1645 2542 1751 2591 stat
1780 2534 2037 2589 sollicitus
2068 2575 2083 2601 ,

490 2637 632 2706 patri
656 2633 932 2697 molestus,
970 2629 1163 2700 pulsat;
1198 2636 1251 2683 et
1298 2627 1344 2682 si
1382 2626 1611 2697 pulsatio
1648 2625 1765 2695 ejus
1816 2624 2043 2680 vincitur
2066 2668 2082 2693 ,

488 2726 723 2791 vellicat;
742 2734 796 2782 et
820 2724 866 2778 si
891 2722 1158 2777 vellicatio
1207 2718 1339 2774 nihil
1383 2718 1512 2789 agit,
1542 2718 1748 2789 pungit.
1775 2715 1933 2773 Certe
1973 2730 2089 2772 mo-

489 2818 661 2873 lestus
689 2823 773 2872 est
796 2815 934 2886 patri
965 2831 980 2867 :
1008 2821 1059 2869 et
1090 2818 1233 2868 esset
1260 2811 1454 2881 impius
1475 2853 1489 2879 ,
1544 2809 1648 2864 nisi
1702 2809 1962 2865 molestus
2007 2825 2090 2865 cs-

491 2921 596 2969 set.
630 2909 811 2966 Atille
834 2923 991 2981 quem
1019 2906 1250 2963 delectat
1278 2905 1437 2973 mori,
1467 2903 1751 2959 molestum
1793 2903 1893 2957 sibi
1922 2903 2088 2958 ﬁlium

492 3004 632 3059 tristi
652 3010 869 3073 aspectu
894 3008 950 3056 et
974 3013 1106 3055 voce
1132 2998 1439 3054 reverberat
1464 3014 1476 3050 :
1500 2994 1725 3065 Quiesce
1754 2994 1919 3060 mihi;
1961 2994 2088 3066 quid

492 3096 625 3151 mihi
655 3094 911 3149 molestus
937 3092 1040 3147 es?
1064 3088 1170 3147 Sed
1200 3088 1438 3145 medicus
1464 3088 1535 3143 ait
1565 3088 1687 3158 quia
1717 3087 1763 3142 si
1784 3086 2086 3154 dormieris,

493 3187 761 3243 morieris.
790 3185 857 3241 Et
902 3183 993 3239 ille
1024 3200 1038 3237 :
1067 3182 1283 3237 Dimitte
1311 3197 1396 3236 me
1423 3196 1437 3248 ;
1467 3180 1605 3236 mori
1634 3179 1774 3235 volo.
1803 3179 1981 3235 Senex
2012 3178 2091 3234 di-

495 3281 591 3348 cit,
625 3280 757 3336 Mori
790 3278 913 3334 volo
947 3295 961 3330 2
994 3285 1047 3333 et
1072 3291 1205 3348 puer
1248 3276 1440 3347 impius
1488 3282 1609 3343 est,
1657 3274 1700 3330 si
1756 3289 1865 3329 non
1914 3274 2087 3339 dicat,

495 3376 609 3445 Ego
632 3372 778 3428 nolo.
801 3371 866 3426 Et
889 3370 981 3425 illa
1006 3369 1113 3424 vita
1140 3368 1321 3438 utique
1361 3365 1670 3437 temporalis
1705 3374 1787 3421 est
1816 3405 1832 3432 ,
1866 3380 1963 3420 nec
2004 3364 2092 3419 ille

494 3466 551 3521 in
578 3480 643 3521 ea
674 3471 958 3535 perpetuus
986 3462 1120 3527 erit,
1152 3460 1239 3516 cui
1275 3459 1414 3514 ﬁlius
1446 3466 1540 3514 est
1564 3457 1819 3513 molestus
1860 3465 1918 3511 ut
1945 3457 2090 3511 exci-

496 3566 594 3624 tet;
622 3572 725 3613 nec
754 3556 845 3611 ille
873 3553 965 3626 qui
994 3552 1211 3608 abeunti
1253 3550 1391 3622 patri
1416 3558 1470 3605 et
1512 3549 1793 3606 decedenti
1834 3547 2090 3604 succedit.

499 3651 676 3707 Ambo
706 3664 803 3719 per
827 3662 947 3703 eam
977 3652 1273 3713 transeunt,
1299 3643 1456 3699 ambo
1485 3658 1580 3714 per
1616 3642 1760 3697 illam
1787 3642 2089 3711 temporali-

498 3752 581 3801 ter
602 3741 999 3799 transvolvant:
1020 3728 1075 3817 et
1100 3747 1278 3794 tamen
1323 3736 1471 3808 impii
1516 3743 1661 3801 sunt,
1687 3736 1787 3790 nisi
1815 3734 1879 3789 ad
1924 3736 2093 3805 ipsam

498 3836 601 3893 sibi
632 3832 1012 3906 temporalem,
1064 3832 1227 3887 etiam
1269 3846 1391 3887 cum
1433 3830 1662 3885 invicem
1717 3827 1925 3883 molesti
1971 3834 2094 3881 sunt

498 3929 799 3985 consulant.
825 3927 1038 3997 Ergone
1064 3922 1220 3979 video
1254 3922 1480 3999 fratrem
1531 3935 1708 3976 meum
1757 3934 1950 3975 somno
2000 3934 2096 3973 no-

500 4021 605 4077 xire
630 4019 1030 4076 consuetudinis
1057 4018 1249 4090 premi,
1278 4026 1333 4072 et
1360 4031 1466 4071 non
1506 4015 1682 4070 excito
1705 4054 1719 4079 ,
1767 4012 1892 4067 dum
1933 4012 2094 4067 timeo

500 4114 764 4169 molestus
790 4128 912 4169 esse
940 4111 1224 4168 dormienti
1272 4120 1430 4181 atque
1454 4108 1743 4181 pereunti?
1770 4106 1925 4163 Absit
1949 4122 1979 4161 a
2011 4122 2095 4162 me

501 4215 562 4262 ut
580 4206 682 4261 hoc
708 4206 961 4273 facerem,
994 4219 1094 4261 nec
1120 4205 1165 4260 si
1192 4204 1284 4260 illo
1311 4204 1433 4259 vivo
1483 4211 1665 4258 nostra
1721 4210 2097 4272 angustaretur

502 4298 805 4355 hzereditas.
832 4296 985 4353 Nunc
1012 4312 1142 4354 vero
1170 4311 1291 4353 cum
1328 4295 1460 4351 illud
1490 4291 1633 4366 quod
1684 4293 1955 4363 accepturi
2001 4308 2095 4347 su-

499 4405 623 4446 mus
649 4389 813 4446 dividi
837 4406 941 4447 non
973 4390 1161 4462 possit,
1214 4403 1355 4455 cum,
1391 4400 1705 4458 possessore
1742 4385 2096 4455 multiplicato

502 4484 774 4554 angustari
791 4498 894 4537 non
922 4483 1109 4553 possit;
1153 4497 1261 4538 nou
1292 4496 1415 4537 eum
1454 4482 1654 4551 erigam
1702 4480 1788 4534 vel
1836 4479 2096 4534 molestus

1715 384 1770 440 S.
1814 376 2178 441 AUCUS’i‘lNl
2218 383 2520 442 EPISCOPI

3672 389 3776 453 716

2188 508 2245 552 ut
2270 498 2471 569 vigilet,
2503 506 2558 556 et
2582 513 2771 557 carens
2800 514 2989 558 somno
3012 499 3368 561 vetustissimi
3409 503 3609 562 erroris
3660 523 3778 563 me-

2182 605 2299 646 cum
2346 592 2398 647 in
2428 592 2739 649 hzereditate
2765 593 2993 665 gaudeat
3020 595 3270 653 unitatis?
3296 596 3528 654 Prorsus
3550 598 3771 669 faciam;

2181 685 2225 739 si
2243 683 2423 757 vig'lo,
2448 684 2638 742 faciam
2669 704 2684 741 :
2717 688 2761 743 si
2790 703 2894 743 non
2914 687 3070 757 facio,
3100 697 3156 744 et
3176 704 3277 761 ego
3307 690 3538 748 dormio.

2252 777 2479 835 CAPUT
2509 778 2601 835 XI.
2642 811 2718 823 --
2762 782 2850 837 15.
2877 780 3067 838 Contra
3089 783 3353 840 Itmreticos
3384 785 3660 844 Ecclesium
3690 788 3775 845 di-

2180 870 2419 926 videntes.
2443 870 2777 939 Charissimi,
2808 872 3067 930 Dominus
3097 873 3469 947 interpellatus
3494 888 3623 935 esta
3642 895 3776 951 quo-

2182 964 2326 1029 dam,
2358 979 2481 1019 cum
2510 965 2677 1020 turbis
2709 964 3040 1037 loqueretur,
3065 976 3119 1021 et
3148 969 3221 1022 ait
3271 968 3382 1024 illi:
3414 966 3665 1037 Domine,
3696 971 3779 1025 die

2185 1056 2334 1128 fratri
2354 1072 2463 1110 meo
2490 1065 2544 1111 ut
2566 1056 2756 1111 dividat
2786 1074 2979 1112 mecum
3005 1059 3367 1115 hereditatem.
3395 1061 3463 1117 Et
3480 1063 3735 1119 Dominus
3760 1081 3775 1118 :

2183 1146 2301 1217 Dic,
2326 1149 2495 1216 homo,
2520 1150 2630 1221 quis
2665 1166 2744 1204 me
2773 1152 3029 1206 constituit
3060 1153 3331 1209 divisorem
3361 1155 3673 1210 hwrcditatis
3698 1156 3778 1211 in-

2186 1255 2259 1302 ter
2286 1246 2411 1319 vos(
2440 1246 2566 1301 Luc.
2600 1264 2693 1313 xu,
2727 1248 2815 1316 1'5,
2848 1250 2914 1304 Η
2939 1249 2997 1319 )?
3025 1249 3164 1318 Non,
3190 1251 3370 1322 utique
3394 1250 3781 1321 dedignabatur

2186 1354 2534 1409 compescere
2552 1339 2930 1410 cupiditatem,
2963 1340 3057 1396 sed
3087 1341 3302 1397 nolebat
3353 1341 3470 1397 ﬁeri
3522 1341 3685 1412 judex
3710 1339 3780 1395 ad

2186 1430 2520 1487 divisionem.
2552 1432 2660 1487 Nos
2686 1440 2885 1497 autem,
2908 1433 3209 1488 charissimi
3230 1475 3246 1501 ,
3283 1448 3389 1488 non
3435 1449 3559 1489 eum
3599 1448 3779 1489 rerum

2187 1523 2371 1578 talium
2393 1523 2628 1595 judicem
2653 1525 3011 1595 requiramus,
3044 1525 3167 1596 quia
3197 1540 3297 1581 nec
3327 1525 3447 1581 talis
3490 1536 3574 1582 est
3601 1525 3777 1582 haere-

2187 1618 2324 1674 ditas
2350 1628 2569 1687 nostra;
2599 1635 2729 1690 pura
2750 1617 2927 1675 fronte
2951 1659 2968 1687 ,
3001 1619 3138 1675 bona
3166 1619 3489 1675 conscientia
3523 1619 3779 1689 interpel-

2188 1710 2356 1767 lemus
2376 1712 2654 1767 Dominum
2686 1721 2951 1780 nostrum,
2977 1719 3032 1767 et
3056 1710 3197 1766 dicat
3222 1710 3273 1766 ei
3294 1710 3661 1781 unusquisque
3683 1726 3783 1764 no-

2187 1814 2354 1862 strum
2383 1822 2397 1860 :
2433 1806 2679 1876 Domine,
2707 1805 2794 1862 dic
2824 1805 2971 1861 fratri
3015 1820 3155 1872 meo,
3194 1819 3299 1860 non
3342 1814 3401 1860 ut
3428 1803 3650 1869 dividat,
3682 1804 3781 1861 sed

2188 1907 2246 1954 ut
2276 1908 2682 1955 teneatmeeum
2696 1898 3079 1955 bcereditatem.
3111 1896 3248 1965 Quid
3287 1898 3433 1953 enim
3466 1897 3545 1951 vis
3575 1895 3781 1954 divide-

2188 2006 2270 2058 re,
2300 1989 2509 2046 frater?
2536 1989 2692 2058 Quod
2748 1990 2891 2046 enim
2921 1989 3123 2045 dimisit
3163 1988 3317 2044 nobis
3362 1987 3617 2044 Dominus
3674 2004 3781 2045 non

2187 2090 2365 2152 potest
2382 2081 2572 2137 dividi.
2604 2083 2807 2137 Aurum
2835 2090 2918 2137 est
2944 2081 3111 2149 enim,
3140 2089 3196 2136 ut
3224 2088 3477 2136 stateram
3504 2080 3780 2137 divisionis

2190 2175 2457 2247 proferat?
2474 2178 2768 2247 Argentum
2784 2185 2886 2243 est,
2915 2176 3137 2246 pecunia
3167 2184 3247 2231 est
3268 2216 3284 2243 ,
3311 2175 3573 2246 mancipia
3621 2183 3779 2244 sunt,

2190 2285 2381 2341 pecora
2409 2278 2549 2335 sunt,
2582 2270 2803 2326 arbores
2824 2279 2968 2337 sunt,
2990 2251 3273 2340 agri-sunt?
3293 2269 3481 2325 Omnia
3511 2269 3651 2324 enim
3681 2270 3782 2325 ista

2190 2360 2350 2417 dividi
2373 2371 2617 2432 possunt,
2636 2361 2752 2416 Non
2772 2370 2944 2432 potest
2960 2361 3143 2428 dividi,
3164 2359 3351 2416 Pacem
3364 2376 3525 2415 meam
3544 2360 3607 2415 do
3623 2361 3780 2429 vobis,

2192 2471 2363 2525 pacem
2394 2470 2553 2508 meam
2585 2454 2781 2508 dimitto
2820 2454 2957 2508 vobis
2988 2451 3172 2525 (Joan.
3215 2469 3329 2519 xw,
3355 2451 3474 2526 27).
3504 2452 3784 2509 Postremo

2192 2543 2244 2598 in
2268 2544 2397 2614 ipsis
2429 2545 2587 2599 etiam
2613 2545 2843 2599 terrenis
2865 2544 3272 2600 htereditatibus
3300 2544 3493 2600 divisio
3518 2546 3783 2600 minorem

2193 2633 2359 2690 facit:
2394 2638 2665 2692 constitue
2686 2636 2821 2692 duos
2863 2636 3058 2692 fratres
3101 2636 3201 2692 sub
3251 2651 3360 2692 uno
3399 2646 3577 2707 patre;
3626 2636 3782 2708 quid-

2190 2728 2318 2800 quid
2343 2729 2578 2799 possidet
2606 2740 2777 2801 pater,
2804 2730 3086 2786 amborum
3125 2739 3238 2798 est,
3273 2738 3442 2785 totum
3499 2730 3670 2797 illius,
3706 2738 3788 2786 to-

2193 2827 2303 2875 tum
2329 2829 2382 2876 et
2404 2821 2564 2877 illius.
2593 2822 2827 2879 Proinde
2853 2823 2897 2878 si
2929 2822 2993 2878 de
3019 2823 3178 2878 rebus
3223 2823 3337 2878 suis
3390 2824 3781 2894 interrogetur,

2191 2912 2269 2966 sic
2288 2912 2577 2981 respondet
2603 2929 2615 2965 :
2650 2913 2812 2983 Cujus
2844 2922 2947 2980 est,
2968 2914 3113 2969 verbi
3142 2914 3332 2984 gratia,
3365 2927 3535 2984 equus
3569 2911 3693 2969 ille?
3719 2912 3788 2968 Et

2192 3004 2239 3059 si
2254 3004 2345 3059 uni
2362 3019 2547 3059 eorum
2576 3004 2777 3061 dixeris
2810 3024 2822 3059 :
2848 3004 3046 3062 Noster
3072 3015 3173 3061 est.
3204 3005 3369 3075 Cujus
3420 3005 3513 3062 ille
3551 3004 3781 3073 fundus,

2192 3096 2281 3153 ille
2302 3100 2519 3153 servus?
2550 3098 2603 3153 1n
2628 3098 2877 3154 omnibus
2906 3099 3231 3170 reSpondet:
3260 3097 3453 3154 Noster
3481 3106 3582 3154 est.
3613 3096 3670 3153 Si
3685 3112 3786 3154 au-

2194 3198 2299 3244 tem
2330 3189 2590 3257 dividant,
2629 3190 2742 3261 jam
2788 3190 2931 3246 aliud
2965 3190 3339 3262 respondetur.
3400 3189 3562 3262 Cujus
3618 3205 3789 3261 equus

2194 3281 2319 3337 ille?
2340 3281 2505 3337 Meus.
2525 3282 2687 3353 Cujus
2716 3283 2849 3338 iste?
2875 3282 3078 3339 Fratris
3105 3283 3230 3338 mei.
3254 3282 3395 3339 Ecce
3426 3282 3553 3354 quid
3576 3283 3666 3338 tibi
3705 3283 3787 3338 lc-

2194 3376 2265 3432 cit
2285 3376 2494 3432 divisio.
2522 3376 2638 3432 Non
2671 3392 2834 3431 unum
2884 3376 3154 3447 acquisisti
3184 3417 3198 3442 ,
3230 3376 3325 3432 sed
3357 3391 3519 3432 unum
3550 3374 3791 3447 perdidi-

2195 3467 2281 3522 sti.
2311 3467 2368 3524 Si
2389 3484 2517 3540 ergo
2559 3477 2612 3524 et
2642 3468 2802 3524 talem
2857 3468 3226 3524 htrreditatem
3272 3468 3592 3525 haberemus
3615 3507 3632 3536 ,
3669 3483 3790 3537 qua:

2195 3559 2356 3616 dividi
2384 3569 2581 3632 posset;
2602 3560 2840 3617 dividere
2872 3570 3047 3616 tamen
3079 3576 3183 3616 non
3216 3560 3534 3616 deberemus
3555 3602 3571 3628 ,
3604 3575 3671 3614 ne
3691 3574 3791 3615 no-

2195 3660 2336 3707 stras
2361 3653 2574 3708 divitias
2596 3653 2976 3708 minucremus.
3009 3653 3073 3707 Et
3094 3661 3239 3708 certe
3281 3653 3411 3707 nihil
3445 3661 3549 3707 tam
3589 3652 3791 3721 impor-

2199 3756 2383 3801 tunum
2414 3747 2536 3802 ﬁliis
2561 3762 2721 3818 quam
2744 3749 2864 3802 vivo
2900 3756 3051 3817 patre
3094 3746 3233 3803 velle
3256 3745 3512 3801 dividere.
3549 3743 3790 3812 Denique

2197 3839 2241 3893 si
2268 3839 2370 3895 hoc
2389 3838 2563 3894 facere
2594 3839 2903 3904 moliantur,
2934 3840 2980 3894 si
3022 3838 3205 3894 litibus
3253 3846 3307 3893 et
3353 3834 3789 3893 contentionibus

2196 3929 2445 3985 studeant
2494 3930 2562 3985 ad
2607 3930 2955 3986 vindicandas
3003 3928 3101 3985 sibi
3148 3931 3371 4002 quisque
3399 3936 3576 4000 partes
3620 3940 3788 3995 suas,

2198 4023 2458 4076 exclamat
2483 4037 2647 4077 senex
2676 4039 2689 4074 :
2722 4022 2861 4091 Quid
2893 4022 3097 4078 facitis?
3147 4021 3338 4077 Adhuc
3387 4022 3528 4077 vivo.
3580 4020 3791 4089 Exspe-

2198 4124 2339 4172 ctate
2361 4115 2636 4186 paululum
2666 4125 2895 4172 mortem
2942 4129 3151 4182 meam,
3182 4123 3307 4168 tunc
3342 4121 3521 4169 secate
3572 4110 3791 4166 domum

2198 4222 2393 4262 meam.
2443 4206 2550 4262 Nos
2599 4216 2776 4262 autem
2840 4208 3005 4263 Deum
3060 4215 3265 4276 patrem
3307 4205 3619 4260 habemus:
3663 4199 3792 4272 quid

2200 4301 2335 4355 imus
2362 4300 2412 4353 in
2438 4298 2794 4354 divisionem?
2839 4298 2966 4369 quid
3019 4299 3157 4352 imus
3200 4297 3254 4351 in
3305 4296 3471 4353 lites?
3514 4296 3669 4352 Certe
3693 4308 3791 4349 ex-

2201 4398 2500 4461 spectemus
2530 4407 2544 4444 :
2577 4391 2622 4446 si
2653 4390 2791 4447 mori
2811 4389 3061 4461 potuerit,
3091 4387 3418 4445 dividamus.

3616 4566 3788 4576 ...ι-ι...

524 4578 3449 4623 *Μ-ῗῂήέεᾴή

1103 4692 1253 4811 s.
1314 4692 2087 4808 nanum!
2163 4616 3173 4802 noenum:

1693 4859 2207 4925 HIPPONENSIS
2248 4856 2600 4921 EPISCOPI

1175 4983 1448 5127 DE
1540 4969 3093 5214 UREJIJSMEXCIDIO

1882 5170 2283 5257 SERMO
2315 5157 2421 5244 (α).

1956 5310 2374 5355 Wec—

573 5412 801 5473 CAPUT
827 5408 1110 5469 PRIMUM.
1135 5437 1208 5452 —
1233 5408 1285 5464 1.
1304 5403 1537 5463 Danielis
1554 5403 1784 5476 exemplo
1811 5402 2093 5472 conﬁtentis

504 5515 710 5566 peccata
741 5520 862 5570 sua,
891 5500 1148 5575 redarguit
1175 5515 1261 5556 eos
1292 5499 1378 5570 qui
1402 5497 1465 5553 de
1488 5496 1638 5554 Urbis
1661 5495 1856 5551 excidio
1877 5509 2109 5548 murmu—

2201 5407 2317 5454 rant
2359 5406 2534 5453 contra
2573 5395 2759 5452 Deum.
2806 5394 2954 5463 Noe,
2994 5394 3181 5449 Daniel
3211 5401 3257 5448 et
3285 5390 3385 5448 Job
3408 5434 3424 5462 ,
3450 5408 3574 5464 quos
3598 5390 3804 5463 signi/i-

2217 5500 2347 5546 cent.
2411 5490 2714 5546 lntueamur
2764 5488 2987 5559 primam
3038 5487 3317 5543 lectionem
3358 5486 3524 5541 sancti
3566 5484 3804 5541 Danielis

1679 5622 1965 5665 ADMONlTlO
2004 5622 2085 5660 PP.
2125 5621 2601 5662 BENEDICTINORUII.

566 5698 734 5739 sermo
756 5684 822 5737 de
844 5681 1057 5747 utilitate
1100 5684 1271 5747 Jejunii
1307 5696 1411 5747 non
1456 5688 1686 5747 repertus
1724 5687 1799 5747 est
1816 5680 1909 5747 nisi
1931 5680 1979 5727 in
2006 5678 2358 5747 editis._sermo
2387 5676 2451 5727 de
2469 5677 2610 5725 Urbis
2638 5673 2831 5724 excidio
2852 5672 3135 5736 reeognitus
3151 5677 3229 5722 est
3250 5669 3310 5721 ad
3335 5676 3561 5720 veteram
3579 5668 3807 5721 codicem

505 5750 715 5804 abbatia
734 5756 781 5799 3.
806 5746 1048 5798 Michaelis
1066 5748 1118 5798 in
1134 5742 1351 5797 ﬁericqu
1562 5753 1613 5795 et
1628 5744 1690 5795 ad
1710 5742 1969 5794 editiones.
1997 5747 2068 5788 Er.
2096 5745 2149 5789 et
2166 5745 2276 5789 ων.

589 5840 1108 5922 Comparauirnus
1122 5848 1430 5918 praeterea
1455 5856 1554 5899 eas
1587 5854 1791 5899 omnes
1836 5831 2134 5897 editiones
2156 5827 2344 5896 initio
2379 5828 2547 5889 Retr.
2572 5834 2629 5889 et
2649 5812 2964 5903 ConfeSs.,
2988 5829 3033 5884 ε.
3071 5822 3541 5899 1,memoratas.
3629 5815 3716 5879 Μ.

572 5923 648 5988 (α)
666 5918 1029 5975 CitituraBeda
1048 5919 1099 5972 in
1119 5924 1257 5969 tCor.
1281 5930 1330 5967 ι.
