4102 6336
256 384 259 391 λ
328 309 431 373 m

259 428 263 437 '
322 424 630 501 propheta,
673 414 766 476 ubi
807 422 931 476 eum
974 410 1274 472 audivimus
1316 422 1594 484 orantem,
1638 424 1693 472 et
1729 416 1908 471 mirati

320 531 534 583 sumus,
585 527 692 570 non
738 511 912 568 solum
950 519 1169 583 peccata
1209 509 1390 579 populi
1430 510 1541 576 sui,
1586 509 1681 566 sed
1720 517 1774 565 et
1816 524 1910 565 sua

320 608 531 682 propria
561 606 925 662 confitentem.
960 603 1088 657 Nam
1116 609 1236 673 post
1261 602 1428 673 ipsam
1456 603 1749 658 orationem
1769 643 1783 670 ,
1812 617 1909 657 cu-

316 701 402 774 jus
443 698 660 772 quidem
703 697 867 754 verba
897 694 1202 751 indicabant
1228 711 1350 751 eum
1379 711 1487 751 non
1513 696 1685 751 solum
1712 695 1910 765 depre-

319 802 589 862 catorem,
637 791 733 849 sed
771 791 932 847 etiam
977 787 1377 856 confessorem;
1422 797 1542 860 post
1581 789 1748 860 ipsam
1785 803 1912 859 ergo

318 886 614 943 orationem
639 924 655 951 ,
693 884 818 939 Cum
845 898 1042 939 orarem
1061 922 1077 949 ,
1108 883 1313 953 inquit,
1346 891 1393 937 et
1417 882 1683 951 conﬁterer
1709 891 1911 951 peccata

318 995 426 1033 mea
450 987 495 1032 et
526 984 731 1047 peccata
760 975 936 1047 populi
966 976 1065 1029 mei
1090 974 1310 1029 Domino
1339 973 1448 1028 Deo
1476 989 1585 1027 meo
1620 970 1779 1045 (Dan.
1810 986 1867 1025 ιχ
1890 1010 1907 1037 ,

316 1069 432 1140 20).
470 1068 600 1136 Quis
635 1082 765 1139 ergo
798 1076 883 1124 est
917 1068 1007 1139 qui
1045 1081 1105 1123 se
1132 1066 1248 1123 sine
1274 1074 1490 1137 peccato
1513 1079 1635 1120 esse
1663 1063 1910 1134 proﬁteao

318 1168 438 1227 tur,
488 1174 608 1215 cum
658 1159 841 1215 Daniel
886 1167 1104 1230 peccata
1152 1159 1365 1229 propria
1411 1157 1733 1213 conﬁtetur?
1775 1154 1910 1210 Nam

318 1254 549 1325 superbo
587 1253 802 1309 cuidam
842 1252 1046 1309 dictum
1087 1260 1169 1308 est
1196 1266 1292 1322 per
1317 1250 1649 1306 Ezechielem
1676 1248 1909 1318 prophe-

319 1356 425 1404 tam
480 1365 495 1402 :
545 1345 812 1419 Numquid
857 1356 913 1402 tu
962 1347 1237 1419 sapientior
1285 1361 1437 1415 quam
1484 1342 1666 1397 Daniel
1696 1341 1906 1414 (Ezech.

318 1454 526 1507 ιιι-ιιι,
578 1437 679 1511 5)?
722 1438 781 1494 In
824 1438 993 1495 tribus
1034 1439 1160 1493 item
1187 1436 1500 1509 quibusdam
1527 1433 1724 1490 sanctis
1748 1433 1906 1499 viris,

320 1546 415 1603 per
440 1545 576 1602 quos
606 1530 703 1586 tria
730 1545 928 1603 genera
954 1530 1228 1585 hominum
1251 1527 1512 1598 signiﬁcat
1538 1527 1675 1581 Deus
1698 1541 1816 1595 quae
1840 1524 1909 1579 li-

319 1622 599 1680 beraturus
623 1630 709 1679 est
725 1663 741 1690 ,
770 1621 984 1694 quando
1007 1635 1196 1690 magna
1226 1618 1499 1674 tribulatio
1525 1626 1910 1687 superventura

319 1722 401 1770 est
432 1714 615 1785 generi
646 1712 878 1768 humano
898 1753 912 1778 ,
939 1711 1100 1767 etiam
1127 1710 1271 1765 hunc
1302 1708 1573 1764 Danielem
1608 1708 1785 1777 posuit
1810 1724 1825 1764 :
1854 1716 1910 1769 et

319 1806 453 1862 dixit
473 1805 616 1878 quod
646 1821 804 1861 nemo
834 1803 957 1860 inde
978 1803 1288 1860 liberabitur
1309 1842 1323 1869 ,
1352 1802 1452 1857 nisi
1478 1800 1588 1857 Nec
1607 1844 1622 1866 ,
1653 1801 1835 1856 Daniel
1855 1809 1911 1856 et

320 1896 421 1956 Job
442 1897 553 1970 (Id.
587 1914 682 1954 xlv
702 1939 718 1967 ,
748 1896 857 1969 li).
887 1898 957 1953 Et
975 1896 1189 1968 quidem
1217 1896 1557 1951 manifestum
1576 1903 1659 1950 est
1684 1895 1824 1966 quod
1856 1896 1908 1950 in

319 1990 403 2045 his
440 1989 608 2046 tribus
650 1989 956 2045 nominibus
1000 1989 1099 2043 tria
1135 1987 1376 2058 quzedatn
1401 2029 1414 2053 ,
1458 1994 1517 2041 ut
1542 1986 1684 2051 dixi,
1712 2001 1909 2057 genera

321 2080 595 2137 hominum
622 2080 883 2152 signiﬁcat
910 2080 1072 2137 Deus.
1091 2079 1207 2135 Jam
1238 2079 1381 2134 enim
1413 2086 1520 2133 tres
1551 2078 1627 2132 illi
1656 2077 1753 2132 viri
1779 2077 1908 2133 dor-

322 2171 583 2237 mierunt,
619 2181 673 2228 et
707 2171 845 2242 apud
875 2171 1039 2226 Deum
1064 2179 1189 2225 sunt
1214 2169 1429 2240 spiritus
1455 2184 1637 2224 eorum
1657 2209 1674 2236 ,
1704 2177 1759 2224 et
1785 2184 1907 2224 cor-

319 2276 449 2333 pora
499 2277 682 2318 eorum
727 2262 779 2317 in
820 2271 960 2318 terra
987 2261 1255 2317 ﬂuxerunt
1284 2279 1296 2315 :
1326 2268 1640 2329 exspectant
1663 2274 1908 2314 resurre-

319 2354 551 2409 ctionem
587 2362 643 2410 et
667 2354 734 2408 ad
763 2354 1042 2410 dexteram
1072 2353 1479 2409 collocationem
1506 2390 1521 2417 ,
1555 2366 1653 2407 nec
1676 2350 1907 2421 aliquam

320 2447 373 2504 in
410 2448 515 2504 hoc
551 2446 749 2503 mundo
776 2447 1167 2503 tribulationem
1197 2447 1415 2507 timent.
1447 2444 1585 2501 unde
1609 2461 1670 2500 se
1693 2445 1910 2514 cupiant

320 2540 557 2596 liberari.
588 2540 867 2608 Quomodo
888 2555 1015 2612 ergo
1034 2539 1101 2594 de
1131 2540 1217 2594 illa
1251 2538 1587 2594 tribulatione
1608 2537 1908 2593 liberabun-

318 2639 407 2688 tur
434 2632 568 2700 Noe,
596 2632 775 2688 Daniel
802 2641 853 2688 et
876 2631 1011 2688 Job?
1029 2630 1252 2701 Quando
1271 2630 1481 2685 dicebat
1505 2631 1603 2684 ista
1630 2629 1905 2694 Ezechiel,

317 2724 465 2781 solus
504 2722 725 2779 forsitan
757 2723 940 2779 Daniel
967 2710 1268 2794 incorpore
1295 2722 1410 2778 fuit.
1438 2721 1568 2777 Nam
1598 2721 1708 2776 Noe
1730 2730 1784 2777 et
1808 2720 1909 2777 Job

317 2816 426 2890 jam
465 2818 594 2874 olim
638 2818 997 2883 dormierant,
1042 2824 1098 2874 et
1121 2831 1310 2872 somno
1340 2816 1526 2871 mortis
1554 2816 1788 2886 patribus
1816 2831 1909 2885 ap—

321 2911 482 2982 positi
515 2911 739 2966 fuerant.
772 2910 1048 2978 Quomodo
1076 2924 1202 2980 ergo
1235 2916 1479 2979 poterant
1506 2908 1571 2963 de
1599 2908 1907 2964 imminente

320 3002 661 3058 tribulatione
690 3001 934 3070 liberari,
958 3002 1067 3072 jam
1095 3001 1221 3055 olitn
1252 3000 1318 3055 de
1345 3016 1505 3055 carne
1532 2998 1779 3054 liberati?
1803 2999 1907 3054 Sed

318 3095 375 3152 in
402 3095 515 3151 Noe
541 3095 905 3165 signiﬁcantur
930 3096 1053 3151 boni
1078 3094 1344 3165 pru'posili
1366 3136 1379 3159 ,
1408 3094 1497 3163 qui
1530 3102 1713 3165 regunt
1740 3101 1793 3148 et
1812 3108 1911 3163 gu-

318 3188 543 3247 bernant
572 3190 867 3245 Ecclesium
889 3231 903 3255 ,
926 3188 1194 3260 quomodo
1215 3188 1324 3244 Noe
1348 3188 1397 3243 in
1425 3187 1622 3242 diluvio
1639 3188 1906 3258 guberna-

319 3282 395 3337 vit
419 3295 618 3337 arcam.
653 3281 707 3337 In
735 3281 953 3337 Daniele
981 3280 1343 3351 significantur
1365 3295 1551 3335 omnes
1582 3279 1750 3335 sancti
1776 3294 1905 3334 con-

321 3372 550 3430 tinentes
580 3391 593 3428 :
626 3374 679 3429 in
705 3372 805 3430 Job
833 3372 1304 3443 omnes’conjugati
1322 3372 1465 3443 juste
1489 3381 1543 3428 et
1570 3372 1706 3428 bene
1729 3372 1909 3425 viven-

321 3472 421 3525 tes).
466 3467 592 3523 llaec
626 3469 768 3523 enim
812 3465 914 3521 tria
948 3480 1144 3536 genera
1174 3464 1448 3519 hominum
1473 3464 1541 3520 de
1569 3465 1657 3519 illa
1686 3464 1907 3519 tribula-

321 3560 467 3616 tione
501 3560 691 3617 liberat
719 3560 882 3616 Deus.
911 3559 1109 3615 Tamen
1137 3567 1389 3629 quantum
1416 3558 1485 3614 sit
1510 3555 1909 3614 commendatus

322 3651 542 3721 Daniel,
566 3668 630 3707 ex
658 3652 762 3708 hoc
784 3660 1002 3724 apparet
1026 3693 1040 3718 ,
1063 3652 1204 3723 quod
1228 3666 1363 3707 unus
1388 3667 1452 3708 ex
1476 3652 1576 3707 illis
1602 3651 1771 3707 tribus
1798 3665 1910 3706 meo

320 3746 430 3803 ruit
467 3745 728 3802 nominari
769 3763 781 3798 :
820 3753 874 3802 et
905 3754 1076 3800 tamen
1106 3745 1389 3800 conﬁtetur
1416 3752 1628 3814 peccata
1657 3758 1773 3799 sua.
1809 3743 1908 3797 Da-

323 3837 463 3894 niele
500 3852 629 3908 ergo
654 3837 941 3893 conﬁtente
967 3841 1177 3908 peccata
1203 3852 1295 3892 sua
1318 3877 1331 3903 ,
1361 3838 1513 3906 cujus
1536 3836 1779 3906 superbia
1804 3852 1908 3890 non

320 3930 703 3985 contremiseat
722 3972 735 3996 ,
757 3929 907 4000 cujus
932 3929 1133 3985 inﬂatio
1156 3946 1261 3985 non
1291 3930 1487 3985 residat
1512 3971 1526 3995 ,
1551 3929 1704 3999 cujus
1734 3938 1910 3984 tumor

322 4032 381 4079 et
400 4022 560 4077 elatio
587 4037 690 4077 non
710 4021 1057 4078 cohibeatur?
1087 4021 1215 4088 Quis
1239 4018 1496 4091 glorietur
1515 4028 1717 4075 castum
1740 4034 1798 4075 se
1817 4018 1913 4074 ha-

323 4115 455 4173 bere
494 4131 589 4173 cor
612 4158 625 4183 ,
664 4125 755 4172 aut
790 4117 907 4187 quis
934 4116 1190 4187 glorietur
1219 4113 1475 4169 mundum
1501 4128 1560 4170 se
1585 4128 1705 4168 esse
1728 4128 1759 4168 a
1783 4127 1909 4184 pec-

324 4218 445 4265 cato
477 4206 655 4279 (Prov.
684 4223 785 4274 xx,
816 4207 915 4279 9)?

397 4299 625 4357 CAPUT
663 4298 727 4353 ll.
767 4330 840 4341 -—
876 4298 979 4355 Cur
1027 4298 1165 4354 Deus
1209 4315 1310 4353 non
1365 4297 1583 4369 pepercit
1634 4295 1758 4352 Urbi
1795 4313 1912 4366 pra-

326 4402 438 4465 pter
454 4393 640 4463 justas.
670 4389 808 4445 Iusti
836 4391 1027 4446 duobus
1050 4391 1231 4446 modis.
1261 4390 1326 4445 Et
1353 4391 1611 4444 mirantur
1637 4388 1910 4455 homines,

327 4494 384 4541 et
423 4485 620 4539 utinam
648 4492 849 4538 tantum
878 4483 1199 4538 mirarentur
1221 4523 1237 4549 ,
1264 4489 1321 4537 et
1348 4497 1453 4536 non
1478 4481 1639 4536 etiam
1666 4480 1915 4550 blasphe—

329 4585 570 4644 marent,
618 4576 828 4646 quando
874 4573 1093 4646 corripit
1132 4574 1271 4630 Deus
1310 4587 1477 4642 genus
1504 4572 1792 4627 humanum
1816 4612 1830 4637 ,
1861 4579 1915 4625 et

330 4668 554 4740 ﬂagellis
580 4670 679 4741 pia:
706 4668 1065 4737 castigationis
1083 4667 1335 4737 exagitat,
1360 4681 1617 4721 exercens
1638 4663 1914 4735 antcjudi-

329 4765 470 4820 cium
492 4763 859 4833 disciplinam,
904 4770 958 4816 et
1006 4762 1319 4832 plerumque
1362 4774 1467 4814 non
1515 4759 1716 4830 eligens
1756 4773 1915 4829 quem

330 4856 562 4927 ﬂagellet
580 4897 592 4921 ,
616 4855 802 4910 nolens
821 4853 1056 4909 invenire
1072 4868 1227 4925 quem
1246 4852 1477 4907 damnet.
1498 4850 1753 4921 Flagellat
1774 4851 1915 4906 enim

330 4948 487 5003 simul
507 4948 678 5020 justos
695 4959 747 5003 ct
768 4948 992 5018 injustos
1024 4965 1035 4999 :
1065 4961 1367 5018 quanquam
1387 4946 1506 5018 quis
1527 4945 1721 5017 justus,
1750 4946 1793 5001 si
1817 4945 1917 5000 Da-

333 5038 440 5093 niel
469 5047 682 5108 peccata
713 5038 924 5109 propria
954 5038 1273 5093 confitetur?

404 5130 459 5186 2.
511 5130 670 5189 Lecta
714 5143 797 5188 est
826 5144 951 5188 ante
978 5132 1092 5188 dies
1119 5132 1280 5187 lectio
1306 5131 1427 5187 libri
1460 5132 1728 5189 Geneseos
1752 5172 1768 5201 ,
1799 5148 1920 5205 qua:

334 5238 434 5280 nos
453 5267 466 5288 ,
499 5225 600 5281 nisi
630 5224 785 5281 fallor
806 5266 824 5293 ,
852 5226 1075 5280 multum
1103 5225 1227 5281 fecit
1246 5225 1510 5293 intentos,
1538 5225 1626 5283 ubi
1653 5227 1919 5283 Abraham

332 5316 463 5371 dicit
501 5318 758 5386 Domino,
805 5326 978 5373 utrum
1013 5317 1056 5372 si
1086 5315 1319 5373 inveniat
1344 5316 1397 5370 in
1420 5317 1632 5374 civitate
1658 5318 1920 5389 quinqua-

333 5411 476 5481 ginta
499 5411 673 5481 justos
691 5450 707 5478 ,
734 5420 914 5482 parcat
937 5410 1134 5467 civitati
1166 5417 1381 5480 pr0pter
1400 5424 1495 5465 eos
1513 5452 1527 5476 ,
1550 5425 1618 5464 an
1642 5425 1761 5465 cum
1795 5409 1924 5480 ipsis

334 5501 529 5573 perdat
569 5503 855 5557 civitatem.
902 5504 966 5558 Et
999 5501 1274 5574 respondit
1308 5502 1359 5557 ei
1392 5503 1643 5557 Dominus
1664 5543 1677 5567 ,
1706 5500 1846 5573 quod
1878 5501 1925 5556 si

336 5578 574 5646 inveniat
614 5592 666 5646 in
705 5592 917 5648 civitate
943 5591 1321 5664 quinquaginta
1347 5591 1556 5662 justos,
1587 5599 1769 5662 parcat
1791 5590 1923 5646 civi-

338 5682 455 5739 tati.
490 5682 693 5740 Deinde
722 5684 990 5742 Abrabam
1018 5685 1212 5757 adjecit
1238 5683 1305 5740 ad
1337 5685 1804 5757 interrogationem
1829 5726 1844 5751 ,
1872 5691 1928 5741 et

333 5772 584 5842 Qumivit
627 5782 802 5833 utrum
846 5777 893 5834 si
942 5779 1121 5835 minus
1158 5775 1356 5834 fuerint
1383 5778 1648 5849 quinque,
1677 5785 1732 5834 et
1754 5791 1929 5834 rema»

1498 296 1726 360 SERMO
1762 298 1851 358 DE
1889 298 2092 359 URBIS
2131 294 2423 358 EXCIDIO.

3502 314 3605 373 718

2022 424 2183 471 ncant
2207 416 2554 487 quadraginta
2580 417 2816 491 quinque
2836 461 2854 491 ,
2878 420 3119 480 similiter
3141 437 3338 496 parcat.
3364 428 3608 501 Respon»

2019 506 2097 561 dit
2128 507 2295 573 Deus,
2328 522 2545 577 parcere
2569 524 2630 565 se
2654 519 2708 566 et
2732 521 2953 584 propter
2977 515 3319 587 quadraginta
3344 521 3600 591 quinque.

2018 597 2155 667 Quid
2181 600 2384 653 multa?
2405 600 2661 656 Paulatim
2684 603 3057 675 interrogando
3075 647 3092 675 ,
3114 616 3169 663 et
3187 623 3251 663 ex
3274 610 3365 664 illo
3379 626 3607 669 numero

2008 689 2350 754 detrahendo
2372 694 2610 762 pervenit
2634 694 2700 750 ad
2725 694 2910 753 decem
2931 739 2945 765 ,
2968 706 3023 753 et
3040 700 3282 770 quaesivit
3301 718 3333 757 a
3358 704 3604 773 Domino,

2020 792 2195 837 utrum
2239 785 2282 838 si
2323 784 2505 841 decem
2529 787 2700 857 justus
2725 790 2776 845 in
2802 791 3015 848 civitate
3039 796 3386 864 compererit,
3419 798 3608 866 perdat

2019 888 2114 928 eos
2156 890 2274 929 cum
2314 878 2533 948 reliquis
2579 880 3050 939 innumerabilibus
3078 886 3263 950 tnalis,
3296 903 3362 941 an
3390 899 3609 959 propter

2018 963 2205 1019 decem
2237 966 2410 1036 justos
2451 978 2630 1038 parcat
2659 973 2830 1041 potius
2857 974 3072 1030 civitati.
3101 976 3395 1047 Respondit
3425 979 3566 1035 Deus
3585 1020 3604 1048 ,

2018 1054 2177 1109 etiam
2206 1064 2424 1125 propter
2451 1058 2636 1116 decem
2667 1061 2839 1131 justos
2870 1080 2973 1119 non
3001 1081 3061 1121 se
3088 1068 3311 1137 perdere
3333 1069 3603 1125 civitatem

2019 1142 2171 1219 (Gen.
2200 1163 2328 1203 xvtu
2357 1190 2373 1216 ,
2404 1151 2614 1222 23—52).
2641 1151 2777 1222 Quid
2805 1171 2933 1226 ergo
2961 1157 3214 1226 dicimus,
3242 1159 3473 1216 fratres?
3495 1160 3603 1217 0c-

2016 1240 2182 1293 currit
2205 1241 2347 1295 enim
2377 1243 2532 1297 nobis
2574 1246 2799 1315 quaestio
2828 1247 3000 1303 valida
3034 1260 3086 1304 et
3112 1250 3397 1307 vehemens
3420 1294 3434 1319 ,
3468 1264 3605 1322 pra:-

2015 1331 2200 1385 sertim
2241 1332 2309 1387 ab
2353 1333 2653 1391 hominibus
2682 1338 2771 1407 qui
2797 1337 3085 1409 Scripturis
3111 1343 3306 1397 nostris
3330 1343 3605 1414 impietate

2016 1421 2361 1489 insidiantur,
2410 1440 2516 1480 non
2560 1427 2648 1498 qui
2687 1444 2779 1484 eas
2823 1430 3017 1500 pietate
3056 1434 3406 1503 perquirunt;
3443 1446 3495 1491 et
3524 1437 3605 1491 di-

2015 1527 2174 1583 cunt,
2219 1519 2450 1575 maxime
2489 1520 2557 1575 de
2602 1524 2803 1579 recenti
2845 1526 3052 1581 excidio
3082 1536 3239 1581 tanta:
3271 1529 3414 1584 urbis
3447 1530 3604 1585 :Nen

2015 1622 2168 1668 erant
2190 1612 2375 1669 Romae
2399 1616 2776 1688 quinquaginta
2794 1618 2966 1689 justi?
2988 1620 3042 1675 In
3066 1629 3212 1676 tanto
3234 1638 3453 1677 numero
3476 1623 3606 1677 ﬁde-

2015 1706 2143 1761 lium
2170 1749 2186 1774 ,
2222 1718 2368 1764 tanto
2398 1725 2623 1765 numero
2650 1712 3130 1769 sanctimonialium
3151 1755 3167 1781 ,
3192 1716 3600 1783 continentium,

2018 1808 2163 1853 tanto
2191 1815 2416 1856 numero
2437 1816 2716 1858 servorum
2742 1815 2796 1859 et
2821 1805 3135 1860 ancillarum
3164 1806 3256 1860 Dei
3282 1847 3297 1873 ,
3324 1820 3423 1862 nec
3447 1808 3603 1877 quin-

2016 1893 2262 1963 quaginta
2297 1894 2428 1965 justi
2471 1898 2697 1951 inveniri
2742 1906 3063 1967 potuerunt,
3097 1910 3196 1954 nec
3221 1899 3599 1969 quadraginta,

2016 2001 2113 2042 nec
2152 1988 2363 2058 triginta
2389 2028 2403 2054 ,
2444 2004 2543 2045 nec
2582 1990 2800 2060 viginti,
2844 2006 2943 2046 nec
2985 1990 3207 2046 decem?
3234 1991 3293 2046 Si
3318 1998 3494 2046 autem
3523 1992 3605 2046 in-

2014 2078 2268 2133 credibile
2304 2088 2387 2134 est
2406 2122 2420 2146 ,
2450 2095 2614 2150 quare
2644 2098 2749 2136 non
2779 2082 2920 2137 Deus
2945 2089 3161 2152 propter
3182 2082 3563 2153 quinquaginta
3586 2123 3600 2148 ,

2014 2173 2098 2227 vel
2135 2174 2294 2227 etiam
2336 2183 2552 2243 propter
2591 2174 2777 2229 decem
2807 2174 2981 2245 justus
3008 2177 3243 2244 pepercit
3269 2175 3339 2229 illi
3363 2176 3607 2230 civitati?

2014 2264 2285 2333 Scriptura
2332 2280 2437 2319 non
2484 2265 2643 2332 fallit,
2684 2266 2729 2319 si
2772 2281 2831 2320 se
2861 2265 3021 2320 homo
3051 2279 3155 2319 non
3186 2265 3347 2319 fallat.
3375 2266 3506 2321 Cum
3534 2266 3605 2321 de

2009 2355 2211 2426 justitia
2254 2356 2508 2427 quaeritur
2530 2397 2545 2420 ,
2589 2363 2644 2411 et
2680 2356 2820 2410 Deus
2849 2355 3139 2426 dejustitia
3167 2357 3490 2425 respondet;
3512 2356 3571 2427 ju

2015 2458 2127 2505 stos
2148 2451 2339 2521 quaerit
2358 2449 2422 2503 ad
2446 2450 2682 2520 regulam
2704 2449 2939 2504 divinam
2966 2490 2982 2517 ,
3008 2464 3113 2503 non
3139 2449 3205 2503 ad
3237 2450 3473 2520 regulam
3507 2451 3607 2505 hu»

2015 2556 2247 2596 manam.
2275 2541 2395 2597 Cito
2421 2556 2549 2610 ergo
2580 2539 2880 2611 respondeo
2914 2559 2927 2595 :
2957 2543 3064 2597 Aut
3091 2542 3296 2596 invenit
3321 2542 3390 2596 ibi
3413 2543 3606 2613 totju-

2014 2644 2125 2691 stos
2151 2676 2164 2701 ,
2198 2643 2252 2689 et
2273 2634 2508 2704 pepercit
2533 2632 2771 2698 civitati;
2803 2642 2893 2687 aut
2916 2632 2959 2686 si
2984 2648 3088 2687 non
3112 2634 3347 2703 pepercit
3372 2635 3601 2702 civitati,

2015 2742 2113 2781 nec
2130 2726 2305 2795 justos
2336 2725 2554 2779 invenit.
2578 2723 2682 2780 Sed
2710 2722 3065 2794 respondetur
3088 2723 3236 2787 mihi,
3264 2724 3603 2781 manifestum

2015 2832 2133 2874 esse
2158 2816 2298 2888 quod
2327 2817 2465 2871 Deus
2492 2830 2598 2871 nou
2621 2815 2856 2886 pepercit
2879 2816 3097 2870 civitati.
3126 2816 3445 2886 llespondeo
3467 2834 3601 2887 ego:

2014 2909 2127 2965 lmo
2168 2910 2297 2965 mihi
2326 2926 2429 2964 non
2459 2917 2540 2965 est
2563 2908 2921 2963 manifestum.
2954 2909 3187 2964 Perditio
3209 2912 3350 2965 enim
3376 2913 3605 2969 civitatis

2016 3003 2085 3058 ibi
2129 3001 2268 3058 facta
2300 3018 2405 3057 non
2433 3011 2545 3066 est,
2578 3002 2715 3058 sicut
2746 3003 2795 3055 in
2824 3000 3071 3057 Sodomis
3100 3001 3233 3058 facta
3262 3013 3365 3059 cst.
3398 3006 3470 3059 De
3497 3004 3602 3061 So-

2015 3095 2188 3150 domis
2211 3096 2352 3149 enim
2376 3094 2599 3165 qumstio
2624 3103 2738 3149 erat
2758 3133 2773 3159 ,
2799 3094 3010 3163 quando
3035 3094 3200 3149 Deum
3234 3097 3496 3150 Abraham
3521 3098 3605 3153 in-

2015 3189 2320 3258 terrogavit.
2366 3188 2503 3242 Deus
2534 3197 2709 3241 autem
2736 3186 2898 3249 dixit,
2936 3186 3055 3241 Non
3082 3188 3288 3259 perdam
3312 3192 3559 3245 civitatem
3581 3207 3603 3246 :

2016 3296 2120 3338 non
2165 3281 2329 3347 dixit,
2372 3280 2483 3335 Non
2530 3280 2740 3351 ﬂagello
2780 3280 3069 3335 civitatem.
3095 3279 3341 3335 Sodomis
3367 3294 3472 3336 non
3505 3297 3603 3353 pe-

2015 3374 2221 3444 percit,
2269 3370 2555 3428 Sodomam
2604 3369 2833 3442 perdidit
2879 3389 2890 3423 :
2931 3370 3217 3427 Sodomam
3249 3372 3458 3441 penitus
3481 3373 3603 3442 igne

2016 3464 2381 3535 consumpsit,
2424 3479 2581 3535 quam
2620 3463 2687 3518 ad
2731 3462 2991 3532 judicium
3026 3478 3131 3517 non
3156 3461 3393 3531 distulit,
3420 3464 3514 3519 sed
3544 3465 3605 3523 iu

2015 3575 2131 3616 eam
2159 3559 2395 3614 excreuit
2424 3556 2562 3628 quod
2590 3557 2707 3613 aliis
2737 3557 2891 3612 malis
2918 3557 2984 3612 ad
3011 3555 3267 3628 judicium
3286 3561 3600 3617 reservavit.

2017 3652 2242 3709 Prorsus
2267 3651 2441 3707 nullus
2467 3650 2535 3707 de
2561 3650 2808 3707 Sodomis
2838 3651 3041 3718 evasit;
3067 3650 3197 3706 nihil
3219 3651 3452 3710 hominis
3476 3655 3605 3710 reli-

2015 3754 2157 3799 cttun
2202 3752 2320 3808 est,
2372 3743 2502 3798 nihil
2553 3743 2799 3812 pecoris,
2850 3742 2981 3798 nihil
3026 3743 3305 3800 domorum
3352 3763 3364 3799 :
3410 3755 3603 3804 cuncta

2016 3837 2233 3891 omnino
2263 3835 2397 3906 ignis
2421 3835 2714 3890 absorbuit.
2746 3835 2883 3891 Ecce
2910 3837 3178 3906 quomodo
3202 3838 3344 3893 Deus
3372 3840 3605 3909 perdidit

2015 3930 2301 3984 civitatem.
2328 3928 2410 3983 Ab
2433 3928 2560 3983 urbe
2582 3939 2757 3983 autem
2791 3928 2959 3984 Roma
2989 3944 3145 4000 quam
3177 3932 3327 3986 multi
3356 3933 3605 3991 exierunt

2015 4029 2071 4077 et
2091 4020 2304 4076 redituri
2329 4029 2480 4081 sunt.
2512 4036 2670 4091 quam
2699 4021 2850 4075 multi
2873 4030 3183 4077 manserunt
3204 4031 3257 4077 et
3280 4034 3601 4093 evaserunt,

2015 4130 2172 4185 quam
2202 4114 2350 4169 multi
2382 4115 2432 4168 in
2461 4114 2592 4170 locis
2627 4114 2826 4169 sanctis
2852 4130 2949 4170 nec
2972 4115 3111 4185 tangi
3143 4117 3467 4187 potuerunt!
3495 4117 3604 4175 Sed

2016 4206 2245 4277 captivi,
2288 4205 2568 4275 inquiunt,
2607 4205 2759 4261 multi
2798 4205 2941 4261 ducti
2984 4213 3126 4261 sunt.
3168 4206 3278 4262 lloe
3305 4216 3358 4262 et
3384 4208 3602 4279 Daniel,

2017 4314 2123 4353 non
2158 4297 2224 4353 ad
2243 4298 2561 4369 supplicium
2582 4312 2734 4353 suum
2751 4340 2766 4366 ,
2796 4297 2892 4354 sed
2916 4297 2979 4353 ad
2995 4298 3242 4354 solatium
3263 4309 3601 4358 czcterorum.

2016 4390 2123 4449 Sed
2166 4390 2360 4457 multi,
2410 4390 2688 4459 inquiunt,
2737 4389 2898 4444 occisi
2936 4398 3081 4444 sunt.
3124 4388 3235 4447 Hoc
3274 4400 3329 4448 et
3368 4400 3447 4449 tot
3473 4394 3606 4464 justi

2020 4481 2302 4553 Propheta:
2335 4496 2367 4537 a
2409 4480 2665 4552 sanguine
2708 4480 2839 4536 Abel
2878 4496 3047 4553 usque
3072 4481 3136 4537 ad
3170 4485 3481 4555 sanguinem
3506 4487 3608 4542 Za-

2020 4574 2219 4631 charia:
2255 4573 2468 4648 (Matth.
2515 4590 2673 4641 xxtu,
2722 4574 2815 4647 35')
2849 4593 2861 4630 :
2894 4574 2997 4632 hoc
3023 4577 3183 4633 etiam
3217 4589 3290 4633 tot
3320 4581 3562 4651 Apostoli
3587 4624 3605 4647 ,

2025 4666 2127 4721 hoc
2148 4666 2261 4736 ipse
2288 4664 2544 4721 Dominus
2575 4665 2960 4735 Prophetarum
2991 4676 3047 4723 et
3076 4669 3471 4738 Apostolorum.
3496 4671 3607 4729 Sed

2026 4759 2222 4826 multi,
2272 4758 2556 4829 inquiunt,
2608 4760 2884 4815 tormentis
2927 4760 3087 4816 variis
3130 4763 3417 4818 excruciati
3460 4773 3605 4820 sunt.

2026 4853 2349 4908 Putamusne
2373 4842 2648 4923 quisquam
2676 4859 2876 4908 tantum
2897 4863 3150 4925 quantum
3171 4853 3308 4909 Job?

2099 4944 2153 4999 5.
2180 4943 2451 5000 Horrenda
2480 4944 2632 5000 nobis
2658 4947 2890 4999 nuntiata
2914 4956 3069 5011 sunt;
3095 4952 3299 5016 strages
3329 4945 3463 5003 facta
3484 4988 3501 5014 ,
3526 4950 3611 5005 in-

2028 5036 2252 5107 cendia,
2298 5038 2528 5108 rapina},
2582 5036 3015 5103 interfectiones,
3058 5039 3480 5096 excruciationcs
3514 5041 3610 5098 lto-

2029 5134 2251 5189 minum.
2277 5130 2472 5185 Verum
2498 5139 2579 5185 est
2598 5170 2613 5195 ,
2644 5130 2807 5185 multa
2837 5130 3137 5186 audivimus
3159 5173 3174 5198 ,
3202 5134 3379 5189 omnia
3407 5139 3611 5207 gemui-

2029 5239 2149 5280 mus
2186 5265 2202 5292 ,
2252 5237 2393 5293 saepe
2437 5221 2680 5277 ﬂevimus
2713 5262 2728 5291 ,
2776 5223 2866 5279 vix
2915 5222 3175 5280 consolati
3221 5240 3454 5295 sumus;
3505 5246 3611 5288 non

2029 5316 2205 5371 abnuo
2234 5356 2247 5381 ,
2298 5328 2402 5369 non
2444 5329 2582 5384 nego
2625 5313 2789 5368 multa
2831 5328 2929 5368 nos
2968 5314 3213 5383 audisse,
3253 5318 3418 5376 multa
3448 5321 3500 5377 in
3526 5322 3613 5382 illa

2030 5407 2163 5463 urbe
2186 5421 2304 5461 esse
2328 5407 2633 5461 commissa.

2104 5496 2329 5554 CAPUT
2359 5498 2446 5552 III.
2473 5528 2542 5538 -—
2567 5496 2631 5550 In
2659 5496 2933 5551 vastatione
2963 5495 3115 5552 Urbis
3144 5500 3278 5557 nihil
3297 5504 3499 5575 gravius
3526 5521 3616 5562 ac-

2032 5593 2153 5648 cidit
2180 5592 2464 5647 calamitate
2485 5590 2604 5645 Job.
2633 5590 3008 5648 Verumtamen
3030 5634 3045 5661 ,
3072 5594 3264 5652 fratres
3287 5598 3389 5652 mei
3412 5598 3616 5668 (inten-

2033 5683 2126 5739 dat
2163 5681 2409 5737 Charitas
2454 5690 2628 5737 vestra
2673 5681 2811 5751 quod
2856 5682 3035 5756 dico),
3076 5687 3374 5744 audivimus
3419 5687 3620 5745 librum

2035 5775 2199 5832 saneti
2244 5774 2374 5843 Job,
2419 5776 2554 5847 quod
2598 5773 2816 5847 perditis
2854 5775 3048 5847 rebus,
3083 5779 3300 5851 perditis
3325 5779 3484 5851 ﬁliis,
3517 5792 3625 5837 uec.
