4102 6336
400 371 504 427 710

395 486 565 555 ipsam
602 497 820 539 carnem
862 496 981 553 quae
1018 480 1095 536 illi
1123 478 1234 535 sola
1273 483 1631 542 remanserat,
1660 474 1858 529 salvam
1888 485 1985 543 po-

397 580 499 634 tuit
538 578 812 642 obtinere;
856 575 949 631 sed
990 588 1273 645 percussus
1310 570 1453 642 gravi
1498 569 1717 623 vulnere
1755 581 1786 620 a
1814 566 1986 633 capite

396 686 569 741 usque
617 669 682 723 ad
732 668 935 740 pedes,
985 666 1207 721 sedebat
1252 665 1306 718 in
1348 672 1624 724 stercore,
1675 665 1987 729 putrescens

396 766 612 827 ulcere,
661 763 808 817 sanie
853 761 1055 825 fluens,
1103 758 1373 814 vermibus
1419 763 1666 818 scatens,
1708 749 1991 807 tormentis

396 855 759 912 acerbissimis
798 854 1042 908 dolorum
1080 851 1363 906 cruciatus.
1405 847 1462 905 Si
1493 846 1645 901 nobis
1671 845 1749 900 sic
1773 842 1987 898 nuntia-

396 956 548 1003 retur
586 947 836 1000 universa
860 945 1047 1000 civitas
1076 941 1264 997 sedere
1283 982 1297 1007 ,
1329 939 1548 1004 sedere,
1578 939 1792 1008 inquam
1811 976 1827 1003 ,
1855 932 1988 988 civi-

399 1046 483 1093 tas
522 1038 765 1092 universa
789 1080 803 1100 ,
835 1034 982 1089 nullo
1009 1033 1079 1088 ibi
1115 1047 1246 1087 sano
1266 1073 1283 1099 ,
1316 1032 1369 1085 in
1396 1029 1712 1100 gravissimo
1733 1024 1952 1080 vulnere
1972 1065 1988 1090 ,

400 1138 456 1184 et
497 1130 577 1184 sic
616 1138 922 1198 putrescere
964 1124 1234 1180 vermibus
1277 1124 1462 1190 vivos,
1503 1119 1770 1192 quomodo
1796 1116 1993 1173 mortui

400 1228 721 1292 putruerunt
749 1237 762 1272 :
794 1218 935 1288 quod
974 1226 1089 1272 erat
1113 1214 1370 1286 gravius?
1400 1215 1601 1279 hocne,
1628 1227 1697 1266 an
1728 1208 1854 1264 illud
1882 1207 1995 1262 bel-

399 1312 554 1368 lum?
588 1312 725 1366 Puto
762 1308 905 1380 quod
942 1308 1123 1362 mitius
1151 1309 1202 1361 in
1232 1320 1448 1361 carnem
1479 1305 1763 1358 humanam
1792 1301 1994 1355 ferrum

402 1402 649 1466 saeviret,
702 1416 860 1471 quam
907 1414 1156 1463 vermes;
1204 1395 1532 1452 tolerabilius
1574 1394 1642 1450 de
1692 1391 1997 1471 vulneribus

403 1494 621 1564 sanguis
658 1499 994 1561 erumperet,
1035 1503 1194 1560 quam
1223 1488 1289 1544 de
1320 1486 1598 1558 putredine
1624 1484 1800 1539 sanies
1824 1482 1997 1537 distil-

404 1587 561 1643 laret.
610 1584 850 1641 Cadaver
890 1583 1163 1653 corrumpi
1191 1581 1411 1652 respicis
1436 1622 1450 1647 ,
1483 1587 1538 1634 et
1564 1576 1827 1633 horrescis
1859 1591 1874 1629 :
1904 1573 2001 1630 sed

404 1677 529 1733 ideo
553 1678 728 1732 minor
753 1691 908 1747 poena
933 1718 948 1743 ,
976 1674 1117 1746 quod
1145 1673 1341 1729 absens
1368 1671 1565 1726 anima.
1590 1671 1657 1723 At
1677 1682 1804 1723 vero
1825 1666 1877 1721 in
1899 1663 2015 1720 Job-

405 1782 647 1839 praesens
672 1768 848 1823 anima
869 1783 989 1837 quae
1013 1766 1264 1831 sentiret,
1295 1764 1455 1834 ligata
1476 1776 1543 1817 ne
1563 1761 1798 1831 fugeret,
1823 1757 2002 1827 subje-

406 1872 494 1917 ela
528 1870 587 1916 ut
620 1861 853 1927 doleret,
895 1869 1214 1930 compuncta
1252 1867 1311 1912 ut
1349 1854 1743 1925 blasphemaret
1764 1853 1804 1905 ί.
1831 1849 2004 1907 Susti-

408 1957 527 2010 nuit
549 1962 727 2008 autem
756 1955 777 1984 ¹¹
810 1951 1207 2007 tribulationem
1236 1948 1366 2015 Job,
1396 1955 1450 2003 et
1477 1946 1789 2016 deputatum
1818 1951 1901 1999 est
1929 1940 2007 1997 illi

410 2047 478 2103 ad
523 2061 766 2117 magnam
802 2045 1084 2115 justitiam.
1120 2044 1239 2099 Non
1282 2058 1409 2112 ergo
1452 2041 1731 2111 quisquam
1770 2035 2009 2093 attendat

410 2141 537 2213 quid
570 2141 800 2210 patiatur
819 2181 834 2206 ,
864 2138 956 2194 sed
984 2137 1108 2208 quid
1140 2137 1314 2191 faciat.
1348 2135 1550 2198 Homo,
1578 2134 1629 2187 in
1652 2148 1717 2188 eo
1742 2131 1883 2203 quod
1910 2145 2007 2200 pa-

412 2233 543 2288 teris
563 2274 578 2299 ,
614 2239 851 2302 potestas
879 2239 966 2285 tua
991 2245 1097 2283 non
1133 2236 1215 2283 est
1242 2245 1255 2282 :
1286 2228 1340 2281 in
1371 2241 1437 2281 eo
1465 2224 1605 2295 quod
1630 2224 1785 2288 facis,
1816 2221 2009 2277 volun-

414 2335 498 2381 tas
540 2334 625 2379 tua
657 2324 740 2378 vel
778 2337 977 2378 nocens
1006 2321 1090 2375 vel
1122 2322 1378 2375 innocens
1406 2328 1506 2372 est.
1536 2315 1842 2371 Patiebatur
1866 2313 1966 2369 Job
1990 2352 2007 2380 ,

421 2418 600 2474 stabat
639 2417 831 2472 mulier
870 2414 1055 2470 relicta
1093 2413 1205 2468 sola
1229 2452 1246 2480 ,
1292 2426 1399 2466 non
1440 2410 1507 2464 ad
1550 2407 1967 2463 consolationem
1991 2443 2008 2471 ,

416 2511 514 2568 sed
562 2510 628 2565 ad
674 2510 1063 2572 teutatienem;
1111 2520 1219 2561 non
1265 2520 1383 2575 qua:
1413 2502 1628 2558 afferret
1653 2500 2007 2566 medicinam,

419 2604 515 2661 sed
542 2618 662 2674 qutc
691 2609 936 2657 moneret
963 2597 1352 2668 blasphemiam
1384 2612 1397 2648 :
1431 2593 1529 2647 Dic
1553 2591 1775 2664 aliquid.
1807 2592 2011 2661 inquit,

417 2697 476 2750 in
511 2694 713 2759 Deum,
745 2704 791 2747 et
817 2706 1027 2745 morere.
1061 2688 1252 2744 Videte
1277 2684 1724 2758 quemadmodum
1765 2681 1842 2737 illi
1878 2682 2015 2737 mori

420 2786 741 2843 beneﬁcium
786 2785 884 2838 fuit
903 2826 917 2850 ,
950 2791 1007 2838 et
1036 2782 1140 2837 tale
1168 2779 1483 2837 beneﬁcium
1514 2793 1671 2833 nemo
1698 2776 1878 2831 dabat.
1909 2774 2016 2831 Sed

423 2880 480 2935 in
502 2878 586 2933 his
612 2876 861 2932 omnibus
885 2890 1007 2947 quae
1037 2882 1216 2929 sancta
1246 2873 1422 2927 anima
1444 2871 1777 2935 sustinebat,
1804 2869 2015 2939 patien-

422 2972 497 3027 tia
513 2968 881 3035 exercebatur,
900 2966 1034 3021 ﬁdes
1055 2964 1395 3036 probabatur,
1411 2963 1601 3017 mulier
1619 2960 2013 3030 confutabatur,

426 3060 675 3116 diabolus
701 3058 1025 3114 vincebatur.
1054 3055 1426 3126 Spectaculum
1456 3068 1703 3124 magnum
1729 3094 1743 3119 ,
1770 3060 1827 3108 et
1854 3053 1907 3107 in
1931 3052 2018 3107 illa

425 3153 669 3210 fwditate
724 3150 1018 3222 putredinis
1070 3147 1324 3219 praeclara
1372 3145 1710 3217 pulchritudo
1760 3144 2015 3199 virtutis!

426 3244 615 3301 Vastat
649 3245 876 3299 latenter
912 3240 1161 3296 inimicus
1206 3257 1220 3292 :
1264 3247 1449 3309 aperte
1477 3237 1677 3293 malum
1704 3236 1893 3292 suadet
1919 3236 2019 3291 iui-

425 3338 604 3403 mica;
648 3335 967 3407 adjutorium
1011 3333 1246 3399 diaboli,
1287 3346 1396 3386 non
1445 3331 1665 3395 mariti;
1704 3330 1815 3384 Eva
1844 3343 2018 3396 nova,

425 3429 524 3486 sed
543 3429 633 3485 ille
658 3444 765 3483 non
789 3435 942 3482 vetus
967 3424 1137 3481 Adam
1168 3442 1181 3477 :
1210 3424 1305 3478 Dic
1328 3424 1522 3494 aliquid
1548 3423 1601 3477 in
1625 3421 1821 3487 Deum,
1848 3429 1892 3476 et
1913 3437 2022 3474 mo-

426 3537 558 3576 rere.
604 3517 1032 3590 Blasphemando
1078 3526 1375 3586 extorque,
1422 3514 1564 3585 quod
1609 3513 1876 3583 precando
1914 3527 2021 3569 non

426 3621 586 3687 potes
622 3612 930 3683 impetrare.
970 3609 1165 3664 Locuta
1198 3626 1249 3663 es
1270 3651 1285 3676 ,
1340 3608 1540 3679 inquit,
1572 3618 1811 3678 tanquam
1835 3624 1936 3661 una
1962 3623 2025 3663 ea:

429 3705 782 3775 insipientibus
810 3702 1122 3757 mulieribus.
1150 3700 1424 3757 Attendite
1450 3702 1613 3755 verba
1641 3699 1793 3755 fortis
1818 3700 2020 3767 ﬁdelis;

431 3796 690 3852 attendite
718 3795 878 3849 verba
909 3793 1038 3847 foris
1066 3794 1444 3863 putrescentis,
1477 3793 1619 3846 intus
1649 3793 1838 3863 integri
1872 3810 1885 3846 :
1917 3792 2023 3847 Lo-

432 3898 550 3943 cuta
587 3905 638 3944 es
658 3930 673 3957 ,
713 3888 912 3958 inquit,
946 3896 1185 3958 tanquam
1219 3902 1323 3940 una
1347 3902 1408 3940 ex
1429 3885 1779 3956 insipientibus
1803 3886 2028 3940 mulieri-

435 3981 546 4034 bus.
592 3980 652 4035 Si
694 3981 822 4034 bona
864 3980 1176 4049 percepimus
1209 3979 1273 4032 de
1297 3995 1450 4032 manu
1474 3978 1719 4045 Domini,
1761 3980 1896 4033 mala
1925 3995 2025 4033 non

433 4071 787 4126 sustinebimus
811 4070 930 4142 (Job
956 4086 995 4136 ι,
1025 4081 1069 4123 et
1097 4071 1154 4140 ιι)
1176 4072 1199 4124 ?
1221 4070 1379 4124 Pater
1419 4080 1501 4126 est
1524 4088 1539 4135 ;
1564 4073 1817 4142 numquid
1840 4088 2025 4127 aman-

436 4160 539 4217 dus
567 4160 845 4216 blandiens
866 4200 880 4226 ,
908 4168 961 4214 et
992 4161 1324 4229 respuendus
1351 4164 1686 4232 corripiens?
1714 4164 1899 4220 Nonne
1929 4182 2026 4236 pa-

435 4260 521 4308 ter
558 4261 641 4307 est
664 4293 680 4319 ,
721 4260 775 4305 et
820 4251 1137 4322 promittens
1173 4252 1330 4306 vitam
1354 4294 1368 4318 ,
1401 4263 1455 4309 et
1479 4254 1759 4324 imponens
1789 4256 2027 4327 discipli-

436 4347 604 4401 nam?
648 4345 933 4401 Exciditne
978 4345 1071 4399 tibi
1121 4362 1133 4398 :
1184 4344 1324 4415 Fili,
1369 4348 1612 4403 accedens
1648 4351 1715 4404 att
1746 4353 2027 4407 servitutem

437 4440 536 4496 Dei
558 4479 575 4506 ,
603 4449 679 4493 sta
705 4440 756 4493 in
775 4438 976 4509 justitia
1005 4448 1050 4492 et
1084 4439 1288 4506 timore,
1312 4449 1357 4493 et
1384 4456 1616 4510 praepara
1641 4444 1863 4496 animam
1891 4453 2029 4499 tuam

438 4533 510 4587 ad
566 4533 931 4587 tentationem?
970 4531 1132 4585 Omne
1188 4533 1322 4603 quod
1368 4534 1457 4587 tibi
1504 4536 1798 4606 applicitum
1842 4539 2023 4607 fuerit,

439 4624 653 4696 accipe;
676 4633 723 4678 et
762 4623 814 4677 in
842 4622 1015 4678 dolore
1037 4625 1244 4691 sustine,
1260 4635 1306 4679 et
1334 4627 1385 4680 in
1414 4627 1694 4682 humilitate
1721 4638 1805 4682 tua
1831 4631 2029 4698 patien-

440 4718 565 4774 tiam
602 4716 728 4771 habe
763 4735 783 4771 :
820 4717 1057 4787 quoniam
1082 4718 1133 4771 in
1161 4722 1275 4789 igne
1304 4720 1545 4789 probatur
1572 4738 1751 4775 aurum
1779 4732 1824 4776 et
1850 4740 2031 4795 argen-

442 4821 552 4864 tum
574 4852 589 4873 ,
626 4810 851 4864 homines
892 4824 1003 4863 vero
1040 4809 1368 4879 acceptabiles
1405 4812 1457 4865 in
1496 4814 1691 4867 camino
1724 4815 2030 4870 humiliatio-

439 4904 519 4956 nis
559 4901 744 4972 (Eccli.
793 4918 858 4965 ιι,
900 4901 1014 4973 1-5)
1036 4901 1059 4955 ‘l
1084 4901 1364 4957 Exciditue
1396 4904 1486 4958 tibi
1517 4922 1529 4957 :
1564 4905 1723 4972 Quem
1750 4908 1880 4961 enim
1908 4909 2030 4963 dili-

439 4996 514 5065 git
553 4993 801 5049 Dominus
822 5036 836 5062 ,
878 4995 1123 5064 corripit;
1166 4996 1394 5066 ﬂagellat
1423 5009 1587 5052 autem
1614 5016 1811 5054 onmem
1838 5000 2029 5058 Filium

438 5103 585 5156 quem
612 5087 786 5157 recipit
820 5085 999 5159 (Prov.
1031 5102 1119 5151 ιιι,
1152 5087 1249 5154 ﬂ,
1275 5097 1323 5142 et
1345 5088 1504 5143 Ilebr.
1532 5108 1635 5161 xu,
1668 5091 1767 5165 6)?

510 5177 733 5233 CAPUT
767 5178 854 5233 IV.
878 5179 1018 5232 -4.
1048 5177 1313 5234 Cruciatus
1347 5185 1645 5252 temporales
1667 5202 1780 5240 cum
1804 5189 2029 5258 gehenna

441 5271 720 5339 comparati
769 5287 922 5342 quam
972 5271 1122 5325 leves.
1181 5270 1363 5341 Cogita
1414 5277 1677 5344 quoslibet
1736 5280 2027 5351 cruciatus,

443 5360 673 5415 extende
700 5361 936 5415 animum
967 5362 1019 5416 in
1049 5364 1314 5432 quaslibet
1361 5364 1413 5420 in
1444 5365 1545 5422 hac
1578 5369 1683 5423 vita
1714 5386 1899 5439 pmnas
1929 5373 2028 5427 hu-

441 5466 665 5518 manas;
698 5467 947 5523 compara
996 5454 1063 5509 ad
1109 5456 1444 5526 gehennam,
1496 5470 1550 5515 ct
1597 5462 1715 5516 leve
1742 5475 1823 5517 est
1870 5481 2028 5523 omne

448 5544 588 5615 quod
615 5545 838 5617 cogitas.
874 5548 971 5602 llic
1001 5551 1327 5620 temporalis,
1355 5552 1428 5607 ibi
1465 5561 1696 5612 aeternus
1725 5564 1826 5625 est,
1857 5566 1913 5614 ct
1940 5561 2030 5630 qui

510 5768 528 5799 ι
561 5765 793 5817 Nonnulla
825 5767 905 5821 hic
925 5772 1245 5823 restituuntur
1270 5787 1332 5824 ex
1354 5773 1629 5829 Michaelino
1650 5784 1730 5832 Ms.

508 5833 529 5863 ³
562 5836 635 5879 lJ‘.
663 5833 807 5896 Lugd.
833 5840 952 5883 Ven.
978 5840 1107 5899 L0v.,
1130 5835 1350 5888 sustinuit
1367 5843 1541 5891 tamen.
1608 5851 1662 5893 Μ.

1603 356 1662 415 S.
1704 355 1841 414 AUC
1850 348 2073 412 USTINI
2117 350 2420 411 EPISCOPI

3562 349 3671 408 720

2093 481 2304 543 torquet
2332 481 2385 527 et
2408 472 2494 543 qui
2527 477 2820 542 torquetur.
2851 466 3118 540 Numquid
3162 465 3340 524 adhuc
3378 465 3675 538 patiuntur,

2093 565 2182 634 qui
2214 562 2305 618 illo
2332 572 2570 633 tempore
2613 563 2755 634 passi
2783 570 2938 630 sunt,
2980 574 3084 631 quo
3105 559 3275 616 Roma
3317 567 3530 615 vastata
3560 561 3679 616 est?

2094 655 2253 711 Dives
2279 664 2455 710 autem
2479 655 2567 710 ille
2591 654 2764 710 adhuc
2784 654 2923 725 apud
2940 652 3141 708 inferos
3166 652 3364 723 patitur
3386 651 3537 725 (Luc.
3560 668 3677 722 ενι,

2096 749 2309 823 19-26).
2339 750 2513 817 Arsit,
2545 749 2730 816 ardet,
2761 749 3000 814 ardebit;
3031 748 3173 803 vivet
3217 761 3387 818 usque
3424 746 3493 802 ad
3538 747 3683 817 judi-

2094 842 2234 896 cium
2266 860 2279 895 :
2310 843 2532 913 recipiet
2557 857 2794 909 carnem,
2838 856 2945 897 non
2985 840 3054 896 ad
3096 840 3449 906 beneﬁcium,
3481 840 3577 897 sed
3616 839 3685 896 ad

2096 935 2433 1005 supplicium.
2458 935 2580 991 lllas
2603 950 2788 1006 poenas
2814 936 3119 1001 timeamus,
3147 933 3194 989 si
3214 933 3384 989 Deum
3411 933 3683 990 timemus.

2096 1027 2363 1097 Quidquid
2385 1028 2470 1082 hic
2495 1042 2684 1097 passus
2703 1026 2864 1083 fuerit
2885 1029 3065 1093 homo,
3085 1026 3131 1082 si
3157 1027 3474 1098 corrigatur,
3499 1042 3687 1083 emen-

2094 1121 2242 1176 ﬂatio
2270 1129 2352 1176 est
2380 1140 2395 1177 :
2422 1122 2467 1176 si
2492 1136 2592 1177 nec
2618 1122 2695 1175 sic
2720 1121 3039 1191 corrigatur,
3063 1120 3259 1191 duplex
3283 1119 3556 1176 damnatio
3581 1129 3684 1176 est.

2098 1211 2170 1269 Et
2201 1212 2289 1269 hic
2318 1215 2461 1270 enim
2491 1215 2587 1269 luit
2615 1228 2803 1285 poenas
2830 1214 3174 1285 temporales,
3199 1222 3254 1270 et
3282 1213 3355 1270 ibi
3384 1214 3692 1286 experietur

2101 1315 2347 1362 aeternas.
2385 1307 2513 1362 Dico
2562 1306 2819 1363 Charitati
2860 1315 3083 1373 vestrae,
3128 1306 3319 1361 fratres
3366 1323 3380 1360 :
3425 1313 3689 1377 martyres

2102 1407 2251 1453 certe
2308 1408 2521 1455 sanctos
2570 1400 2866 1463 laudamus,
2897 1398 3292 1469 gloriﬁcamus,
3322 1397 3686 1466 admiramur;

2103 1491 2219 1548 dies
2240 1506 2426 1548 eorum
2447 1494 2534 1562 pia
2556 1492 2896 1549 solemnitate
2914 1491 3269 1560 celebramus,
3292 1491 3481 1547 merita
3504 1506 3691 1547 eorum

2104 1596 2442 1651 veneramur,
2471 1591 2545 1651 et,
2574 1582 2619 1639 si
2649 1597 2954 1653 possumus,
2980 1583 3271 1639 imitamur.
3299 1584 3395 1639 Est
3432 1582 3692 1655 profecto,

2108 1684 2191 1733 est
2220 1691 2409 1749 magna
2433 1684 2726 1748 martyrum
2755 1677 2960 1747 gloria;
2992 1675 3084 1732 sed
3110 1676 3292 1733 nescio
3310 1683 3488 1732 utrum
3517 1678 3699 1731 minor

2106 1770 2274 1841 gloria
2320 1770 2418 1825 fuit
2455 1770 2624 1825 sancti
2649 1769 2751 1825 Job
2778 1787 2793 1823 :
2821 1784 2923 1825 nec
2952 1776 3130 1825 tamen
3152 1768 3200 1825 ei
3225 1767 3520 1835 dicebatur,
3544 1766 3699 1822 Thus

2109 1877 2250 1933 pone
2287 1862 2444 1917 idolis
2467 1903 2483 1929 ,
2525 1861 2766 1918 sacriﬁca
2809 1860 2911 1916 diis
2939 1860 3128 1916 alienis
3151 1902 3166 1929 ,
3212 1875 3343 1931 nega
3381 1859 3693 1926 Christum;

2112 1955 2387 2012 dicebatur
2416 1964 2591 2011 tamen
2616 1996 2632 2022 ,
2676 1954 2991 2025 Blasphema
3021 1954 3209 2011 Deum.
3246 1953 3358 2010 Nec
3400 1953 3697 2019 dicebatur,

2111 2056 2171 2103 ut
2208 2048 2610 2117 intelligeretur,
2639 2046 2698 2103 Si
2733 2046 3185 2118 blasphemaveris
3206 2054 3239 2112 ,‘
3266 2044 3492 2117 putredo
3525 2044 3702 2101 omnis

2113 2143 2426 2199 abseessura
2469 2141 2772 2213 sanitasque
2794 2140 3028 2197 reditura
3066 2150 3150 2197 est
3179 2159 3193 2195 :
3223 2140 3340 2207 sed,
3369 2140 3425 2196 Si
3450 2140 3702 2210 blasphe-

2114 2235 2367 2301 maveris,
2417 2233 2627 2289 dicebat
2670 2234 2847 2302 inepta
2878 2241 2932 2288 et
2960 2233 3158 2288 insulsa
3187 2232 3399 2298 mulier,
3429 2231 3698 2298 morieris,

2116 2334 2171 2380 et
2198 2324 2477 2381 moriendo
2515 2325 2802 2380 tormentis
2847 2324 3079 2380 carebis.
3110 2324 3273 2393 Quasi
3298 2340 3425 2380 vero
3451 2323 3704 2378 morienti

2117 2418 2432 2489 blasphemo
2458 2433 2564 2473 non
2592 2426 2825 2474 aeternus
2866 2417 3020 2473 dolor
3058 2416 3383 2473 succederet.
3412 2416 3600 2472 Mulier
3626 2416 3706 2470 fa-

2117 2519 2208 2566 tua
2238 2510 2518 2581 praesentis
2546 2510 2842 2581 putredinis
2908 2509 3161 2566 horrebat
3190 2509 3512 2576 molestiam,
3549 2516 3708 2563 aeter-

2118 2617 2241 2657 nam
2272 2601 2540 2657 flammam
2579 2601 2799 2656 minime
2827 2601 3111 2672 cogitabat.
3145 2600 3379 2657 Ferehat
3428 2600 3516 2656 ille
3563 2615 3706 2670 pra:-

2120 2710 2244 2753 sens
2274 2696 2492 2763 malum,
2525 2710 2593 2750 ne
2622 2696 2883 2752 incideret
2921 2695 3263 2775 infuturum.
3291 2695 3531 2751 Tenebat
3555 2709 3648 2749 cor
3674 2709 3707 2749 a

2120 2791 2260 2845 mala
2291 2790 2628 2861 cogitatione,
2658 2788 2891 2859 linguam
2922 2804 2953 2843 a
2973 2788 3289 2854 maledicto;
3326 2787 3574 2843 servabat
3592 2786 3713 2840 ani-

2121 2900 2224 2940 mre
2252 2885 2609 2955 integritatem
2636 2882 2689 2937 in
2721 2880 2999 2952 putredine
3035 2881 3299 2952 corporis.
3334 2879 3556 2935 Videbat
3583 2875 3712 2947 quid

2122 2977 2176 3033 in
2204 2977 2441 3033 futurum
2477 2976 2770 3041 evadebat;
2800 2976 2922 3031 ideo
2949 2974 3093 3045 quod
3131 2973 3448 3045 patiebatur,
3483 2970 3712 3027 ferebat.

2123 3075 2231 3141 Sic,
2259 3075 2337 3131 sic
2356 3074 2721 3146 unusquisque
2752 3073 3077 3129 christianus
3119 3069 3332 3141 quando
3367 3068 3597 3140 aliquam
3627 3068 3710 3120 af-

2124 3165 2412 3221 ﬁietionem
2458 3166 2701 3236 corporis
2740 3164 2962 3235 patitur,
2993 3164 3261 3234 gehennas
3299 3160 3515 3231 cogitet,
3547 3166 3601 3213 et
3630 3157 3714 3212 vi-

2127 3258 2253 3313 deat
2301 3274 2459 3329 quam
2493 3257 2611 3313 leve
2652 3265 2735 3312 est
2760 3257 2778 3288 ί
2821 3255 2963 3327 quod
3009 3256 3225 3325 patitur.
3268 3252 3387 3307 Non
3416 3257 3716 3307 murmuret

2126 3348 2410 3404 adversum
2458 3350 2645 3415 Deum,
2694 3364 2801 3403 non
2846 3348 2984 3403 dicat
3014 3365 3027 3401 :
3057 3348 3219 3413 Deus,
3270 3345 3398 3416 quid
3447 3344 3538 3399 tibi
3580 3342 3706 3410 feci,

2128 3454 2293 3510 quare
2342 3440 2441 3494 ista
2485 3440 2702 3509 patior?
2749 3438 2861 3494 lmo
2912 3439 3055 3495 dicat
3109 3438 3253 3508 quod
3298 3437 3436 3492 dixit
3475 3436 3588 3507 ipse
3615 3434 3716 3491 Job

2128 3532 2369 3602 quamvis
2398 3538 2614 3586 sanctus
2646 3548 2660 3586 :
2691 3531 2972 3603 Exquisisti
2992 3530 3162 3585 omnia
3190 3538 3394 3600 peccata
3422 3545 3552 3595 mea,
3585 3536 3630 3581 et
3655 3542 3716 3582 ea

2130 3634 2369 3695 tanquam
2393 3625 2447 3679 in
2472 3625 2674 3679 sacculo
2703 3625 2915 3700 signasti
2943 3623 3062 3695 (Job
3087 3640 3197 3692 xtv,
3245 3623 3331 3690 16,
3366 3623 3481 3695 17).
3511 3621 3626 3676 Non
3654 3634 3714 3676 se

2129 3732 2289 3773 ausus
2317 3727 2400 3773 est
2421 3717 2600 3773 dicere
2623 3717 2737 3773 sine
2761 3724 3001 3789 peccato,
3049 3718 3139 3787 qui
3166 3716 3481 3787 patiebatur,
3522 3729 3628 3768 non
3659 3718 3718 3767 ut

2130 3813 2427 3883 puniretur,
2463 3811 2556 3867 sed
2582 3820 2639 3867 ut
2667 3812 3000 3881 probaretur.
3039 3809 3153 3866 Hoc
3175 3809 3317 3865 dicat
3346 3805 3717 3877 unusquisque

2130 3919 2250 3960 cum
2275 3906 2490 3975 patitur.

2202 3998 2428 4054 CAPUT
2460 3998 2522 4053 V.
2550 4029 2619 4039 --
2656 3999 2708 4054 £3.
2748 3997 2886 4053 Justi
2907 3998 3086 4054 Romae
3109 4014 3175 4051 an
3202 4013 3304 4051 non
3328 3993 3627 4059 exstiterint,
3662 3997 3719 4044 ut

2132 4104 2335 4166 prapter
2358 4094 2493 4164 ipsos
2542 4092 2666 4148 Urbi
2687 4103 2995 4163 parceretur.
3042 4091 3263 4145 Peccata
3313 4105 3427 4160 qute
3463 4104 3564 4141 non
3606 4085 3722 4155 ﬁcte

2132 4190 2467 4258 conﬁteantur
2495 4205 2665 4242 omnes
2704 4188 2905 4243 habent.
2943 4187 3179 4242 Fuerunt
3220 4185 3409 4240 Romae
3455 4182 3719 4253 quinqua-

2130 4282 2273 4351 ginta
2291 4281 2441 4350 justi,
2468 4279 2632 4335 imosi
2660 4280 2876 4335 modum
2901 4279 3191 4333 humanum
3210 4275 3537 4341 consideres,
3557 4271 3721 4327 millia

2128 4375 2391 4445 justorum
2426 4392 2438 4427 :
2469 4375 2513 4429 si
2566 4375 2800 4445 regulam
2849 4373 3210 4445 perfectionis,
3263 4387 3421 4427 nemo
3455 4371 3721 4441 justorum

2133 4470 2331 4523 existit.
2359 4468 2692 4539 Quicumque
2718 4469 2904 4524 Romae
2931 4470 3020 4539 qui
3050 4484 3107 4523 se
3135 4467 3332 4522 audeat
3355 4467 3556 4536 justum
3578 4463 3724 4519 dicc-

2134 4576 2212 4627 rc,
2246 4576 2277 4615 a
2325 4576 2410 4616 me
2455 4577 2561 4615 non
2606 4561 2752 4615 audit
2777 4563 2797 4593 ²
2834 4579 2846 4613 :
2882 4560 3148 4631 Numquid
3186 4573 3240 4612 tu
3268 4558 3543 4629 sapientior
3567 4571 3720 4626 quam

2134 4653 2320 4707 Daniel
2342 4652 2552 4724 (Ezech.
2585 4669 2775 4721 xxvnt,
2810 4651 2907 4724 5)?
2938 4652 3075 4707 Audi
3102 4666 3229 4721 ergo
3258 4651 3405 4705 illum
3452 4650 3717 4705 conﬁten-

2135 4758 2241 4804 tem
2270 4757 2485 4819 peccata
2519 4763 2612 4804 sua
2642 4747 2803 4818 (Dan.
2834 4764 2914 4815 1x,
2943 4747 3066 4817 20).
3092 4748 3171 4801 An
3199 4744 3333 4801 forte
3354 4761 3473 4801 cum
3502 4744 3723 4800 conﬁte-

2136 4840 2312 4907 batur,
2362 4840 2754 4896 mentiebatur?
2800 4840 2935 4894 llinc
2974 4832 3101 4909 ergo
3148 4837 3383 4893 habebat
3420 4845 3721 4906 peccatum,

2135 4932 2257 5005 quia
2284 4934 2350 4989 de
2376 4934 2487 4988 suis
2514 4933 2746 5002 peccatis
2762 4933 2875 4987 Deo
2894 4932 3269 4987 mentiebatur.
3305 4929 3409 4986 Sed
3438 4927 3727 4999 aliquando

2135 5033 2573 5096 argumentantur
2611 5024 2873 5089 homines,
2930 5032 2983 5079 et
3026 5023 3228 5090 dicunt,
3276 5021 3444 5078 Debet
3483 5028 3536 5075 et
3561 5018 3729 5074 homo

2131 5117 2305 5187 justus
2355 5116 2465 5171 Deo
2517 5114 2695 5170 dicere
2722 5116 2843 5185 quia
2889 5122 3137 5184 peccator
3173 5123 3255 5169 est
3285 5131 3298 5168 :
3323 5111 3565 5183 quamvis
3594 5108 3732 5164 sciat

2135 5209 2337 5265 nullum
2361 5225 2419 5265 se
2450 5208 2650 5265 habere
2678 5217 2977 5280 peccatum,
3008 5216 3187 5263 tamen
3213 5207 3355 5262 dicat
3380 5206 3507 5272 Deo,
3543 5203 3731 5260 Habeo

2137 5312 2435 5373 peccatum.
2456 5302 2617 5357 Miror
2632 5303 2675 5357 si
2702 5302 2799 5357 ista
2829 5301 3033 5357 consilii
3051 5301 3250 5355 sanitas
3279 5296 3590 5368 appellanda
3621 5303 3728 5351 est.

2135 5394 2265 5465 Quis
2291 5402 2343 5451 te
2368 5394 2494 5451 facit
2533 5410 2640 5451 non
2669 5393 2867 5451 habere
2897 5391 3213 5465 peccatum?
3249 5406 3427 5447 nonne
3470 5390 3612 5446 Deus
3638 5385 3731 5457 qui

2201 5598 2220 5632 ι
2253 5593 2559 5651 Michaelinus
2595 5597 2771 5659 codex,
2796 5602 2842 5649 et
2882 5594 3088 5648 lucidius
3133 5589 3400 5660 pervidebit
3444 5599 3589 5653 quam
3628 5586 3741 5637 leve

2136 5665 2223 5797 ⁸³’ἱ
2252 5670 2500 5797 ῗιῗθὲοειρηι
2524 5733 2627 5797 μιετ,
2644 5722 3054 5797 mnum-
3070 5717 3738 5797 amnemamnem:

2137 5784 2315 5912 (13,5923
2359 5774 2533 5839 audeat
2578 5774 2764 5851 justum
2794 5774 2989 5839 'dicere.
3038 5797 3074 5837 Α
3119 5796 3196 5835 me
3241 5774 3406 5833 audiet
3425 5814 3440 5841 ,
3480 5774 3734 5842 numquid
