4102 6336
437 405 537 464 721

435 521 591 576 sanat
615 512 848 569 animam
881 508 1065 566 tuam?
1091 507 1148 564 Si
1184 515 1359 562 tamen
1389 519 1494 561 non
1525 502 1690 559 habes
1729 513 2025 575 peceatum.

433 608 567 664 Nam
589 604 905 669 considera;
936 610 991 656 et
1025 598 1282 663 invenies,
1317 612 1422 652 non
1453 604 1752 666 peccatum,
1782 595 1875 651 sed
1904 610 2029 664 pec-

434 711 573 759 cata.
602 701 805 755 Tamen
848 697 893 752 si
933 707 1150 766 prorsus
1178 707 1285 748 non
1330 690 1495 745 habes
1523 699 1818 759 peccatmn,
1852 704 2029 744 nonne

436 795 578 851 illius
605 791 927 849 beneﬁcium
955 795 1058 854 est,
1100 786 1186 840 cui
1214 783 1391 839 dixisti
1425 800 1439 836 :
1469 780 1581 853 Ego
1611 782 1747 848 dixi,
1773 780 2024 847 Domine,

434 890 672 944 miserere
707 885 845 951 mei;
886 898 1013 937 sana
1055 879 1281 933 animam
1328 892 1523 941 meam,
1565 874 1801 946 quoniam
1830 874 2029 946 peccavi

443 982 532 1037 tibi
574 978 751 1051 (Psal.
791 992 880 1041 xu,
920 973 1011 1046 5)?
1050 971 1107 1027 Si
1132 986 1259 1040 ergo
1286 969 1400 1026 sine
1452 977 1668 1039 peccato
1721 976 1805 1023 est
1852 966 2028 1020 anima

436 1084 549 1143 tua,
600 1080 788 1129 sanata
834 1076 918 1125 cst
966 1066 1115 1122 omni
1162 1064 1323 1120 modo
1367 1062 1541 1116 anima
1595 1068 1682 1114 tua
1718 1059 1803 1114 :si
1843 1067 2027 1114 sanata

434 1174 520 1223 est
564 1163 711 1220 omni
759 1160 919 1217 modo
947 1158 1123 1214 anima
1180 1166 1291 1221 tua,
1327 1169 1493 1226 quare
1529 1155 1765 1224 ingratus
1815 1167 1874 1207 es
1911 1166 2027 1206 me-

436 1258 554 1315 dico
582 1265 695 1323 tuo,
735 1262 794 1310 ut
845 1254 992 1309 dicas
1042 1250 1237 1306 vulnus
1269 1263 1389 1304 esse
1434 1247 1639 1314 adhuc,
1689 1247 1781 1301 ubi
1810 1260 2024 1301 omnem

435 1352 718 1407 sanitatem
756 1347 846 1403 illc
880 1330 997 1417 jam.
1034 1343 1193 1400 fecit?
1229 1342 1285 1398 Si
1312 1355 1506 1412 corpus
1534 1348 1680 1394 tuum
1720 1336 2028 1409 languidum

436 1452 530 1499 aut
552 1443 885 1499 vulneratum
912 1436 1119 1493 medico
1143 1432 1473 1495 ostenderes,
1514 1440 1569 1486 et
1596 1444 1813 1501 rogares
1852 1438 1909 1484 ut
1932 1428 2029 1484 tibi

437 1534 718 1591 adhiberet
740 1528 959 1586 curandi
989 1527 1315 1599 diligentiam
1337 1566 1350 1590 ,
1379 1532 1539 1593 atque
1564 1521 1651 1575 ille
1686 1520 1907 1585 faceret,
1945 1535 2031 1575 sa-

438 1637 674 1695 numque
700 1630 754 1679 et
776 1620 1096 1676 incolumem
1136 1616 1404 1680 redderet,
1438 1624 1492 1670 et
1518 1624 1573 1668 tu
1600 1613 1774 1668 adhuc
1799 1612 2027 1679 diceres,

437 1717 555 1773 Non
574 1730 694 1771 sum
728 1726 927 1776 sanus;
958 1725 1135 1766 nonne
1159 1723 1306 1764 esses
1334 1706 1541 1762 medico
1562 1705 1831 1776 ingratus?
1851 1719 2032 1761 nonne

438 1824 587 1867 esses
612 1809 667 1863 in
697 1806 963 1862 medicum
1003 1801 1460 1859 contumeliosus?
1483 1799 1541 1855 Si
1566 1808 1621 1855 et
1658 1799 1799 1854 Deus
1825 1797 2033 1853 sanavit

439 1908 515 1969 te,
541 1898 707 1956 audes
729 1896 942 1963 dicere,
969 1894 1159 1950 Adhuc
1185 1893 1374 1949 vulnus
1401 1891 1608 1947 habeo?
1638 1906 1738 1947 nec
1776 1891 1932 1946 times
1962 1905 2031 1946 ne

439 1991 538 2047 tibi
558 1988 896 2061 respondeat,
931 1988 1071 2058 Ergo
1100 2001 1199 2057 ego
1229 1984 1359 2040 nihil
1403 1985 1507 2054 egi,
1552 1992 1644 2038 aut
1692 1990 1858 2038 totum
1887 1981 2031 2053 quod

439 2082 523 2153 egi
552 2079 748 2146 effudi;
788 2092 900 2134 non
942 2077 1144 2147 accipio
1176 2074 1478 2132 mercedem
1499 2115 1513 2141 ,
1569 2090 1675 2129 non
1704 2088 1916 2129 mereor
1944 2074 2030 2129 vel

440 2173 685 2231 laudem?
711 2173 939 2228 Avertat
960 2171 1103 2226 Deus
1130 2169 1268 2225 hanc
1293 2169 1601 2233 amentiam,
1634 2177 1687 2223 et
1712 2167 1853 2223 hanc
1876 2183 2033 2239 argu-

441 2265 824 2322 mentationem
844 2276 1056 2318 vanam.
1080 2262 1230 2316 Dicat
1251 2260 1433 2326 homo,
1463 2259 1723 2315 Peccator
1747 2274 1885 2325 sum,
1906 2259 2031 2329 quia

443 2366 694 2430 peccator
722 2364 804 2412 est
829 2374 844 2411 :
867 2355 1029 2422 dicat,
1064 2353 1344 2409 Peccatum
1377 2334 1572 2419 habeo,
1602 2351 1723 2421 quia
1754 2358 2031 2421 peccatum

443 2451 627 2507 habet.
666 2449 786 2507 Non
811 2448 955 2505 enim
1001 2446 1047 2503 si
1073 2460 1181 2501 non
1206 2445 1401 2510 habet,
1427 2444 1721 2513 sapientior
1748 2452 1831 2498 est
1868 2457 2028 2513 quam

443 2541 652 2599 Daniel.
676 2539 838 2611 Ergo,
857 2538 1049 2593 fratres
1065 2538 1193 2602 mei,
1217 2537 1359 2592 illam
1376 2537 1725 2606 quaestionem
1749 2533 2032 2604 aliquando

442 2633 820 2690 determinem.
852 2630 910 2687 Si
932 2630 1063 2700 justi
1089 2630 1166 2684 sic
1192 2628 1493 2699 appellandi
1520 2635 1673 2695 sunt,
1706 2627 1843 2681 sicut
1871 2625 2032 2681 modo

443 2724 673 2796 quodam
711 2724 947 2779 humano
984 2722 1113 2793 justi
1137 2721 1492 2791 appellantur,
1524 2718 1816 2775 secundum
1841 2732 2032 2789 quam-

443 2817 564 2873 dam
589 2816 1054 2873 conversationcm
1092 2829 1195 2884 qua
1240 2814 1381 2869 inter
1409 2812 1656 2867 homines
1702 2812 1887 2866 vivunt
1916 2810 2033 2866 sine

444 2910 658 2982 querela
693 2928 706 2965 :
738 2909 895 2965 multi
922 2908 1053 2963 tales
1082 2907 1305 2971 Romae;
1333 2915 1389 2961 et
1426 2915 1644 2976 propter
1666 2904 1765 2960 hos
1795 2904 2036 2975 pepercit

444 3001 617 3068 Deus,
644 3000 796 3055 multi
828 3009 1116 3056 evaserunt
1147 3017 1158 3051 :
1186 2997 1281 3054 sed
1307 3007 1363 3053 et
1403 2997 1481 3053 eis
1525 2997 1612 3067 qui
1642 2998 1838 3052 mortui
1867 3005 2031 3063 sunt,

446 3092 685 3165 pepercit
714 3092 875 3147 Deus.
906 3089 1100 3145 Mortui
1120 3090 1262 3146 enim
1285 3089 1339 3142 in
1358 3088 1498 3143 bona
1518 3088 1698 3143 vitaet
1731 3103 1855 3143 vera
1878 3088 2035 3157 justi-

447 3188 540 3255 tia,
566 3187 621 3245 in
647 3186 786 3241 bona
816 3183 951 3251 fide,
982 3197 1160 3238 nonne
1191 3180 1447 3236 mrumnis
1473 3195 1653 3234 rerum
1682 3181 2035 3233 humanarum

446 3284 761 3343 caruerunt,
792 3284 850 3332 et
876 3275 945 3330 ad
989 3275 1226 3330 divinum
1270 3272 1601 3342 refrigerium
1635 3271 2035 3340 pervenerunt?

446 3368 640 3426 Mortui
668 3376 793 3424 sunt
820 3375 941 3437 post
973 3366 1343 3420 tribulattoucs
1365 3406 1379 3431 ,
1418 3362 1685 3434 quomodo
1712 3378 1912 3435 pauper
1947 3363 2037 3419 illc

445 3472 570 3517 ante
613 3461 833 3531 januam
862 3459 1061 3515 divitis.
1109 3457 1213 3515 Sed
1254 3458 1396 3528 passi
1436 3469 1558 3512 sunt
1590 3457 1818 3511 famem?
1850 3471 2037 3527 passus

446 3564 531 3612 est
556 3564 610 3611 et
638 3555 747 3610 iile.
770 3554 921 3610 Passi
950 3562 1075 3608 sunt
1095 3554 1310 3608 vulnera
1332 3552 1355 3606 ?
1379 3566 1568 3622 passus
1585 3560 1667 3605 est
1683 3551 1872 3606 etille:
1903 3551 2037 3607 forte

447 3647 625 3702 minus
654 3661 749 3703 eos
777 3660 938 3701 canes
964 3645 1255 3700 linxcrunt.
1275 3643 1464 3698 Μοιιυὶ
1493 3643 1661 3697 sunt?
1687 3651 1927 3697 mortuus
1955 3653 2040 3699 est

447 3747 505 3794 et
550 3739 635 3794 ille
689 3756 703 3793 :
750 3736 847 3793 sed
876 3751 982 3807 quo
1029 3736 1133 3791 fine
1161 3734 1326 3790 audi:
1374 3731 1626 3804 Contigit,
1662 3733 1871 3804 inquit,
1910 3735 2039 3789 mori

446 3832 651 3902 inopem
669 3830 834 3896 illum,
859 3836 906 3882 et
951 3828 1142 3899 auferri
1178 3826 1241 3881 ab
1276 3825 1480 3897 Angelis
1516 3826 1569 3880 in
1602 3826 1768 3881 sinum
1797 3825 2037 3882 Abralzw.

449 3920 604 3992 (Luc.
635 3937 751 3989 xvr,
771 3918 992 3999 20-22).

520 4010 747 4066 CAPUT
779 4009 992 4065 \’l.—6.
1015 4007 1279 4077 Quomodo
1296 4006 1421 4063 Urbi
1439 4007 1576 4062 Deus
1593 4007 1812 4078 pepercit
1838 4016 2042 4078 prapter

446 4107 639 4176 justas.
671 4100 1130 4172 Constantiiwpolis
1154 4108 1343 4154 terrore
1363 4100 1671 4153 imminentis
1699 4098 1793 4152 sibi
1820 4100 2040 4153 incendii

450 4198 718 4255 emendata
733 4199 971 4254 diuinitus
995 4208 1041 4251 et
1067 4204 1285 4252 servata.
1317 4195 1527 4251 Utinam
1554 4194 1738 4250 videre
1760 4210 2040 4266 possemus

451 4290 626 4347 oculis
649 4290 856 4345 animas
876 4298 1183 4344 sanctorum
1208 4287 1367 4358 quiin
1392 4286 1483 4342 illo
1506 4287 1646 4342 bello
1674 4287 1865 4341 mortui
1892 4295 2037 4353 sunt;

453 4391 582 4438 tunc
609 4379 862 4437 videretis
887 4379 1155 4451 quomodo
1184 4379 1327 4435 Deus
1356 4379 1656 4449 pepercerit
1681 4379 1902 4433 civitati.
1926 4378 2041 4431 Mil-

453 4474 525 4528 lia
554 4473 698 4528 enim
727 4480 1031 4528 sanctorum
1062 4472 1114 4526 in
1159 4470 1441 4541 refrigerio
1486 4478 1630 4535 sunt,
1665 4470 1955 4525 laetantium
1988 4477 2043 4524 et

453 4564 745 4620 dicentium
778 4564 889 4619 Deo
922 4582 935 4617 :
965 4563 1173 4620 Gratias
1213 4563 1328 4629 tibi,
1378 4563 1499 4634 quia
1540 4577 1639 4617 nos
1666 4578 1697 4617 a
1725 4562 1902 4618 carnis
1927 4578 2043 4618 mo-

454 4656 625 4712 lestiis
649 4662 708 4711 et
743 4655 1025 4711 tormentis
1049 4654 1255 4710 eruisti.
1284 4653 1493 4709 Gratias
1522 4652 1634 4720 tibi,
1662 4654 1785 4723 quia
1807 4654 1917 4723 jam
1945 4668 2044 4708 nec

453 4749 731 4819 barbaros,
759 4764 858 4806 nec
877 4748 1146 4804 diabolum
1170 4745 1516 4803 formidamus
1540 4761 1554 4813 ;
1588 4760 1694 4799 non
1719 4746 1967 4801 timemus
1988 4746 2043 4801 in

457 4850 599 4899 terra
626 4844 839 4909 famem,
880 4858 986 4898 non
1010 4842 1257 4896 timemus
1276 4839 1588 4911 grandinem
1612 4879 1625 4901 ,
1658 4853 1766 4893 non
1794 4839 2044 4893 timemus

456 4936 692 5003 hostem,
717 4950 826 4992 non
851 4936 1100 4992 timemus
1128 4935 1391 5001 lictorem,
1422 4948 1528 4988 non
1559 4933 1805 4988 timemus
1826 4948 2045 5003 Oppres-

456 5043 636 5085 sorem
664 5048 679 5085 :
711 5028 807 5085 sed
845 5045 1028 5085 sumus
1055 5028 1107 5083 in
1139 5036 1277 5084 terra
1324 5027 1551 5091 mortui,
1594 5026 1734 5097 apud
1779 5035 1850 5092 te,
1885 5025 2042 5088 Deus,

457 5138 567 5178 non
591 5122 859 5188 morituri,
890 5123 943 5176 in
974 5136 1137 5191 regno
1166 5129 1256 5175 tuo
1291 5120 1444 5185 salvi,
1477 5119 1619 5173 dono
1646 5128 1756 5186 tuo,
1803 5134 1907 5171 non
1934 5132 2047 5171 me-

456 5215 563 5268 rito
588 5222 792 5269 nostro.
817 5212 1001 5280 Qualis
1027 5211 1213 5266 civitas
1242 5219 1323 5266 est
1349 5210 1629 5265 humilium
1658 5212 1673 5241 ¹
1703 5225 1820 5279 qua}
1846 5210 1946 5263 ista
1966 5208 2049 5263 di-

457 5305 571 5363 cit?
590 5306 673 5361 An
697 5305 893 5377 putatis
920 5304 1190 5361 civitatem
1222 5304 1273 5358 in
1317 5302 1609 5373 parietibus
1652 5302 2048 5373 deputandum?

459 5399 659 5455 Civitas
688 5400 744 5453 in
772 5397 978 5453 civibus
1005 5407 1114 5466 est,
1145 5412 1251 5452 non
1300 5397 1351 5449 in
1392 5395 1705 5465 parietibus.
1740 5396 1975 5465 Denique
2002 5394 2049 5449 si

460 5492 665 5548 diceret
688 5491 828 5547 Deus
855 5488 1169 5557 Soet-amitis,
1199 5489 1409 5561 Fugite,
1442 5488 1563 5559 quia
1597 5488 1910 5543 incensurus
1932 5502 2050 5542 sunt

460 5582 642 5638 locum
672 5582 870 5637 istum:
900 5597 1081 5638 nonne
1120 5597 1369 5653 magnum
1418 5580 1663 5634 meritum
1718 5595 1811 5635 eos
1852 5579 2051 5634 habere

462 5674 786 5740 diceremus,
836 5673 883 5729 si
921 5673 1188 5744 fugerent,
1215 5682 1269 5728 et
1308 5672 1518 5727 flamma
1564 5670 1633 5725 de
1658 5669 1797 5726 ccelo
1825 5668 2051 5724 descen-
2134 5676 2135 5679 ‘

462 5769 601 5826 deus
641 5770 841 5826 moenia
873 5768 1211 5841 parietesque
1246 5766 1524 5824 vastaret?
1565 5765 1752 5822 Nonne
1781 5764 1921 5821 Deus
1956 5778 2049 5836 pe-

455 5919 479 5935 ο
532 5909 551 5939 ⁸
581 5911 659 5958 Er.
684 5912 737 5960 et
758 5914 839 5959 Ms.
862 5908 1016 5971 ωειλ,
1041 5901 1256 5960 "ciuium.

1613 389 1841 448 SERMO
1879 391 1969 450 DE
2006 388 2211 451 URBIS
2248 387 2547 446 EXClDlO.

3621 395 3726 451 722

2138 513 2379 575 percerat
2396 504 2614 573 civitati,
2639 506 2759 577 quia
2775 506 2957 564 civitas
2978 506 3313 579 migraverat,
3347 513 3402 565 et
3427 509 3719 581 perniciem

2135 596 2277 652 illius
2300 598 2435 667 ignis
2462 610 2701 653 evaserat
2730 601 2751 652 ?

2206 692 2260 745 7.
2286 690 2475 747 Nonne
2518 702 2639 748 ante
2678 708 2875 763 paucos
2902 709 3101 763 annos,
3134 695 3361 751 Arcadio
3390 696 3715 766 imperatore

2135 782 2594 853 Constantinopoli
2645 784 2808 856 (quod
2846 786 2986 854 dico,
3015 786 3235 842 audiunt
3278 788 3520 843 nonnulli
3562 788 3724 843 forsi-

2135 884 2224 931 tan
2252 878 2340 947 qui
2365 887 2643 943 noverunt,
2691 886 2745 933 et
2774 888 2896 934 sunt
2944 881 2997 934 in
3029 880 3131 936 hoc
3166 882 3364 951 populo
3406 882 3497 953 qui
3526 890 3580 937 et
3605 881 3719 938 illic

2135 978 2432 1037 priesentes
2464 967 2726 1039 fuerunt),
2757 971 2940 1026 volens
2966 972 3107 1027 Deus
3127 982 3327 1028 terrere
3348 973 3641 1041 civitatem,
3664 982 3722 1030 et

2134 1061 2386 1117 terrendo
2414 1062 2735 1129 emendare,
2787 1063 3037 1120 terrendo
3064 1074 3411 1135 convertere,
3465 1066 3722 1123 terrendo

2135 1155 2418 1221 mundare,
2449 1156 2701 1212 terrendo
2736 1166 2961 1223 mutare,
2992 1174 3149 1214 servo
3174 1159 3383 1214 cuidam
3411 1174 3511 1215 suo
3537 1158 3722 1225 fideli,

2137 1247 2275 1312 viro,
2308 1256 2366 1302 ut
2386 1247 2599 1313 dicitur,
2631 1248 2869 1315 militari,
2899 1250 3044 1305 venit
3068 1250 3120 1304 in
3142 1250 3488 1319 revelationc,
3511 1258 3565 1306 et
3585 1249 3724 1305 dixit

2136 1338 2187 1395 ei
2202 1339 2473 1395 civitatem
2496 1348 2721 1396 venturo
2734 1340 2803 1396 de
2828 1340 2968 1396 casio
2995 1342 3114 1412 igne
3134 1343 3461 1412 perituram;
3489 1355 3723 1413 eumque

2136 1432 2413 1488 admonuit
2437 1440 2496 1487 ut
2525 1432 2775 1503 episcopo
2801 1433 3019 1489 diceret.
3051 1434 3259 1489 Dictum
3294 1442 3411 1500 est;
3454 1449 3563 1489 non
3592 1448 3726 1489 con-

2137 1525 2356 1594 tempsit
2407 1526 2688 1595 episcopus
2708 1568 2722 1593 ,
2768 1535 2823 1581 et
2850 1526 3110 1581 allocutus
3135 1534 3219 1582 est
3252 1526 3508 1597 populum
3540 1544 3555 1559 -
3586 1540 3725 1581 con-

2136 1633 2295 1672 versa
2323 1627 2407 1673 est
2440 1618 2627 1673 civitas
2653 1619 2708 1673 in
2755 1619 2955 1674 luctum
2991 1620 3339 1688 pcrnitentize,
3371 1618 3724 1691 quemadmo-

2135 1710 2262 1766 dum
2287 1712 2553 1782 quondam
2583 1711 2670 1766 illa
2707 1713 2923 1783 antiqua
2951 1713 3140 1768 Ninive
3166 1712 3342 1784 (lance
3385 1730 3471 1780 tu,
3505 1712 3584 1784 5).
3614 1712 3723 1768 Ta-

2138 1819 2260 1859 men
2289 1820 2356 1859 no
2383 1812 2633 1875 putarent
2660 1804 2904 1861 homines
2933 1806 3080 1861 illum
3107 1806 3198 1876 qui
3235 1806 3444 1861 dixerat
3475 1806 3557 1861 vel
3579 1804 3725 1861 falsi-

2139 1902 2247 1950 tate
2274 1895 2555 1966 deceptum
2578 1897 2661 1951 vel
2692 1895 2896 1953 fallacia
2919 1896 3219 1968 decepisse,
3244 1898 3390 1952 venit
3415 1897 3531 1953 dies
3560 1912 3720 1967 quem

2135 1986 2278 2042 Deus
2298 1986 2469 2042 fuerat
2493 1988 2847 2044 comminatus
2874 2006 2885 2041 :
2910 1990 3129 2045 intentis
3166 1990 3416 2044 omnibus
3441 1998 3496 2044 et
3512 1989 3724 2044 exitum

2135 2094 2257 2135 cum
2279 2080 2469 2135 timore
2492 2095 2685 2151 magno
2714 2083 3172 2153 exspectantibus,
3195 2085 3366 2138 noctis
3392 2083 3544 2138 initio
3574 2090 3723 2138 tene-

2136 2172 2326 2229 brante
2344 2174 2456 2244 jam
2490 2173 2711 2239 mundo,
2736 2175 2851 2230 visa
2884 2184 2967 2231 est
2995 2178 3149 2246 ignea
3177 2176 3349 2231 nubes
3385 2176 3451 2230 ab
3480 2176 3720 2240 oriente,

2137 2265 2313 2336 primo
2339 2280 2516 2335 parva,
2547 2265 2742 2320 deinde
2772 2267 3023 2336 paulatim
3052 2275 3108 2321 ut
3137 2266 3427 2322 accedebat
3456 2280 3618 2337 super
3646 2265 3725 2320 ci—

2137 2357 2355 2412 vitatem
2386 2357 2460 2411 ita
2489 2357 2785 2421 crescebat,
2815 2357 2987 2414 donec
3013 2358 3109 2413 toti
3139 2358 3257 2413 urbi
3298 2358 3434 2427 ignis
3462 2358 3478 2388 ¹
3506 2356 3726 2412 terribi-

2137 2450 2260 2505 liter
2288 2449 2610 2504 immineret.
2626 2448 2921 2504 Videbatur
2941 2449 3208 2504 horrenda
3231 2449 3446 2503 flamma
3470 2447 3724 2519 pendere,

2138 2556 2239 2595 nec
2268 2539 2403 2595 odor
2433 2539 2707 2609 sulphuris
2725 2539 2929 2595 deerat.
2962 2539 3162 2596 Omnes
3190 2539 3257 2594 ad
3284 2539 3566 2594 ecclesiam
3593 2552 3724 2593 con-

2138 2633 2450 2705 fugiebant,
2485 2647 2592 2688 non
2619 2633 2863 2703 capiebat
2899 2632 3292 2688 multitudinem
3340 2632 3511 2697 locus,
3544 2629 3728 2700 Bapti-

2139 2741 2316 2781 smum
2343 2724 2695 2794 extorquebat
2724 2724 2994 2795 quisquea
3016 2738 3123 2795 quo
3150 2731 3380 2794 poterat.
3406 2722 3522 2777 Non
3549 2720 3727 2776 solum

2139 2817 2194 2872 in
2213 2816 2459 2882 ecclesia,
2488 2815 2580 2871 sed
2602 2816 2763 2870 etiam
2790 2832 2885 2886 per
2912 2815 3121 2882 domos,
3150 2831 3248 2886 per
3272 2816 3420 2870 vicos
3435 2830 3498 2870 ac
3526 2814 3728 2884 plateas

2140 2908 2286 2964 salus
2334 2906 2664 2963 Sacramenti
2710 2907 3056 2977 exigebatur;
3085 2915 3143 2962 ut
3182 2905 3457 2977 fugeretur
3485 2906 3584 2973 ira,
3616 2919 3729 2960 non

2138 3014 2377 3071 praesens
2402 2999 2604 3069 utique,
2635 2997 2731 3053 sed
2756 2997 2950 3053 futura.
2994 2998 3198 3053 Tamen
3227 3006 3349 3069 post
3382 3010 3630 3068 magnam
3657 2996 3728 3051 il-

2140 3094 2244 3148 lam
2300 3092 2719 3158 tribulationem,
2770 3092 2863 3146 uhi
2910 3091 3150 3147 exhibuit
3189 3092 3332 3147 Deus
3364 3090 3521 3146 fidem
3549 3088 3729 3145 verbis

2140 3185 2272 3249 suis,
2302 3195 2356 3239 et
2380 3183 2695 3239 revelatioui
2733 3182 2872 3237 servi
2898 3182 3000 3245 sui,
3032 3182 3216 3252 cmpit,
3249 3190 3307 3235 ut
3333 3189 3594 3247 creverat,
3621 3180 3730 3235 mi-

2141 3276 2233 3331 nui
2264 3275 2453 3339 nubes,
2496 3274 2859 3345 paulatimque
2891 3282 3208 3344 consumpta
3247 3281 3350 3327 est.
3378 3272 3612 3343 Populus
3638 3285 3730 3327 sc-

2141 3383 2302 3423 curus
2349 3367 2619 3438 paululum
2649 3366 2846 3434 factus,
2890 3367 3082 3421 iterum
3115 3365 3320 3422 audivit
3348 3365 3567 3421 omnino
3607 3379 3733 3422 esse

2141 3460 2497 3530 migrandum,
2527 3458 2669 3529 quod
2696 3459 2880 3514 civitas
2903 3468 3047 3513 esset
3083 3459 3329 3528 proximo
3358 3459 3576 3514 sabbato
3611 3472 3735 3528 per-

2144 3554 2305 3608 itura.
2336 3552 2582 3622 Migravit
2610 3568 2729 3606 cum
2758 3550 3082 3621 Imperatorc
3114 3560 3219 3605 tota
3240 3550 3463 3616 civitas;
3492 3564 3653 3605 nemo
3673 3549 3731 3604 in

2143 3644 2305 3700 domo
2334 3643 2611 3710 remansit,
2659 3658 2819 3698 nemo
2862 3642 3080 3697 domum
3106 3643 3339 3697 clausit:
3373 3643 3530 3713 longe
3572 3657 3730 3696 rece-

2143 3736 2276 3792 dens
2303 3752 2333 3790 a
2364 3736 2650 3800 moenibus,
2689 3742 2743 3790 et
2785 3733 2959 3790 dulcia
2993 3741 3127 3789 tecta
3167 3734 3481 3803 rcSpicicns,
3527 3733 3729 3788 relictis

2145 3827 2477 3885 charissimis
2508 3828 2723 3883 sedibus
2751 3843 2885 3883 voce
2913 3828 3204 3883 miserabili
3233 3826 3494 3883 valefecit.
3524 3827 3592 3881 Et
3635 3827 3735 3881 ali-

2146 3930 2275 3992 quot
2304 3921 2536 3976 millibus
2559 3929 2703 3975 tanta
2732 3922 2822 3975 illa
2853 3921 3135 3975 multitudo
3166 3936 3468 3991 progressa,
3512 3936 3619 3976 uno
3650 3929 3730 3977 ta-

2146 4029 2267 4069 men
2296 4013 2413 4068 loco
2442 4012 2727 4067 fundendis
2756 4012 2821 4067 ad
2844 4013 3009 4067 Deum
3032 4013 3359 4068 orationibus
3382 4023 3726 4084 congregata,

2147 4122 2400 4177 magnum
2425 4104 2629 4160 fumum
2658 4104 2834 4160 subito
2859 4104 3011 4172 vidit,
3043 4116 3098 4161 et
3125 4120 3310 4161 vocem
3336 4121 3582 4177 magnam
3607 4108 3734 4162 em'e

2146 4203 2215 4257 sit
2248 4201 2314 4255 ad
2343 4202 2507 4255 Deum
2542 4217 2556 4252 :
2600 4198 2922 4269 tandemque
2976 4198 3353 4269 tranquillitate
3402 4205 3690 4269 conspecta
3717 4241 3733 4265 ,

2148 4294 2324 4348 missis
2350 4292 2440 4363 qui
2468 4292 2856 4356 renuntiarent,
2890 4290 3114 4346 sollicita
3140 4307 3259 4362 qua:
3279 4289 3530 4361 praedicta
3560 4289 3738 4346 fuerat

2149 4387 2279 4441 hora
2309 4395 2595 4452 transacta,
2621 4394 2674 4440 et
2695 4384 3121 4440 retmntiantihus
3141 4384 3281 4454 quod
3309 4385 3454 4439 salva
3485 4385 3734 4440 universa

2148 4480 2344 4535 moenia
2368 4487 2423 4533 et
2447 4488 2584 4533 tecta
2605 4477 2983 4543 consisterent,
3017 4490 3205 4531 omnes
3234 4491 3356 4531 cum
3387 4476 3585 4548 ingenti
3611 4492 3735 4547 gra-

2148 4572 2407 4626 tulatione
2456 4569 2751 4625 redierunt.
2784 4568 2951 4623 Nemo
2991 4568 3058 4624 de
3106 4569 3268 4624 domo
3311 4585 3404 4625 sua
3445 4571 3731 4642 quidquam

2148 4662 2413 4734 perdidit,
2446 4668 2717 4730 patentem
2757 4660 2931 4715 omnis
2963 4659 3124 4716 homo
3165 4661 3304 4717 sicut
3347 4661 3549 4716 dimisit
3576 4661 3726 4713 inve-

2148 4758 2227 4812 nit
2248 4754 2348 4826 (a).

2220 4847 2444 4905 CAPUT
2473 4845 2583 4902 VII.
2614 4876 2685 4888 ——
2709 4846 2763 4902 8.
2792 4844 2859 4902 Ut
2889 4844 3353 4911 ConstantinOpolis
3395 4845 3465 4899 ita
3488 4854 3535 4898 et
3572 4842 3738 4897 Roma

2150 4958 2181 4996 a
2208 4940 2314 4994 Deo
2352 4947 2579 5009 correpta
2629 4938 2795 5008 potius
2837 4954 2988 5009 quam
3023 4936 3237 5007 perdita.
3268 4935 3405 5002 Quid
3458 4935 3737 4990 dicemus?

2150 5032 2339 5088 Utrum
2373 5032 2472 5086 ista
2497 5030 2573 5084 ira
2607 5030 2803 5093 Dei,an
2837 5029 3007 5098 potius
3046 5026 3407 5081 misericordia
3458 5026 3740 5092 fuit?Quis

2150 5127 2353 5181 dubitet
2380 5122 2934 5179 misericordissimum
2964 5127 3164 5190 patrem
3186 5119 3454 5188 corrigere
3480 5118 3739 5189 voluisse,

2152 5228 2205 5273 et
2232 5215 2499 5280 terrendo,
2533 5230 2640 5268 non
2686 5211 2957 5283 perdendo
2992 5210 3197 5281 punire,
3226 5209 3439 5279 quando
3474 5210 3605 5264 nihil
3636 5210 3737 5266 ho-

2154 5310 2377 5373 minum,
2410 5308 2540 5361 nihil
2570 5305 2868 5369 domorum,
2906 5301 3036 5356 nihil
3066 5301 3321 5355 mmnium
3363 5309 3504 5356 tanta
3536 5302 3741 5372 impono

2154 5400 2287 5455 dens
2324 5413 2565 5469 prtesens
2602 5394 2877 5450 calamitas
2905 5395 2924 5424 ²
2952 5390 3127 5446 1ωείιῖ
3149 5392 3373 5447 Prorsus
3402 5395 3538 5449 sicut
3563 5395 3741 5451 solent

2154 5505 2342 5547 manus
2373 5490 2503 5559 erigi
2533 5487 2597 5543 ad
2618 5485 3005 5552 feriendum,et
3020 5493 3358 5542 consternato
3403 5485 3493 5543 illo
3530 5487 3619 5558 qui
3662 5487 3742 5543 fe-

2224 5715 2238 5745 ι
2279 5712 2414 5767 Etliti,
2440 5706 2618 5769 ingens.
2646 5706 2814 5775 Melius
2845 5715 2926 5759 tus.
2952 5706 3275 5775 uich.,_ignis_.

2220 5776 2241 5807 ³
2274 5775 2346 5822 sic
2370 5775 2496 5835 idem
2532 5777 2612 5818 Ms.
2647 5780 2701 5820 Αι
2741 5771 2886 5835 editi,
2901 5770 3482 5835 prwsentia'catumitntis.

2222 5837 2293 5897 (α)
2344 5832 2661 5897 ueminerunt
2704 5832 3002 5897 Marcellinus
3046 5842 3099 5884 et
3141 5841 3344 5897 Prosper
3388 5837 3438 5884 in
3480 5836 3651 5897 Chron.
3694 5840 3747 5885 et

2157 5895 2329 5949 Paulus
2356 5896 2596 5959 diaconus,
2618 5896 2698 5947 lib.
2726 5897 2801 5948 15.
2829 5895 2991 5951 Refert
3016 5895 3324 5951 Baromusad
3345 5907 3523 5959 armum
3539 5895 3656 5948 596.
