4102 6336
382 469 490 524 725

379 606 600 665 riendus
624 612 760 670 erat,
791 602 1134 660 miseratione
1157 598 1423 668 revocari,
1452 598 1525 656 ita
1553 598 1751 655 factum
1792 603 1875 653 est
1901 594 1975 650 illi

381 698 609 757 civitati.
645 698 1021 754 Verumtamen
1057 695 1104 750 si
1133 709 1199 751 eo
1240 702 1501 763 tempore,
1534 705 1639 762 quo
1683 690 1776 744 illa
1814 688 1976 743 dere-

379 791 508 850 licta
553 791 782 864 populus
818 789 1097 846 universus
1145 786 1431 852 abscessit,
1474 786 1700 841 irrueret
1758 781 1978 837 vastitas

377 885 523 954 loco,
550 894 823 956 totamque
860 882 1046 938 urbem
1072 882 1211 937 sicut
1257 879 1565 945 Sodomam,
1596 877 1758 932 nullis
1784 875 1975 930 saltem

379 980 555 1037 ruinis
580 977 1000 1045 remanentibus,
1035 974 1382 1046 perdidisset;
1411 974 1530 1045 quis
1576 973 1735 1028 etiam
1775 970 1853 1026 sic
1880 969 1979 1025 du-

380 1072 582 1131 bitaret
619 1070 763 1144 quod
792 1070 936 1126 Deus
978 1067 1305 1139 pepercisset
1344 1066 1421 1121 illi
1464 1065 1683 1131 civitati,
1707 1078 1809 1134 qua
1840 1076 1979 1131 pra:-

383 1164 591 1222 monita
619 1171 675 1220 et
699 1161 905 1229 territa,
926 1169 980 1218 et
1003 1158 1313 1217 discedente
1335 1166 1496 1228 atque
1522 1156 1800 1226 migrante,
1828 1154 1977 1209 locus

380 1256 475 1314 ille
501 1254 940 1316 consumeretur?
960 1254 1051 1311 Sic
1070 1253 1290 1309 minime
1316 1249 1667 1308 dubitandum
1684 1258 1766 1306 cst
1786 1264 1978 1319 peper-

379 1350 520 1406 cisse
549 1350 716 1406 Deum
744 1348 1002 1404 Romanae
1026 1347 1187 1403 etiam
1228 1342 1455 1410 civitati,
1486 1359 1605 1415 qua:
1630 1350 1754 1398 ante
1781 1340 1978 1396 hostile

381 1440 689 1496 incendium
744 1440 801 1495 in
852 1439 1034 1494 multis
1080 1453 1146 1493 ex
1196 1435 1362 1491 multa
1426 1442 1576 1505 parte
1632 1435 1972 1505 migraverat.

381 1530 677 1604 Migrarunt
717 1533 809 1604 qui
859 1532 1127 1603 fugerunt,
1155 1530 1452 1601 migrarunt
1490 1529 1581 1600 qui
1628 1528 1697 1584 de
1747 1542 1977 1598 corpore

379 1625 624 1683 exierunt
652 1642 667 1681 :
696 1624 848 1682 multi
893 1632 1183 1696 praesentes
1208 1632 1496 1693 utcumque
1518 1622 1804 1688 latuerunt,
1825 1620 1977 1677 multi

379 1716 437 1774 iu
488 1718 623 1777 locis
673 1719 874 1776 sanctis
919 1718 1025 1773 vivi
1078 1718 1322 1788 salvique
1370 1716 1565 1772 servati
1617 1723 1762 1771 sunt.
1821 1715 1977 1772 llanu

375 1826 506 1882 ergo
534 1810 869 1867 emendantis
895 1809 991 1867 Dei
1029 1818 1273 1880 correpta
1328 1818 1409 1866 est
1439 1811 1613 1879 potius
1639 1808 1829 1864 civitas
1863 1809 1973 1873 illa,

375 1917 537 1972 quam
586 1902 791 1972 perdita
839 1921 853 1959 :
897 1910 1147 1973 tanquam
1190 1915 1378 1958 servus
1428 1900 1605 1957 sciens
1647 1901 1975 1956 voluntatem

376 1991 577 2050 domini
607 1994 712 2060 sui,
757 2003 812 2050 et
838 1993 1037 2051 faciens
1077 1994 1234 2065 digna
1281 1992 1468 2065 plagis,
1486 1993 1755 2064 vapulabit
1797 1994 1977 2050 multis

376 2083 530 2154 (Luc.
557 2102 649 2152 xu,
681 2087 793 2157 i7).

451 2177 679 2236 CAPUT
700 2177 989 2235 Vlll.—9.
1032 2177 1390 2235 Tribulationia
1430 2178 1718 2250 temporalis
1758 2178 1972 2235 utilitas.

379 2269 554 2340 Atque
568 2270 769 2325 utinam
786 2271 959 2327 valeat
973 2269 1041 2326 ad
1061 2270 1369 2341 exemplum
1388 2270 1610 2338 timoris,
1625 2280 1679 2327 et
1695 2271 1831 2326 mala
1856 2286 1977 2326 con-

381 2359 711 2430 cupiscentia
739 2362 928 2417 sitiens
949 2362 1225 2427 mundum,
1242 2371 1296 2417 ct
1311 2371 1566 2432 appetens
1585 2363 1783 2433 perfrui
1799 2363 1978 2433 perni-

379 2451 696 2510 ciosissimis
728 2453 1104 2525 voluptatibus,
1126 2454 1525 2512 demonstrante
1555 2456 1780 2512 Domino
1817 2471 1975 2527 quam

377 2543 489 2600 sint
524 2545 799 2601 instabiles
841 2555 896 2602 et
940 2546 1156 2603 caducae
1187 2561 1373 2604 omnes
1415 2549 1596 2604 seaculi
1634 2550 1892 2606 vanitates
1922 2560 1978 2606 et

377 2636 603 2693 insaniae
643 2638 952 2708 mendaces,
976 2640 1154 2710 potius
1196 2639 1516 2708 refrenetur,
1546 2656 1705 2713 quam
1743 2642 1843 2698 sub
1883 2642 1977 2697 ila-

378 2728 534 2800 gellis
575 2729 904 2801 dignissimis
956 2730 1213 2787 adversus
1248 2732 1530 2788 Dominum
1590 2741 1973 2789 murmuretur.

379 2819 487 2878 Sed
508 2836 667 2877 unam
696 2822 944 2879 tribulam
967 2824 1131 2879 sentit
1154 2838 1301 2892 area,
1329 2831 1388 2879 ut
1415 2824 1608 2894 stipula
1641 2823 1973 2892 concidatur,

378 2928 603 2985 granum
649 2915 1152 2983 mundetur;unum
1180 2917 1355 2988 ignem
1386 2919 1582 2988 patitur
1609 2917 1794 2974 iornax
1833 2919 1980 2974 auri-

382 3007 521 3073 ficis,
549 3017 607 3065 ut
632 3010 785 3082 palea
808 3010 864 3067 in
902 3011 1137 3068 cinerem
1180 3019 1386 3083 pergat,
1405 3026 1591 3067 aurum
1615 3012 1864 3069 sordibus
1887 3028 1978 3069 ca-

378 3110 496 3159 reat
525 3120 539 3158 :
565 3103 644 3159 sic
684 3112 739 3160 et
776 3119 935 3161 unam
976 3105 1370 3162 tribulationem
1414 3106 1580 3163 Roma
1628 3109 1865 3178 pertulit,
1917 3109 1970 3164 in

384 3211 487 3268 qua
510 3196 594 3253 vel
613 3197 928 3255 emendatus
958 3199 1045 3256 vel
1076 3199 1331 3256 liberatus
1347 3209 1428 3256 est
1466 3202 1621 3271 pius;
1648 3202 1841 3271 impius
1879 3218 1975 3257 au-

382 3297 496 3346 tem
518 3288 802 3348 damnatus
817 3301 919 3361 est,
936 3293 1049 3350 sive
1065 3292 1132 3349 ab
1158 3293 1258 3349 hac
1274 3295 1379 3349 vita
1401 3303 1585 3365 raptus
1606 3296 1675 3351 sit
1701 3296 1787 3351 ubi
1809 3297 1976 3368 magis

384 3416 1327 3478 ﬂ

1327 3470 2750 3712 Εἷῐὲἷῶῐὶ

1908 455 2249 515 APPENDIX
2261 499 2274 515 .

3559 470 3669 533 ἠδ

2084 596 2606 668 poenasjustissimas
2626 598 2815 665 lueret,
2850 600 2964 658 sive
2989 600 3076 658 hic
3094 604 3415 661 remanserit
3441 605 3533 663 ubi
3579 607 3679 666 da-

2084 690 2372 747 mnabilius
2383 691 2893 762 blasphemaret,aut
2903 701 3048 750 certe
3060 710 3155 765 pro
3168 696 3419 754 incii'abili
3433 699 3675 757 clemen-

2085 786 2155 842 tia
2182 800 2277 842 sua
2310 786 2469 855 Deus,
2488 802 2622 859 quos
2644 789 2792 844 novit
2809 789 3113 858 salvandos,
3133 792 3461 860 paenitentiae
3490 809 3675 851 reser-

2081 882 2283 937 varet‘.
2302 881 2418 938 Non
2442 897 2568 953 ergo
2586 896 2686 939 nos
2708 892 2917 939 moveat
2932 883 3086 939 labor
3107 884 3337 955 piorum;
3361 887 3676 946 exercitatio

2081 982 2308 1040 est,non
2336 974 2627 1030 damnatio.
2659 974 2773 1030 Nisi
2806 975 2940 1030 forte
2975 976 3258 1034 horremus
3278 994 3401 1033 cum
3432 978 3675 1038 videmus

2081 1065 2297 1136 indigna
2320 1075 2371 1121 et
2388 1070 2562 1137 gravia
2586 1067 2638 1121 in
2683 1067 2783 1122 hac
2805 1075 2944 1123 terra
2967 1069 3170 1139 perpeti
3192 1070 3422 1141 aliquem
3442 1071 3669 1143 justum,

2081 1165 2136 1212 et
2150 1158 2515 1214 obliviscimur
2539 1175 2657 1229 qua:
2674 1160 2953 1230 pertulerit
2963 1160 3137 1230 justus
3160 1162 3364 1233 justoru
3373 1181 3422 1219 m
3439 1174 3669 1221 sanctus-

2081 1264 2186 1321 que
2218 1251 2714 1319 sanctorum.Quod
2753 1268 2907 1323 passa
2938 1264 3021 1309 est
3053 1257 3303 1312 universa
3340 1257 3430 1312 illa
3464 1258 3670 1327 civitas,

2084 1355 2270 1411 passus
2302 1350 2387 1398 est
2419 1360 2574 1399 unus.
2593 1343 2699 1399 Sed
2727 1344 2900 1401 videte
2929 1347 3049 1416 quis
3090 1363 3228 1403 unus
3252 1366 3264 1401 ε
3290 1348 3402 1404 Rex
3431 1367 3604 1422 regum
3628 1359 3675 1407 st

2081 1430 2330 1489 Dominus
2343 1435 2710 1491 dominantium
2742 1435 2923 1509 (Apoc.
2945 1454 3055 1506 xu,
3081 1438 3196 1509 £6),
3227 1441 3670 1511 comprehensus,
3760 1456 3777 1481 κ

2083 1524 2314 1592 vinctus,
2329 1524 2645 1597 ﬂagellatus,
2660 1528 3000 1584 contumeliis
3016 1530 3263 1586 omnibus
3274 1532 3673 1604 agitatus,ligno

2081 1630 2374 1687 suspensus
2413 1627 2467 1674 et
2507 1618 2664 1687 ﬁxus,
2714 1620 2953 1675 occisus.
2985 1621 3245 1691 Appende
3290 1637 3412 1678 cum
3456 1622 3672 1680 Christo

2081 1707 2326 1775 Romam,
2345 1710 2587 1781 appendc
2614 1726 2734 1765 cum
2760 1711 2972 1767 Christo
3000 1720 3164 1767 totam
3186 1723 3401 1781 terram,
3423 1714 3669 1785 appeude

2081 1816 2200 1855 cum
2248 1800 2459 1857 Christo
2498 1804 2691 1858 coelum
2717 1812 2774 1859 et
2812 1812 3009 1860 terram
3040 1822 3054 1859 :
3088 1805 3221 1861 nihil
3261 1817 3499 1863 creatum
3544 1821 3669 1863 cum

2081 1891 2331 1948 Creatore
2383 1903 2654 1963 pensatur,
2678 1896 2881 1951 nullum
2924 1912 3058 1967 opus
3091 1896 3281 1953 artiﬁci
3305 1909 3666 1969 comparatur.

2084 1984 2268 2041 Omnia
2310 2003 2400 2058 per
2439 1988 2605 2058 ipsum
2646 1990 2781 2058 facta
2805 1997 2943 2057 sunt,
2966 1998 3014 2045 et
3060 1990 3171 2046 sine
3214 1991 3326 2062 ipso
3366 1996 3558 2062 factum
3598 2001 3672 2048 est

2080 2079 2209 2133 nihil
2236 2077 2409 2152 (Joau.
2444 2095 2490 2145 ι,
2514 2080 2595 2149 5);
2630 2088 2685 2136 et
2734 2086 2913 2137 tamen
2944 2096 2976 2135 a
3015 2082 3459 2154 persequentibus
3497 2082 3668 2153 depu-

2080 2177 2220 2225 tatus
2263 2179 2346 2225 est
2372 2170 2520 2225 nihil.
2550 2169 2807 2226 Feramns
2836 2187 2966 2243 ergo
3009 2172 3152 2243 quod
3197 2187 3298 2229 nos
3346 2174 3490 2230 Deus
3530 2173 3672 2230 ferre

2078 2260 2333 2323 voluerit;
2388 2262 2478 2330 qui
2522 2261 2676 2316 nobis
2713 2261 2967 2318 curandis
3007 2272 3168 2334 atque
3234 2264 3506 2332 sanandis,
3548 2265 3670 2335 quis

2080 2351 2240 2407 etiam
2266 2351 2423 2407 dolor
2445 2353 2513 2406 sit
2545 2352 2711 2420 utilis,
2739 2354 2877 2409 sicut
2899 2354 3138 2411 medicus
3164 2355 3330 2411 novit.
3350 2356 3511 2412 Certe
3544 2357 3671 2411 scri-

2079 2454 2225 2515 ptum
2245 2453 2346 2511 est,
2369 2443 2625 2500 Patientia
2649 2462 2779 2518 opus
2802 2448 3079 2519 perfectum
3110 2446 3257 2503 habet
3295 2445 3495 2520 (Jacobi
3522 2464 3570 2515 i,
3589 2447 3667 2518 4):

2078 2540 2219 2609 quod
2248 2547 2427 2594 autem
2453 2540 2558 2595 erit
2596 2554 2732 2609 opus
2773 2540 3065 2609 patientiae,
3094 2541 3140 2596 si
3168 2540 3301 2596 nihil
3328 2540 3537 2596 adversi
3575 2555 3668 2610 pa-

2081 2633 2315 2689 tiamur?
2340 2631 2448 2687 Cur
2462 2647 2588 2703 ergo
2610 2631 2745 2687 mala
2768 2632 3078 2703 temporalia
3101 2634 3304 2705 perpeti
3330 2634 3671 2689 recusamus?

2079 2725 2164 2779 An
2200 2722 2340 2779 forte
2379 2724 2558 2794 perlici
2608 2723 2997 2780 formidamus?
3022 2724 3130 2780 Sed
3179 2725 3337 2795 plane
3378 2739 3595 2780 oremus
3618 2734 3671 2780 et

2078 2816 2492 2887 ingemiscamus
2522 2825 2577 2872 et
2607 2817 2878 2887 ploremus
2905 2816 2973 2872 ad
3010 2818 3312 2885 Dominum,
3340 2825 3405 2874 ut
3434 2827 3674 2874 servetur
3718 2806 3721 2807 ⁷

2078 2923 2206 2979 erga
2235 2924 2333 2965 nos
2360 2908 2502 2979 quod
2529 2910 2818 2979 Apostolus
2844 2908 2975 2963 dicit
3006 2926 3020 2964 :
3050 2907 3249 2964 Fidelis
3270 2908 3429 2977 Deus,
3461 2910 3546 2978 qui
3567 2925 3672 2964 non

2078 3015 2164 3055 vos
2187 2999 2314 3053 sinet
2339 3000 2522 3055 tentari
2544 3015 2700 3071 supra
2741 2999 2797 3053 id
2819 2999 2955 3070 quod
2992 3002 3231 3069 potestis;
3252 2999 3343 3055 sed
3380 2999 3530 3070 faciet
3558 3015 3673 3054 cum

2081 3096 2350 3149 tentatioue
2402 3094 2556 3151 etiam
2591 3094 2801 3163 exitum,
2841 3101 2897 3148 at
2931 3094 3173 3150 sustinere
3227 3094 3429 3165 possitis
3462 3092 3519 3167 (Ι
3545 3092 3667 3150 Cor.

2080 3200 2135 3251 x,
2162 3186 2287 3255 i5).

2146 3320 2164 3352 ι
2201 3320 2284 3369 uie
2300 3318 2530 3369 nonnulla
2549 3319 2600 3370 in
2626 3319 2772 3372 editis
2803 3320 2979 3370 omissa
3002 3320 3328 3371 restituuntur
3348 3330 3413 3369 ex
3436 3325 3518 3368 Ms.
3536 3317 3672 3379 Mich,

1674 3810 1976 3894 TOMI
2030 3812 2382 3895 SEXTI

362 3951 1353 4129 ‘OPERUM
1474 3979 2303 4131 SANCTI
2427 3981 3673 4135 AUGUSTINI

1854 4222 2200 4269 CONTINENS

1218 4345 1767 4410 SUBDITITIA
1821 4345 2240 4421 QU/EDAM
2296 4348 2786 4415 OPUSCULA
2814 4396 2830 4428 ,

1857 4485 2140 4533 SCILICET
2159 4492 2173 4531 Ξ

378 4592 624 4639 LIBRUM
666 4590 782 4634 XXI
826 4586 1341 4633 SENTENTIAEUH.

375 4673 708 4718 θυωθοΜ
753 4671 873 4714 LXV
918 4666 1367 4722 QUESTIONUM.

375 4754 621 4798 LIBRUM
665 4753 748 4795 DE
794 4750 944 4793 FIDE
990 4748 1074 4790 AD
1118 4746 1404 4790 PETRUM.

374 4836 460 4878 DE
505 4831 754 4877 SPIRITU
798 4830 880 4872 ET
922 4827 1148 4872 ANIMA.

374 4916 462 4958 DE
506 4911 823 4958 AMICITIA.

374 4994 461 5038 DE
505 4990 889 5038 SUBSTANTIA
931 4984 1347 5032 DILECTIONIS.

375 5074 462 5117 DE
505 5070 854 5120 DILIGENDO
898 5067 1046 5112 DEO.

377 5153 772 5206 SOLILOQUIA.

377 5231 879 5279 MEDITATIONES.

376 5313 462 5357 DE
507 5309 934 5356 CONTBITIONE
978 5304 1233 5353 CORDIS.

377 5393 703 5437 MANUALE.

754 5548 949 5592 ALIUD
992 5545 1161 5599 QUOD
1205 5543 1469 5589 DICITUR
1511 5541 1920 5587 PECCATORIS.

377 5632 465 5677 DE
507 5630 784 5674 TRIPLICI
827 5627 1142 5671 HABITACU
1153 5625 1248 5669 LO.

377 5712 465 5757 DE
510 5711 699 5754 SCALA
745 5706 1057 5752 PARADISI.

378 5793 467 5837 DE
511 5788 891 5835 COGNITIONE
940 5787 1120 5833 VEBB
1161 5786 1352 5835 YITE.

379 5873 465 5918 DE
508 5872 655 5919 VITA
696 5867 1096 5915 CHRISTIANA.

2076 4591 2161 4633 DE
2203 4590 2631 4635 SALUTAEIBUS
2674 4591 3100 4636 DOCUMENTIS.

2075 4671 2161 4714 DE
2204 4672 2535 4715 DUODECIM
2578 4672 2945 4715 ΑΒυειοΝυι
2988 4674 3327 4719 GRADIBUS.

2075 4751 2160 4794 DE
2201 4746 2447 4805 ειξιηειι
2491 4752 2707 4809 VITIIS,
2754 4754 2836 4796 ET
2871 4752 3115 4798 SEPTEM
3156 4755 3345 4799 DONIS
3385 4754 3670 4801 SPIRITUS

2155 4831 2399 4875 SANCTI.

2074 4912 2157 4953 DE
2201 4912 2552 4955 CONFLICTU
2595 4912 2907 4957 VITIORUM
2952 4915 3032 4957 ET
3076 4915 3433 4961 VIBTUTUM.

2073 4992 2158 5034 ΒΕ
2202 4991 2592 5035 SOBRIETATE
2637 4993 2717 5034 ET
2759 4992 3131 5036 CASTITATE.

2072 5071 2157 5113 DE
2203 5073 2370 5115 VERA
2415 5072 2495 5114 ET
2537 5072 2730 5115 FALSA
2773 5071 3213 5117 POENITENTIA-

2071 5150 2156 5192 DE
2200 5150 2644 5194 ANTICBBISTO.

2072 5230 2469 5274 PSALTERIUM
2548 5231 2720 5284 QUOD
2783 5233 3177 5278 AUGUSTINUS
3240 5234 3440 5277 MATR!
3536 5233 3670 5276 SU/E

2151 5309 2567 5354 COMPOSUISSE
2612 5313 2892 5356 FERTUR.

2070 5389 2541 5437 EXPOSITIONEM
2582 5391 2836 5437 CANTICI
2880 5396 3297 5440 MAGNIFICAT.

2070 5470 2455 5515 TRACTATUM
2501 5472 2583 5514 DE
2626 5472 3059 5518 ASSUMPTIONE
3103 5478 3163 5519 B.
3211 5477 3454 5520 MARIE.

2069 5550 2154 5593 DE
2197 5551 2596 5595 VISITATIONE
2641 5553 2662 5595 Ι
2672 5554 2774 5597 NF]
2784 5555 2957 5597 ιιΜοιί
2967 5557 2999 5597 U
3010 5556 3055 5599 Μ
3065 5583 3076 5596 .

2071 5631 2397 5674 SERMONES
2440 5634 2522 5675 DE
2565 5633 3037 5677 CONSOLATIONE
3081 5634 3507 5679 MORTUORUM.

2070 5711 2398 5755 SERMONES
2443 5712 2618 5756 ALIOS
2665 5712 2969 5765 QUOSDAM
3016 5715 3098 5757 AD
3143 5714 3465 5758 POPULUM.

2071 5790 2396 5835 SERMONES
2444 5793 2673 5839 DEMUM
2705 5795 2786 5836 ΑΒ
2829 5794 3112 5839 FRATRES
3157 5795 3219 5837 IN
3269 5793 3501 5839 ΕΕΕΠΟ.

1782 5940 2277 6023 ἀνδπὲῖῦᾶῶ
