4102 6336
372 358 482 418 797

369 473 532 550 Digni
569 483 702 550 sunt
721 478 881 550 enim
922 477 1010 549 qui
1043 476 1131 550 tali
1157 475 1493 550 exauditione
1517 474 1867 550 decipiantur,
1895 485 1955 550 ut

374 547 536 620 poina
565 548 672 603 illis
709 548 801 604 ﬁat
827 547 1104 620 hoci'quod
1149 547 1732 620 videnturimpetrare
1758 548 1963 602 beneﬁ-

374 618 541 687 cium,
570 635 692 675 cum
734 620 815 675 eis
855 619 1108 675 exhibent
1151 620 1301 689 quasi
1343 618 1585 689 privatim
1628 619 1785 689 aeria:
1814 628 1966 688 pote-

374 699 543 747 States
569 691 812 760 quzcdam
858 690 1130 753 miracula,
1172 688 1230 743 ut
1259 704 1351 760 eos
1378 688 1608 760 habeant
1633 688 1962 759 subjugatos,

372 759 640 831 permissu
671 770 847 816 tamen
874 760 1072 815 divinae
1098 759 1443 829 providentiae
1466 759 1507 827 ί,
1537 767 1593 813 ιιι
1628 774 1724 828 pro
1760 760 1965 815 meritis

373 833 675 887 animarum
704 846 797 887 sua
825 833 1016 901 cuique
1048 831 1363 885 tribuantur.

447 903 609 960 SENT.
662 903 721 957 ν.
752 932 821 942 —-
852 902 929 956 De
968 903 1184 972 piscibus
1228 910 1427 955 centum
1464 902 1827 972 quinquaginta
1873 902 1965 957 tri-

374 969 487 1028 bus.
521 973 702 1029 Potest
740 974 898 1028 etiam
940 969 985 1028 si
1019 987 1273 1027 numerus
1306 972 1405 1026 iste
1434 969 1822 1039 consideretur,
1867 988 1962 1029 oc-

371 1056 598 1101 currere
625 1046 691 1100 ad
728 1046 997 1124 _Ecciesiae_
1027 1044 1382 1124 sanctitatem,
1421 1050 1522 1124 etc.
1552 1082 1565 1095 .
1594 1082 1605 1092 .
1634 1082 1647 1096 .
1671 1082 1693 1124 ._
1719 1044 1806 1099 ubi
1834 1059 1963 1124 pec-

374 1124 608 1187 catores,
654 1116 743 1187 qui
790 1116 858 1172 ad
900 1116 1169 1171 sinistram
1201 1114 1486 1185 pertinent,
1534 1128 1641 1169 non
1680 1114 1962 1170 inveniun-

374 1193 464 1241 tur
487 1193 581 1241 (al.

644 1256 730 1313 Vl.
772 1287 843 1331 έ-
870 1258 937 1312 In
973 1274 1072 1331 quo
1124 1257 1303 1311 melior
1345 1257 1411 1311 sit
1436 1256 1584 1310 homo
1626 1255 1962 1331 beiluis._Ho-

373 1328 576 1383 minem
606 1343 671 1383 ex
717 1330 892 1384 anima
922 1326 1241 1399 et'corpore
1285 1338 1531 1383 constare
1572 1326 1702 1381 nulli
1742 1327 1961 1399 dubium

373 1407 477 1464 est,
507 1399 578 1453 ita
608 1408 663 1452 ut
688 1400 863 1453 anima
890 1400 959 1455 sit
986 1400 1068 1455 vis
1094 1398 1334 1469 quietiam
1367 1413 1469 1466 qua
1499 1412 1693 1467 corpus
1725 1398 1957 1453 vivifica-

372 1477 495 1534 tur;
528 1479 583 1524 et
622 1469 730 1523 sint
769 1470 895 1536 duo,
939 1470 1010 1525 ita
1040 1479 1097 1524 ut
1125 1484 1286 1524 unum
1314 1470 1480 1523 altero
1506 1469 1574 1522 sit
1602 1470 1956 1537 praestantius,

372 1539 504 1595 illud
524 1540 847 1606 dominetur,
876 1541 977 1595 hoc
1002 1541 1217 1595 serviat.
1241 1540 1347 1596 Sed
1370 1553 1555 1595 rursus
1572 1541 1623 1593 in
1644 1539 1828 1594 eadem
1849 1541 1962 1595 ani-

374 1624 464 1682 ma
492 1611 599 1666 duo
626 1611 867 1680 quaedam
893 1612 1141 1667 videntur
1165 1629 1176 1664 :
1203 1628 1365 1667 unum
1395 1610 1532 1682 quod
1556 1624 1741 1663 amans
1762 1610 1959 1678 divina,

371 1680 623 1752 intelligit
650 1690 704 1737 et
746 1683 1022 1752 participat
1059 1682 1272 1747 rationi,
1322 1697 1386 1737 ac
1416 1680 1625 1735 dicatur
1673 1682 1958 1749 rationale;

373 1752 602 1806 alterum
640 1753 781 1823 quod
822 1754 1161 1809 sensibilibus
1206 1753 1407 1817 fruens,
1442 1752 1630 1823 belluis
1659 1754 1959 1807 communi-

372 1830 483 1887 cat,
503 1837 566 1876 ac
590 1821 1002 1879 sit'irrationale.
1022 1823 1175 1891 Quod
1195 1838 1380 1879 rursus
1408 1825 1459 1877 in
1482 1821 1687 1877 duobus
1713 1823 1960 1878 animad-

371 1893 688 1965 vertendum
715 1902 815 1957 est,
850 1910 1077 1965 quorum
1109 1910 1270 1949 unum
1300 1904 1385 1949 est
1430 1909 1551 1965 quo
1575 1892 1825 1949 resistere
1867 1909 1962 1965 ap-

371 1963 507 2035 petit
532 1963 981 2035 obsistentibus';
1011 1967 1258 2032 alterum,
1284 1980 1389 2035 quo
1415 1964 1634 2033 adipisci
1662 1963 1961 2035 congruen-

370 2033 466 2099 tia,
499 2034 640 2104 quod
685 2044 739 2090 et
773 2035 978 2091 belluas
1024 2037 1201 2092 facere
1238 2033 1576 2091 manifestum
1624 2043 1727 2090 est.
1758 2033 1960 2103 Quibus

369 2104 627 2177 collectis,
663 2108 939 2175 apparebit
969 2107 1237 2163 hominem
1262 2116 1515 2162 constare
1541 2121 1604 2160 ex
1635 2106 1811 2177 anima
1840 2108 1962 2177 qui-

368 2173 494 2249 dem
519 2184 573 2230 et
598 2173 865 2249 corpore,
891 2177 987 2233 sed
1028 2177 1219 2233 officiis
1256 2177 1356 2232 hac
1392 2178 1675 2249 partitione
1711 2173 1955 2249 diversis.

367 2244 467 2319 liis
492 2255 669 2302 autem
696 2244 951 2303 omnibus
980 2249 1228 2319 praesidet
1270 2249 1358 2303 illa
1394 2244 1563 2315 prima
1592 2256 1646 2302 et
1670 2247 1863 2319 rationi
1884 2248 1961 2302 vi-

369 2315 489 2399 cina
518 2332 662 2399 pars,
693 2333 812 2387 quae
831 2334 953 2374 cum
982 2315 1101 2399 sese
1127 2335 1349 2399 suaque,
1374 2320 1422 2373 vi
1451 2333 1514 2399 ac
1541 2318 1773 2399 potentia
1799 2316 1961 2399 (abri-

369 2388 589 2461 catoris,
621 2403 726 2442 non
754 2404 848 2461 per
874 2403 952 2456 se,
984 2391 1103 2461 quia
1127 2388 1334 2458 ipsa’ex
1359 2406 1419 2445 se
1444 2389 1575 2442 nihil
1600 2397 1700 2461 est,
1729 2388 1836 2461 sed
1860 2404 1959 2461 per

369 2455 766 2528 benignitatem
784 2459 878 2531 Dei
916 2455 1018 2530 per'
1052 2455 1211 2531 quam
1254 2461 1427 2515 anima
1477 2467 1577 2523 est,
1626 2458 1785 2531 fuerit
1809 2455 1957 2514 dele-

368 2536 532 2601 ctata,
560 2537 763 2584 natura:
790 2529 1096 2587 inferiorem
1120 2533 1169 2586 in
1192 2546 1250 2586 se
1271 2540 1473 2601 partem
1501 2529 1775 2601 frenando,
1800 2540 1959 2600 atque

368 2610 402 2650 a
432 2600 591 2654 rebus
645 2601 1024 2668 temporalibus
1068 2600 1412 2667 abducendo,
1468 2600 1662 2656 liberat
1712 2600 1957 2655 dolorum

368 2677 629 2739 egestate,
660 2671 966 2740 indigentia:
990 2672 1320 2738 difficultate,
1346 2672 1652 2726 morborum
1675 2671 1951 2740 molestiis,

366 2747 529 2813 atque
551 2740 611 2813 in
650 2756 743 2813 sua
773 2738 913 2798 bona
951 2743 1188 2799 beneﬁca
1230 2743 1508 2813 largitione
1538 2738 1761 2813 reducit,
1796 2751 1851 2795 ut
1873 2741 1959 2809 ju-

366 2809 529 2864 stitiae
548 2811 599 2865 in
626 2828 689 2867 ea
717 2812 941 2868 firmitas
958 2824 1188 2879 maneat,
1209 2809 1478 2879 regnando
1499 2811 1789 2867 secundum
1807 2826 1958 2867 suam

367 2889 614 2954 naturam
643 2892 696 2937 et
734 2885 984 2940 servienti
1030 2883 1330 2954 praestando
1375 2902 1387 2937 :
1416 2884 1579 2954 cujus
1602 2883 1885 2937 servientis
1913 2884 1959 2938 si

367 2950 481 3025 vita
513 2952 669 3008 fuerit
692 2954 973 3020 delectata,
1006 2950 1195 3011 e'thtec
1219 2950 1527 3025 temporalia
1552 2952 1818 3025 dilexerit,
1849 2970 1957 3009 non

369 3020 673 3094 dominans,
718 3025 814 3080 sed
855 3027 1115 3092 serviens,
1158 3036 1211 3081 et
1253 3020 1360 3080 non
1391 3033 1650 3094 praestans
1700 3023 1955 3089 inferiori,

368 3092 466 3147 sed
488 3094 536 3148 ei
557 3095 877 3166 obsequens,
901 3097 1241 3167 iudicabitur,
1271 3096 1337 3150 ad
1367 3092 1661 3167 extremum
1689 3095 1959 3167 graviores

367 3175 559 3235 poenas
596 3164 914 3235 expertum,
932 3168 1142 3224 deserta
1172 3168 1237 3221 iis
1266 3166 1509 3221 omnibus
1534 3182 1649 3235 qua:
1678 3164 1959 3220 adversum

368 3231 467 3287 Dei
505 3231 766 3305 praecepta
793 3238 1005 3301 dilexit;
1053 3238 1377 3294 recurrendo
1406 3231 1581 3290 autem
1612 3235 1677 3289 ad
1704 3251 1953 3305 superna,

369 3318 437 3358 ac
463 3319 521 3359 se
548 3315 708 3361 totam
731 3309 824 3363 Dei
850 3309 1123 3364 beneﬁciis
1155 3307 1500 3373 resumendo,
1523 3307 1623 3361 erit
1650 3307 1835 3359 similis
1862 3307 1909 3361 ei
1927 3322 1958 3361 a

370 3387 482 3446 quo
506 3375 642 3433 facta
668 3387 769 3442 est,
800 3387 853 3434 et
873 3381 973 3435 erit
1001 3380 1173 3446 beata,
1198 3377 1398 3434 habens
1422 3379 1537 3446 ejus
1558 3377 1959 3433 similitudinem

369 3445 443 3517 ad
491 3461 669 3517 quam'
696 3448 830 3505 facta
875 3459 975 3505 est.
1016 3450 1103 3506 Sic
1132 3449 1273 3505 enim
1315 3445 1570 3517 scriptum
1598 3457 1715 3503 est:
1750 3447 1814 3501 Et
1842 3448 1959 3517 fecit

369 3513 525 3591 Deus
545 3518 795 3574 hominem
840 3521 907 3575 ad
947 3522 1219 3591 imaginem
1250 3520 1345 3574 Dei
1385 3513 1614 3591 (Gemit,
1645 3518 1758 3589 27).
1788 3513 1958 3591 Quam

368 3600 475 3641 nos
497 3587 611 3659 ipso
639 3591 829 3645 intuitu
867 3587 1177 3661 recepturos
1203 3606 1323 3646 esse
1360 3587 1437 3661 sic
1460 3590 1651 3644 dicitur
1678 3587 1772 3659 per
1796 3590 1960 3643 Joan-

369 3671 499 3730 nem
528 3662 826 3728 apostolum
859 3681 872 3714 :
914 3660 1228 3722 Charissimi,
1265 3662 1361 3730 ﬁlii
1388 3660 1484 3713 Dei
1508 3677 1702 3727 sumus,
1751 3670 1795 3713 et
1835 3676 1959 3712 non-

372 3726 757 3801 dumapparuit
779 3732 900 3801 quid
920 3735 1137 3799 erimus;
1157 3726 1342 3787 scimus
1362 3733 1479 3801 quia
1506 3747 1620 3783 cum
1639 3726 1955 3801 apparuerit,

372 3797 566 3873 {inritos
592 3797 641 3853 ei
657 3797 862 3873 erimus,
895 3797 1131 3873 quoniam
1164 3797 1437 3856 videbimus
1480 3817 1593 3854 eum
1613 3797 1886 3873 _sicuti__est
1916 3800 1959 3868 (Ι

371 3865 642 3945 Joaa._in_i,
679 3871 779 3945 2)._
800 3865 877 3928 De
907 3865 1277 3945 distributione
1318 3880 1497 3927 autem
1539 3871 1730 3945 animze
1758 3865 1958 3924 dictum

376 3946 492 3992 est:
522 3939 725 4011 Diliges
745 3943 1019 3997 Dominum
1048 3944 1211 3997 Deum
1235 3954 1453 3997 tuumea:
1477 3950 1577 4011 toto
1603 3940 1754 3994 corde
1781 3950 1887 4007 tuo,
1914 3951 1960 3994 et

375 4024 442 4083 ea:
470 4018 574 4083 tota
598 4010 767 4067 anima
792 4022 897 4083 tua,
929 4025 976 4067 et
997 4030 1057 4069 ex
1082 4022 1186 4067 tota
1215 4025 1377 4067 mente
1402 4022 1488 4066 tua
1517 4010 1692 4083 (Deut.
1718 4027 1793 4083 vi,
1828 4011 1880 4076 5,
1914 4020 1960 4065 et

376 4077 721 4155 Matt/natm,
745 4081 855 4155 57).
886 4077 954 4138 Et
977 4086 1251 4155 apostolus
1289 4077 1593 4155 Paulussic
1615 4083 1725 4136 ait:
1751 4082 1960 4136 Salvum

379 4150 536 4222 faciat
572 4150 824 4222 Domtnus
862 4150 1096 4222 spiritum
1142 4164 1377 4216 vestrum,
1417 4153 1646 4222 animam,
1684 4162 1729 4204 et
1778 4168 1959 4221 corpus

378 4218 425 4289 (1
454 4218 633 4295 Thess.
664 4238 716 4284 v,
742 4220 856 4295 23).
886 4218 1220 4295 Quapropter
1256 4223 1387 4295 nihil
1417 4221 1798 4295 helluishomo
1823 4218 1959 4289 pren-

376 4298 506 4363 stat,
533 4292 632 4363 nisi
671 4291 822 4363 quod
845 4291 1214 4348 intellectualis
1242 4294 1417 4347 anima
1444 4301 1527 4363 est
1554 4306 1588 4363 :_
1612 4291 1740 4363 ipsis
1782 4301 1961 4345 autem

375 4359 919 4418 hominibus'caeteris
945 4372 1177 4432 praestat,
1220 4378 1342 4418 cum
1372 4360 1618 4430 intelligit
1646 4361 1841 4432 Deum,
1858 4377 1958 4432 _ne-

376 4447 484 4501 que
504 4434 809 4502 temporalia
840 4430 977 4489 bona
998 4448 1277 4503 perversus
1300 4433 1532 4487 vanitate
1552 4439 1803 4503 sectatur.
1826 4430 1960 4487 Nam

377 4510 436 4556 et
458 4503 585 4557 illud
627 4505 901 4559 verissime
929 4502 1127 4559 dietum
1157 4514 1263 4570 est,
1309 4502 1482 4557 Nolite
1506 4517 1611 4557 esse
1652 4502 1778 4555 sicut
1807 4518 1962 4571 equus

380 4583 429 4645 et
458 4575 647 4636 mulus,
679 4591 780 4628 non
817 4575 1048 4629 habentes
1078 4576 1392 4645 intellectum
1413 4572 1760 4645 (Ρδαιτ-Χξκι,
1789 4572 1865 4645 9),
1897 4573 1965 4645 Et

379 4644 663 4726 il.lud,iQ_u.i
690 4645 954 4726 gloriatur,
982 4647 1035 4697 in
1063 4644 1284 4726 Domipo
1303 4642 1747 4726 glprietutilgor:
1778 4642 1959 4726 1,431):

379 4716 461 4772 sic
482 4712 749 4785 intelligit,
779 4715 913 4783 Quia
942 4730 1041 4785 ego
1070 4731 1187 4770 sum
1216 4712 1495 4785 Dominus.
1520 4712 1589 4768 Et.
1612 4713 1762 4780 illud,
1801 4712 1962 4767 Vani-

379 4796 459 4840 tas
483 4784 778 4852 vanitatum,
807 4796 855 4841 et
882 4784 1051 4841 omnia
1066 4788 1278 4841 vanitas.
1302 4785 1429 4851 Qua:
1449 4784 1758 4839 abundantia
1776 4785 1963 4839 homini

378 4859 432 4981 gn
463 4858 600 4999 gqmi
626 4856 796 4912 labore
812 4874 925 4927 suo,
956 4872 1101 4928 quem
1118 4858 1226 4927 ipse
1250 4856 1444 4912 laborat
1463 4856 1552 4912 sub
1581 4856 1685 4910 sole
1706 4854 1898 4930 (Eccle.
1922 4872 1960 4925 l,

420 4970 435 4995 9
467 4967 547 4995 ν1⁶

452 4996 613 5056 sm.
657 4999 767 5055 VII.
796 5031 870 5041 —
899 4998 980 5054 De
1028 5000 1254 5071 corporis
1292 4999 1668 5071 resurrectione.
1723 4996 1963 5065 Excepto

378 5086 446 5125 eo
467 5071 607 5141 quod
636 5072 781 5126 omni
810 5071 914 5127 ﬁde
940 5069 1157 5141 dignum
1181 5078 1293 5134 est,
1314 5069 1459 5141 nihil
1508 5069 1673 5123 Deum
1698 5083 1806 5122 non
1835 5083 1961 5137 pos—

379 5157 469 5206 se,
499 5143 587 5195 tali
612 5142 772 5196 etiam
813 5140 1218 5197 ratiocinatione
1243 5140 1420 5210 colligi
1442 5148 1686 5210 potest,“
1707 5152 1813 5210 non
1843 5152 1965 5192 esse

379 5224 565 5266 contra
610 5222 851 5266 naturam
897 5222 958 5268 ut
1000 5218 1247 5281 resurgat
1271 5207 1963 5281 hoc'corpus.Universum

380 5297 606 5351 corpus,
635 5282 779 5353 quod
826 5284 985 5353 etiam
1015 5278 1183 5351 hujus
1215 5281 1429 5353 mundi_
1450 5278 1715 5353 sensibilis
1741 5278 1863 5353 ouili
1911 5287 1967 5332 et

381 5346 541 5405 terrae
572 5346 787 5424 nomine
826 5346 1186 5424 significatur,
1223 5359 1322 5424 est
1364 5350 1543 5419 aliquo
1573 5348 1752 5403 modo.
1795 5346 1967 5402 Omne

382 5431 561 5477 autem
590 5423 731 5493 quod
770 5432 852 5478 est
879 5421 1068 5493 aliquo
1116 5421 1273 5475 modo
1292 5462 1307 5487 ,
1337 5436 1509 5490 neque
1537 5427 1713 5493 tamen
1756 5432 1965 5473 summo

388 5493 549 5547 modo
569 5535 583 5559 ,
607 5490 748 5562 'ojus
776 5490 993 5564 speciei
1021 5494 1423 5564 participatione
1452 5501 1567 5557 est,
1606 5490 1657 5543 in
1681 5497 1964 5559 quantum-

381 5578 611 5634 cumque
635 5573 737 5627 est,
756 5562 873 5634 qua:
903 5562 1113 5619 sumine
1138 5562 1298 5617 inodo
1328 5572 1429 5629 est;
1448 5575 1709 5634 qua,cum
1734 5568 1962 5634 tenetur,

387 5629 661 5689 ordinatas
703 5629 939 5705 quasque
980 5635 1423 5689 commutationes
1465 5629 1581 5703 pati
1629 5638 1814 5703 potest.
1847 5629 1965 5688 Non

447 5754 464 5785 ι
500 5760 603 5811 Ms,
627 5749 821 5813 divino;
843 5751 1017 5802 omissa
1041 5761 1177 5811 voce,
1200 5744 1534 5813 providentia.

445 5817 468 5848 ⁸
498 5822 630 5874 Iov.,
654 5812 1016 5865 subsistentibus.

444 5877 519 5942 (α)
543 5871 803 5941 Εχῐιιιωδι.
829 5878 907 5939 57,
934 5877 1061 5928 inter
1083 5880 1258 5935 Quaest.
1281 5871 1360 5922 85.

1834 355 2202 414 ΑΡΡΕΝΒΙΧ.

3541 320 3662 416 ’728

2076 486 2253 534 autem
2282 491 2401 535 esse
2436 478 2655 535 omnino
2681 492 2876 549 corpus
2920 492 3027 534 non
3072 485 3269 549 potest.
3300 477 3354 535 Si
3380 478 3523 534 enim
3549 492 3660 535 om-

2072 552 2196 604 nino
2222 564 2417 619 corpus
2443 565 2549 605 non
2578 551 2704 616 erit,
2731 560 2821 605 aut
2852 550 2981 605 nihil
3009 551 3143 618 erit,
3191 556 3284 605 aut
3312 551 3510 619 aliquid
3540 566 3656 606 me-

2072 620 2173 675 lius
2205 639 2217 673 :
2247 621 2341 676 sed
2380 621 2513 675 nihil
2561 635 2679 677 esse
2735 637 2839 676 non
2892 622 3117 688 sinitur,
3151 621 3430 677 obtinente
3476 624 3653 690 specie

2070 707 2190 762 qua:
2229 706 2440 761 semper
2468 702 2648 747 manet
2690 700 2743 747 et
2786 706 2912 747 vere
2941 707 3255 763 summeque
3298 703 3380 746 est
3416 710 3429 746 :
3461 694 3653 748 melius

2070 773 2246 819 autem
2271 763 2470 833 aliquid
2516 777 2635 819 esse
2666 779 2823 832 quam
2852 778 3047 833 corpus
3072 778 3175 818 non
3208 773 3414 832 potest;
3448 764 3569 833 quia
3600 774 3653 819 et

2069 835 2309 904 corporis
2350 835 2583 889 universi
2622 843 2798 889 certus
2827 844 2907 890 est
2948 834 3169 901 modus,
3216 843 3271 888 et
3315 850 3498 890 eorum
3525 851 3648 904 qua}

2070 903 2381 974 incorporea
2406 904 2542 960 facta
2573 914 2729 970 sunt,
2762 920 3017 961 numerus
3041 906 3223 975 augeri
3271 920 3375 959 non
3409 903 3647 975 indiget;

2068 985 2124 1030 et
2161 990 2269 1030 non
2293 987 2375 1031 est
2403 991 2538 1045 opus
2563 977 2792 1047 aliquam
2823 991 3014 1031 novam
3043 985 3283 1031 naturam
3316 976 3431 1031 ﬁeri
3452 1017 3465 1039 ,
3494 978 3647 1046 quasi

2068 1056 2160 1101 aut
2190 1062 2294 1100 non
2322 1048 2497 1102 omnia
2530 1046 2667 1104 facta
2718 1047 2950 1112 fuerint,
2983 1056 3076 1102 aut
3117 1048 3170 1103 in
3216 1047 3389 1102 locum
3423 1047 3647 1115 alicujus

2107 1133 2186 1172 uae
2224 1118 2441 1187 perierit
2466 1118 2570 1173 alia
2622 1117 2985 1174 substituenda
3016 1120 3112 1185 sit;
3159 1133 3281 1173 cum
3325 1126 3380 1173 et
3413 1118 3647 1187 perfecte

2089 1189 2205 1260 'aeta
2233 1189 2339 1243 sint
2376 1190 2553 1243 omnia
2573 1231 2587 1256 ,
2628 1198 2682 1244 et
2705 1204 2767 1244 ea
2793 1190 3155 1260 gubernentur
3180 1189 3513 1259 providentia
3556 1203 3641 1243 se-

2067 1259 2298 1313 cundum
2320 1260 2552 1330 speciem
2569 1274 2782 1329 semper
2804 1259 3136 1327 manentem,
3160 1269 3220 1314 ut
3247 1260 3507 1330 ordinata:
3535 1275 3642 1313 mu-

2070 1330 2340 1401 tabilitati,
2390 1339 2444 1385 et
2473 1343 2567 1398 per
2596 1330 2778 1385 hocin
2821 1332 3074 1385 mutantis
3109 1329 3393 1401 quamdam
3434 1345 3647 1385 manem

2068 1399 2195 1454 tiam
2219 1400 2375 1456 cedat
2417 1409 2604 1456 natura
2634 1401 2900 1457 sensibilis
2920 1443 2933 1467 ,
2964 1399 3217 1470 atque'ita
3246 1404 3299 1455 in
3330 1416 3425 1455 suo
3446 1416 3642 1469 genere

2067 1478 2338 1536 teneatur,
2366 1472 2686 1542 modumque
2716 1474 2988 1542 proprium
3013 1473 3292 1526 custodiat.
3337 1472 3415 1525 Ex
3449 1486 3555 1540 quo
3586 1472 3644 1526 fit

2066 1550 2126 1595 ut
2153 1557 2344 1612 corpus
2373 1558 2533 1597 omne
2557 1544 2713 1598 aliter
2736 1552 2893 1613 atque
2924 1544 3079 1597 aliter
3107 1544 3210 1609 sit,
3240 1558 3433 1611 corpus
3463 1551 3638 1597 tamen

2066 1626 2186 1668 esse
2215 1629 2321 1669 non
2344 1614 2550 1669 desinat
2574 1630 2588 1665 :
2614 1614 2684 1669 ita
2706 1615 2966 1668 universae
2989 1622 3191 1668 natura:
3214 1614 3356 1666 salva
3383 1621 3505 1667 sunt
3534 1628 3641 1667 om-

2065 1684 2152 1767 nia
2173 1726 2188 1751 ,
2220 1700 2337 1767 qum
2364 1685 2828 1767 sensibus'no‘stris
2852 1683 3131 1767 discedunt
3154 1693 3209 1739 et
3237 1684 3454 1767 interire
3493 1684 3633 1752 peni-

2067 1762 2149 1808 tus
2177 1754 2565 1811 existimantur.
2588 1754 2743 1811 Unde
2779 1770 2886 1809 non
2914 1755 3106 1808 mirum
3138 1765 3220 1810 est
3245 1756 3288 1808 si
3319 1755 3419 1808 hoc
3443 1768 3639 1823 corpus

2064 1825 2281 1881 modum
2312 1827 2471 1881 istum
2501 1841 2653 1880 suum
2674 1866 2687 1891 ,
2717 1841 2822 1895 quo
2853 1840 2992 1880 nunc
3016 1833 3098 1879 est
3119 1866 3133 1890 ,
3165 1826 3217 1879 in
3241 1832 3494 1894 quantum
3521 1833 3631 1892 est,

2064 1897 2315 1967 recipiat,
2344 1905 2434 1952 aut
2460 1897 2735 1951 meliorem
2762 1896 2991 1967 aliquem
3018 1898 3266 1951 sortiatur
3284 1911 3309 1967 ;_
3331 1910 3451 1949 cum
3481 1896 3525 1949 is
3547 1897 3635 1965 qui

2062 1964 2281 2023 vocatur
2326 1967 2569 2022 interitus
2588 2008 2603 2032 ,
2630 1964 2884 2023 discessio
2929 1966 2983 2020 in
3012 1968 3145 2021 alios
3191 1964 3376 2021 modos
3403 1966 3501 2033 sit,
3530 1980 3639 2022 non

2064 2039 2282 2109 omnino
2309 2039 2620 2109 peremptio.

2134 2106 2323 2165 Servrf
2344 2109 2472 2163 Vlll.
2497 2106 2571 2148 '-—
2604 2108 2677 2162 De
2709 2108 2825 2177 ﬁde,
2867 2126 2955 2178 spe
2984 2116 3028 2162 et
3047 2108 3309 2162 charitate.
3342 2106 3500 2161 Fides
3523 2108 3640 2163 sine

2063 2192 2159 2248 spe
2185 2189 2238 2235 et
2262 2180 2518 2236 charitate
2540 2187 2642 2246 est,
2666 2180 2709 2235 si
2740 2177 2917 2234 dicas:
2942 2178 3116 2234 Credo
3139 2192 3263 2233 vera
3284 2192 3403 2233 esse
3427 2177 3494 2232 ad
3520 2195 3639 2249 qua:

2063 2264 2153 2321 me
2180 2265 2373 2316 vocas;
2403 2251 2497 2305 sed
2526 2265 2624 2321 ego
2651 2265 2713 2305 ea
2743 2265 2933 2319 capere
2975 2264 3080 2304 non
3107 2263 3343 2321 possum,
3375 2250 3638 2321 necivolo.

2063 2319 2221 2375 Fides
2261 2323 2375 2377 sine
2426 2336 2521 2391 spe
2562 2318 2681 2375 cum
2728 2318 2983 2375 charitate
3011 2330 3111 2384 est,
3158 2319 3206 2373 si
3246 2318 3432 2374 dicas:
3465 2319 3637 2391 Credo

2063 2406 2189 2446 vera
2220 2408 2338 2447 esse
2365 2391 2432 2446 ad
2458 2390 2574 2459 quae
2602 2407 2688 2446 me
2714 2406 2895 2457 vocas,
2919 2399 2973 2445 et
2996 2391 3118 2445 volo
3144 2405 3205 2445 ea
3232 2390 3512 2459 consequi;
3542 2390 3638 2444 sed

2063 2476 2169 2516 non
2199 2477 2436 2533 possum.
2466 2460 2622 2517 Fides
2648 2477 2768 2533 cum
2809 2477 2905 2531 spe
2933 2462 3049 2516 sine
3072 2460 3330 2516 charitate
3354 2467 3455 2526 est,
3484 2460 3529 2515 si
3557 2460 3641 2515 di-

2063 2546 2155 2587 cas
2180 2531 2389 2588 {Credo
2416 2548 2538 2587 vera
2564 2548 2683 2588 esse
2706 2532 2772 2586 ad
2794 2547 2912 2601 quae
2942 2547 3027 2587 me
3049 2545 3228 2597 vocas,
3255 2541 3307 2585 et
3331 2546 3394 2585 ea
3421 2546 3639 2600 possum

2063 2604 2274 2673 assequi
2304 2606 2349 2659 si
2379 2604 2569 2667 velim;
2608 2603 2701 2658 sed
2729 2604 2872 2657 nolo.
2904 2602 3147 2657 Charitas
3190 2602 3304 2656 sine
3331 2616 3428 2671 spe
3454 2610 3509 2657 et
3532 2603 3639 2673 itide

2062 2681 2165 2738 est,
2193 2675 2237 2729 si
2267 2676 2387 2745 quis
2416 2675 2579 2740 dicat,
2603 2674 2946 2728 vehementer
2973 2688 3032 2728 se
3071 2673 3206 2745 velle
3232 2673 3347 2726 sine
3374 2672 3640 2745 illecebris

2063 2742 2303 2814 corporis
2345 2746 2425 2800 sui
2469 2745 2645 2799 vivere
2689 2745 2742 2799 in
2778 2753 3070 2807 aeternum;
3102 2743 3195 2798 sed
3223 2758 3395 2813 neque
3421 2742 3641 2799 credere

2064 2829 2185 2870 esse
2206 2816 2368 2870 vitam
2398 2825 2671 2882 aeternam,
2695 2830 2811 2878 nec,
2832 2816 2876 2870 si
2899 2816 2986 2879 sit,
3012 2829 3126 2869 eam
3151 2828 3208 2868 se
3232 2828 3388 2883 posse
3408 2814 3637 2883 assequi.

2063 2886 2197 2941 Cum
2238 2886 2341 2941 fide
2369 2886 2486 2941 sine
2531 2900 2627 2956 spe
2665 2884 2897 2941 charitas
2935 2893 3038 2951 est,
3082 2885 3126 2940 si
3158 2894 3211 2939 et
3247 2884 3554 2956 desiderare
3580 2900 3640 2941 se

2062 2957 2224 3010 vitam
2265 2954 2629 3022 aeternam,’et
2672 2956 2893 3013 credere
2934 2969 3053 3011 esse
3080 2956 3198 3026 quis
3236 2954 3411 3026 dicat;
3445 2954 3540 3009 sed
3579 2970 3638 3010 se

2064 3041 2221 3097 posse
2247 3028 2459 3097 assequi
2488 3035 2665 3097 neget.
2696 3026 2829 3097 Spes
2860 3035 3048 3097 autem
3089 3024 3204 3097 sine
3243 3024 3345 3079 ﬁde
3374 3026 3640 3095 quomodo

2064 3112 2183 3152 esse
2212 3096 2397 3167 possit,
2428 3111 2534 3152 non
2564 3096 2795 3153 invenio.
2826 3096 2993 3152 Nemo
3022 3096 3164 3152 enim
3195 3105 3371 3164 sperat
3396 3111 3454 3149 se
3480 3111 3636 3165 posse

2063 3169 2275 3238 assequi
2303 3170 2442 3239 quod
2486 3184 2606 3224 esse
2646 3184 2751 3223 non
2797 3168 2984 3223 credit.
3028 3168 3247 3239 Oportet
3287 3181 3414 3236 ergo
3461 3168 3638 3221 inesse

2063 3236 2241 3293 animo
2269 3236 2445 3294 omnia
2478 3240 2595 3304 tria,
2628 3240 2806 3304 ﬁdem,
2836 3254 2983 3307 spem
3011 3236 3443 3300 et’charitatem;
3489 3247 3547 3291 ut
3582 3246 3639 3293 et

2063 3311 2247 3365 credat
2282 3325 2404 3365 vera
2434 3326 2553 3365 esse
2579 3310 2647 3364 ad
2677 3326 2797 3381 qua:
2833 3319 3071 3376 vocatur,
3104 3316 3158 3365 ct
3188 3317 3367 3378 speret
3395 3322 3453 3363 se
3484 3322 3641 3378 posse

2064 3381 2295 3449 assequi,
2324 3390 2377 3434 et
2405 3381 2622 3436 omnino
2652 3395 2713 3435 ea
2741 3381 2945 3450 diligat.
3636 3408 3637 3411 η

2133 3452 2293 3505 Sum.
2335 3451 2425 3506 IX.
2470 3474 2543 3493 -ι
2583 3452 2730 3519 Quod
2759 3450 3076 3521 philosophia
3119 3450 3173 3503 in
3218 3458 3316 3521 tres
3363 3459 3528 3519 partes
3558 3450 3637 3502 di-

2064 3521 2268 3593 uiditur.
2302 3522 2643 3592 Philosophia
2682 3526 2735 3593 in
2762 3520 2874 3576 tres
2922 3520 3424 3593 partesddividitur;
3465 3536 3641 3593 mora-

2064 3590 2191 3659 lem,
2233 3588 2551 3659 naturaleuf,
2592 3588 3165 3646 rationalemeoralis
3195 3591 3247 3644 in
3287 3588 3437 3654 duas,
3470 3590 3643 3645 scien-

2064 3661 2191 3715 tiam
2220 3674 2271 3717 et
2296 3664 2824 3717 administrationem.
2853 3662 3082 3718 Scientia
3113 3661 3164 3714 in
3193 3662 3343 3725 duas,
3380 3660 3639 3713 hortatio-

2065 3748 2187 3787 nem
2214 3743 2267 3789 ct
2296 3735 2657 3788 tractationem
2695 3733 2955 3788 bonorqu
2998 3740 3053 3787 et
3090 3732 3368 3785 malorum.
3402 3729 3641 3783 Admitti-

2064 3805 2251 3858 stratio
2293 3805 2346 3857 in
2389 3804 2548 3871 duas,
2590 3802 2821 3858 ofﬁcium
2866 3812 2921 3857 et
2959 3802 3117 3856 ﬁnem
3162 3819 3174 3854 ε
3221 3801 3451 3854 ofﬁcium
3497 3800 3637 3868 quod

2067 3873 2242 3929 facere
2270 3874 2546 3939 debemus,
2573 3873 2733 3929 ﬁnem
2758 3873 2825 3927 ad
2846 3872 2985 3942 quod
3012 3872 3286 3942 referimus
3315 3871 3491 3942 omnia
3519 3885 3638 3939 qua:

2065 3953 2209 3999 recte
2240 3944 2510 4007 faciamus,
2536 3945 2708 4013 ipsum
2743 3939 2921 4002 autem
2959 3943 3026 3998 ad
3054 3942 3180 3997 nihil
3206 3941 3345 3995 aliud
3385 3939 3635 3995 refertur.

2065 4014 2330 4086 Naturalis
2360 4013 2694 4069 distribuitur
2716 4014 2769 4069 in
2800 4014 2932 4086 duas
2958 4024 3153 4086 partes,
3182 4026 3436 4086 corporea
3467 4020 3520 4066 et
3559 4013 3639 4065 in-

2066 4083 2341 4155 corporea.
2369 4085 2755 4155 Corporeorum
2785 4083 2974 4139 divisio
3013 4084 3245 4155 quinque
3288 4083 3638 4155 partitaest:

2067 4155 2120 4210 in
2142 4153 2377 4223 causam,
2409 4153 2526 4227 quae
2552 4155 2755 4227 aliquid,
2784 4155 2940 4221 facit;
2972 4153 3271 4222 materiam,
3304 4153 3444 4208 unde
3485 4153 3639 4227 iacit;

2067 4237 2293 4294 motum,
2340 4222 2444 4297 per
2476 4226 2616 4295 quod
2639 4222 2819 4297 Tacit;
2860 4227 3452 4297 causationem,_quare_
3480 4222 3639 4289 facit;

2068 4294 2505 4367 cﬁ‘eetum,'quod’
2516 4297 2657 4351 facit.
2678 4296 3114 4366 lncorporeorum
3133 4295 3317 4366 quadri
3325 4294 3511 4367 partita
3528 4302 3641 4367 est:

2067 4368 2122 4422 in
2153 4364 2551 4431 locum;_locus
2577 4368 2718 4423 enim
2760 4364 2865 4421 non
2908 4375 2993 4423 est
3031 4364 3246 4436 corpus,
3279 4364 3374 4419 sed
3416 4365 3646 4435 spatium

2069 4438 2211 4508 quod
2238 4441 2506 4494 obtinetur
2530 4453 2560 4491 a
2584 4452 2807 4508 corpore
2835 4454 2848 4491 :
2882 4437 2935 4491 in
2973 4447 3183 4509 tempus
3208 4455 3221 4490 :
3252 4437 3306 4491 in
3333 4437 3645 4491 extremita-

2071 4516 2182 4574 tes;
2211 4509 2571 4565 extremitates
2598 4510 2741 4563 enim
2770 4522 3056 4577 corporum
3095 4524 3201 4563 non
3240 4515 3364 4563 sunt
3398 4520 3643 4577 corpora,

2070 4581 2193 4649 quia
2233 4595 2336 4634 non
2382 4579 2578 4634 habent
2615 4579 3065 4634 crassitudinem:
3099 4580 3154 4633 in
3196 4577 3645 4649 dicibilia;_dici-

2068 4647 2194 4705 bilia
2246 4652 2387 4705 enim
2439 4665 2558 4720 qua:
2610 4650 2937 4718 concipimus
2984 4650 3268 4720 animout
3311 4647 3647 4720 enuntiemus

2072 4721 2269 4785 verbis,
2300 4735 2408 4776 non
2438 4718 2560 4775 sunt
2582 4735 2828 4789 corpora.
2852 4720 2992 4775 Sane
3021 4730 3147 4774 tunc
3182 4718 3431 4774 dicuntur
3458 4718 3649 4772 dicibi-

2071 4792 2163 4858 lia,
2192 4792 2237 4847 si
2273 4807 2339 4847 ex
2383 4791 2541 4846 rebus
2567 4790 2743 4846 verbis
2770 4791 2947 4845 animo
2976 4790 3234 4858 impressa
3279 4797 3421 4844 sunt.
3468 4789 3649 4842 Ratio-

2072 4862 2207 4917 nalis
2226 4862 2560 4917 distribuitur
2584 4863 2639 4919 in
2667 4869 2773 4915 tres
2796 4871 2972 4931 partes
2996 4879 3009 4915 :
3038 4860 3397 4930 dirigentiam,
3422 4874 3541 4931 qua:
3565 4866 3649 4913 est

2071 4934 2125 4988 in
2162 4933 2499 5004 perceptione
2530 4929 2813 5004 sensuum;
2842 4932 2941 5004 vel
2967 4947 3086 5004 esse
3128 4929 3348 5004 dicitur;
3375 4929 3648 5004 deﬁnien-

2072 5000 2221 5069 tiam,
2250 5000 2353 5074 qua
2381 5002 2664 5057 deﬁnimus
2692 5000 2944 5071 quidquid
2975 5002 3078 5066 sit;
3111 5001 3474 5074 idiil‘erentiam
3502 5040 3516 5067 ,
3544 5012 3649 5069 qua

2072 5072 2453 5131 ratiocinamur
2477 5080 2953 5143 argumentumque
2973 5072 3362 5127 concludimus.

2145 5146 2306 5201 Seu'r.
2347 5143 2416 5198 Χ.
2455 5142 2631 5197 --“1η
2674 5160 2773 5213 quo
2838 5153 2974 5197 statu
3030 5152 3138 5198 erat
3181 5143 3347 5196 Adam
3384 5151 3651 5211 antequam

2075 5226 2317 5288 peccaret.
2346 5217 2643 5288 Antequam
2672 5224 2955 5288 peccasset
2994 5214 3198 5288 Adam,
3218 5215 3395 5270 anima
3424 5221 3540 5267 erat
3568 5225 3656 5288 ra-

2076 5282 2307 5353 tionalis,
2336 5282 2570 5356 perfecta
2595 5293 2649 5340 et
2671 5284 2826 5339 beata
2849 5304 2862 5341 :
2889 5300 3083 5355 corpus
3113 5284 3338 5356 habens,
3369 5298 3474 5356 non
3500 5282 3660 5353 quale

2075 5373 2214 5413 nunc
2252 5355 2507 5410 habemus
2541 5356 2727 5425 fragile
2755 5369 2913 5426 atque
2943 5355 3189 5421 mortale,
3222 5355 3315 5410 sed
3344 5355 3499 5426 quale
3516 5368 3659 5426 con-

2075 5428 2295 5498 gruebat
2321 5426 2407 5481 tali
2437 5424 2649 5498 animae,
2678 5442 2797 5495 quae
2824 5424 3058 5482 nondum
3098 5426 3152 5480 in
3192 5441 3252 5480 se
3278 5424 3378 5481 Dei
3407 5424 3659 5479 similitu-

2076 5497 2253 5554 dinem
2276 5512 2433 5567 prava
2461 5497 2737 5552 voluntate
2760 5505 3101 5567 corruperat;
3135 5498 3292 5565 quale
3319 5511 3417 5551 nos
3445 5510 3660 5567 quoque

2077 5578 2198 5641 post
2249 5565 2709 5641 resurrectionem,
2749 5565 3010 5641 habituri_
3034 5582 3253 5641 sumus,
3304 5582 3425 5623 cum
3474 5565 3665 5641 eadem

2077 5637 2255 5695 anima
2285 5640 2525 5694 eamdem
2557 5639 2955 5694 similitudinem
2987 5639 3081 5693 Dei
3112 5637 3347 5709 perfecta
3379 5638 3666 5692 sanctitate

2078 5711 2394 5783 perceperit.
2416 5713 2606 5783 Postea
2627 5726 2754 5765 vero
2772 5726 2929 5780 quam
2952 5712 3213 5783 peccavit,
3234 5710 3370 5783 facta
3386 5719 3469 5764 est
3488 5709 3668 5783 anima

2077 5779 2351 5862 rationalis
2374 5782 2661 5862 cupiditate
2676 5779 2966 5854 corrupta,
2980 5796 3173 5862 corpus
3203 5781 3408 5838 habens
3435 5780 3593 5862 quale
3614 5779 3671 5833 in

2084 5853 2237 5912 nobis
2260 5866 2399 5909 nunc
2424 5852 2713 5911 cernimus.
2848 5852 2863 5854 '
3078 5852 3092 5862 τ
3458 5858 3465 5869 ι
