  <div class='ocr_page' id='page_1' title='image "/cluster/home/n/w/nwhite01/storage/ocr_20150623/40/hvd.32044024147290/371.png"; bbox 0 0 4102 6336; ppageno 0'>
   <div class='ocr_carea' id='block_1_1' title="bbox 424 390 523 456">
    <p class='ocr_par' dir='ltr' id='par_1_1' title="bbox 424 390 523 456">
     <span class='ocr_line' id='line_1_1' title="bbox 424 390 523 456; baseline 0.01 -1"><span class='ocrx_word' id='word_1_1' title='bbox 424 390 523 456; x_wconf 72' lang='grc'><strong>751</strong></span> 
     </span>
    </p>
   </div>
   <div class='ocr_carea' id='block_1_2' title="bbox 425 511 2009 586">
    <p class='ocr_par' dir='ltr' id='par_1_2' title="bbox 425 511 2009 586">
     <span class='ocr_line' id='line_1_2' title="bbox 425 511 2009 586; baseline -0.003 -14"><span class='ocrx_word' id='word_1_2' title='bbox 425 528 655 586; x_wconf 76' lang='lat' dir='ltr'><strong>namque</strong></span> <span class='ocrx_word' id='word_1_3' title='bbox 683 531 933 572; x_wconf 89' lang='lat' dir='ltr'><strong>numerus</strong></span> <span class='ocrx_word' id='word_1_4' title='bbox 966 514 1034 572; x_wconf 88' lang='lat' dir='ltr'><strong>de</strong></span> <span class='ocrx_word' id='word_1_5' title='bbox 1074 528 1342 582; x_wconf 80' lang='lat' dir='ltr'><strong>mensura,</strong></span> <span class='ocrx_word' id='word_1_6' title='bbox 1373 521 1427 571; x_wconf 92' lang='lat' dir='ltr'><strong>et</strong></span> <span class='ocrx_word' id='word_1_7' title='bbox 1452 513 1575 570; x_wconf 88' lang='lat' dir='ltr'><strong>inde</strong></span> <span class='ocrx_word' id='word_1_8' title='bbox 1609 511 1723 583; x_wconf 87' lang='lat' dir='ltr'><strong>ipse</strong></span> <span class='ocrx_word' id='word_1_9' title='bbox 1752 512 1901 586; x_wconf 12' lang='lat' dir='ltr'><strong>ordo,</strong></span> <span class='ocrx_word' id='word_1_10' title='bbox 1922 528 2009 569; x_wconf 87' lang='lat' dir='ltr'><strong>se-</strong></span> 
     </span>
    </p>
   </div>
   <div class='ocr_carea' id='block_1_3' title="bbox 424 585 2002 657">
    <p class='ocr_par' dir='ltr' id='par_1_3' title="bbox 424 585 2002 657">
     <span class='ocr_line' id='line_1_3' title="bbox 424 585 2002 657; baseline -0.001 -15"><span class='ocrx_word' id='word_1_11' title='bbox 424 585 622 657; x_wconf 81' lang='lat' dir='ltr'><strong>quitur.</strong></span> <span class='ocrx_word' id='word_1_12' title='bbox 665 590 706 641; x_wconf 80' lang='lat' dir='ltr'><strong>A</strong></span> <span class='ocrx_word' id='word_1_13' title='bbox 738 588 972 657; x_wconf 90' lang='lat' dir='ltr'><strong>pondere</strong></span> <span class='ocrx_word' id='word_1_14' title='bbox 995 587 1192 643; x_wconf 86' lang='lat' dir='ltr'><strong>dicitur</strong></span> <span class='ocrx_word' id='word_1_15' title='bbox 1232 586 1444 656; x_wconf 94' lang='lat' dir='ltr'><strong>pendet.</strong></span> <span class='ocrx_word' id='word_1_16' title='bbox 1470 586 1549 641; x_wconf 85' lang='lat' dir='ltr'><strong>Ad</strong></span> <span class='ocrx_word' id='word_1_17' title='bbox 1580 586 1821 640; x_wconf 86' lang='lat' dir='ltr'><strong>ordinem</strong></span> <span class='ocrx_word' id='word_1_18' title='bbox 1854 585 2002 641; x_wconf 91' lang='lat' dir='ltr'><strong>nisus</strong></span> 
     </span>
    </p>
   </div>
   <div class='ocr_carea' id='block_1_4' title="bbox 425 656 2004 729">
    <p class='ocr_par' dir='ltr' id='par_1_4' title="bbox 425 656 2004 729">
     <span class='ocr_line' id='line_1_4' title="bbox 425 656 2004 729; baseline -0.002 -16"><span class='ocrx_word' id='word_1_19' title='bbox 425 656 674 729; x_wconf 73' lang='lat' dir='ltr'><strong>pertinet.</strong></span> <span class='ocrx_word' id='word_1_20' title='bbox 701 656 846 715; x_wconf 87' lang='lat' dir='ltr'><strong>Ordo</strong></span> <span class='ocrx_word' id='word_1_21' title='bbox 872 660 1013 714; x_wconf 91' lang='lat' dir='ltr'><strong>enim</strong></span> <span class='ocrx_word' id='word_1_22' title='bbox 1061 666 1236 728; x_wconf 89' lang='lat' dir='ltr'><strong>potest</strong></span> <span class='ocrx_word' id='word_1_23' title='bbox 1262 660 1421 713; x_wconf 86' lang='lat' dir='ltr'><strong>etiam</strong></span> <span class='ocrx_word' id='word_1_24' title='bbox 1462 666 1515 712; x_wconf 90' lang='lat' dir='ltr'><strong>et</strong></span> <span class='ocrx_word' id='word_1_25' title='bbox 1552 656 1757 727; x_wconf 89' lang='lat' dir='ltr'><strong>pondus</strong></span> <span class='ocrx_word' id='word_1_26' title='bbox 1799 657 2004 729; x_wconf 75' lang='lat' dir='ltr'><strong>accipi;</strong></span> 
     </span>
    </p>
   </div>
   <div class='ocr_carea' id='block_1_5' title="bbox 425 728 2008 803">
    <p class='ocr_par' dir='ltr' id='par_1_5' title="bbox 425 728 2008 803">
     <span class='ocr_line' id='line_1_5' title="bbox 425 728 2008 803; baseline -0.001 -20"><span class='ocrx_word' id='word_1_27' title='bbox 425 728 631 803; x_wconf 81' lang='lat' dir='ltr'><strong>pondus</strong></span> <span class='ocrx_word' id='word_1_28' title='bbox 669 740 891 803; x_wconf 81' lang='lat' dir='ltr'><strong>conatus</strong></span> <span class='ocrx_word' id='word_1_29' title='bbox 930 741 1047 785; x_wconf 89' lang='lat' dir='ltr'><strong>esse</strong></span> <span class='ocrx_word' id='word_1_30' title='bbox 1092 737 1264 803; x_wconf 81' lang='lat' dir='ltr'><strong>potest</strong></span> <span class='ocrx_word' id='word_1_31' title='bbox 1307 729 1373 784; x_wconf 90' lang='lat' dir='ltr'><strong>ad</strong></span> <span class='ocrx_word' id='word_1_32' title='bbox 1426 729 1623 803; x_wconf 79' lang='lat' dir='ltr'><strong>locum,</strong></span> <span class='ocrx_word' id='word_1_33' title='bbox 1656 735 1877 803; x_wconf 76' lang='lat' dir='ltr'><strong>conatus</strong></span> <span class='ocrx_word' id='word_1_34' title='bbox 1924 728 2008 803; x_wconf 81' lang='lat' dir='ltr'><strong>vel</strong></span> 
     </span>
    </p>
   </div>
   <div class='ocr_carea' id='block_1_6' title="bbox 422 799 2007 870">
    <p class='ocr_par' dir='ltr' id='par_1_6' title="bbox 422 799 2007 870">
     <span class='ocr_line' id='line_1_6' title="bbox 422 799 2007 870; baseline -0.002 -13"><span class='ocrx_word' id='word_1_35' title='bbox 422 799 600 857; x_wconf 81' lang='lat' dir='ltr'><strong>conati</strong></span> <span class='ocrx_word' id='word_1_36' title='bbox 633 802 699 857; x_wconf 92' lang='lat' dir='ltr'><strong>ad</strong></span> <span class='ocrx_word' id='word_1_37' title='bbox 726 802 901 857; x_wconf 91' lang='lat' dir='ltr'><strong>locum</strong></span> <span class='ocrx_word' id='word_1_38' title='bbox 940 800 1205 870; x_wconf 88' lang='lat' dir='ltr'><strong>appetitus</strong></span> <span class='ocrx_word' id='word_1_39' title='bbox 1246 801 1478 855; x_wconf 90' lang='lat' dir='ltr'><strong>occurrit</strong></span> <span class='ocrx_word' id='word_1_40' title='bbox 1508 817 1520 853; x_wconf 90' lang='lat'>:</span> <span class='ocrx_word' id='word_1_41' title='bbox 1557 799 1763 867; x_wconf 91' lang='lat' dir='ltr'><strong>pondus</strong></span> <span class='ocrx_word' id='word_1_42' title='bbox 1793 813 1920 869; x_wconf 82' lang='lat' dir='ltr'><strong>ergo</strong></span> <span class='ocrx_word' id='word_1_43' title='bbox 1941 800 2007 854; x_wconf 92' lang='lat' dir='ltr'><strong>ad</strong></span> 
     </span>
    </p>
   </div>
   <div class='ocr_carea' id='block_1_7' title="bbox 424 870 2007 945">
    <p class='ocr_par' dir='ltr' id='par_1_7' title="bbox 424 870 2007 945">
     <span class='ocr_line' id='line_1_7' title="bbox 424 870 2007 945; baseline -0.002 -17"><span class='ocrx_word' id='word_1_44' title='bbox 424 872 666 929; x_wconf 84' lang='lat' dir='ltr'><strong>ordinem</strong></span> <span class='ocrx_word' id='word_1_45' title='bbox 718 874 966 945; x_wconf 85' lang='lat' dir='ltr'><strong>pertinet.</strong></span> <span class='ocrx_word' id='word_1_46' title='bbox 1018 872 1421 945; x_wconf 33' lang='lat' dir='ltr'><strong>Lucchistam</strong></span> <span class='ocrx_word' id='word_1_47' title='bbox 1475 871 1627 945; x_wconf 15' lang='lat' dir='ltr'><strong>solis;</strong></span> <span class='ocrx_word' id='word_1_48' title='bbox 1656 870 2007 945; x_wconf 81' lang='lat' dir='ltr'><strong>substantiam</strong></span> 
     </span>
    </p>
   </div>
   <div class='ocr_carea' id='block_1_8' title="bbox 424 941 2003 1017">
    <p class='ocr_par' dir='ltr' id='par_1_8' title="bbox 424 941 2003 1017">
     <span class='ocr_line' id='line_1_8' title="bbox 424 941 2003 1017; baseline -0.003 -18"><span class='ocrx_word' id='word_1_49' title='bbox 424 958 563 1017; x_wconf 84' lang='lat' dir='ltr'><strong>esse,</strong></span> <span class='ocrx_word' id='word_1_50' title='bbox 594 960 697 999; x_wconf 92' lang='lat' dir='ltr'><strong>non</strong></span> <span class='ocrx_word' id='word_1_51' title='bbox 718 941 1056 1017; x_wconf 80' lang='lat' dir='ltr'><strong>qualitatem,</strong></span> <span class='ocrx_word' id='word_1_52' title='bbox 1084 941 1425 1017; x_wconf 82' lang='lat' dir='ltr'><strong>manifestum</strong></span> <span class='ocrx_word' id='word_1_53' title='bbox 1458 953 1559 998; x_wconf 88' lang='lat' dir='ltr'><strong>est.</strong></span> <span class='ocrx_word' id='word_1_54' title='bbox 1595 942 1833 1017; x_wconf 68' lang='lat' dir='ltr'><strong>Quantas</strong></span> <span class='ocrx_word' id='word_1_55' title='bbox 1861 942 2003 1017; x_wconf 75' lang='lat' dir='ltr'><strong>enim</strong></span> 
     </span>
    </p>
   </div>
   <div class='ocr_carea' id='block_1_9' title="bbox 424 1012 2001 1085">
    <p class='ocr_par' dir='ltr' id='par_1_9' title="bbox 424 1012 2001 1085">
     <span class='ocr_line' id='line_1_9' title="bbox 424 1012 2001 1085; baseline -0.001 -16"><span class='ocrx_word' id='word_1_56' title='bbox 424 1015 478 1085; x_wconf 85' lang='lat' dir='ltr'><strong>in</strong></span> <span class='ocrx_word' id='word_1_57' title='bbox 494 1030 716 1085; x_wconf 91' lang='lat' dir='ltr'><strong>corpore</strong></span> <span class='ocrx_word' id='word_1_58' title='bbox 731 1012 1027 1073; x_wconf 79' lang='lat' dir='ltr'><strong>consistens</strong></span> <span class='ocrx_word' id='word_1_59' title='bbox 1043 1022 1144 1081; x_wconf 89' lang='lat' dir='ltr'><strong>est,</strong></span> <span class='ocrx_word' id='word_1_60' title='bbox 1160 1022 1214 1070; x_wconf 88' lang='lat' dir='ltr'><strong>et</strong></span> <span class='ocrx_word' id='word_1_61' title='bbox 1235 1014 1321 1069; x_wconf 91' lang='lat' dir='ltr'><strong>ubi</strong></span> <span class='ocrx_word' id='word_1_62' title='bbox 1339 1023 1421 1069; x_wconf 88' lang='lat' dir='ltr'><strong>est</strong></span> <span class='ocrx_word' id='word_1_63' title='bbox 1434 1028 1648 1085; x_wconf 84' lang='lat' dir='ltr'><strong>corpus,</strong></span> <span class='ocrx_word' id='word_1_64' title='bbox 1664 1013 1735 1067; x_wconf 85' lang='lat' dir='ltr'><strong>ibi</strong></span> <span class='ocrx_word' id='word_1_65' title='bbox 1753 1012 2001 1082; x_wconf 88' lang='lat' dir='ltr'><strong>qualitas.</strong></span> 
     </span>
    </p>
   </div>
   <div class='ocr_carea' id='block_1_10' title="bbox 422 1084 2003 1157">
    <p class='ocr_par' dir='ltr' id='par_1_10' title="bbox 422 1084 2003 1157">
     <span class='ocr_line' id='line_1_10' title="bbox 422 1084 2003 1157; baseline -0.003 -16"><span class='ocrx_word' id='word_1_66' title='bbox 422 1084 629 1157; x_wconf 87' lang='lat' dir='ltr'><strong>Corpus</strong></span> <span class='ocrx_word' id='word_1_67' title='bbox 650 1088 777 1144; x_wconf 92' lang='lat' dir='ltr'><strong>solis</strong></span> <span class='ocrx_word' id='word_1_68' title='bbox 808 1089 860 1143; x_wconf 90' lang='lat' dir='ltr'><strong>in</strong></span> <span class='ocrx_word' id='word_1_69' title='bbox 888 1087 1047 1154; x_wconf 76' lang='lat' dir='ltr'><strong>etelo,</strong></span> <span class='ocrx_word' id='word_1_70' title='bbox 1069 1087 1295 1157; x_wconf 84' lang='lat' dir='ltr'><strong>qualitas</strong></span> <span class='ocrx_word' id='word_1_71' title='bbox 1323 1101 1451 1156; x_wconf 84' lang='lat' dir='ltr'><strong>ergo</strong></span> <span class='ocrx_word' id='word_1_72' title='bbox 1474 1085 1564 1140; x_wconf 90' lang='lat' dir='ltr'><strong>ibi.</strong></span> <span class='ocrx_word' id='word_1_73' title='bbox 1590 1084 1836 1157; x_wconf 78' lang='lat' dir='ltr'><strong>Qualitas</strong></span> <span class='ocrx_word' id='word_1_74' title='bbox 1861 1084 2003 1139; x_wconf 91' lang='lat' dir='ltr'><strong>enim</strong></span> 
     </span>
    </p>
   </div>
   <div class='ocr_carea' id='block_1_11' title="bbox 422 1155 2005 1240">
    <p class='ocr_par' dir='ltr' id='par_1_11' title="bbox 422 1155 2005 1240">
     <span class='ocr_line' id='line_1_11' title="bbox 422 1155 2005 1240; baseline -0.001 -29"><span class='ocrx_word' id='word_1_75' title='bbox 422 1167 483 1240; x_wconf 82' lang='lat' dir='ltr'><strong>ut</strong></span> <span class='ocrx_word' id='word_1_76' title='bbox 519 1155 703 1240; x_wconf 84' lang='lat' dir='ltr'><strong>figura,</strong></span> <span class='ocrx_word' id='word_1_77' title='bbox 740 1168 792 1214; x_wconf 91' lang='lat' dir='ltr'><strong>ut</strong></span> <span class='ocrx_word' id='word_1_78' title='bbox 819 1159 986 1240; x_wconf 76' lang='lat' dir='ltr'><strong>color,</strong></span> <span class='ocrx_word' id='word_1_79' title='bbox 1016 1155 1323 1240; x_wconf 51' lang='lat' dir='ltr'><strong>ut&#39;duritia,</strong></span> <span class='ocrx_word' id='word_1_80' title='bbox 1354 1155 1721 1240; x_wconf 48' lang='lat' dir='ltr'><strong>utnmollities.</strong></span> <span class='ocrx_word' id='word_1_81' title='bbox 1770 1155 2005 1240; x_wconf 29' lang='lat' dir='ltr'><strong>latntx‘au-</strong></span> 
     </span>
    </p>
   </div>
   <div class='ocr_carea' id='block_1_12' title="bbox 424 1226 2003 1301">
    <p class='ocr_par' dir='ltr' id='par_1_12' title="bbox 424 1226 2003 1301">
     <span class='ocr_line' id='line_1_12' title="bbox 424 1226 2003 1301; baseline -0.001 -18"><span class='ocrx_word' id='word_1_82' title='bbox 424 1237 530 1301; x_wconf 89' lang='lat' dir='ltr'><strong>tem</strong></span> <span class='ocrx_word' id='word_1_83' title='bbox 560 1226 657 1283; x_wconf 86' lang='lat' dir='ltr'><strong>ista</strong></span> <span class='ocrx_word' id='word_1_84' title='bbox 690 1245 858 1301; x_wconf 92' lang='lat' dir='ltr'><strong>usque</strong></span> <span class='ocrx_word' id='word_1_85' title='bbox 896 1230 961 1285; x_wconf 89' lang='lat' dir='ltr'><strong>ad</strong></span> <span class='ocrx_word' id='word_1_86' title='bbox 1006 1239 1177 1285; x_wconf 88' lang='lat' dir='ltr'><strong>terras</strong></span> <span class='ocrx_word' id='word_1_87' title='bbox 1215 1227 1555 1291; x_wconf 89' lang='lat' dir='ltr'><strong>distenditur,</strong></span> <span class='ocrx_word' id='word_1_88' title='bbox 1583 1236 1638 1301; x_wconf 83' lang='lat' dir='ltr'><strong>et</strong></span> <span class='ocrx_word' id='word_1_89' title='bbox 1666 1226 2003 1301; x_wconf 74' lang='lat' dir='ltr'><strong>manifestum</strong></span> 
     </span>
    </p>
   </div>
   <div class='ocr_carea' id='block_1_13' title="bbox 462 1298 2005 1372">
    <p class='ocr_par' dir='ltr' id='par_1_13' title="bbox 462 1298 2005 1372">
     <span class='ocr_line' id='line_1_13' title="bbox 462 1298 2005 1372; baseline -0.001 -18"><span class='ocrx_word' id='word_1_90' title='bbox 462 1300 543 1355; x_wconf 89' lang='lat' dir='ltr'><strong>uia</strong></span> <span class='ocrx_word' id='word_1_91' title='bbox 558 1316 750 1372; x_wconf 89' lang='lat' dir='ltr'><strong>corpus</strong></span> <span class='ocrx_word' id='word_1_92' title='bbox 767 1298 785 1357; x_wconf 75' lang='grc' dir='ltr'>ξ</span> <span class='ocrx_word' id='word_1_93' title='bbox 801 1303 866 1357; x_wconf 91' lang='lat' dir='ltr'><strong>de</strong></span> <span class='ocrx_word' id='word_1_94' title='bbox 881 1303 997 1357; x_wconf 91' lang='lat' dir='ltr'><strong>loco</strong></span> <span class='ocrx_word' id='word_1_95' title='bbox 1019 1302 1192 1357; x_wconf 90' lang='lat' dir='ltr'><strong>locum</strong></span> <span class='ocrx_word' id='word_1_96' title='bbox 1208 1301 1348 1355; x_wconf 90' lang='lat' dir='ltr'><strong>enim</strong></span> <span class='ocrx_word' id='word_1_97' title='bbox 1372 1301 1425 1355; x_wconf 92' lang='lat' dir='ltr'><strong>in</strong></span> <span class='ocrx_word' id='word_1_98' title='bbox 1442 1299 1647 1372; x_wconf 75' lang='lat' dir='ltr'><strong>transit.</strong></span> <span class='ocrx_word' id='word_1_99' title='bbox 1669 1298 1734 1372; x_wconf 70' lang='lat' dir='ltr'><strong>Et</strong></span> <span class='ocrx_word' id='word_1_100' title='bbox 1756 1298 1852 1352; x_wconf 88' lang='lat' dir='ltr'><strong>ista</strong></span> <span class='ocrx_word' id='word_1_101' title='bbox 1879 1307 2005 1353; x_wconf 90' lang='lat' dir='ltr'><strong>sunt</strong></span> 
     </span>
    </p>
   </div>
   <div class='ocr_carea' id='block_1_14' title="bbox 463 1370 2004 1440">
    <p class='ocr_par' dir='ltr' id='par_1_14' title="bbox 463 1370 2004 1440">
     <span class='ocr_line' id='line_1_14' title="bbox 463 1370 2004 1440; baseline -0.002 -13"><span class='ocrx_word' id='word_1_102' title='bbox 463 1388 530 1428; x_wconf 91' lang='lat' dir='ltr'><strong>uo</strong></span> <span class='ocrx_word' id='word_1_103' title='bbox 556 1370 778 1438; x_wconf 80' lang='lat' dir='ltr'><strong>infinita,</strong></span> <span class='ocrx_word' id='word_1_104' title='bbox 811 1374 901 1429; x_wconf 78' lang='lat' dir='ltr'><strong>lux</strong></span> <span class='ocrx_word' id='word_1_105' title='bbox 930 1374 1059 1428; x_wconf 88' lang='lat' dir='ltr'><strong>solis</strong></span> <span class='ocrx_word' id='word_1_106' title='bbox 1080 1382 1130 1428; x_wconf 90' lang='lat' dir='ltr'><strong>et</strong></span> <span class='ocrx_word' id='word_1_107' title='bbox 1160 1381 1318 1427; x_wconf 88' lang='lat' dir='ltr'><strong>terra.</strong></span> <span class='ocrx_word' id='word_1_108' title='bbox 1353 1371 1589 1440; x_wconf 84' lang='lat' dir='ltr'><strong>Qualitas</strong></span> <span class='ocrx_word' id='word_1_109' title='bbox 1619 1370 1758 1424; x_wconf 90' lang='lat' dir='ltr'><strong>enim</strong></span> <span class='ocrx_word' id='word_1_110' title='bbox 1787 1384 1907 1425; x_wconf 92' lang='lat' dir='ltr'><strong>cum</strong></span> <span class='ocrx_word' id='word_1_111' title='bbox 1938 1384 2004 1424; x_wconf 94' lang='lat' dir='ltr'><strong>eo</strong></span> 
     </span>
    </p>
   </div>
   <div class='ocr_carea' id='block_1_15' title="bbox 422 1441 2003 1528">
    <p class='ocr_par' dir='ltr' id='par_1_15' title="bbox 422 1441 2003 1528">
     <span class='ocr_line' id='line_1_15' title="bbox 422 1441 2003 1528; baseline -0.002 -30"><span class='ocrx_word' id='word_1_112' title='bbox 422 1454 686 1528; x_wconf 68' lang='lat' dir='ltr'><strong>movetur,</strong></span> <span class='ocrx_word' id='word_1_113' title='bbox 719 1447 872 1517; x_wconf 88' lang='lat' dir='ltr'><strong>cujus</strong></span> <span class='ocrx_word' id='word_1_114' title='bbox 901 1454 984 1501; x_wconf 90' lang='lat' dir='ltr'><strong>est</strong></span> <span class='ocrx_word' id='word_1_115' title='bbox 1006 1444 1250 1528; x_wconf 71' lang='lat' dir='ltr'><strong>qualitas.</strong></span> <span class='ocrx_word' id='word_1_116' title='bbox 1281 1443 1593 1523; x_wconf 33' lang='lat' dir='ltr'><strong>Lucis-ergo</strong></span> <span class='ocrx_word' id='word_1_117' title='bbox 1624 1441 1752 1521; x_wconf 73' lang='lat' dir='ltr'><strong>solis</strong></span> <span class='ocrx_word' id='word_1_118' title='bbox 1783 1449 1836 1496; x_wconf 91' lang='lat' dir='ltr'><strong>et</strong></span> <span class='ocrx_word' id='word_1_119' title='bbox 1864 1442 2003 1528; x_wconf 70' lang='lat' dir='ltr'><strong>aeris</strong></span> 
     </span>
    </p>
   </div>
   <div class='ocr_carea' id='block_1_16' title="bbox 422 1512 2001 1582">
    <p class='ocr_par' dir='ltr' id='par_1_16' title="bbox 422 1512 2001 1582">
     <span class='ocr_line' id='line_1_16' title="bbox 422 1512 2001 1582; baseline -0.003 -13"><span class='ocrx_word' id='word_1_120' title='bbox 422 1512 717 1570; x_wconf 88' lang='lat' dir='ltr'><strong>substantia</strong></span> <span class='ocrx_word' id='word_1_121' title='bbox 750 1512 966 1574; x_wconf 79' lang='lat' dir='ltr'><strong>naturas</strong></span> <span class='ocrx_word' id='word_1_122' title='bbox 986 1512 1108 1572; x_wconf 83' lang='lat' dir='ltr'><strong>suas</strong></span> <span class='ocrx_word' id='word_1_123' title='bbox 1137 1514 1414 1577; x_wconf 77' lang='lat' dir='ltr'><strong>habentes,</strong></span> <span class='ocrx_word' id='word_1_124' title='bbox 1440 1515 1666 1568; x_wconf 86' lang='lat' dir='ltr'><strong>invicem</strong></span> <span class='ocrx_word' id='word_1_125' title='bbox 1690 1512 1806 1567; x_wconf 87' lang='lat' dir='ltr'><strong>sine</strong></span> <span class='ocrx_word' id='word_1_126' title='bbox 1827 1512 2001 1582; x_wconf 85' lang='lat' dir='ltr'><strong>aliqua</strong></span> 
     </span>
    </p>
   </div>
   <div class='ocr_carea' id='block_1_17' title="bbox 421 1585 2002 1660">
    <p class='ocr_par' dir='ltr' id='par_1_17' title="bbox 421 1585 2002 1660">
     <span class='ocr_line' id='line_1_17' title="bbox 421 1585 2002 1660; baseline -0.003 -19"><span class='ocrx_word' id='word_1_127' title='bbox 421 1588 681 1660; x_wconf 80' lang='lat' dir='ltr'><strong>angustia,</strong></span> <span class='ocrx_word' id='word_1_128' title='bbox 715 1590 797 1643; x_wconf 90' lang='lat' dir='ltr'><strong>vel</strong></span> <span class='ocrx_word' id='word_1_129' title='bbox 831 1590 947 1645; x_wconf 89' lang='lat' dir='ltr'><strong>sine</strong></span> <span class='ocrx_word' id='word_1_130' title='bbox 986 1588 1299 1660; x_wconf 81' lang='lat' dir='ltr'><strong>expulsione</strong></span> <span class='ocrx_word' id='word_1_131' title='bbox 1342 1586 1560 1639; x_wconf 87' lang='lat' dir='ltr'><strong>alterius</strong></span> <span class='ocrx_word' id='word_1_132' title='bbox 1607 1593 1903 1648; x_wconf 89' lang='lat' dir='ltr'><strong>manentes,</strong></span> <span class='ocrx_word' id='word_1_133' title='bbox 1931 1585 2002 1637; x_wconf 87' lang='lat' dir='ltr'><strong>ita</strong></span> 
     </span>
    </p>
   </div>
   <div class='ocr_carea' id='block_1_18' title="bbox 422 1658 2003 1727">
    <p class='ocr_par' dir='ltr' id='par_1_18' title="bbox 422 1658 2003 1727">
     <span class='ocr_line' id='line_1_18' title="bbox 422 1658 2003 1727; baseline -0.002 -15"><span class='ocrx_word' id='word_1_134' title='bbox 422 1658 521 1714; x_wconf 83' lang='lat' dir='ltr'><strong>sibi</strong></span> <span class='ocrx_word' id='word_1_135' title='bbox 550 1662 978 1727; x_wconf 88' lang='lat' dir='ltr'><strong>commiseentur,</strong></span> <span class='ocrx_word' id='word_1_136' title='bbox 1003 1658 1187 1714; x_wconf 48' lang='lat' dir='ltr'><strong>ut‘una</strong></span> <span class='ocrx_word' id='word_1_137' title='bbox 1207 1658 1426 1713; x_wconf 85' lang='lat' dir='ltr'><strong>alteram</strong></span> <span class='ocrx_word' id='word_1_138' title='bbox 1450 1672 1554 1711; x_wconf 93' lang='lat' dir='ltr'><strong>non</strong></span> <span class='ocrx_word' id='word_1_139' title='bbox 1578 1663 1778 1709; x_wconf 88' lang='lat' dir='ltr'><strong>mutet:</strong></span> <span class='ocrx_word' id='word_1_140' title='bbox 1806 1664 1859 1709; x_wconf 92' lang='lat' dir='ltr'><strong>et</strong></span> <span class='ocrx_word' id='word_1_141' title='bbox 1883 1668 2003 1727; x_wconf 90' lang='lat' dir='ltr'><strong>eor-</strong></span> 
     </span>
    </p>
   </div>
   <div class='ocr_carea' id='block_1_19' title="bbox 420 1726 2000 1798">
    <p class='ocr_par' dir='ltr' id='par_1_19' title="bbox 420 1726 2000 1798">
     <span class='ocr_line' id='line_1_19' title="bbox 420 1726 2000 1798; baseline -0.003 -14"><span class='ocrx_word' id='word_1_142' title='bbox 420 1742 549 1798; x_wconf 87' lang='lat' dir='ltr'><strong>pora</strong></span> <span class='ocrx_word' id='word_1_143' title='bbox 580 1740 721 1785; x_wconf 90' lang='lat' dir='ltr'><strong>sunt.</strong></span> <span class='ocrx_word' id='word_1_144' title='bbox 763 1726 1129 1787; x_wconf 28' lang='lat' dir='ltr'><strong>Refers&#39;nunc</strong></span> <span class='ocrx_word' id='word_1_145' title='bbox 1154 1730 1218 1784; x_wconf 91' lang='lat' dir='ltr'><strong>ad</strong></span> <span class='ocrx_word' id='word_1_146' title='bbox 1246 1730 1558 1798; x_wconf 89' lang='lat' dir='ltr'><strong>incorporea</strong></span> <span class='ocrx_word' id='word_1_147' title='bbox 1588 1741 1787 1793; x_wconf 64' lang='lat' dir='ltr'><strong>coaeva,</strong></span> <span class='ocrx_word' id='word_1_148' title='bbox 1813 1734 1870 1781; x_wconf 90' lang='lat' dir='ltr'><strong>ut</strong></span> <span class='ocrx_word' id='word_1_149' title='bbox 1913 1726 2000 1780; x_wconf 74' lang='lat' dir='ltr'><strong>lux</strong></span> 
     </span>
    </p>
   </div>
   <div class='ocr_carea' id='block_1_20' title="bbox 421 1798 1999 1874">
    <p class='ocr_par' dir='ltr' id='par_1_20' title="bbox 421 1798 1999 1874">
     <span class='ocr_line' id='line_1_20' title="bbox 421 1798 1999 1874; baseline -0.003 -19"><span class='ocrx_word' id='word_1_150' title='bbox 421 1806 475 1855; x_wconf 86' lang='lat' dir='ltr'><strong>et</strong></span> <span class='ocrx_word' id='word_1_151' title='bbox 500 1800 665 1871; x_wconf 88' lang='lat' dir='ltr'><strong>ignis:</strong></span> <span class='ocrx_word' id='word_1_152' title='bbox 689 1804 932 1874; x_wconf 62' lang='lat' dir='ltr'><strong>aequalia,</strong></span> <span class='ocrx_word' id='word_1_153' title='bbox 954 1812 1009 1858; x_wconf 91' lang='lat' dir='ltr'><strong>ut</strong></span> <span class='ocrx_word' id='word_1_154' title='bbox 1036 1801 1197 1874; x_wconf 86' lang='lat' dir='ltr'><strong>homo</strong></span> <span class='ocrx_word' id='word_1_155' title='bbox 1218 1800 1285 1855; x_wconf 91' lang='lat' dir='ltr'><strong>de</strong></span> <span class='ocrx_word' id='word_1_156' title='bbox 1312 1800 1522 1874; x_wconf 81' lang='lat' dir='ltr'><strong>homine</strong></span> <span class='ocrx_word' id='word_1_157' title='bbox 1543 1817 1555 1853; x_wconf 90' lang='lat'>:</span> <span class='ocrx_word' id='word_1_158' title='bbox 1581 1798 1768 1852; x_wconf 89' lang='lat' dir='ltr'><strong>melius</strong></span> <span class='ocrx_word' id='word_1_159' title='bbox 1794 1812 1999 1864; x_wconf 85' lang='lat' dir='ltr'><strong>coaeva,</strong></span> 
     </span>
    </p>
   </div>
   <div class='ocr_carea' id='block_1_21' title="bbox 421 1869 2000 1953">
    <p class='ocr_par' dir='ltr' id='par_1_21' title="bbox 421 1869 2000 1953">
     <span class='ocr_line' id='line_1_21' title="bbox 421 1869 2000 1953; baseline -0.002 -27"><span class='ocrx_word' id='word_1_160' title='bbox 421 1869 579 1953; x_wconf 72' lang='lat' dir='ltr'><strong>quam</strong></span> <span class='ocrx_word' id='word_1_161' title='bbox 614 1889 717 1953; x_wconf 79' lang='lat' dir='ltr'><strong>non</strong></span> <span class='ocrx_word' id='word_1_162' title='bbox 754 1869 973 1953; x_wconf 49' lang='lat' dir='ltr'><strong>sum;</strong></span> <span class='ocrx_word' id='word_1_163' title='bbox 1016 1873 1206 1953; x_wconf 73' lang='lat' dir='ltr'><strong>melius</strong></span> <span class='ocrx_word' id='word_1_164' title='bbox 1235 1869 1474 1953; x_wconf 82' lang='lat' dir='ltr'><strong>:equalia,</strong></span> <span class='ocrx_word' id='word_1_165' title='bbox 1509 1884 1665 1953; x_wconf 87' lang='lat' dir='ltr'><strong>quam</strong></span> <span class='ocrx_word' id='word_1_166' title='bbox 1691 1884 1795 1923; x_wconf 91' lang='lat' dir='ltr'><strong>non</strong></span> <span class='ocrx_word' id='word_1_167' title='bbox 1814 1884 2000 1953; x_wconf 57' lang='lat' dir='ltr'><strong>inqua-</strong></span> 
     </span>
    </p>
   </div>
   <div class='ocr_carea' id='block_1_22' title="bbox 419 1941 2000 2016">
    <p class='ocr_par' dir='ltr' id='par_1_22' title="bbox 419 1941 2000 2016">
     <span class='ocr_line' id='line_1_22' title="bbox 419 1941 2000 2016; baseline -0.002 -20"><span class='ocrx_word' id='word_1_168' title='bbox 419 1941 596 2016; x_wconf 78' lang='lat' dir='ltr'><strong>lia._|n</strong></span> <span class='ocrx_word' id='word_1_169' title='bbox 640 1945 729 2016; x_wconf 80' lang='lat' dir='ltr'><strong>illa</strong></span> <span class='ocrx_word' id='word_1_170' title='bbox 758 1961 884 2016; x_wconf 82' lang='lat' dir='ltr'><strong>ergo</strong></span> <span class='ocrx_word' id='word_1_171' title='bbox 924 1944 1219 2000; x_wconf 82' lang='lat' dir='ltr'><strong>divinitatis</strong></span> <span class='ocrx_word' id='word_1_172' title='bbox 1259 1951 1445 2016; x_wconf 78' lang='lat' dir='ltr'><strong>natura</strong></span> <span class='ocrx_word' id='word_1_173' title='bbox 1479 1948 1829 2016; x_wconf 75' lang='lat' dir='ltr'><strong>et_coa:va_ct</strong></span> <span class='ocrx_word' id='word_1_174' title='bbox 1857 1955 2000 2016; x_wconf 80' lang='lat' dir='ltr'><strong>coae-</strong></span> 
     </span>
    </p>
   </div>
   <div class='ocr_carea' id='block_1_23' title="bbox 419 2011 2004 2138">
    <p class='ocr_par' dir='ltr' id='par_1_23' title="bbox 419 2011 2004 2138">
     <span class='ocr_line' id='line_1_23' title="bbox 419 2011 2004 2138; baseline -0.003 -69"><span class='ocrx_word' id='word_1_175' title='bbox 419 2014 617 2138; x_wconf 63' lang='lat' dir='ltr'><strong>3ualia.</strong></span> <span class='ocrx_word' id='word_1_176' title='bbox 652 2011 840 2071; x_wconf 68' lang='lat' dir='ltr'><strong>Tecum</strong></span> <span class='ocrx_word' id='word_1_177' title='bbox 867 2016 1170 2087; x_wconf 76' lang='lat' dir='ltr'><strong>principium</strong></span> <span class='ocrx_word' id='word_1_178' title='bbox 1198 2031 1248 2068; x_wconf 79' lang='grc' dir='ltr'><strong>ιιι</strong></span> <span class='ocrx_word' id='word_1_179' title='bbox 1276 2014 1357 2068; x_wconf 86' lang='lat' dir='ltr'><strong>die</strong></span> <span class='ocrx_word' id='word_1_180' title='bbox 1381 2012 1578 2067; x_wconf 78' lang='lat' dir='ltr'><strong>virtutis</strong></span> <span class='ocrx_word' id='word_1_181' title='bbox 1604 2021 1725 2078; x_wconf 69' lang='lat' dir='ltr'><strong>tute,</strong></span> <span class='ocrx_word' id='word_1_182' title='bbox 1755 2012 1806 2066; x_wconf 84' lang='lat' dir='ltr'><strong>iu</strong></span> <span class='ocrx_word' id='word_1_183' title='bbox 1833 2011 2004 2081; x_wconf 77' lang='lat' dir='ltr'><strong>splen-</strong></span> 
     </span>
     <span class='ocr_line' id='line_1_24' title="bbox 458 2082 2004 2138; baseline -0.002 0"><span class='ocrx_word' id='word_1_184' title='bbox 458 2086 625 2138; x_wconf 70' lang='lat' dir='ltr'><strong>oribus</strong></span> <span class='ocrx_word' id='word_1_185' title='bbox 659 2098 985 2138; x_wconf 75' lang='lat' dir='ltr'><strong>sanctorum:</strong></span> <span class='ocrx_word' id='word_1_186' title='bbox 1026 2103 1093 2138; x_wconf 74' lang='lat' dir='ltr'><strong>ea:</strong></span> <span class='ocrx_word' id='word_1_187' title='bbox 1129 2094 1269 2138; x_wconf 87' lang='lat' dir='ltr'><strong>utero</strong></span> <span class='ocrx_word' id='word_1_188' title='bbox 1302 2093 1419 2138; x_wconf 87' lang='lat' dir='ltr'><strong>ante</strong></span> <span class='ocrx_word' id='word_1_189' title='bbox 1462 2082 1725 2138; x_wconf 80' lang='lat' dir='ltr'><strong>luciferum</strong></span> <span class='ocrx_word' id='word_1_190' title='bbox 1770 2082 1919 2138; x_wconf 74' lang='lat' dir='ltr'><strong>(tenui</strong></span> <span class='ocrx_word' id='word_1_191' title='bbox 1958 2092 2004 2136; x_wconf 86' lang='lat' dir='ltr'><strong>te</strong></span> 
     </span>
    </p>
   </div>
   <div class='ocr_carea' id='block_1_24' title="bbox 458 2082 2005 2153">
    <p class='ocr_par' dir='ltr' id='par_1_24' title="bbox 458 2082 2005 2153">
     <span class='ocr_line' id='line_1_25' title="bbox 458 2082 2005 2153; baseline -0.002 -15"><span class='ocrx_word' id='word_1_192' title='bbox 458 2086 625 2141; x_wconf 69' lang='lat' dir='ltr'><strong>oribus</strong></span> <span class='ocrx_word' id='word_1_193' title='bbox 659 2082 985 2153; x_wconf 77' lang='lat' dir='ltr'><strong>sanctorum;</strong></span> <span class='ocrx_word' id='word_1_194' title='bbox 1026 2082 1093 2140; x_wconf 60' lang='grc' dir='ltr'><strong>ἐκ</strong></span> <span class='ocrx_word' id='word_1_195' title='bbox 1129 2094 1269 2141; x_wconf 88' lang='lat' dir='ltr'><strong>utero</strong></span> <span class='ocrx_word' id='word_1_196' title='bbox 1302 2093 1419 2139; x_wconf 87' lang='lat' dir='ltr'><strong>ante</strong></span> <span class='ocrx_word' id='word_1_197' title='bbox 1462 2082 1737 2153; x_wconf 66' lang='lat' dir='ltr'><strong>lucifer-unt</strong></span> <span class='ocrx_word' id='word_1_198' title='bbox 1769 2082 1919 2153; x_wconf 75' lang='lat' dir='ltr'><strong>genui</strong></span> <span class='ocrx_word' id='word_1_199' title='bbox 1958 2092 2005 2136; x_wconf 88' lang='lat' dir='ltr'><strong>te</strong></span> 
     </span>
    </p>
   </div>
   <div class='ocr_carea' id='block_1_25' title="bbox 419 2152 2001 2231">
    <p class='ocr_par' dir='ltr' id='par_1_25' title="bbox 419 2152 2001 2231">
     <span class='ocr_line' id='line_1_26' title="bbox 419 2152 2001 2231; baseline -0.002 -21"><span class='ocrx_word' id='word_1_200' title='bbox 419 2154 593 2226; x_wconf 83' lang='lat' dir='ltr'><strong>(Psal.</strong></span> <span class='ocrx_word' id='word_1_201' title='bbox 624 2160 829 2231; x_wconf 31' lang='grc' dir='ltr'><strong>ψιελδ).</strong></span> <span class='ocrx_word' id='word_1_202' title='bbox 866 2152 1146 2231; x_wconf 84' lang='lat' dir='ltr'><strong>Summum</strong></span> <span class='ocrx_word' id='word_1_203' title='bbox 1167 2156 1385 2231; x_wconf 63' lang='lat' dir='ltr'><strong>bonum</strong></span> <span class='ocrx_word' id='word_1_204' title='bbox 1417 2171 1522 2231; x_wconf 79' lang='lat' dir='ltr'><strong>non</strong></span> <span class='ocrx_word' id='word_1_205' title='bbox 1552 2161 1634 2209; x_wconf 91' lang='lat' dir='ltr'><strong>est</strong></span> <span class='ocrx_word' id='word_1_206' title='bbox 1661 2152 2001 2231; x_wconf 83' lang='lat' dir='ltr'><strong>infecundum</strong></span> 
     </span>
    </p>
   </div>
   <div class='ocr_carea' id='block_1_26' title="bbox 419 2225 2003 2350">
    <p class='ocr_par' dir='ltr' id='par_1_26' title="bbox 419 2225 2003 2350">
     <span class='ocr_line' id='line_1_27' title="bbox 419 2225 2003 2350; baseline -0.003 -67"><span class='ocrx_word' id='word_1_207' title='bbox 419 2236 473 2284; x_wconf 89' lang='lat' dir='ltr'><strong>et</strong></span> <span class='ocrx_word' id='word_1_208' title='bbox 495 2230 697 2285; x_wconf 86' lang='lat' dir='ltr'><strong>sterile.</strong></span> <span class='ocrx_word' id='word_1_209' title='bbox 729 2225 883 2298; x_wconf 82' lang='lat' dir='ltr'><strong>Quod</strong></span> <span class='ocrx_word' id='word_1_210' title='bbox 927 2240 1104 2284; x_wconf 86' lang='lat' dir='ltr'><strong>autem</strong></span> <span class='ocrx_word' id='word_1_211' title='bbox 1149 2228 1216 2283; x_wconf 89' lang='lat' dir='ltr'><strong>dc</strong></span> <span class='ocrx_word' id='word_1_212' title='bbox 1261 2227 1353 2282; x_wconf 91' lang='lat' dir='ltr'><strong>illo</strong></span> <span class='ocrx_word' id='word_1_213' title='bbox 1381 2226 1617 2297; x_wconf 86' lang='lat' dir='ltr'><strong>genitum</strong></span> <span class='ocrx_word' id='word_1_214' title='bbox 1662 2234 1764 2291; x_wconf 91' lang='lat' dir='ltr'><strong>est,</strong></span> <span class='ocrx_word' id='word_1_215' title='bbox 1797 2225 2003 2350; x_wconf 58' lang='lat' dir='ltr'><strong>mltjuale</strong></span> 
     </span>
     <span class='ocr_line' id='line_1_28' title="bbox 420 2297 2003 2350; baseline -0.001 0"><span class='ocrx_word' id='word_1_216' title='bbox 420 2298 493 2350; x_wconf 89' lang='lat' dir='ltr'><strong>illi</strong></span> <span class='ocrx_word' id='word_1_217' title='bbox 520 2308 623 2350; x_wconf 86' lang='lat' dir='ltr'><strong>est.</strong></span> <span class='ocrx_word' id='word_1_218' title='bbox 662 2300 714 2350; x_wconf 91' lang='lat' dir='ltr'><strong>in</strong></span> <span class='ocrx_word' id='word_1_219' title='bbox 755 2300 856 2350; x_wconf 88' lang='lat' dir='ltr'><strong>hoc</strong></span> <span class='ocrx_word' id='word_1_220' title='bbox 884 2301 1132 2350; x_wconf 83' lang='lat' dir='ltr'><strong>maxime.</strong></span> <span class='ocrx_word' id='word_1_221' title='bbox 1161 2309 1218 2350; x_wconf 92' lang='lat' dir='ltr'><strong>ut</strong></span> <span class='ocrx_word' id='word_1_222' title='bbox 1248 2313 1411 2350; x_wconf 89' lang='lat' dir='ltr'><strong>unum</strong></span> <span class='ocrx_word' id='word_1_223' title='bbox 1455 2298 1521 2350; x_wconf 89' lang='lat' dir='ltr'><strong>de</strong></span> <span class='ocrx_word' id='word_1_224' title='bbox 1562 2311 1669 2349; x_wconf 90' lang='lat' dir='ltr'><strong>uno</strong></span> <span class='ocrx_word' id='word_1_225' title='bbox 1711 2297 1796 2349; x_wconf 85' lang='lat' dir='ltr'><strong>sit.</strong></span> <span class='ocrx_word' id='word_1_226' title='bbox 1856 2305 1897 2350; x_wconf 60' lang='grc' dir='ltr'>λι</span> <span class='ocrx_word' id='word_1_227' title='bbox 1922 2303 2003 2349; x_wconf 90' lang='lat' dir='ltr'><strong>est</strong></span> 
     </span>
    </p>
   </div>
   <div class='ocr_carea' id='block_1_27' title="bbox 420 2297 2005 2365">
    <p class='ocr_par' dir='ltr' id='par_1_27' title="bbox 420 2297 2005 2365">
     <span class='ocr_line' id='line_1_29' title="bbox 420 2297 2005 2365; baseline -0.001 -14"><span class='ocrx_word' id='word_1_228' title='bbox 420 2298 493 2352; x_wconf 88' lang='lat' dir='ltr'><strong>illi</strong></span> <span class='ocrx_word' id='word_1_229' title='bbox 520 2308 623 2364; x_wconf 87' lang='lat' dir='ltr'><strong>est,</strong></span> <span class='ocrx_word' id='word_1_230' title='bbox 662 2300 714 2355; x_wconf 91' lang='lat' dir='ltr'><strong>in</strong></span> <span class='ocrx_word' id='word_1_231' title='bbox 754 2297 856 2355; x_wconf 91' lang='lat' dir='ltr'><strong>hoc</strong></span> <span class='ocrx_word' id='word_1_232' title='bbox 884 2301 1133 2365; x_wconf 85' lang='lat' dir='ltr'><strong>maxime,</strong></span> <span class='ocrx_word' id='word_1_233' title='bbox 1161 2309 1218 2355; x_wconf 90' lang='lat' dir='ltr'><strong>ut</strong></span> <span class='ocrx_word' id='word_1_234' title='bbox 1248 2313 1411 2352; x_wconf 89' lang='lat' dir='ltr'><strong>unum</strong></span> <span class='ocrx_word' id='word_1_235' title='bbox 1455 2298 1521 2351; x_wconf 89' lang='lat' dir='ltr'><strong>de</strong></span> <span class='ocrx_word' id='word_1_236' title='bbox 1562 2311 1669 2349; x_wconf 91' lang='lat' dir='ltr'><strong>uno</strong></span> <span class='ocrx_word' id='word_1_237' title='bbox 1711 2297 1796 2349; x_wconf 86' lang='lat' dir='ltr'><strong>sit.</strong></span> <span class='ocrx_word' id='word_1_238' title='bbox 1833 2297 1897 2350; x_wconf 84' lang='lat' dir='ltr'><strong>Et</strong></span> <span class='ocrx_word' id='word_1_239' title='bbox 1922 2303 2005 2349; x_wconf 89' lang='lat' dir='ltr'><strong>est</strong></span> 
     </span>
    </p>
   </div>
   <div class='ocr_carea' id='block_1_28' title="bbox 419 2366 2005 2439">
    <p class='ocr_par' dir='ltr' id='par_1_28' title="bbox 419 2366 2005 2439">
     <span class='ocr_line' id='line_1_30' title="bbox 419 2366 2005 2439; baseline -0.003 -15"><span class='ocrx_word' id='word_1_240' title='bbox 419 2382 661 2426; x_wconf 89' lang='lat' dir='ltr'><strong>summus</strong></span> <span class='ocrx_word' id='word_1_241' title='bbox 698 2371 889 2426; x_wconf 90' lang='lat' dir='ltr'><strong>modus</strong></span> <span class='ocrx_word' id='word_1_242' title='bbox 912 2371 980 2426; x_wconf 92' lang='lat' dir='ltr'><strong>de</strong></span> <span class='ocrx_word' id='word_1_243' title='bbox 1008 2369 1350 2439; x_wconf 83' lang='lat' dir='ltr'><strong>generatione</strong></span> <span class='ocrx_word' id='word_1_244' title='bbox 1378 2384 1561 2439; x_wconf 72' lang='lat' dir='ltr'><strong>unum,</strong></span> <span class='ocrx_word' id='word_1_245' title='bbox 1590 2366 1726 2439; x_wconf 77' lang='lat' dir='ltr'><strong>unde</strong></span> <span class='ocrx_word' id='word_1_246' title='bbox 1750 2367 2005 2439; x_wconf 79' lang='lat' dir='ltr'><strong>unigeni-</strong></span> 
     </span>
    </p>
   </div>
   <div class='ocr_carea' id='block_1_29' title="bbox 420 2436 2007 2564">
    <p class='ocr_par' dir='ltr' id='par_1_29' title="bbox 420 2436 2007 2564">
     <span class='ocr_line' id='line_1_31' title="bbox 420 2436 2007 2564; baseline -0.003 -69"><span class='ocrx_word' id='word_1_247' title='bbox 420 2447 531 2495; x_wconf 89' lang='lat' dir='ltr'><strong>tum</strong></span> <span class='ocrx_word' id='word_1_248' title='bbox 560 2451 616 2496; x_wconf 92' lang='lat' dir='ltr'><strong>ut</strong></span> <span class='ocrx_word' id='word_1_249' title='bbox 636 2442 802 2512; x_wconf 80' lang='lat' dir='ltr'><strong>magis</strong></span> <span class='ocrx_word' id='word_1_250' title='bbox 825 2436 1150 2511; x_wconf 78' lang='lat' dir='ltr'><strong>approbetur</strong></span> <span class='ocrx_word' id='word_1_251' title='bbox 1177 2440 1401 2564; x_wconf 49' lang='lat' dir='ltr'><strong>matiale.</strong></span> <span class='ocrx_word' id='word_1_252' title='bbox 1433 2437 1636 2503; x_wconf 87' lang='lat' dir='ltr'><strong>Modus,</strong></span> <span class='ocrx_word' id='word_1_253' title='bbox 1672 2436 1791 2492; x_wconf 86' lang='lat' dir='ltr'><strong>finis</strong></span> <span class='ocrx_word' id='word_1_254' title='bbox 1829 2436 2007 2507; x_wconf 88' lang='lat' dir='ltr'><strong>cujus-</strong></span> 
     </span>
     <span class='ocr_line' id='line_1_32' title="bbox 420 2507 2003 2564; baseline -0.001 0"><span class='ocrx_word' id='word_1_255' title='bbox 420 2526 523 2564; x_wconf 87' lang='lat' dir='ltr'><strong>nue</strong></span> <span class='ocrx_word' id='word_1_256' title='bbox 548 2514 643 2564; x_wconf 87' lang='lat' dir='ltr'><strong>rei.</strong></span> <span class='ocrx_word' id='word_1_257' title='bbox 668 2513 773 2564; x_wconf 87' lang='lat' dir='ltr'><strong>Sed</strong></span> <span class='ocrx_word' id='word_1_258' title='bbox 809 2529 875 2564; x_wconf 89' lang='lat' dir='ltr'><strong>ne</strong></span> <span class='ocrx_word' id='word_1_259' title='bbox 904 2514 1149 2564; x_wconf 88' lang='lat' dir='ltr'><strong>euiauam</strong></span> <span class='ocrx_word' id='word_1_260' title='bbox 1173 2512 1221 2564; x_wconf 89' lang='lat' dir='ltr'><strong>vi</strong></span> <span class='ocrx_word' id='word_1_261' title='bbox 1263 2519 1430 2564; x_wconf 84' lang='lat' dir='ltr'><strong>eatur.</strong></span> <span class='ocrx_word' id='word_1_262' title='bbox 1462 2510 1582 2564; x_wconf 81' lang='lat' dir='ltr'><strong>quia</strong></span> <span class='ocrx_word' id='word_1_263' title='bbox 1612 2515 1667 2562; x_wconf 90' lang='lat' dir='ltr'><strong>et</strong></span> <span class='ocrx_word' id='word_1_264' title='bbox 1699 2507 1864 2562; x_wconf 86' lang='lat' dir='ltr'><strong>Filius</strong></span> <span class='ocrx_word' id='word_1_265' title='bbox 1904 2509 2003 2563; x_wconf 89' lang='lat' dir='ltr'><strong>de-</strong></span> 
     </span>
    </p>
   </div>
   <div class='ocr_carea' id='block_1_30' title="bbox 420 2507 2003 2582">
    <p class='ocr_par' dir='ltr' id='par_1_30' title="bbox 420 2507 2003 2582">
     <span class='ocr_line' id='line_1_33' title="bbox 420 2507 2003 2582; baseline -0.001 -17"><span class='ocrx_word' id='word_1_266' title='bbox 420 2526 523 2579; x_wconf 88' lang='lat' dir='ltr'><strong>que</strong></span> <span class='ocrx_word' id='word_1_267' title='bbox 548 2514 643 2567; x_wconf 90' lang='lat' dir='ltr'><strong>rei.</strong></span> <span class='ocrx_word' id='word_1_268' title='bbox 668 2507 773 2569; x_wconf 62' lang='lat' dir='ltr'><strong>sed</strong></span> <span class='ocrx_word' id='word_1_269' title='bbox 809 2507 875 2568; x_wconf 83' lang='lat' dir='ltr'><strong>ne</strong></span> <span class='ocrx_word' id='word_1_270' title='bbox 898 2507 1149 2582; x_wconf 77' lang='lat' dir='ltr'><strong>cuiquam</strong></span> <span class='ocrx_word' id='word_1_271' title='bbox 1173 2507 1430 2582; x_wconf 85' lang='lat' dir='ltr'><strong>videatur,</strong></span> <span class='ocrx_word' id='word_1_272' title='bbox 1462 2510 1582 2579; x_wconf 86' lang='lat' dir='ltr'><strong>quia</strong></span> <span class='ocrx_word' id='word_1_273' title='bbox 1612 2515 1667 2562; x_wconf 90' lang='lat' dir='ltr'><strong>et</strong></span> <span class='ocrx_word' id='word_1_274' title='bbox 1699 2507 1864 2562; x_wconf 86' lang='lat' dir='ltr'><strong>Filius</strong></span> <span class='ocrx_word' id='word_1_275' title='bbox 1904 2509 2003 2582; x_wconf 80' lang='lat' dir='ltr'><strong>de-</strong></span> 
     </span>
    </p>
   </div>
   <div class='ocr_carea' id='block_1_31' title="bbox 418 2579 2004 2655">
    <p class='ocr_par' dir='ltr' id='par_1_31' title="bbox 418 2579 2004 2655">
     <span class='ocr_line' id='line_1_34' title="bbox 418 2579 2004 2655; baseline -0.003 -18"><span class='ocrx_word' id='word_1_276' title='bbox 418 2581 534 2655; x_wconf 82' lang='lat' dir='ltr'><strong>buit</strong></span> <span class='ocrx_word' id='word_1_277' title='bbox 574 2599 863 2655; x_wconf 88' lang='lat' dir='ltr'><strong>generare;</strong></span> <span class='ocrx_word' id='word_1_278' title='bbox 912 2585 958 2638; x_wconf 91' lang='lat' dir='ltr'><strong>si</strong></span> <span class='ocrx_word' id='word_1_279' title='bbox 1002 2579 1071 2638; x_wconf 78' lang='lat' dir='ltr'><strong>ita</strong></span> <span class='ocrx_word' id='word_1_280' title='bbox 1113 2590 1276 2655; x_wconf 88' lang='lat' dir='ltr'><strong>esset,</strong></span> <span class='ocrx_word' id='word_1_281' title='bbox 1309 2581 1484 2655; x_wconf 86' lang='lat' dir='ltr'><strong>nullus</strong></span> <span class='ocrx_word' id='word_1_282' title='bbox 1529 2589 1673 2655; x_wconf 81' lang='lat' dir='ltr'><strong>esset</strong></span> <span class='ocrx_word' id='word_1_283' title='bbox 1712 2579 2004 2649; x_wconf 82' lang='lat' dir='ltr'><strong>generandi</strong></span> 
     </span>
    </p>
   </div>
   <div class='ocr_carea' id='block_1_32' title="bbox 420 2650 2005 2719">
    <p class='ocr_par' dir='ltr' id='par_1_32' title="bbox 420 2650 2005 2719">
     <span class='ocr_line' id='line_1_35' title="bbox 420 2650 2005 2719; baseline -0.003 -11"><span class='ocrx_word' id='word_1_284' title='bbox 420 2652 560 2709; x_wconf 89' lang='lat' dir='ltr'><strong>ﬁnis.</strong></span> <span class='ocrx_word' id='word_1_285' title='bbox 578 2650 915 2711; x_wconf 49' lang='lat' dir='ltr'><strong>&#39;Moderatum</strong></span> <span class='ocrx_word' id='word_1_286' title='bbox 938 2664 1114 2710; x_wconf 89' lang='lat' dir='ltr'><strong>autem</strong></span> <span class='ocrx_word' id='word_1_287' title='bbox 1143 2652 1494 2708; x_wconf 87' lang='lat' dir='ltr'><strong>immoderato</strong></span> <span class='ocrx_word' id='word_1_288' title='bbox 1521 2650 1710 2704; x_wconf 90' lang='lat' dir='ltr'><strong>melius</strong></span> <span class='ocrx_word' id='word_1_289' title='bbox 1731 2659 1849 2706; x_wconf 90' lang='lat' dir='ltr'><strong>est:</strong></span> <span class='ocrx_word' id='word_1_290' title='bbox 1880 2666 2005 2719; x_wconf 89' lang='lat' dir='ltr'><strong>pro-</strong></span> 
     </span>
    </p>
   </div>
   <div class='ocr_carea' id='block_1_33' title="bbox 419 2719 2002 2797">
    <p class='ocr_par' dir='ltr' id='par_1_33' title="bbox 419 2719 2002 2797">
     <span class='ocr_line' id='line_1_36' title="bbox 419 2719 2002 2797; baseline -0.002 -18"><span class='ocrx_word' id='word_1_291' title='bbox 419 2733 539 2797; x_wconf 86' lang='lat' dir='ltr'><strong>pter</strong></span> <span class='ocrx_word' id='word_1_292' title='bbox 562 2728 919 2797; x_wconf 67' lang='lat' dir='ltr'><strong>aequalitatem</strong></span> <span class='ocrx_word' id='word_1_293' title='bbox 960 2726 1126 2797; x_wconf 88' lang='lat' dir='ltr'><strong>magis</strong></span> <span class='ocrx_word' id='word_1_294' title='bbox 1170 2724 1291 2779; x_wconf 90' lang='lat' dir='ltr'><strong>ﬁnis</strong></span> <span class='ocrx_word' id='word_1_295' title='bbox 1331 2732 1417 2797; x_wconf 81' lang='lat' dir='ltr'><strong>est</strong></span> <span class='ocrx_word' id='word_1_296' title='bbox 1454 2721 1779 2776; x_wconf 87' lang='lat' dir='ltr'><strong>moderatus.</strong></span> <span class='ocrx_word' id='word_1_297' title='bbox 1828 2719 2002 2777; x_wconf 91' lang='lat' dir='ltr'><strong>Unum</strong></span> 
     </span>
    </p>
   </div>
   <div class='ocr_carea' id='block_1_34' title="bbox 420 2743 2005 2869">
    <p class='ocr_par' dir='ltr' id='par_1_34' title="bbox 420 2743 2005 2869">
     <span class='ocr_line' id='line_1_37' title="bbox 420 2743 2002 2797; baseline -0.003 -18"><span class='ocrx_word' id='word_1_298' title='bbox 420 2743 608 2794; x_wconf 64' lang='grc' dir='ltr'><strong>ψει-ω</strong></span> <span class='ocrx_word' id='word_1_299' title='bbox 647 2743 919 2784; x_wconf 82' lang='lat' dir='ltr'><strong>ualltatcm</strong></span> <span class='ocrx_word' id='word_1_300' title='bbox 960 2743 1126 2797; x_wconf 66' lang='lat' dir='ltr'><strong>milng</strong></span> <span class='ocrx_word' id='word_1_301' title='bbox 1170 2743 1291 2779; x_wconf 83' lang='grc'><strong>111115</strong></span> <span class='ocrx_word' id='word_1_302' title='bbox 1333 2743 1417 2778; x_wconf 66' lang='grc'><strong>(281,</strong></span> <span class='ocrx_word' id='word_1_303' title='bbox 1455 2743 1779 2776; x_wconf 69' lang='grc' dir='ltr'>ιιιυυυΐίιιιιε.</span> <span class='ocrx_word' id='word_1_304' title='bbox 1831 2743 2002 2777; x_wconf 85' lang='grc' dir='ltr'>υιιιιιιι</span> 
     </span>
     <span class='ocr_line' id='line_1_38' title="bbox 420 2743 2005 2869; baseline -0.002 -18"><span class='ocrx_word' id='word_1_305' title='bbox 420 2795 527 2869; x_wconf 78' lang='lat' dir='ltr'><strong>duo</strong></span> <span class='ocrx_word' id='word_1_306' title='bbox 557 2743 757 2855; x_wconf 55' lang='lat' dir='ltr'><strong>inﬁnita</strong></span> <span class='ocrx_word' id='word_1_307' title='bbox 801 2814 921 2854; x_wconf 90' lang='lat' dir='ltr'><strong>esse</strong></span> <span class='ocrx_word' id='word_1_308' title='bbox 955 2805 1199 2869; x_wconf 89' lang='lat' dir='ltr'><strong>possunt,</strong></span> <span class='ocrx_word' id='word_1_309' title='bbox 1228 2805 1291 2869; x_wconf 83' lang='lat' dir='ltr'><strong>et</strong></span> <span class='ocrx_word' id='word_1_310' title='bbox 1330 2795 1445 2851; x_wconf 75' lang='lat' dir='ltr'><strong>lucc</strong></span> <span class='ocrx_word' id='word_1_311' title='bbox 1472 2808 1719 2862; x_wconf 88' lang='lat' dir='ltr'><strong>corpora,</strong></span> <span class='ocrx_word' id='word_1_312' title='bbox 1751 2802 1809 2848; x_wconf 89' lang='grc' dir='ltr'><strong>ιιι</strong></span> <span class='ocrx_word' id='word_1_313' title='bbox 1833 2808 1926 2848; x_wconf 89' lang='lat' dir='ltr'><strong>aer</strong></span> <span class='ocrx_word' id='word_1_314' title='bbox 1951 2802 2005 2848; x_wconf 86' lang='lat' dir='ltr'><strong>et</strong></span> 
     </span>
    </p>
   </div>
   <div class='ocr_carea' id='block_1_35' title="bbox 420 2866 2001 2940">
    <p class='ocr_par' dir='ltr' id='par_1_35' title="bbox 420 2866 2001 2940">
     <span class='ocr_line' id='line_1_39' title="bbox 420 2866 2001 2940; baseline -0.002 -19"><span class='ocrx_word' id='word_1_315' title='bbox 420 2866 534 2933; x_wconf 84' lang='lat' dir='ltr'><strong>lux,</strong></span> <span class='ocrx_word' id='word_1_316' title='bbox 567 2886 685 2940; x_wconf 65' lang='lat' dir='ltr'><strong>qua:</strong></span> <span class='ocrx_word' id='word_1_317' title='bbox 724 2886 818 2938; x_wconf 88' lang='lat' dir='ltr'><strong>per</strong></span> <span class='ocrx_word' id='word_1_318' title='bbox 843 2866 989 2924; x_wconf 80' lang='lat' dir='ltr'><strong>locos</strong></span> <span class='ocrx_word' id='word_1_319' title='bbox 1035 2866 1427 2940; x_wconf 80' lang='lat' dir='ltr'><strong>distenduntur,</strong></span> <span class='ocrx_word' id='word_1_320' title='bbox 1473 2875 1529 2920; x_wconf 93' lang='lat' dir='ltr'><strong>et</strong></span> <span class='ocrx_word' id='word_1_321' title='bbox 1576 2879 1679 2919; x_wconf 90' lang='lat' dir='ltr'><strong>non</strong></span> <span class='ocrx_word' id='word_1_322' title='bbox 1729 2880 1790 2920; x_wconf 85' lang='lat' dir='ltr'><strong>se</strong></span> <span class='ocrx_word' id='word_1_323' title='bbox 1835 2880 2001 2940; x_wconf 75' lang='lat' dir='ltr'><strong>angu-</strong></span> 
     </span>
    </p>
   </div>
   <div class='ocr_carea' id='block_1_36' title="bbox 421 2936 2002 3012">
    <p class='ocr_par' dir='ltr' id='par_1_36' title="bbox 421 2936 2002 3012">
     <span class='ocr_line' id='line_1_40' title="bbox 421 2936 2002 3012; baseline -0.003 -19"><span class='ocrx_word' id='word_1_324' title='bbox 421 2936 597 3012; x_wconf 50' lang='lat' dir='ltr'><strong>stant.</strong></span> <span class='ocrx_word' id='word_1_325' title='bbox 615 2941 671 2997; x_wconf 88' lang='lat' dir='ltr'><strong>Si</strong></span> <span class='ocrx_word' id='word_1_326' title='bbox 718 2936 791 2996; x_wconf 85' lang='lat' dir='ltr'><strong>ita</strong></span> <span class='ocrx_word' id='word_1_327' title='bbox 829 2956 956 3012; x_wconf 81' lang='lat' dir='ltr'><strong>ergo</strong></span> <span class='ocrx_word' id='word_1_328' title='bbox 987 2941 1037 2995; x_wconf 91' lang='lat' dir='ltr'><strong>in</strong></span> <span class='ocrx_word' id='word_1_329' title='bbox 1064 2938 1684 3012; x_wconf 79' lang='lat' dir='ltr'><strong>corporalibus,_quanto</strong></span> <span class='ocrx_word' id='word_1_330' title='bbox 1730 2936 2002 3012; x_wconf 30' lang='lat' dir='ltr'><strong>magis-in</strong></span> 
     </span>
    </p>
   </div>
   <div class='ocr_carea' id='block_1_37' title="bbox 420 3007 1999 3077">
    <p class='ocr_par' dir='ltr' id='par_1_37' title="bbox 420 3007 1999 3077">
     <span class='ocr_line' id='line_1_41' title="bbox 420 3007 1999 3077; baseline -0.001 -14"><span class='ocrx_word' id='word_1_331' title='bbox 420 3010 824 3077; x_wconf 82' lang='lat' dir='ltr'><strong>spiritualibus?</strong></span> <span class='ocrx_word' id='word_1_332' title='bbox 868 3007 922 3066; x_wconf 74' lang='lat' dir='ltr'><strong>In</strong></span> <span class='ocrx_word' id='word_1_333' title='bbox 964 3007 1192 3065; x_wconf 78' lang='lat' dir='ltr'><strong>Domino</strong></span> <span class='ocrx_word' id='word_1_334' title='bbox 1222 3009 1352 3064; x_wconf 88' lang='lat' dir='ltr'><strong>nihil</strong></span> <span class='ocrx_word' id='word_1_335' title='bbox 1393 3007 1553 3063; x_wconf 88' lang='lat' dir='ltr'><strong>debet</strong></span> <span class='ocrx_word' id='word_1_336' title='bbox 1581 3021 1700 3061; x_wconf 91' lang='lat' dir='ltr'><strong>esse</strong></span> <span class='ocrx_word' id='word_1_337' title='bbox 1725 3008 1999 3061; x_wconf 88' lang='lat' dir='ltr'><strong>mutabile.</strong></span> 
     </span>
    </p>
   </div>
   <div class='ocr_carea' id='block_1_38' title="bbox 420 3077 2000 3154">
    <p class='ocr_par' dir='ltr' id='par_1_38' title="bbox 420 3077 2000 3154">
     <span class='ocr_line' id='line_1_42' title="bbox 420 3077 2000 3154; baseline -0.003 -19"><span class='ocrx_word' id='word_1_338' title='bbox 420 3080 500 3154; x_wconf 93' lang='lat' dir='ltr'><strong>Si_</strong></span> <span class='ocrx_word' id='word_1_339' title='bbox 524 3098 588 3136; x_wconf 86' lang='lat' dir='ltr'><strong>ex</strong></span> <span class='ocrx_word' id='word_1_340' title='bbox 637 3092 874 3154; x_wconf 87' lang='lat' dir='ltr'><strong>tempore</strong></span> <span class='ocrx_word' id='word_1_341' title='bbox 902 3085 919 3116; x_wconf 86' lang='grc'>¹</span> <span class='ocrx_word' id='word_1_342' title='bbox 942 3082 1153 3154; x_wconf 65' lang='lat' dir='ltr'><strong>genuit,</strong></span> <span class='ocrx_word' id='word_1_343' title='bbox 1196 3080 1463 3154; x_wconf 80' lang='lat' dir='ltr'><strong>mutabilis</strong></span> <span class='ocrx_word' id='word_1_344' title='bbox 1507 3086 1591 3154; x_wconf 76' lang='lat' dir='ltr'><strong>est</strong></span> <span class='ocrx_word' id='word_1_345' title='bbox 1621 3095 1634 3131; x_wconf 91' lang='lat'><strong>:</strong></span> <span class='ocrx_word' id='word_1_346' title='bbox 1674 3079 1918 3154; x_wconf 36' lang='lat' dir='ltr'><strong>qualitas“</strong></span> <span class='ocrx_word' id='word_1_347' title='bbox 1948 3077 2000 3132; x_wconf 91' lang='lat' dir='ltr'><strong>in</strong></span> 
     </span>
    </p>
   </div>
   <div class='ocr_carea' id='block_1_39' title="bbox 420 3148 2002 3222">
    <p class='ocr_par' dir='ltr' id='par_1_39' title="bbox 420 3148 2002 3222">
     <span class='ocr_line' id='line_1_43' title="bbox 420 3148 2002 3222; baseline -0.003 -16"><span class='ocrx_word' id='word_1_348' title='bbox 420 3152 712 3209; x_wconf 84' lang='lat' dir='ltr'><strong>substantia</strong></span> <span class='ocrx_word' id='word_1_349' title='bbox 738 3148 819 3210; x_wconf 83' lang='lat' dir='ltr'><strong>est</strong></span> <span class='ocrx_word' id='word_1_350' title='bbox 841 3148 1097 3209; x_wconf 69' lang='lat' dir='ltr'><strong>mutabili.</strong></span> <span class='ocrx_word' id='word_1_351' title='bbox 1124 3152 1181 3206; x_wconf 92' lang='lat' dir='ltr'><strong>In</strong></span> <span class='ocrx_word' id='word_1_352' title='bbox 1208 3152 1473 3222; x_wconf 84' lang='lat' dir='ltr'><strong>Sapientia</strong></span> <span class='ocrx_word' id='word_1_353' title='bbox 1503 3150 1841 3222; x_wconf 87' lang='lat' dir='ltr'><strong>Salomonis:</strong></span> <span class='ocrx_word' id='word_1_354' title='bbox 1878 3148 2002 3203; x_wconf 83' lang='lat' dir='ltr'><strong>0m-</strong></span> 
     </span>
    </p>
   </div>
   <div class='ocr_carea' id='block_1_40' title="bbox 421 3220 1997 3296">
    <p class='ocr_par' dir='ltr' id='par_1_40' title="bbox 421 3220 1997 3296">
     <span class='ocr_line' id='line_1_44' title="bbox 421 3220 1997 3296; baseline -0.002 -20"><span class='ocrx_word' id='word_1_355' title='bbox 421 3224 501 3278; x_wconf 80' lang='lat' dir='ltr'><strong>uis</strong></span> <span class='ocrx_word' id='word_1_356' title='bbox 526 3227 775 3296; x_wconf 80' lang='lat' dir='ltr'><strong>sapientia</strong></span> <span class='ocrx_word' id='word_1_357' title='bbox 798 3243 829 3280; x_wconf 92' lang='lat' dir='ltr'><strong>a</strong></span> <span class='ocrx_word' id='word_1_358' title='bbox 856 3225 1074 3279; x_wconf 85' lang='lat' dir='ltr'><strong>Domino</strong></span> <span class='ocrx_word' id='word_1_359' title='bbox 1098 3223 1204 3278; x_wconf 84' lang='lat' dir='ltr'><strong>Deo</strong></span> <span class='ocrx_word' id='word_1_360' title='bbox 1230 3220 1323 3296; x_wconf 70' lang='lat' dir='ltr'><strong>est,</strong></span> <span class='ocrx_word' id='word_1_361' title='bbox 1348 3232 1392 3277; x_wconf 85' lang='lat' dir='ltr'><strong>et</strong></span> <span class='ocrx_word' id='word_1_362' title='bbox 1414 3238 1527 3296; x_wconf 81' lang='lat' dir='ltr'><strong>cum</strong></span> <span class='ocrx_word' id='word_1_363' title='bbox 1539 3220 1642 3296; x_wconf 69' lang='lat' dir='ltr'><strong>jflo</strong></span> <span class='ocrx_word' id='word_1_364' title='bbox 1660 3221 1757 3290; x_wconf 78' lang='lat' dir='ltr'><strong>fuit</strong></span> <span class='ocrx_word' id='word_1_365' title='bbox 1782 3237 1997 3296; x_wconf 68' lang='lat' dir='ltr'><strong>semper,</strong></span> 
     </span>
    </p>
   </div>
   <div class='ocr_carea' id='block_1_41' title="bbox 420 3290 2001 3367">
    <p class='ocr_par' dir='ltr' id='par_1_41' title="bbox 420 3290 2001 3367">
     <span class='ocr_line' id='line_1_45' title="bbox 420 3290 2001 3367; baseline -0.002 -20"><span class='ocrx_word' id='word_1_366' title='bbox 420 3303 466 3347; x_wconf 85' lang='lat' dir='ltr'><strong>et</strong></span> <span class='ocrx_word' id='word_1_367' title='bbox 488 3304 560 3349; x_wconf 84' lang='lat' dir='ltr'><strong>est</strong></span> <span class='ocrx_word' id='word_1_368' title='bbox 588 3290 705 3351; x_wconf 77' lang='lat' dir='ltr'><strong>ante</strong></span> <span class='ocrx_word' id='word_1_369' title='bbox 730 3314 889 3352; x_wconf 67' lang='lat' dir='ltr'><strong>acvunt</strong></span> <span class='ocrx_word' id='word_1_370' title='bbox 918 3296 1103 3367; x_wconf 70' lang='lat' dir='ltr'><strong>(Eccti.</strong></span> <span class='ocrx_word' id='word_1_371' title='bbox 1122 3312 1165 3367; x_wconf 10' lang='lat' dir='ltr'><strong>rt,</strong></span> <span class='ocrx_word' id='word_1_372' title='bbox 1192 3296 1265 3366; x_wconf 85' lang='lat' dir='ltr'><strong>I).</strong></span> <span class='ocrx_word' id='word_1_373' title='bbox 1296 3294 1505 3367; x_wconf 89' lang='lat' dir='ltr'><strong>llemin</strong></span> <span class='ocrx_word' id='word_1_374' title='bbox 1533 3292 1821 3367; x_wconf 77' lang='lat' dir='ltr'><strong>Salomone</strong></span> <span class='ocrx_word' id='word_1_375' title='bbox 1846 3310 1858 3346; x_wconf 90' lang='lat'><strong>:</strong></span> <span class='ocrx_word' id='word_1_376' title='bbox 1888 3290 2001 3367; x_wconf 19' lang='lat' dir='ltr'><strong>&#39;AVa-</strong></span> 
     </span>
    </p>
   </div>
   <div class='ocr_carea' id='block_1_42' title="bbox 421 3364 1999 3434">
    <p class='ocr_par' dir='ltr' id='par_1_42' title="bbox 421 3364 1999 3434">
     <span class='ocr_line' id='line_1_46' title="bbox 421 3364 1999 3434; baseline -0.001 -16"><span class='ocrx_word' id='word_1_377' title='bbox 421 3382 515 3434; x_wconf 83' lang='lat' dir='ltr'><strong>por</strong></span> <span class='ocrx_word' id='word_1_378' title='bbox 547 3376 618 3421; x_wconf 84' lang='lat' dir='ltr'><strong>est</strong></span> <span class='ocrx_word' id='word_1_379' title='bbox 661 3369 792 3421; x_wconf 81' lang='lat' dir='ltr'><strong>enim</strong></span> <span class='ocrx_word' id='word_1_380' title='bbox 819 3364 1013 3422; x_wconf 78' lang='lat' dir='ltr'><strong>virtutis</strong></span> <span class='ocrx_word' id='word_1_381' title='bbox 1037 3366 1149 3433; x_wconf 82' lang='lat' dir='ltr'><strong>Dei,</strong></span> <span class='ocrx_word' id='word_1_382' title='bbox 1182 3364 1233 3420; x_wconf 81' lang='lat' dir='ltr'><strong>et</strong></span> <span class='ocrx_word' id='word_1_383' title='bbox 1259 3366 1480 3419; x_wconf 82' lang='lat' dir='ltr'><strong>ntanatio</strong></span> <span class='ocrx_word' id='word_1_384' title='bbox 1508 3364 1739 3434; x_wconf 65' lang='lat' dir='ltr'><strong>qua’dam</strong></span> <span class='ocrx_word' id='word_1_385' title='bbox 1764 3365 1999 3432; x_wconf 84' lang='lat' dir='ltr'><strong>omnipo-</strong></span> 
     </span>
    </p>
   </div>
   <div class='ocr_carea' id='block_1_43' title="bbox 420 3433 2001 3511">
    <p class='ocr_par' dir='ltr' id='par_1_43' title="bbox 420 3433 2001 3511">
     <span class='ocr_line' id='line_1_47' title="bbox 420 3433 2001 3511; baseline 0.001 -24"><span class='ocrx_word' id='word_1_386' title='bbox 420 3433 567 3511; x_wconf 72' lang='lat' dir='ltr'><strong>tentis</strong></span> <span class='ocrx_word' id='word_1_387' title='bbox 590 3437 687 3491; x_wconf 87' lang='lat' dir='ltr'><strong>Dei</strong></span> <span class='ocrx_word' id='word_1_388' title='bbox 709 3440 903 3511; x_wconf 72' lang='lat' dir='ltr'><strong>sincera</strong></span> <span class='ocrx_word' id='word_1_389' title='bbox 930 3437 1099 3511; x_wconf 68' lang='lat' dir='ltr'><strong>(Sup.</strong></span> <span class='ocrx_word' id='word_1_390' title='bbox 1118 3434 1567 3511; x_wconf 69' lang='lat' dir='ltr'><strong>vit,2_5).__ltcrum</strong></span> <span class='ocrx_word' id='word_1_391' title='bbox 1594 3451 1607 3489; x_wconf 89' lang='lat'><strong>:</strong></span> <span class='ocrx_word' id='word_1_392' title='bbox 1630 3433 1780 3511; x_wconf 82' lang='lat' dir='ltr'><strong>_Fons</strong></span> <span class='ocrx_word' id='word_1_393' title='bbox 1799 3436 2001 3504; x_wconf 78' lang='lat' dir='ltr'><strong>sapien-</strong></span> 
     </span>
    </p>
   </div>
   <div class='ocr_carea' id='block_1_44' title="bbox 420 3506 1999 3589">
    <p class='ocr_par' dir='ltr' id='par_1_44' title="bbox 420 3506 1999 3589">
     <span class='ocr_line' id='line_1_48' title="bbox 420 3506 1999 3589; baseline 0.001 -29"><span class='ocrx_word' id='word_1_394' title='bbox 420 3507 504 3589; x_wconf 69' lang='lat' dir='ltr'><strong>tia:</strong></span> <span class='ocrx_word' id='word_1_395' title='bbox 531 3511 732 3564; x_wconf 76' lang='lat' dir='ltr'><strong>verbum</strong></span> <span class='ocrx_word' id='word_1_396' title='bbox 761 3510 863 3589; x_wconf 67' lang='lat' dir='ltr'><strong>Dei</strong></span> <span class='ocrx_word' id='word_1_397' title='bbox 882 3506 1172 3589; x_wconf 38' lang='lat' dir='ltr'><strong>in‘excelsis</strong></span> <span class='ocrx_word' id='word_1_398' title='bbox 1213 3506 1397 3589; x_wconf 59' lang='grc' dir='ltr'><strong>(ζζιέεΙὶ.</strong></span> <span class='ocrx_word' id='word_1_399' title='bbox 1418 3523 1465 3589; x_wconf 42' lang='grc' dir='ltr'><strong>ἰ..</strong></span> <span class='ocrx_word' id='word_1_400' title='bbox 1629 3506 1787 3589; x_wconf 71' lang='lat' dir='ltr'><strong>Ratio</strong></span> <span class='ocrx_word' id='word_1_401' title='bbox 1815 3521 1999 3589; x_wconf 80' lang='lat' dir='ltr'><strong>proce-</strong></span> 
     </span>
    </p>
   </div>
   <div class='ocr_carea' id='block_1_45' title="bbox 420 3577 1997 3648">
    <p class='ocr_par' dir='ltr' id='par_1_45' title="bbox 420 3577 1997 3648">
     <span class='ocr_line' id='line_1_49' title="bbox 420 3577 1997 3648; baseline -0.001 -17"><span class='ocrx_word' id='word_1_402' title='bbox 420 3577 573 3646; x_wconf 90' lang='lat' dir='ltr'><strong>dens,</strong></span> <span class='ocrx_word' id='word_1_403' title='bbox 594 3592 739 3636; x_wconf 88' lang='lat' dir='ltr'><strong>rccte</strong></span> <span class='ocrx_word' id='word_1_404' title='bbox 764 3582 956 3636; x_wconf 90' lang='lat' dir='ltr'><strong>dicitur</strong></span> <span class='ocrx_word' id='word_1_405' title='bbox 980 3577 1228 3635; x_wconf 83' lang='lat' dir='ltr'><strong>verbum.</strong></span> <span class='ocrx_word' id='word_1_406' title='bbox 1246 3579 1357 3633; x_wconf 81' lang='lat' dir='ltr'><strong>Vox</strong></span> <span class='ocrx_word' id='word_1_407' title='bbox 1384 3577 1583 3648; x_wconf 87' lang='lat' dir='ltr'><strong>aliquid</strong></span> <span class='ocrx_word' id='word_1_408' title='bbox 1604 3587 1706 3643; x_wconf 90' lang='lat' dir='ltr'><strong>est,</strong></span> <span class='ocrx_word' id='word_1_409' title='bbox 1726 3578 1997 3631; x_wconf 90' lang='lat' dir='ltr'><strong>silentium</strong></span> 
     </span>
    </p>
   </div>
   <div class='ocr_carea' id='block_1_46' title="bbox 421 3648 1997 3715">
    <p class='ocr_par' dir='ltr' id='par_1_46' title="bbox 421 3648 1997 3715">
     <span class='ocr_line' id='line_1_50' title="bbox 421 3648 1997 3715; baseline 0 -14"><span class='ocrx_word' id='word_1_410' title='bbox 421 3649 554 3704; x_wconf 88' lang='lat' dir='ltr'><strong>nihil</strong></span> <span class='ocrx_word' id='word_1_411' title='bbox 580 3661 680 3706; x_wconf 89' lang='lat' dir='ltr'><strong>est.</strong></span> <span class='ocrx_word' id='word_1_412' title='bbox 709 3652 881 3707; x_wconf 90' lang='lat' dir='ltr'><strong>Unum</strong></span> <span class='ocrx_word' id='word_1_413' title='bbox 913 3652 958 3706; x_wconf 90' lang='lat' dir='ltr'><strong>si</strong></span> <span class='ocrx_word' id='word_1_414' title='bbox 987 3652 1158 3706; x_wconf 89' lang='lat' dir='ltr'><strong>solum</strong></span> <span class='ocrx_word' id='word_1_415' title='bbox 1188 3659 1364 3715; x_wconf 85' lang='lat' dir='ltr'><strong>esset,</strong></span> <span class='ocrx_word' id='word_1_416' title='bbox 1412 3651 1463 3703; x_wconf 89' lang='lat' dir='ltr'><strong>in</strong></span> <span class='ocrx_word' id='word_1_417' title='bbox 1508 3663 1565 3702; x_wconf 91' lang='lat' dir='ltr'><strong>se</strong></span> <span class='ocrx_word' id='word_1_418' title='bbox 1614 3657 1781 3713; x_wconf 88' lang='lat' dir='ltr'><strong>esset,</strong></span> <span class='ocrx_word' id='word_1_419' title='bbox 1816 3648 1997 3702; x_wconf 88' lang='lat' dir='ltr'><strong>sterile</strong></span> 
     </span>
    </p>
   </div>
   <div class='ocr_carea' id='block_1_47' title="bbox 421 3719 1994 3800">
    <p class='ocr_par' dir='ltr' id='par_1_47' title="bbox 421 3719 1994 3800">
     <span class='ocr_line' id='line_1_51' title="bbox 421 3719 1994 3800; baseline -0.001 -27"><span class='ocrx_word' id='word_1_420' title='bbox 421 3729 564 3775; x_wconf 89' lang='lat' dir='ltr'><strong>esset</strong></span> <span class='ocrx_word' id='word_1_421' title='bbox 602 3733 655 3800; x_wconf 78' lang='lat' dir='ltr'><strong>et</strong></span> <span class='ocrx_word' id='word_1_422' title='bbox 700 3723 825 3800; x_wconf 75' lang='lat' dir='ltr'><strong>nihil</strong></span> <span class='ocrx_word' id='word_1_423' title='bbox 870 3730 1158 3800; x_wconf 75' lang='lat' dir='ltr'><strong>praestaret</strong></span> <span class='ocrx_word' id='word_1_424' title='bbox 1199 3720 1353 3800; x_wconf 82' lang='lat' dir='ltr'><strong>:_sed</strong></span> <span class='ocrx_word' id='word_1_425' title='bbox 1396 3720 1517 3790; x_wconf 90' lang='lat' dir='ltr'><strong>quia</strong></span> <span class='ocrx_word' id='word_1_426' title='bbox 1562 3719 1844 3800; x_wconf 78' lang='lat' dir='ltr'><strong>benignum</strong></span> <span class='ocrx_word' id='word_1_427' title='bbox 1893 3728 1994 3781; x_wconf 87' lang='lat' dir='ltr'><strong>est,</strong></span> 
     </span>
    </p>
   </div>
   <div class='ocr_carea' id='block_1_48' title="bbox 421 3790 1997 3863">
    <p class='ocr_par' dir='ltr' id='par_1_48' title="bbox 421 3790 1997 3863">
     <span class='ocr_line' id='line_1_52' title="bbox 421 3790 1997 3863; baseline -0.001 -18"><span class='ocrx_word' id='word_1_428' title='bbox 421 3792 720 3863; x_wconf 84' lang='lat' dir='ltr'><strong>procedens</strong></span> <span class='ocrx_word' id='word_1_429' title='bbox 742 3793 807 3848; x_wconf 90' lang='lat' dir='ltr'><strong>ad</strong></span> <span class='ocrx_word' id='word_1_430' title='bbox 835 3790 1031 3863; x_wconf 86' lang='lat' dir='ltr'><strong>aliquid</strong></span> <span class='ocrx_word' id='word_1_431' title='bbox 1055 3792 1371 3863; x_wconf 71' lang='lat' dir='ltr'><strong>faciendum,</strong></span> <span class='ocrx_word' id='word_1_432' title='bbox 1408 3792 1667 3863; x_wconf 81' lang='lat' dir='ltr'><strong>processit</strong></span> <span class='ocrx_word' id='word_1_433' title='bbox 1692 3790 1742 3843; x_wconf 91' lang='lat' dir='ltr'><strong>in</strong></span> <span class='ocrx_word' id='word_1_434' title='bbox 1774 3790 1997 3843; x_wconf 89' lang='lat' dir='ltr'><strong>alterum</strong></span> 
     </span>
    </p>
   </div>
   <div class='ocr_carea' id='block_1_49' title="bbox 420 3861 2000 3934">
    <p class='ocr_par' dir='ltr' id='par_1_49' title="bbox 420 3861 2000 3934">
     <span class='ocr_line' id='line_1_53' title="bbox 420 3861 2000 3934; baseline -0.001 -18"><span class='ocrx_word' id='word_1_435' title='bbox 420 3870 500 3916; x_wconf 78' lang='lat' dir='ltr'><strong>Bc.</strong></span> <span class='ocrx_word' id='word_1_436' title='bbox 532 3862 648 3932; x_wconf 90' lang='lat' dir='ltr'><strong>Ipsa</strong></span> <span class='ocrx_word' id='word_1_437' title='bbox 681 3873 761 3918; x_wconf 89' lang='lat' dir='ltr'><strong>est</strong></span> <span class='ocrx_word' id='word_1_438' title='bbox 784 3861 1056 3934; x_wconf 80' lang='lat' dir='ltr'><strong>generatio</strong></span> <span class='ocrx_word' id='word_1_439' title='bbox 1080 3862 1255 3929; x_wconf 86' lang='lat' dir='ltr'><strong>Uuici,</strong></span> <span class='ocrx_word' id='word_1_440' title='bbox 1286 3863 1407 3934; x_wconf 88' lang='lat' dir='ltr'><strong>quia</strong></span> <span class='ocrx_word' id='word_1_441' title='bbox 1434 3862 1521 3934; x_wconf 81' lang='lat' dir='ltr'><strong>qui</strong></span> <span class='ocrx_word' id='word_1_442' title='bbox 1553 3861 1675 3914; x_wconf 83' lang='lat' dir='ltr'><strong>facit</strong></span> <span class='ocrx_word' id='word_1_443' title='bbox 1701 3869 1801 3934; x_wconf 81' lang='lat' dir='ltr'><strong>est,</strong></span> <span class='ocrx_word' id='word_1_444' title='bbox 1830 3869 1881 3913; x_wconf 86' lang='lat' dir='ltr'><strong>et</strong></span> <span class='ocrx_word' id='word_1_445' title='bbox 1906 3876 2000 3929; x_wconf 90' lang='lat' dir='ltr'><strong>per</strong></span> 
     </span>
    </p>
   </div>
   <div class='ocr_carea' id='block_1_50' title="bbox 421 3932 1998 4003">
    <p class='ocr_par' dir='ltr' id='par_1_50' title="bbox 421 3932 1998 4003">
     <span class='ocr_line' id='line_1_54' title="bbox 421 3932 1998 4003; baseline 0 -18"><span class='ocrx_word' id='word_1_446' title='bbox 421 3948 577 4002; x_wconf 89' lang='lat' dir='ltr'><strong>quem</strong></span> <span class='ocrx_word' id='word_1_447' title='bbox 608 3934 731 3991; x_wconf 84' lang='lat' dir='ltr'><strong>facit</strong></span> <span class='ocrx_word' id='word_1_448' title='bbox 757 3932 859 4003; x_wconf 78' lang='lat' dir='ltr'><strong>est,</strong></span> <span class='ocrx_word' id='word_1_449' title='bbox 891 3945 944 3989; x_wconf 89' lang='lat' dir='ltr'><strong>et</strong></span> <span class='ocrx_word' id='word_1_450' title='bbox 977 3935 1265 3989; x_wconf 77' lang='lat' dir='ltr'><strong>effecerunt</strong></span> <span class='ocrx_word' id='word_1_451' title='bbox 1291 3932 1415 3987; x_wconf 93' lang='lat' dir='ltr'><strong>duo.</strong></span> <span class='ocrx_word' id='word_1_452' title='bbox 1460 3932 1631 3987; x_wconf 91' lang='lat' dir='ltr'><strong>Unum</strong></span> <span class='ocrx_word' id='word_1_453' title='bbox 1664 3932 1805 4003; x_wconf 87' lang='lat' dir='ltr'><strong>enim</strong></span> <span class='ocrx_word' id='word_1_454' title='bbox 1850 3942 1998 3985; x_wconf 53' lang='lat' dir='ltr'><strong>ante-</strong></span> 
     </span>
    </p>
   </div>
   <div class='ocr_carea' id='block_1_51' title="bbox 420 4002 2001 4073">
    <p class='ocr_par' dir='ltr' id='par_1_51' title="bbox 420 4002 2001 4073">
     <span class='ocr_line' id='line_1_55' title="bbox 420 4002 2001 4073; baseline -0.001 -15"><span class='ocrx_word' id='word_1_455' title='bbox 420 4004 563 4059; x_wconf 90' lang='lat' dir='ltr'><strong>cedit</strong></span> <span class='ocrx_word' id='word_1_456' title='bbox 586 4005 726 4061; x_wconf 86' lang='lat' dir='ltr'><strong>duo:</strong></span> <span class='ocrx_word' id='word_1_457' title='bbox 756 4017 809 4062; x_wconf 86' lang='lat' dir='ltr'><strong>et</strong></span> <span class='ocrx_word' id='word_1_458' title='bbox 846 4002 938 4061; x_wconf 90' lang='lat' dir='ltr'><strong>his</strong></span> <span class='ocrx_word' id='word_1_459' title='bbox 968 4006 1173 4061; x_wconf 89' lang='lat' dir='ltr'><strong>duobus</strong></span> <span class='ocrx_word' id='word_1_460' title='bbox 1221 4014 1302 4060; x_wconf 91' lang='lat' dir='ltr'><strong>est</strong></span> <span class='ocrx_word' id='word_1_461' title='bbox 1347 4004 1540 4073; x_wconf 87' lang='lat' dir='ltr'><strong>aliquis</strong></span> <span class='ocrx_word' id='word_1_462' title='bbox 1581 4002 1733 4067; x_wconf 88' lang='lat' dir='ltr'><strong>ordo,</strong></span> <span class='ocrx_word' id='word_1_463' title='bbox 1766 4011 1819 4056; x_wconf 86' lang='lat' dir='ltr'><strong>et</strong></span> <span class='ocrx_word' id='word_1_464' title='bbox 1868 4002 2001 4057; x_wconf 90' lang='lat' dir='ltr'><strong>ﬁunt</strong></span> 
     </span>
    </p>
   </div>
   <div class='ocr_carea' id='block_1_52' title="bbox 422 4075 1998 4146">
    <p class='ocr_par' dir='ltr' id='par_1_52' title="bbox 422 4075 1998 4146">
     <span class='ocr_line' id='line_1_56' title="bbox 422 4075 1998 4146; baseline 0 -18"><span class='ocrx_word' id='word_1_465' title='bbox 422 4075 545 4142; x_wconf 86' lang='lat' dir='ltr'><strong>tria,</strong></span> <span class='ocrx_word' id='word_1_466' title='bbox 572 4093 689 4146; x_wconf 76' lang='lat' dir='ltr'><strong>qua:</strong></span> <span class='ocrx_word' id='word_1_467' title='bbox 717 4078 949 4133; x_wconf 84' lang='lat' dir='ltr'><strong>Trinitas</strong></span> <span class='ocrx_word' id='word_1_468' title='bbox 979 4078 1189 4131; x_wconf 90' lang='lat' dir='ltr'><strong>dicitur.</strong></span> <span class='ocrx_word' id='word_1_469' title='bbox 1217 4076 1392 4146; x_wconf 70' lang='lat' dir='ltr'><strong>Cardo</strong></span> <span class='ocrx_word' id='word_1_470' title='bbox 1417 4075 1610 4128; x_wconf 92' lang='lat' dir='ltr'><strong>dicitur</strong></span> <span class='ocrx_word' id='word_1_471' title='bbox 1644 4075 1880 4128; x_wconf 89' lang='lat' dir='ltr'><strong>omnium</strong></span> <span class='ocrx_word' id='word_1_472' title='bbox 1910 4089 1998 4128; x_wconf 88' lang='lat' dir='ltr'><strong>re-</strong></span> 
     </span>
    </p>
   </div>
   <div class='ocr_carea' id='block_1_53' title="bbox 418 4145 2001 4219">
    <p class='ocr_par' dir='ltr' id='par_1_53' title="bbox 418 4145 2001 4219">
     <span class='ocr_line' id='line_1_57' title="bbox 418 4145 2001 4219; baseline -0.001 -19"><span class='ocrx_word' id='word_1_473' title='bbox 418 4159 562 4219; x_wconf 68' lang='lat' dir='ltr'><strong>rum,</strong></span> <span class='ocrx_word' id='word_1_474' title='bbox 589 4145 678 4218; x_wconf 83' lang='lat' dir='ltr'><strong>qui</strong></span> <span class='ocrx_word' id='word_1_475' title='bbox 708 4150 963 4219; x_wconf 86' lang='lat' dir='ltr'><strong>accipitur</strong></span> <span class='ocrx_word' id='word_1_476' title='bbox 1003 4148 1177 4202; x_wconf 89' lang='lat' dir='ltr'><strong>Pater.</strong></span> <span class='ocrx_word' id='word_1_477' title='bbox 1218 4145 1392 4201; x_wconf 88' lang='lat' dir='ltr'><strong>Cardo</strong></span> <span class='ocrx_word' id='word_1_478' title='bbox 1418 4146 1558 4219; x_wconf 83' lang='lat' dir='ltr'><strong>enim</strong></span> <span class='ocrx_word' id='word_1_479' title='bbox 1588 4146 2001 4219; x_wconf 72' lang='lat' dir='ltr'><strong>quanquam__sit</strong></span> 
     </span>
    </p>
   </div>
   <div class='ocr_carea' id='block_1_54' title="bbox 419 4214 1997 4289">
    <p class='ocr_par' dir='ltr' id='par_1_54' title="bbox 419 4214 1997 4289">
     <span class='ocr_line' id='line_1_58' title="bbox 419 4214 1997 4289; baseline -0.002 -17"><span class='ocrx_word' id='word_1_480' title='bbox 419 4214 733 4289; x_wconf 81' lang='lat' dir='ltr'><strong>immobilis,</strong></span> <span class='ocrx_word' id='word_1_481' title='bbox 759 4214 933 4275; x_wconf 83' lang='lat' dir='ltr'><strong>tamen</strong></span> <span class='ocrx_word' id='word_1_482' title='bbox 966 4227 1168 4273; x_wconf 89' lang='lat' dir='ltr'><strong>motum</strong></span> <span class='ocrx_word' id='word_1_483' title='bbox 1197 4219 1284 4288; x_wconf 88' lang='lat' dir='ltr'><strong>qui</strong></span> <span class='ocrx_word' id='word_1_484' title='bbox 1318 4226 1402 4271; x_wconf 83' lang='lat' dir='ltr'><strong>est</strong></span> <span class='ocrx_word' id='word_1_485' title='bbox 1438 4217 1552 4286; x_wconf 86' lang='lat' dir='ltr'><strong>ipse</strong></span> <span class='ocrx_word' id='word_1_486' title='bbox 1574 4216 1757 4289; x_wconf 54' lang='lat' dir='ltr'><strong>Filius</strong></span> <span class='ocrx_word' id='word_1_487' title='bbox 1785 4214 1997 4269; x_wconf 79' lang='lat' dir='ltr'><strong>iutcllc~</strong></span> 
     </span>
    </p>
   </div>
   <div class='ocr_carea' id='block_1_55' title="bbox 419 4285 1995 4359">
    <p class='ocr_par' dir='ltr' id='par_1_55' title="bbox 419 4285 1995 4359">
     <span class='ocr_line' id='line_1_59' title="bbox 419 4285 1995 4359; baseline -0.003 -16"><span class='ocrx_word' id='word_1_488' title='bbox 419 4295 558 4355; x_wconf 87' lang='lat' dir='ltr'><strong>ctus,</strong></span> <span class='ocrx_word' id='word_1_489' title='bbox 591 4285 728 4344; x_wconf 83' lang='lat' dir='ltr'><strong>unus</strong></span> <span class='ocrx_word' id='word_1_490' title='bbox 759 4306 879 4346; x_wconf 88' lang='lat' dir='ltr'><strong>esse</strong></span> <span class='ocrx_word' id='word_1_491' title='bbox 913 4289 1124 4359; x_wconf 88' lang='lat' dir='ltr'><strong>dicitur,</strong></span> <span class='ocrx_word' id='word_1_492' title='bbox 1156 4285 1314 4359; x_wconf 78' lang='lat' dir='ltr'><strong>quem</strong></span> <span class='ocrx_word' id='word_1_493' title='bbox 1346 4285 1532 4341; x_wconf 88' lang='lat' dir='ltr'><strong>omnes</strong></span> <span class='ocrx_word' id='word_1_494' title='bbox 1557 4285 1702 4355; x_wconf 87' lang='lat' dir='ltr'><strong>digni</strong></span> <span class='ocrx_word' id='word_1_495' title='bbox 1732 4285 1995 4359; x_wconf 85' lang='lat' dir='ltr'><strong>fruuntur,</strong></span> 
     </span>
    </p>
   </div>
   <div class='ocr_carea' id='block_1_56' title="bbox 419 4357 1998 4426">
    <p class='ocr_par' dir='ltr' id='par_1_56' title="bbox 419 4357 1998 4426">
     <span class='ocr_line' id='line_1_60' title="bbox 419 4357 1998 4426; baseline -0.002 -13"><span class='ocrx_word' id='word_1_496' title='bbox 419 4359 515 4414; x_wconf 90' lang='lat' dir='ltr'><strong>sed</strong></span> <span class='ocrx_word' id='word_1_497' title='bbox 548 4375 652 4415; x_wconf 93' lang='lat' dir='ltr'><strong>non</strong></span> <span class='ocrx_word' id='word_1_498' title='bbox 678 4376 867 4416; x_wconf 92' lang='lat' dir='ltr'><strong>omnes</strong></span> <span class='ocrx_word' id='word_1_499' title='bbox 888 4361 1083 4415; x_wconf 87' lang='lat' dir='ltr'><strong>uniter.</strong></span> <span class='ocrx_word' id='word_1_500' title='bbox 1114 4357 1245 4414; x_wconf 84' lang='lat' dir='ltr'><strong>Nam</strong></span> <span class='ocrx_word' id='word_1_501' title='bbox 1277 4358 1436 4412; x_wconf 90' lang='lat' dir='ltr'><strong>homo</strong></span> <span class='ocrx_word' id='word_1_502' title='bbox 1462 4366 1741 4426; x_wconf 91' lang='lat' dir='ltr'><strong>susceptus</strong></span> <span class='ocrx_word' id='word_1_503' title='bbox 1762 4372 1791 4410; x_wconf 89' lang='lat' dir='ltr'><strong>a</strong></span> <span class='ocrx_word' id='word_1_504' title='bbox 1822 4357 1998 4411; x_wconf 90' lang='lat' dir='ltr'><strong>divina</strong></span> 
     </span>
    </p>
   </div>
   <div class='ocr_carea' id='block_1_57' title="bbox 419 4427 1997 4499">
    <p class='ocr_par' dir='ltr' id='par_1_57' title="bbox 419 4427 1997 4499">
     <span class='ocr_line' id='line_1_61' title="bbox 419 4427 1997 4499; baseline -0.001 -17"><span class='ocrx_word' id='word_1_505' title='bbox 419 4428 712 4499; x_wconf 72' lang='lat' dir='ltr'><strong>Sapientia,</strong></span> <span class='ocrx_word' id='word_1_506' title='bbox 737 4442 934 4495; x_wconf 88' lang='lat' dir='ltr'><strong>quanto</strong></span> <span class='ocrx_word' id='word_1_507' title='bbox 964 4432 1142 4487; x_wconf 82' lang='lat' dir='ltr'><strong>divine</strong></span> <span class='ocrx_word' id='word_1_508' title='bbox 1165 4440 1442 4498; x_wconf 86' lang='lat' dir='ltr'><strong>susceptus</strong></span> <span class='ocrx_word' id='word_1_509' title='bbox 1468 4436 1570 4495; x_wconf 88' lang='lat' dir='ltr'><strong>est,</strong></span> <span class='ocrx_word' id='word_1_510' title='bbox 1597 4436 1744 4482; x_wconf 91' lang='lat' dir='ltr'><strong>tanto</strong></span> <span class='ocrx_word' id='word_1_511' title='bbox 1765 4427 1997 4483; x_wconf 89' lang='lat' dir='ltr'><strong>divinius</strong></span> 
     </span>
    </p>
   </div>
   <div class='ocr_carea' id='block_1_58' title="bbox 418 4497 1996 4573">
    <p class='ocr_par' dir='ltr' id='par_1_58' title="bbox 418 4497 1996 4573">
     <span class='ocr_line' id='line_1_62' title="bbox 418 4497 1996 4573; baseline -0.001 -21"><span class='ocrx_word' id='word_1_512' title='bbox 418 4497 690 4571; x_wconf 79' lang='lat' dir='ltr'><strong>intelligit.</strong></span> <span class='ocrx_word' id='word_1_513' title='bbox 732 4501 865 4557; x_wconf 87' lang='lat' dir='ltr'><strong>Nam</strong></span> <span class='ocrx_word' id='word_1_514' title='bbox 897 4517 1198 4573; x_wconf 85' lang='lat' dir='ltr'><strong>quanquam</strong></span> <span class='ocrx_word' id='word_1_515' title='bbox 1245 4497 1405 4573; x_wconf 84' lang='lat' dir='ltr'><strong>unum</strong></span> <span class='ocrx_word' id='word_1_516' title='bbox 1450 4500 1519 4553; x_wconf 85' lang='lat' dir='ltr'><strong>sit</strong></span> <span class='ocrx_word' id='word_1_517' title='bbox 1561 4514 1773 4573; x_wconf 83' lang='lat' dir='ltr'><strong>corpus,</strong></span> <span class='ocrx_word' id='word_1_518' title='bbox 1822 4507 1996 4573; x_wconf 74' lang='lat' dir='ltr'><strong>tamen</strong></span> 
     </span>
    </p>
   </div>
   <div class='ocr_carea' id='block_1_59' title="bbox 418 4570 2000 4628">
    <p class='ocr_par' dir='ltr' id='par_1_59' title="bbox 418 4570 2000 4628">
     <span class='ocr_line' id='line_1_63' title="bbox 418 4570 2000 4628; baseline -0.001 -3"><span class='ocrx_word' id='word_1_519' title='bbox 418 4584 529 4625; x_wconf 87' lang='lat' dir='ltr'><strong>non</strong></span> <span class='ocrx_word' id='word_1_520' title='bbox 549 4570 789 4627; x_wconf 84' lang='lat' dir='ltr'><strong>eamdem</strong></span> <span class='ocrx_word' id='word_1_521' title='bbox 822 4570 1019 4627; x_wconf 83' lang='lat' dir='ltr'><strong>habent</strong></span> <span class='ocrx_word' id='word_1_522' title='bbox 1038 4570 1213 4628; x_wconf 88' lang='lat' dir='ltr'><strong>omnia</strong></span> <span class='ocrx_word' id='word_1_523' title='bbox 1245 4571 1479 4625; x_wconf 86' lang='lat' dir='ltr'><strong>membra</strong></span> <span class='ocrx_word' id='word_1_524' title='bbox 1507 4570 1804 4626; x_wconf 85' lang='lat' dir='ltr'><strong>sanitatem.</strong></span> <span class='ocrx_word' id='word_1_525' title='bbox 1830 4570 2000 4624; x_wconf 82' lang='lat' dir='ltr'><strong>Aliter</strong></span> 
     </span>
    </p>
   </div>
   <div class='ocr_carea' id='block_1_60' title="bbox 422 4639 1996 4711">
    <p class='ocr_par' dir='ltr' id='par_1_60' title="bbox 422 4639 1996 4711">
     <span class='ocr_line' id='line_1_64' title="bbox 422 4639 1996 4711; baseline 0 -17"><span class='ocrx_word' id='word_1_526' title='bbox 422 4639 617 4697; x_wconf 90' lang='lat' dir='ltr'><strong>dicitur</strong></span> <span class='ocrx_word' id='word_1_527' title='bbox 646 4644 844 4699; x_wconf 86' lang='lat' dir='ltr'><strong>sanitas</strong></span> <span class='ocrx_word' id='word_1_528' title='bbox 870 4644 1033 4709; x_wconf 91' lang='lat' dir='ltr'><strong>oculi,</strong></span> <span class='ocrx_word' id='word_1_529' title='bbox 1058 4644 1212 4696; x_wconf 87' lang='lat' dir='ltr'><strong>aliter</strong></span> <span class='ocrx_word' id='word_1_530' title='bbox 1246 4642 1452 4711; x_wconf 82' lang='lat' dir='ltr'><strong>Capitis,</strong></span> <span class='ocrx_word' id='word_1_531' title='bbox 1484 4643 1637 4696; x_wconf 89' lang='lat' dir='ltr'><strong>aliter</strong></span> <span class='ocrx_word' id='word_1_532' title='bbox 1665 4642 1842 4696; x_wconf 60' lang='lat' dir='ltr'><strong>caeteri</strong></span> <span class='ocrx_word' id='word_1_533' title='bbox 1872 4656 1996 4696; x_wconf 88' lang='lat' dir='ltr'><strong>eor-</strong></span> 
     </span>
    </p>
   </div>
   <div class='ocr_carea' id='block_1_61' title="bbox 419 4712 1996 4783">
    <p class='ocr_par' dir='ltr' id='par_1_61' title="bbox 419 4712 1996 4783">
     <span class='ocr_line' id='line_1_65' title="bbox 419 4712 1996 4783; baseline -0.001 -16"><span class='ocrx_word' id='word_1_534' title='bbox 419 4713 587 4783; x_wconf 88' lang='lat' dir='ltr'><strong>poris.</strong></span> <span class='ocrx_word' id='word_1_535' title='bbox 622 4713 794 4769; x_wconf 86' lang='lat' dir='ltr'><strong>Homo</strong></span> <span class='ocrx_word' id='word_1_536' title='bbox 815 4714 958 4769; x_wconf 91' lang='lat' dir='ltr'><strong>enim</strong></span> <span class='ocrx_word' id='word_1_537' title='bbox 987 4729 1016 4767; x_wconf 89' lang='lat' dir='ltr'><strong>a</strong></span> <span class='ocrx_word' id='word_1_538' title='bbox 1049 4723 1264 4783; x_wconf 89' lang='lat' dir='ltr'><strong>peccato</strong></span> <span class='ocrx_word' id='word_1_539' title='bbox 1294 4714 1522 4768; x_wconf 84' lang='lat' dir='ltr'><strong>evadens</strong></span> <span class='ocrx_word' id='word_1_540' title='bbox 1544 4723 1765 4767; x_wconf 74' lang='lat' dir='ltr'><strong>certatur</strong></span> <span class='ocrx_word' id='word_1_541' title='bbox 1799 4712 1996 4766; x_wconf 89' lang='lat' dir='ltr'><strong>intelli-</strong></span> 
     </span>
    </p>
   </div>
   <div class='ocr_carea' id='block_1_62' title="bbox 418 4783 1997 4855">
    <p class='ocr_par' dir='ltr' id='par_1_62' title="bbox 418 4783 1997 4855">
     <span class='ocr_line' id='line_1_66' title="bbox 418 4783 1997 4855; baseline -0.003 -16"><span class='ocrx_word' id='word_1_542' title='bbox 418 4796 579 4855; x_wconf 81' lang='lat' dir='ltr'><strong>gere;</strong></span> <span class='ocrx_word' id='word_1_543' title='bbox 613 4785 701 4840; x_wconf 91' lang='lat' dir='ltr'><strong>ille</strong></span> <span class='ocrx_word' id='word_1_544' title='bbox 724 4794 900 4840; x_wconf 88' lang='lat' dir='ltr'><strong>autem</strong></span> <span class='ocrx_word' id='word_1_545' title='bbox 929 4794 1207 4854; x_wconf 92' lang='lat' dir='ltr'><strong>susceptus</strong></span> <span class='ocrx_word' id='word_1_546' title='bbox 1232 4785 1297 4838; x_wconf 90' lang='lat' dir='ltr'><strong>ab</strong></span> <span class='ocrx_word' id='word_1_547' title='bbox 1318 4784 1505 4839; x_wconf 89' lang='lat' dir='ltr'><strong>eodem</strong></span> <span class='ocrx_word' id='word_1_548' title='bbox 1539 4785 1826 4838; x_wconf 88' lang='lat' dir='ltr'><strong>intellectu.</strong></span> <span class='ocrx_word' id='word_1_549' title='bbox 1852 4783 1997 4837; x_wconf 85' lang='lat' dir='ltr'><strong>Nun-</strong></span> 
     </span>
    </p>
   </div>
   <div class='ocr_carea' id='block_1_63' title="bbox 421 4855 1997 4925">
    <p class='ocr_par' dir='ltr' id='par_1_63' title="bbox 421 4855 1997 4925">
     <span class='ocr_line' id='line_1_67' title="bbox 421 4855 1997 4925; baseline -0.001 -16"><span class='ocrx_word' id='word_1_550' title='bbox 421 4870 579 4925; x_wconf 83' lang='lat' dir='ltr'><strong>quam</strong></span> <span class='ocrx_word' id='word_1_551' title='bbox 606 4864 783 4911; x_wconf 89' lang='lat' dir='ltr'><strong>autem</strong></span> <span class='ocrx_word' id='word_1_552' title='bbox 813 4857 915 4912; x_wconf 85' lang='lat' dir='ltr'><strong>erit</strong></span> <span class='ocrx_word' id='word_1_553' title='bbox 953 4870 1142 4911; x_wconf 88' lang='lat' dir='ltr'><strong>manus</strong></span> <span class='ocrx_word' id='word_1_554' title='bbox 1186 4870 1297 4925; x_wconf 85' lang='lat' dir='ltr'><strong>pes,</strong></span> <span class='ocrx_word' id='word_1_555' title='bbox 1325 4864 1415 4908; x_wconf 91' lang='lat' dir='ltr'><strong>aut</strong></span> <span class='ocrx_word' id='word_1_556' title='bbox 1454 4870 1545 4923; x_wconf 90' lang='lat' dir='ltr'><strong>pes</strong></span> <span class='ocrx_word' id='word_1_557' title='bbox 1572 4856 1787 4907; x_wconf 90' lang='lat' dir='ltr'><strong>oculus:</strong></span> <span class='ocrx_word' id='word_1_558' title='bbox 1836 4855 1915 4925; x_wconf 90' lang='lat' dir='ltr'><strong>sic</strong></span> <span class='ocrx_word' id='word_1_559' title='bbox 1943 4862 1997 4908; x_wconf 90' lang='lat' dir='ltr'><strong>et</strong></span> 
     </span>
    </p>
   </div>
   <div class='ocr_carea' id='block_1_64' title="bbox 419 4923 1997 5001">
    <p class='ocr_par' dir='ltr' id='par_1_64' title="bbox 419 4923 1997 5001">
     <span class='ocr_line' id='line_1_68' title="bbox 419 4923 1997 5001; baseline -0.001 -22"><span class='ocrx_word' id='word_1_560' title='bbox 419 4923 582 5001; x_wconf 83' lang='lat' dir='ltr'><strong>homo</strong></span> <span class='ocrx_word' id='word_1_561' title='bbox 620 4942 890 5001; x_wconf 58' lang='lat' dir='ltr'><strong>nitnquam</strong></span> <span class='ocrx_word' id='word_1_562' title='bbox 925 4928 1027 5001; x_wconf 83' lang='lat' dir='ltr'><strong>erit</strong></span> <span class='ocrx_word' id='word_1_563' title='bbox 1051 4923 1198 5001; x_wconf 82' lang='lat' dir='ltr'><strong>quod</strong></span> <span class='ocrx_word' id='word_1_564' title='bbox 1220 4926 1305 5001; x_wconf 71' lang='lat' dir='ltr'><strong>ille</strong></span> <span class='ocrx_word' id='word_1_565' title='bbox 1329 4925 1717 5001; x_wconf 80' lang='lat' dir='ltr'><strong>qui_susceptus</strong></span> <span class='ocrx_word' id='word_1_566' title='bbox 1741 4933 1823 4977; x_wconf 89' lang='lat' dir='ltr'><strong>est</strong></span> <span class='ocrx_word' id='word_1_567' title='bbox 1846 4939 1874 4976; x_wconf 88' lang='lat' dir='ltr'><strong>a</strong></span> <span class='ocrx_word' id='word_1_568' title='bbox 1899 4924 1997 5001; x_wconf 55' lang='lat' dir='ltr'><strong>Sa:</strong></span> 
     </span>
    </p>
   </div>
   <div class='ocr_carea' id='block_1_65' title="bbox 422 4994 1995 5069">
    <p class='ocr_par' dir='ltr' id='par_1_65' title="bbox 422 4994 1995 5069">
     <span class='ocr_line' id='line_1_69' title="bbox 422 4994 1995 5069; baseline 0 -20"><span class='ocrx_word' id='word_1_569' title='bbox 422 4996 618 5069; x_wconf 86' lang='lat' dir='ltr'><strong>pientia</strong></span> <span class='ocrx_word' id='word_1_570' title='bbox 650 4994 765 5053; x_wconf 55' lang='lat' dir='ltr'><strong>Dei:</strong></span> <span class='ocrx_word' id='word_1_571' title='bbox 806 5000 944 5054; x_wconf 84' lang='lat' dir='ltr'><strong>Deus</strong></span> <span class='ocrx_word' id='word_1_572' title='bbox 979 4994 1171 5053; x_wconf 82' lang='lat' dir='ltr'><strong>dicitur</strong></span> <span class='ocrx_word' id='word_1_573' title='bbox 1212 4994 1388 5069; x_wconf 81' lang='lat' dir='ltr'><strong>ﬁnitus</strong></span> <span class='ocrx_word' id='word_1_574' title='bbox 1423 4994 1716 5069; x_wconf 80' lang='lat' dir='ltr'><strong>forinsecus</strong></span> <span class='ocrx_word' id='word_1_575' title='bbox 1738 5009 1903 5069; x_wconf 82' lang='lat' dir='ltr'><strong>usque</strong></span> <span class='ocrx_word' id='word_1_576' title='bbox 1928 4995 1995 5048; x_wconf 89' lang='lat' dir='ltr'><strong>ad</strong></span> 
     </span>
    </p>
   </div>
   <div class='ocr_carea' id='block_1_66' title="bbox 417 5065 1997 5137">
    <p class='ocr_par' dir='ltr' id='par_1_66' title="bbox 417 5065 1997 5137">
     <span class='ocr_line' id='line_1_70' title="bbox 417 5065 1997 5137; baseline -0.001 -16"><span class='ocrx_word' id='word_1_577' title='bbox 417 5065 673 5137; x_wconf 77' lang='lat' dir='ltr'><strong>animam,</strong></span> <span class='ocrx_word' id='word_1_578' title='bbox 706 5071 1023 5125; x_wconf 86' lang='lat' dir='ltr'><strong>intrinsecus</strong></span> <span class='ocrx_word' id='word_1_579' title='bbox 1063 5083 1229 5137; x_wconf 87' lang='lat' dir='ltr'><strong>usque</strong></span> <span class='ocrx_word' id='word_1_580' title='bbox 1250 5068 1316 5121; x_wconf 94' lang='lat' dir='ltr'><strong>ad</strong></span> <span class='ocrx_word' id='word_1_581' title='bbox 1346 5081 1405 5121; x_wconf 91' lang='lat' dir='ltr'><strong>se</strong></span> <span class='ocrx_word' id='word_1_582' title='bbox 1435 5083 1447 5119; x_wconf 90' lang='lat'><strong>:</strong></span> <span class='ocrx_word' id='word_1_583' title='bbox 1477 5065 1826 5137; x_wconf 17' lang='lat' dir='ltr'><strong>omniapenim</strong></span> <span class='ocrx_word' id='word_1_584' title='bbox 1855 5065 1906 5118; x_wconf 91' lang='lat' dir='ltr'><strong>in</strong></span> <span class='ocrx_word' id='word_1_585' title='bbox 1939 5081 1997 5119; x_wconf 89' lang='lat' dir='ltr'><strong>se</strong></span> 
     </span>
    </p>
   </div>
   <div class='ocr_carea' id='block_1_67' title="bbox 419 5134 1997 5207">
    <p class='ocr_par' dir='ltr' id='par_1_67' title="bbox 419 5134 1997 5207">
     <span class='ocr_line' id='line_1_71' title="bbox 419 5134 1997 5207; baseline -0.003 -14"><span class='ocrx_word' id='word_1_586' title='bbox 419 5134 681 5207; x_wconf 49' lang='lat' dir='ltr'><strong>continet.</strong></span> <span class='ocrx_word' id='word_1_587' title='bbox 723 5143 913 5196; x_wconf 83' lang='lat' dir='ltr'><strong>Anima</strong></span> <span class='ocrx_word' id='word_1_588' title='bbox 934 5149 1107 5196; x_wconf 90' lang='lat' dir='ltr'><strong>autem</strong></span> <span class='ocrx_word' id='word_1_589' title='bbox 1138 5134 1283 5193; x_wconf 89' lang='lat' dir='ltr'><strong>ﬁnita</strong></span> <span class='ocrx_word' id='word_1_590' title='bbox 1312 5146 1395 5193; x_wconf 91' lang='lat' dir='ltr'><strong>est</strong></span> <span class='ocrx_word' id='word_1_591' title='bbox 1420 5151 1585 5205; x_wconf 91' lang='lat' dir='ltr'><strong>usque</strong></span> <span class='ocrx_word' id='word_1_592' title='bbox 1610 5134 1675 5188; x_wconf 88' lang='lat' dir='ltr'><strong>ad</strong></span> <span class='ocrx_word' id='word_1_593' title='bbox 1703 5149 1914 5203; x_wconf 89' lang='lat' dir='ltr'><strong>corpus,</strong></span> <span class='ocrx_word' id='word_1_594' title='bbox 1945 5144 1997 5189; x_wconf 91' lang='lat' dir='ltr'><strong>et</strong></span> 
     </span>
    </p>
   </div>
   <div class='ocr_carea' id='block_1_68' title="bbox 416 5207 1997 5280">
    <p class='ocr_par' dir='ltr' id='par_1_68' title="bbox 416 5207 1997 5280">
     <span class='ocr_line' id='line_1_72' title="bbox 416 5207 1997 5280; baseline -0.003 -16"><span class='ocrx_word' id='word_1_595' title='bbox 416 5224 589 5278; x_wconf 89' lang='lat' dir='ltr'><strong>usque</strong></span> <span class='ocrx_word' id='word_1_596' title='bbox 611 5210 677 5266; x_wconf 88' lang='lat' dir='ltr'><strong>ad</strong></span> <span class='ocrx_word' id='word_1_597' title='bbox 708 5212 891 5267; x_wconf 90' lang='lat' dir='ltr'><strong>Deum.</strong></span> <span class='ocrx_word' id='word_1_598' title='bbox 916 5211 1119 5280; x_wconf 86' lang='lat' dir='ltr'><strong>Corpus</strong></span> <span class='ocrx_word' id='word_1_599' title='bbox 1140 5210 1298 5264; x_wconf 89' lang='lat' dir='ltr'><strong>etiam</strong></span> <span class='ocrx_word' id='word_1_600' title='bbox 1329 5208 1458 5280; x_wconf 78' lang='lat' dir='ltr'><strong>foris</strong></span> <span class='ocrx_word' id='word_1_601' title='bbox 1495 5207 1698 5260; x_wconf 87' lang='lat' dir='ltr'><strong>finitum</strong></span> <span class='ocrx_word' id='word_1_602' title='bbox 1724 5215 1997 5280; x_wconf 76' lang='lat' dir='ltr'><strong>estusque</strong></span> 
     </span>
    </p>
   </div>
   <div class='ocr_carea' id='block_1_69' title="bbox 416 5275 1997 5347">
    <p class='ocr_par' dir='ltr' id='par_1_69' title="bbox 416 5275 1997 5347">
     <span class='ocr_line' id='line_1_73' title="bbox 416 5275 1997 5347; baseline -0.002 -13"><span class='ocrx_word' id='word_1_603' title='bbox 416 5281 485 5334; x_wconf 89' lang='lat' dir='ltr'><strong>ad</strong></span> <span class='ocrx_word' id='word_1_604' title='bbox 504 5275 662 5347; x_wconf 77' lang='lat' dir='ltr'><strong>nihil,</strong></span> <span class='ocrx_word' id='word_1_605' title='bbox 696 5275 1228 5337; x_wconf 47' lang='lat' dir='ltr'><strong>intrinsecus-autem</strong></span> <span class='ocrx_word' id='word_1_606' title='bbox 1263 5278 1527 5334; x_wconf 90' lang='lat' dir='ltr'><strong>inﬁnitum</strong></span> <span class='ocrx_word' id='word_1_607' title='bbox 1558 5285 1640 5332; x_wconf 92' lang='lat' dir='ltr'><strong>est</strong></span> <span class='ocrx_word' id='word_1_608' title='bbox 1667 5294 1679 5331; x_wconf 91' lang='lat'><strong>:</strong></span> <span class='ocrx_word' id='word_1_609' title='bbox 1710 5275 1997 5331; x_wconf 88' lang='lat' dir='ltr'><strong>dividendo</strong></span> 
     </span>
    </p>
   </div>
   <div class='ocr_carea' id='block_1_70' title="bbox 417 5352 1087 5420">
    <p class='ocr_par' dir='ltr' id='par_1_70' title="bbox 417 5352 1087 5420">
     <span class='ocr_line' id='line_1_74' title="bbox 417 5352 1087 5420; baseline -0.003 -14"><span class='ocrx_word' id='word_1_610' title='bbox 417 5352 560 5407; x_wconf 88' lang='lat' dir='ltr'><strong>enim</strong></span> <span class='ocrx_word' id='word_1_611' title='bbox 594 5369 860 5420; x_wconf 86' lang='lat' dir='ltr'><strong>nunquam</strong></span> <span class='ocrx_word' id='word_1_612' title='bbox 892 5355 1087 5407; x_wconf 88' lang='lat' dir='ltr'><strong>ﬁnitur.</strong></span> 
     </span>
    </p>
   </div>
   <div class='ocr_carea' id='block_1_71' title="bbox 492 5417 1998 5479">
    <p class='ocr_par' dir='ltr' id='par_1_71' title="bbox 492 5417 1998 5479">
     <span class='ocr_line' id='line_1_75' title="bbox 492 5417 1998 5479; baseline -0.002 -2"><span class='ocrx_word' id='word_1_613' title='bbox 492 5422 658 5477; x_wconf 75' lang='lat' dir='ltr'><strong>Ssar.</strong></span> <span class='ocrx_word' id='word_1_614' title='bbox 701 5417 839 5479; x_wconf 79' lang='lat' dir='ltr'><strong>XIX.</strong></span> <span class='ocrx_word' id='word_1_615' title='bbox 871 5455 942 5465; x_wconf 89' lang='lat'><strong>—-</strong></span> <span class='ocrx_word' id='word_1_616' title='bbox 981 5423 1059 5478; x_wconf 85' lang='lat' dir='ltr'><strong>De</strong></span> <span class='ocrx_word' id='word_1_617' title='bbox 1105 5422 1249 5477; x_wconf 75' lang='lat' dir='ltr'><strong>ideis.</strong></span> <span class='ocrx_word' id='word_1_618' title='bbox 1289 5419 1472 5477; x_wconf 89' lang='lat' dir='ltr'><strong>Omnis</strong></span> <span class='ocrx_word' id='word_1_619' title='bbox 1517 5418 1770 5474; x_wconf 88' lang='lat' dir='ltr'><strong>transitus</strong></span> <span class='ocrx_word' id='word_1_620' title='bbox 1790 5417 1998 5474; x_wconf 89' lang='lat' dir='ltr'><strong>deloco</strong></span> 
     </span>
    </p>
   </div>
   <div class='ocr_carea' id='block_1_72' title="bbox 418 5489 1997 5565">
    <p class='ocr_par' dir='ltr' id='par_1_72' title="bbox 418 5489 1997 5565">
     <span class='ocr_line' id='line_1_76' title="bbox 418 5489 1997 5565; baseline -0.002 -20"><span class='ocrx_word' id='word_1_621' title='bbox 418 5489 481 5565; x_wconf 75' lang='lat' dir='ltr'><strong>in</strong></span> <span class='ocrx_word' id='word_1_622' title='bbox 506 5494 693 5565; x_wconf 76' lang='lat' dir='ltr'><strong>locum</strong></span> <span class='ocrx_word' id='word_1_623' title='bbox 735 5512 825 5563; x_wconf 84' lang='lat' dir='ltr'><strong>per</strong></span> <span class='ocrx_word' id='word_1_624' title='bbox 851 5496 1044 5551; x_wconf 90' lang='lat' dir='ltr'><strong>lineam</strong></span> <span class='ocrx_word' id='word_1_625' title='bbox 1077 5496 1169 5561; x_wconf 88' lang='lat' dir='ltr'><strong>fit;</strong></span> <span class='ocrx_word' id='word_1_626' title='bbox 1196 5495 1443 5565; x_wconf 89' lang='lat' dir='ltr'><strong>quoniam</strong></span> <span class='ocrx_word' id='word_1_627' title='bbox 1473 5490 1834 5565; x_wconf 67' lang='lat' dir='ltr'><strong>omnelatunt</strong></span> <span class='ocrx_word' id='word_1_628' title='bbox 1859 5490 1997 5565; x_wconf 81' lang='lat' dir='ltr'><strong>linea</strong></span> 
     </span>
    </p>
   </div>
   <div class='ocr_carea' id='block_1_73' title="bbox 418 5560 1998 5635">
    <p class='ocr_par' dir='ltr' id='par_1_73' title="bbox 418 5560 1998 5635">
     <span class='ocr_line' id='line_1_77' title="bbox 418 5560 1998 5635; baseline -0.001 -20"><span class='ocrx_word' id='word_1_629' title='bbox 418 5560 522 5616; x_wconf 86' lang='lat' dir='ltr'><strong>sibi</strong></span> <span class='ocrx_word' id='word_1_630' title='bbox 549 5560 905 5635; x_wconf 79' lang='lat' dir='ltr'><strong>conjungitur,</strong></span> <span class='ocrx_word' id='word_1_631' title='bbox 930 5575 985 5619; x_wconf 91' lang='lat' dir='ltr'><strong>et</strong></span> <span class='ocrx_word' id='word_1_632' title='bbox 1013 5582 1170 5620; x_wconf 90' lang='lat' dir='ltr'><strong>omne</strong></span> <span class='ocrx_word' id='word_1_633' title='bbox 1201 5560 1394 5635; x_wconf 79' lang='lat' dir='ltr'><strong>corpus</strong></span> <span class='ocrx_word' id='word_1_634' title='bbox 1420 5566 1556 5619; x_wconf 90' lang='lat' dir='ltr'><strong>linea</strong></span> <span class='ocrx_word' id='word_1_635' title='bbox 1587 5562 1687 5635; x_wconf 89' lang='lat' dir='ltr'><strong>sibi</strong></span> <span class='ocrx_word' id='word_1_636' title='bbox 1717 5560 1998 5635; x_wconf 84' lang='lat' dir='ltr'><strong>conjungi-</strong></span> 
     </span>
    </p>
   </div>
   <div class='ocr_carea' id='block_1_74' title="bbox 420 5632 2000 5705">
    <p class='ocr_par' dir='ltr' id='par_1_74' title="bbox 420 5632 2000 5705">
     <span class='ocr_line' id='line_1_78' title="bbox 420 5632 2000 5705; baseline -0.001 -19"><span class='ocrx_word' id='word_1_637' title='bbox 420 5639 527 5697; x_wconf 85' lang='lat' dir='ltr'><strong>tur,</strong></span> <span class='ocrx_word' id='word_1_638' title='bbox 555 5648 675 5705; x_wconf 63' lang='lat' dir='ltr'><strong>quin</strong></span> <span class='ocrx_word' id='word_1_639' title='bbox 700 5632 833 5687; x_wconf 86' lang='lat' dir='ltr'><strong>linea</strong></span> <span class='ocrx_word' id='word_1_640' title='bbox 880 5636 1062 5704; x_wconf 89' lang='lat' dir='ltr'><strong>utique</strong></span> <span class='ocrx_word' id='word_1_641' title='bbox 1089 5632 1432 5705; x_wconf 64' lang='lat' dir='ltr'><strong>corpttsmon</strong></span> <span class='ocrx_word' id='word_1_642' title='bbox 1463 5643 1581 5688; x_wconf 87' lang='lat' dir='ltr'><strong>est:</strong></span> <span class='ocrx_word' id='word_1_643' title='bbox 1615 5634 1708 5705; x_wconf 17' lang='lat' dir='ltr'><strong>ita‘</strong></span> <span class='ocrx_word' id='word_1_644' title='bbox 1729 5642 1782 5687; x_wconf 90' lang='lat' dir='ltr'><strong>et</strong></span> <span class='ocrx_word' id='word_1_645' title='bbox 1826 5632 2000 5686; x_wconf 91' lang='lat' dir='ltr'><strong>omnis</strong></span> 
     </span>
    </p>
   </div>
   <div class='ocr_carea' id='block_1_75' title="bbox 419 5702 2001 5773">
    <p class='ocr_par' dir='ltr' id='par_1_75' title="bbox 419 5702 2001 5773">
     <span class='ocr_line' id='line_1_79' title="bbox 419 5702 2001 5773; baseline 0 -17"><span class='ocrx_word' id='word_1_646' title='bbox 419 5703 679 5756; x_wconf 82' lang='lat' dir='ltr'><strong>transitus</strong></span> <span class='ocrx_word' id='word_1_647' title='bbox 713 5704 762 5755; x_wconf 89' lang='lat' dir='ltr'><strong>in</strong></span> <span class='ocrx_word' id='word_1_648' title='bbox 792 5702 1003 5771; x_wconf 59' lang='lat' dir='ltr'><strong>anima;</strong></span> <span class='ocrx_word' id='word_1_649' title='bbox 1028 5706 1078 5761; x_wconf 90' lang='lat' dir='ltr'><strong>id</strong></span> <span class='ocrx_word' id='word_1_650' title='bbox 1115 5702 1215 5773; x_wconf 75' lang='lat' dir='ltr'><strong>est,</strong></span> <span class='ocrx_word' id='word_1_651' title='bbox 1243 5706 1463 5761; x_wconf 86' lang='lat' dir='ltr'><strong>mutatio</strong></span> <span class='ocrx_word' id='word_1_652' title='bbox 1511 5706 1589 5758; x_wconf 82' lang='lat' dir='ltr'><strong>vel</strong></span> <span class='ocrx_word' id='word_1_653' title='bbox 1633 5702 1862 5769; x_wconf 83' lang='lat' dir='ltr'><strong>affectio,</strong></span> <span class='ocrx_word' id='word_1_654' title='bbox 1897 5717 2001 5773; x_wconf 88' lang='lat' dir='ltr'><strong>qua</strong></span> 
     </span>
    </p>
   </div>
   <div class='ocr_carea' id='block_1_76' title="bbox 416 5773 2002 5853">
    <p class='ocr_par' dir='ltr' id='par_1_76' title="bbox 416 5773 2002 5853">
     <span class='ocr_line' id='line_1_80' title="bbox 416 5773 2002 5853; baseline 0.002 -25"><span class='ocrx_word' id='word_1_655' title='bbox 416 5773 581 5829; x_wconf 85' lang='lat' dir='ltr'><strong>modo</strong></span> <span class='ocrx_word' id='word_1_656' title='bbox 608 5773 783 5837; x_wconf 88' lang='lat' dir='ltr'><strong>stulta,</strong></span> <span class='ocrx_word' id='word_1_657' title='bbox 818 5774 978 5829; x_wconf 90' lang='lat' dir='ltr'><strong>modo</strong></span> <span class='ocrx_word' id='word_1_658' title='bbox 1023 5778 1251 5853; x_wconf 87' lang='lat' dir='ltr'><strong>sapiens,</strong></span> <span class='ocrx_word' id='word_1_659' title='bbox 1298 5795 1391 5851; x_wconf 85' lang='lat' dir='ltr'><strong>per</strong></span> <span class='ocrx_word' id='word_1_660' title='bbox 1433 5776 1688 5849; x_wconf 88' lang='lat' dir='ltr'><strong>quasdam</strong></span> <span class='ocrx_word' id='word_1_661' title='bbox 1717 5777 1897 5849; x_wconf 83' lang='lat' dir='ltr'><strong>utique</strong></span> <span class='ocrx_word' id='word_1_662' title='bbox 1941 5774 2002 5831; x_wconf 86' lang='lat' dir='ltr'><strong>li-</strong></span> 
     </span>
    </p>
   </div>
   <div class='ocr_carea' id='block_1_77' title="bbox 485 5905 1026 5973">
    <p class='ocr_par' dir='ltr' id='par_1_77' title="bbox 485 5905 1026 5973">
     <span class='ocr_line' id='line_1_81' title="bbox 485 5905 1026 5973; baseline 0.007 -15"><span class='ocrx_word' id='word_1_663' title='bbox 485 5912 500 5941; x_wconf 77' lang='grc'>³</span> <span class='ocrx_word' id='word_1_664' title='bbox 525 5907 644 5959; x_wconf 67' lang='lat' dir='ltr'><strong>editi</strong></span> <span class='ocrx_word' id='word_1_665' title='bbox 666 5905 766 5973; x_wconf 82' lang='lat' dir='ltr'><strong>alii,</strong></span> <span class='ocrx_word' id='word_1_666' title='bbox 790 5920 855 5960; x_wconf 77' lang='lat' dir='ltr'><strong>ea:</strong></span> <span class='ocrx_word' id='word_1_667' title='bbox 872 5912 1026 5973; x_wconf 82' lang='lat' dir='ltr'><strong>parte.</strong></span> 
     </span>
    </p>
   </div>
   <div class='ocr_carea' id='block_1_78' title="bbox 1880 392 2242 453">
    <p class='ocr_par' dir='ltr' id='par_1_78' title="bbox 1880 392 2242 453">
     <span class='ocr_line' id='line_1_82' title="bbox 1880 392 2242 453; baseline 0.006 -4"><span class='ocrx_word' id='word_1_668' title='bbox 1880 392 2242 453; x_wconf 79' lang='lat' dir='ltr'><strong>APPENDIX.</strong></span> 
     </span>
    </p>
   </div>
   <div class='ocr_carea' id='block_1_79' title="bbox 3602 393 3709 457">
    <p class='ocr_par' dir='ltr' id='par_1_79' title="bbox 3602 393 3709 457">
     <span class='ocr_line' id='line_1_83' title="bbox 3602 393 3709 457; baseline 0 -1"><span class='ocrx_word' id='word_1_669' title='bbox 3602 393 3709 457; x_wconf 67' lang='lat'><strong>732</strong></span> 
     </span>
    </p>
   </div>
   <div class='ocr_carea' id='block_1_80' title="bbox 2122 516 3706 598">
    <p class='ocr_par' dir='ltr' id='par_1_80' title="bbox 2122 516 3706 598">
     <span class='ocr_line' id='line_1_84' title="bbox 2122 516 3706 598; baseline 0.005 -29"><span class='ocrx_word' id='word_1_670' title='bbox 2122 531 2269 598; x_wconf 74' lang='lat' dir='ltr'><strong>neas,</strong></span> <span class='ocrx_word' id='word_1_671' title='bbox 2300 516 2349 598; x_wconf 82' lang='lat' dir='ltr'><strong>id</strong></span> <span class='ocrx_word' id='word_1_672' title='bbox 2386 524 2493 598; x_wconf 71' lang='lat' dir='ltr'><strong>est,</strong></span> <span class='ocrx_word' id='word_1_673' title='bbox 2516 520 2887 598; x_wconf 74' lang='lat' dir='ltr'><strong>perquosdam</strong></span> <span class='ocrx_word' id='word_1_674' title='bbox 2930 520 3185 598; x_wconf 74' lang='lat' dir='ltr'><strong>transitus</strong></span> <span class='ocrx_word' id='word_1_675' title='bbox 3211 518 3417 598; x_wconf 83' lang='lat' dir='ltr'><strong>medios</strong></span> <span class='ocrx_word' id='word_1_676' title='bbox 3459 518 3538 587; x_wconf 87' lang='lat' dir='ltr'><strong>fit,</strong></span> <span class='ocrx_word' id='word_1_677' title='bbox 3568 535 3706 598; x_wconf 79' lang='lat' dir='ltr'><strong>quo-</strong></span> 
     </span>
    </p>
   </div>
   <div class='ocr_carea' id='block_1_81' title="bbox 2117 587 3703 661">
    <p class='ocr_par' dir='ltr' id='par_1_81' title="bbox 2117 587 3703 661">
     <span class='ocr_line' id='line_1_85' title="bbox 2117 587 3703 661; baseline 0.003 -18"><span class='ocrx_word' id='word_1_678' title='bbox 2117 587 2421 661; x_wconf 18' lang='lat' dir='ltr'><strong>tnodoﬁipsa</strong></span> <span class='ocrx_word' id='word_1_679' title='bbox 2462 587 2529 644; x_wconf 86' lang='lat' dir='ltr'><strong>de</strong></span> <span class='ocrx_word' id='word_1_680' title='bbox 2568 587 2733 646; x_wconf 78' lang='lat' dir='ltr'><strong>nihilo</strong></span> <span class='ocrx_word' id='word_1_681' title='bbox 2758 592 2892 649; x_wconf 87' lang='lat' dir='ltr'><strong>facta</strong></span> <span class='ocrx_word' id='word_1_682' title='bbox 2922 601 3025 648; x_wconf 89' lang='lat' dir='ltr'><strong>est.</strong></span> <span class='ocrx_word' id='word_1_683' title='bbox 3050 592 3222 649; x_wconf 83' lang='lat' dir='ltr'><strong>Homo</strong></span> <span class='ocrx_word' id='word_1_684' title='bbox 3246 594 3292 649; x_wconf 89' lang='lat' dir='ltr'><strong>si</strong></span> <span class='ocrx_word' id='word_1_685' title='bbox 3319 607 3504 648; x_wconf 86' lang='lat' dir='ltr'><strong>verum</strong></span> <span class='ocrx_word' id='word_1_686' title='bbox 3544 587 3703 661; x_wconf 83' lang='lat' dir='ltr'><strong>sciat,</strong></span> 
     </span>
    </p>
   </div>
   <div class='ocr_carea' id='block_1_82' title="bbox 2116 660 3705 783">
    <p class='ocr_par' dir='ltr' id='par_1_82' title="bbox 2116 660 3705 783">
     <span class='ocr_line' id='line_1_86' title="bbox 2116 660 3705 783; baseline 0.005 -71"><span class='ocrx_word' id='word_1_687' title='bbox 2116 673 2252 783; x_wconf 64' lang='lat' dir='ltr'><strong>pene</strong></span> <span class='ocrx_word' id='word_1_688' title='bbox 2277 660 2415 714; x_wconf 88' lang='lat' dir='ltr'><strong>Deus</strong></span> <span class='ocrx_word' id='word_1_689' title='bbox 2440 669 2519 715; x_wconf 88' lang='lat' dir='ltr'><strong>est</strong></span> <span class='ocrx_word' id='word_1_690' title='bbox 2547 679 2558 714; x_wconf 88' lang='lat'>:</span> <span class='ocrx_word' id='word_1_691' title='bbox 2592 663 2731 718; x_wconf 90' lang='lat' dir='ltr'><strong>Deus</strong></span> <span class='ocrx_word' id='word_1_692' title='bbox 2757 666 2799 718; x_wconf 92' lang='lat' dir='ltr'><strong>si</strong></span> <span class='ocrx_word' id='word_1_693' title='bbox 2834 680 3015 719; x_wconf 84' lang='lat' dir='ltr'><strong>verum</strong></span> <span class='ocrx_word' id='word_1_694' title='bbox 3044 664 3234 734; x_wconf 92' lang='lat' dir='ltr'><strong>nescit,</strong></span> <span class='ocrx_word' id='word_1_695' title='bbox 3265 680 3372 720; x_wconf 93' lang='lat' dir='ltr'><strong>non</strong></span> <span class='ocrx_word' id='word_1_696' title='bbox 3412 679 3570 735; x_wconf 86' lang='lat' dir='ltr'><strong>pene,</strong></span> <span class='ocrx_word' id='word_1_697' title='bbox 3605 660 3705 719; x_wconf 77' lang='lat' dir='ltr'><strong>sed</strong></span> 
     </span>
     <span class='ocr_line' id='line_1_87' title="bbox 2154 730 3705 783; baseline 0 0"><span class='ocrx_word' id='word_1_698' title='bbox 2154 745 2254 783; x_wconf 88' lang='lat' dir='ltr'><strong>ene</strong></span> <span class='ocrx_word' id='word_1_699' title='bbox 2283 730 2417 783; x_wconf 83' lang='lat' dir='ltr'><strong>lanis</strong></span> <span class='ocrx_word' id='word_1_700' title='bbox 2464 740 2564 783; x_wconf 88' lang='lat' dir='ltr'><strong>est.</strong></span> <span class='ocrx_word' id='word_1_701' title='bbox 2598 733 2746 783; x_wconf 79' lang='lat' dir='ltr'><strong>Mens</strong></span> <span class='ocrx_word' id='word_1_702' title='bbox 2786 744 2963 783; x_wconf 78' lang='lat' dir='ltr'><strong>autem</strong></span> <span class='ocrx_word' id='word_1_703' title='bbox 3010 735 3241 783; x_wconf 65' lang='lat' dir='ltr'><strong>hominis</strong></span> <span class='ocrx_word' id='word_1_704' title='bbox 3286 752 3446 783; x_wconf 82' lang='lat' dir='ltr'><strong>mmm</strong></span> <span class='ocrx_word' id='word_1_705' title='bbox 3495 735 3705 783; x_wconf 83' lang='lat' dir='ltr'><strong>nntimn</strong></span> 
     </span>
    </p>
   </div>
   <div class='ocr_carea' id='block_1_83' title="bbox 2154 730 3706 808">
    <p class='ocr_par' dir='ltr' id='par_1_83' title="bbox 2154 730 3706 808">
     <span class='ocr_line' id='line_1_88' title="bbox 2154 730 3706 808; baseline 0.006 -25"><span class='ocrx_word' id='word_1_706' title='bbox 2154 745 2254 786; x_wconf 88' lang='lat' dir='ltr'><strong>ene</strong></span> <span class='ocrx_word' id='word_1_707' title='bbox 2283 730 2417 808; x_wconf 74' lang='lat' dir='ltr'><strong>lapis</strong></span> <span class='ocrx_word' id='word_1_708' title='bbox 2462 740 2564 808; x_wconf 87' lang='lat' dir='ltr'><strong>_es_t.</strong></span> <span class='ocrx_word' id='word_1_709' title='bbox 2598 733 2746 808; x_wconf 78' lang='lat' dir='ltr'><strong>Mens</strong></span> <span class='ocrx_word' id='word_1_710' title='bbox 2786 744 2963 791; x_wconf 88' lang='lat' dir='ltr'><strong>autem</strong></span> <span class='ocrx_word' id='word_1_711' title='bbox 3010 730 3241 791; x_wconf 77' lang='lat' dir='ltr'><strong>hominis</strong></span> <span class='ocrx_word' id='word_1_712' title='bbox 3286 730 3446 807; x_wconf 85' lang='lat' dir='ltr'><strong>quam</strong></span> <span class='ocrx_word' id='word_1_713' title='bbox 3495 735 3706 808; x_wconf 86' lang='lat' dir='ltr'><strong>optimo</strong></span> 
     </span>
    </p>
   </div>
   <div class='ocr_carea' id='block_1_84' title="bbox 2116 801 3703 877">
    <p class='ocr_par' dir='ltr' id='par_1_84' title="bbox 2116 801 3703 877">
     <span class='ocr_line' id='line_1_89' title="bbox 2116 801 3703 877; baseline 0.004 -22"><span class='ocrx_word' id='word_1_714' title='bbox 2116 810 2264 877; x_wconf 67' lang='lat' dir='ltr'><strong>metu</strong></span> <span class='ocrx_word' id='word_1_715' title='bbox 2294 801 2416 857; x_wconf 87' lang='lat' dir='ltr'><strong>ferri</strong></span> <span class='ocrx_word' id='word_1_716' title='bbox 2444 802 2619 877; x_wconf 88' lang='lat' dir='ltr'><strong>debet.</strong></span> <span class='ocrx_word' id='word_1_717' title='bbox 2650 806 2767 874; x_wconf 84' lang='lat' dir='ltr'><strong>Quo</strong></span> <span class='ocrx_word' id='word_1_718' title='bbox 2797 808 2954 877; x_wconf 78' lang='lat' dir='ltr'><strong>igitur</strong></span> <span class='ocrx_word' id='word_1_719' title='bbox 2995 808 3218 862; x_wconf 89' lang='lat' dir='ltr'><strong>circuitu</strong></span> <span class='ocrx_word' id='word_1_720' title='bbox 3266 801 3549 863; x_wconf 40' lang='lat' dir='ltr'><strong>movenda.</strong></span> <span class='ocrx_word' id='word_1_721' title='bbox 3571 808 3703 864; x_wconf 78' lang='lat' dir='ltr'><strong>est?</strong></span> 
     </span>
    </p>
   </div>
   <div class='ocr_carea' id='block_1_85' title="bbox 2115 871 3700 954">
    <p class='ocr_par' dir='ltr' id='par_1_85' title="bbox 2115 871 3700 954">
     <span class='ocr_line' id='line_1_90' title="bbox 2115 871 3700 954; baseline 0.005 -27"><span class='ocrx_word' id='word_1_722' title='bbox 2115 871 2212 954; x_wconf 54' lang='lat' dir='ltr'><strong>Est</strong></span> <span class='ocrx_word' id='word_1_723' title='bbox 2234 871 2885 954; x_wconf 44' lang='lat' dir='ltr'><strong>autemoptimusﬁnenﬁs</strong></span> <span class='ocrx_word' id='word_1_724' title='bbox 2914 879 3169 954; x_wconf 79' lang='lat' dir='ltr'><strong>circuitus</strong></span> <span class='ocrx_word' id='word_1_725' title='bbox 3186 879 3464 936; x_wconf 88' lang='lat' dir='ltr'><strong>rationalis</strong></span> <span class='ocrx_word' id='word_1_726' title='bbox 3489 880 3700 954; x_wconf 78' lang='lat' dir='ltr'><strong>cogita-</strong></span> 
     </span>
    </p>
   </div>
   <div class='ocr_carea' id='block_1_86' title="bbox 2114 945 3705 1025">
    <p class='ocr_par' dir='ltr' id='par_1_86' title="bbox 2114 945 3705 1025">
     <span class='ocr_line' id='line_1_91' title="bbox 2114 945 3705 1025; baseline 0.006 -27"><span class='ocrx_word' id='word_1_727' title='bbox 2114 945 2208 1025; x_wconf 77' lang='lat' dir='ltr'><strong>tio,</strong></span> <span class='ocrx_word' id='word_1_728' title='bbox 2234 961 2354 1015; x_wconf 75' lang='lat' dir='ltr'><strong>quae</strong></span> <span class='ocrx_word' id='word_1_729' title='bbox 2375 945 2441 1000; x_wconf 88' lang='lat' dir='ltr'><strong>ab</strong></span> <span class='ocrx_word' id='word_1_730' title='bbox 2460 961 2525 1000; x_wconf 90' lang='lat' dir='ltr'><strong>eo</strong></span> <span class='ocrx_word' id='word_1_731' title='bbox 2546 947 2687 1017; x_wconf 89' lang='lat' dir='ltr'><strong>quod</strong></span> <span class='ocrx_word' id='word_1_732' title='bbox 2708 950 2966 1025; x_wconf 79' lang='lat' dir='ltr'><strong>quaeritur</strong></span> <span class='ocrx_word' id='word_1_733' title='bbox 2995 949 3257 1025; x_wconf 83' lang='lat' dir='ltr'><strong>profecta,</strong></span> <span class='ocrx_word' id='word_1_734' title='bbox 3283 966 3380 1025; x_wconf 74' lang='lat' dir='ltr'><strong>per</strong></span> <span class='ocrx_word' id='word_1_735' title='bbox 3404 945 3705 1025; x_wconf 71' lang='lat' dir='ltr'><strong>succeden—</strong></span> 
     </span>
    </p>
   </div>
   <div class='ocr_carea' id='block_1_87' title="bbox 2114 1021 3697 1085">
    <p class='ocr_par' dir='ltr' id='par_1_87' title="bbox 2114 1021 3697 1085">
     <span class='ocr_line' id='line_1_92' title="bbox 2114 1021 3697 1085; baseline 0.006 -17"><span class='ocrx_word' id='word_1_736' title='bbox 2114 1021 2244 1069; x_wconf 90' lang='lat' dir='ltr'><strong>tium</strong></span> <span class='ocrx_word' id='word_1_737' title='bbox 2272 1028 2703 1085; x_wconf 85' lang='lat' dir='ltr'><strong>argumeutorum</strong></span> <span class='ocrx_word' id='word_1_738' title='bbox 2734 1021 2991 1076; x_wconf 90' lang='lat' dir='ltr'><strong>circulum</strong></span> <span class='ocrx_word' id='word_1_739' title='bbox 3021 1022 3219 1076; x_wconf 84' lang='lat' dir='ltr'><strong>certior</strong></span> <span class='ocrx_word' id='word_1_740' title='bbox 3244 1022 3383 1077; x_wconf 91' lang='lat' dir='ltr'><strong>redit</strong></span> <span class='ocrx_word' id='word_1_741' title='bbox 3411 1022 3465 1076; x_wconf 89' lang='lat' dir='ltr'><strong>in</strong></span> <span class='ocrx_word' id='word_1_742' title='bbox 3492 1023 3697 1078; x_wconf 80' lang='lat' dir='ltr'><strong>locum.</strong></span> 
     </span>
    </p>
   </div>
   <div class='ocr_carea' id='block_1_88' title="bbox 2113 1085 3693 1170">
    <p class='ocr_par' dir='ltr' id='par_1_88' title="bbox 2113 1085 3693 1170">
     <span class='ocr_line' id='line_1_93' title="bbox 2113 1085 3693 1170; baseline 0.005 -30"><span class='ocrx_word' id='word_1_743' title='bbox 2113 1085 2343 1170; x_wconf 76' lang='lat' dir='ltr'><strong>Ideoque</strong></span> <span class='ocrx_word' id='word_1_744' title='bbox 2371 1089 2531 1170; x_wconf 77' lang='lat' dir='ltr'><strong>etiam</strong></span> <span class='ocrx_word' id='word_1_745' title='bbox 2566 1090 2939 1148; x_wconf 83' lang='lat' dir='ltr'><strong>similitudines</strong></span> <span class='ocrx_word' id='word_1_746' title='bbox 2969 1093 3257 1170; x_wconf 81' lang='lat' dir='ltr'><strong>intellectui</strong></span> <span class='ocrx_word' id='word_1_747' title='bbox 3300 1094 3511 1170; x_wconf 65' lang='lat' dir='ltr'><strong>idonea:</strong></span> <span class='ocrx_word' id='word_1_748' title='bbox 3549 1103 3693 1170; x_wconf 71' lang='lat' dir='ltr'><strong>sunt,</strong></span> 
     </span>
    </p>
   </div>
   <div class='ocr_carea' id='block_1_89' title="bbox 2112 1157 3699 1238">
    <p class='ocr_par' dir='ltr' id='par_1_89' title="bbox 2112 1157 3699 1238">
     <span class='ocr_line' id='line_1_94' title="bbox 2112 1157 3699 1238; baseline 0.006 -29"><span class='ocrx_word' id='word_1_749' title='bbox 2112 1157 2252 1238; x_wconf 71' lang='lat' dir='ltr'><strong>qupd</strong></span> <span class='ocrx_word' id='word_1_750' title='bbox 2276 1174 2369 1227; x_wconf 90' lang='lat' dir='ltr'><strong>per</strong></span> <span class='ocrx_word' id='word_1_751' title='bbox 2392 1159 2563 1238; x_wconf 68' lang='lat' dir='ltr'><strong>ipsum</strong></span> <span class='ocrx_word' id='word_1_752' title='bbox 2589 1171 2786 1217; x_wconf 90' lang='lat' dir='ltr'><strong>motum</strong></span> <span class='ocrx_word' id='word_1_753' title='bbox 2800 1180 2968 1238; x_wconf 81' lang='lat' dir='ltr'><strong>quem</strong></span> <span class='ocrx_word' id='word_1_754' title='bbox 2997 1172 3183 1219; x_wconf 88' lang='lat' dir='ltr'><strong>natura</strong></span> <span class='ocrx_word' id='word_1_755' title='bbox 3200 1164 3493 1238; x_wconf 77' lang='lat' dir='ltr'><strong>desiderat,</strong></span> <span class='ocrx_word' id='word_1_756' title='bbox 3512 1157 3699 1238; x_wconf 74' lang='lat' dir='ltr'><strong>animo</strong></span> 
     </span>
    </p>
   </div>
   <div class='ocr_carea' id='block_1_90' title="bbox 2112 1228 3696 1311">
    <p class='ocr_par' dir='ltr' id='par_1_90' title="bbox 2112 1228 3696 1311">
     <span class='ocr_line' id='line_1_95' title="bbox 2112 1228 3696 1311; baseline 0.006 -28"><span class='ocrx_word' id='word_1_757' title='bbox 2112 1228 2479 1311; x_wconf 74' lang='lat' dir='ltr'><strong>exhibeantur_.</strong></span> <span class='ocrx_word' id='word_1_758' title='bbox 2510 1231 2640 1311; x_wconf 60' lang='lat' dir='ltr'><strong>Nam</strong></span> <span class='ocrx_word' id='word_1_759' title='bbox 2663 1235 2812 1304; x_wconf 90' lang='lat' dir='ltr'><strong>quasi</strong></span> <span class='ocrx_word' id='word_1_760' title='bbox 2830 1228 3097 1311; x_wconf 49' lang='lat' dir='ltr'><strong>&#39;auferunt</strong></span> <span class='ocrx_word' id='word_1_761' title='bbox 3124 1237 3332 1311; x_wconf 75' lang='lat' dir='ltr'><strong>animos</strong></span> <span class='ocrx_word' id='word_1_762' title='bbox 3356 1235 3425 1311; x_wconf 85' lang='lat' dir='ltr'><strong>a_b</strong></span> <span class='ocrx_word' id='word_1_763' title='bbox 3448 1249 3519 1311; x_wconf 71' lang='lat' dir='ltr'><strong>eo</strong></span> <span class='ocrx_word' id='word_1_764' title='bbox 3551 1235 3696 1305; x_wconf 76' lang='lat' dir='ltr'><strong>quod</strong></span> 
     </span>
    </p>
   </div>
   <div class='ocr_carea' id='block_1_91' title="bbox 2109 1303 3694 1384">
    <p class='ocr_par' dir='ltr' id='par_1_91' title="bbox 2109 1303 3694 1384">
     <span class='ocr_line' id='line_1_96' title="bbox 2109 1303 3694 1384; baseline 0.005 -31"><span class='ocrx_word' id='word_1_765' title='bbox 2109 1303 2301 1384; x_wconf 82' lang='lat' dir='ltr'><strong>agitur,</strong></span> <span class='ocrx_word' id='word_1_766' title='bbox 2328 1310 2383 1383; x_wconf 76' lang='lat' dir='ltr'><strong>et</strong></span> <span class='ocrx_word' id='word_1_767' title='bbox 2420 1303 2509 1384; x_wconf 74' lang='lat' dir='ltr'><strong>illo</strong></span> <span class='ocrx_word' id='word_1_768' title='bbox 2540 1303 2730 1384; x_wconf 72' lang='lat' dir='ltr'><strong>iterptn</strong></span> <span class='ocrx_word' id='word_1_769' title='bbox 2780 1304 3065 1384; x_wconf 72' lang='lat' dir='ltr'><strong>referunt:</strong></span> <span class='ocrx_word' id='word_1_770' title='bbox 3112 1306 3208 1361; x_wconf 88' lang='lat' dir='ltr'><strong>sed</strong></span> <span class='ocrx_word' id='word_1_771' title='bbox 3254 1307 3397 1377; x_wconf 89' lang='lat' dir='ltr'><strong>quod</strong></span> <span class='ocrx_word' id='word_1_772' title='bbox 3444 1303 3694 1374; x_wconf 75' lang='lat' dir='ltr'><strong>efferunt,</strong></span> 
     </span>
    </p>
   </div>
   <div class='ocr_carea' id='block_1_92' title="bbox 2110 1375 3693 1446">
    <p class='ocr_par' dir='ltr' id='par_1_92' title="bbox 2110 1375 3693 1446">
     <span class='ocr_line' id='line_1_97' title="bbox 2110 1375 3693 1446; baseline 0.004 -21"><span class='ocrx_word' id='word_1_773' title='bbox 2110 1379 2296 1446; x_wconf 75' lang='lat' dir='ltr'><strong>contra</strong></span> <span class='ocrx_word' id='word_1_774' title='bbox 2336 1375 2598 1446; x_wconf 85' lang='lat' dir='ltr'><strong>pigritiem</strong></span> <span class='ocrx_word' id='word_1_775' title='bbox 2641 1375 2731 1442; x_wconf 90' lang='lat' dir='ltr'><strong>ﬁt;</strong></span> <span class='ocrx_word' id='word_1_776' title='bbox 2760 1377 2901 1446; x_wconf 90' lang='lat' dir='ltr'><strong>quod</strong></span> <span class='ocrx_word' id='word_1_777' title='bbox 2934 1378 3190 1442; x_wconf 85' lang='lat' dir='ltr'><strong>referunt,</strong></span> <span class='ocrx_word' id='word_1_778' title='bbox 3218 1375 3403 1433; x_wconf 83' lang='lat' dir='ltr'><strong>contra</strong></span> <span class='ocrx_word' id='word_1_779' title='bbox 3430 1392 3693 1433; x_wconf 86' lang='lat' dir='ltr'><strong>errorem.</strong></span> 
     </span>
    </p>
   </div>
   <div class='ocr_carea' id='block_1_93' title="bbox 2112 1440 3692 1525">
    <p class='ocr_par' dir='ltr' id='par_1_93' title="bbox 2112 1440 3692 1525">
     <span class='ocr_line' id='line_1_98' title="bbox 2112 1440 3692 1525; baseline 0.006 -30"><span class='ocrx_word' id='word_1_780' title='bbox 2112 1440 2265 1525; x_wconf 67' lang='lat' dir='ltr'><strong>Ibide</strong></span> <span class='ocrx_word' id='word_1_781' title='bbox 2310 1440 2506 1525; x_wconf 73' lang='lat' dir='ltr'><strong>placuit</strong></span> <span class='ocrx_word' id='word_1_782' title='bbox 2531 1446 2690 1500; x_wconf 87' lang='lat' dir='ltr'><strong>etiam</strong></span> <span class='ocrx_word' id='word_1_783' title='bbox 2719 1440 2910 1525; x_wconf 72' lang='lat' dir='ltr'><strong>priscis</strong></span> <span class='ocrx_word' id='word_1_784' title='bbox 2938 1440 3267 1518; x_wconf 87' lang='lat' dir='ltr'><strong>sapientibus</strong></span> <span class='ocrx_word' id='word_1_785' title='bbox 3304 1448 3560 1525; x_wconf 77' lang='lat' dir='ltr'><strong>quasdam</strong></span> <span class='ocrx_word' id='word_1_786' title='bbox 3605 1460 3692 1505; x_wconf 69' lang='lat' dir='ltr'><strong>res</strong></span> 
     </span>
    </p>
   </div>
   <div class='ocr_carea' id='block_1_94' title="bbox 2109 1515 3694 1595">
    <p class='ocr_par' dir='ltr' id='par_1_94' title="bbox 2109 1515 3694 1595">
     <span class='ocr_line' id='line_1_99' title="bbox 2109 1515 3694 1595; baseline 0.004 -28"><span class='ocrx_word' id='word_1_787' title='bbox 2109 1515 2427 1595; x_wconf 72' lang='lat' dir='ltr'><strong>imaginibus</strong></span> <span class='ocrx_word' id='word_1_788' title='bbox 2448 1516 2674 1595; x_wconf 84' lang='lat' dir='ltr'><strong>_signare</strong></span> <span class='ocrx_word' id='word_1_789' title='bbox 2718 1515 3038 1595; x_wconf 73' lang='lat' dir='ltr'><strong>fabularum,</strong></span> <span class='ocrx_word' id='word_1_790' title='bbox 3070 1528 3128 1595; x_wconf 90' lang='lat' dir='ltr'><strong>u_t</strong></span> <span class='ocrx_word' id='word_1_791' title='bbox 3165 1534 3285 1595; x_wconf 80' lang='lat' dir='ltr'><strong>c_u_m</strong></span> <span class='ocrx_word' id='word_1_792' title='bbox 3313 1515 3381 1573; x_wconf 78' lang='lat' dir='ltr'><strong>ad</strong></span> <span class='ocrx_word' id='word_1_793' title='bbox 3410 1534 3501 1574; x_wconf 87' lang='lat' dir='ltr'><strong>eas</strong></span> <span class='ocrx_word' id='word_1_794' title='bbox 3526 1520 3694 1575; x_wconf 84' lang='lat' dir='ltr'><strong>fertur</strong></span> 
     </span>
    </p>
   </div>
   <div class='ocr_carea' id='block_1_95' title="bbox 2109 1586 3692 1661">
    <p class='ocr_par' dir='ltr' id='par_1_95' title="bbox 2109 1586 3692 1661">
     <span class='ocr_line' id='line_1_100' title="bbox 2109 1586 3692 1661; baseline 0.006 -23"><span class='ocrx_word' id='word_1_795' title='bbox 2109 1586 2359 1661; x_wconf 72' lang='lat' dir='ltr'><strong>intentio,</strong></span> <span class='ocrx_word' id='word_1_796' title='bbox 2380 1587 2710 1661; x_wconf 87' lang='lat' dir='ltr'><strong>referturque</strong></span> <span class='ocrx_word' id='word_1_797' title='bbox 2733 1590 2799 1661; x_wconf 84' lang='lat' dir='ltr'><strong>ad</strong></span> <span class='ocrx_word' id='word_1_798' title='bbox 2827 1590 2875 1644; x_wconf 92' lang='lat' dir='ltr'><strong>id</strong></span> <span class='ocrx_word' id='word_1_799' title='bbox 2899 1591 3038 1660; x_wconf 89' lang='lat' dir='ltr'><strong>quod</strong></span> <span class='ocrx_word' id='word_1_800' title='bbox 3069 1590 3396 1661; x_wconf 87' lang='lat' dir='ltr'><strong>significant,</strong></span> <span class='ocrx_word' id='word_1_801' title='bbox 3419 1600 3567 1646; x_wconf 89' lang='lat' dir='ltr'><strong>motu</strong></span> <span class='ocrx_word' id='word_1_802' title='bbox 3593 1605 3692 1647; x_wconf 91' lang='lat' dir='ltr'><strong>suo</strong></span> 
     </span>
    </p>
   </div>
   <div class='ocr_carea' id='block_1_96' title="bbox 2109 1657 3689 1738">
    <p class='ocr_par' dir='ltr' id='par_1_96' title="bbox 2109 1657 3689 1738">
     <span class='ocr_line' id='line_1_101' title="bbox 2109 1657 3689 1738; baseline 0.004 -28"><span class='ocrx_word' id='word_1_803' title='bbox 2109 1657 2449 1738; x_wconf 62' lang='lat' dir='ltr'><strong>mcusetiam</strong></span> <span class='ocrx_word' id='word_1_804' title='bbox 2497 1657 2630 1712; x_wconf 87' lang='lat' dir='ltr'><strong>cum</strong></span> <span class='ocrx_word' id='word_1_805' title='bbox 2663 1659 2813 1738; x_wconf 77' lang='lat' dir='ltr'><strong>ludit,</strong></span> <span class='ocrx_word' id='word_1_806' title='bbox 2843 1657 3165 1738; x_wconf 55' lang='lat' dir='ltr'><strong>exerceatur</strong></span> <span class='ocrx_word' id='word_1_807' title='bbox 3202 1661 3283 1738; x_wconf 16' lang='lat' dir='ltr'><strong>inp</strong></span> <span class='ocrx_word' id='word_1_808' title='bbox 3305 1661 3689 1738; x_wconf 65' lang='lat' dir='ltr'><strong>disputatione.</strong></span> 
     </span>
    </p>
   </div>
   <div class='ocr_carea' id='block_1_97' title="bbox 2108 1724 3695 1807">
    <p class='ocr_par' dir='ltr' id='par_1_97' title="bbox 2108 1724 3695 1807">
     <span class='ocr_line' id='line_1_102' title="bbox 2108 1724 3695 1807; baseline 0.005 -28"><span class='ocrx_word' id='word_1_809' title='bbox 2108 1724 2513 1807; x_wconf 58' lang='lat' dir='ltr'><strong>Prgevidendum</strong></span> <span class='ocrx_word' id='word_1_810' title='bbox 2541 1745 2608 1783; x_wconf 92' lang='lat' dir='ltr'><strong>ne</strong></span> <span class='ocrx_word' id='word_1_811' title='bbox 2632 1731 2750 1800; x_wconf 88' lang='lat' dir='ltr'><strong>quis</strong></span> <span class='ocrx_word' id='word_1_812' title='bbox 2791 1724 3099 1807; x_wconf 73' lang='lat' dir='ltr'><strong>mentiatur.</strong></span> <span class='ocrx_word' id='word_1_813' title='bbox 3129 1724 3517 1807; x_wconf 33' lang='lat' dir='ltr'><strong>Omnis‘anima</strong></span> <span class='ocrx_word' id='word_1_814' title='bbox 3547 1733 3695 1807; x_wconf 77' lang='lat' dir='ltr'><strong>_affe-</strong></span> 
     </span>
    </p>
   </div>
   <div class='ocr_carea' id='block_1_98' title="bbox 2108 1798 3692 1861">
    <p class='ocr_par' dir='ltr' id='par_1_98' title="bbox 2108 1798 3692 1861">
     <span class='ocr_line' id='line_1_103' title="bbox 2108 1798 3692 1861; baseline 0.006 -10"><span class='ocrx_word' id='word_1_815' title='bbox 2108 1798 2281 1853; x_wconf 90' lang='lat' dir='ltr'><strong>ctibus</strong></span> <span class='ocrx_word' id='word_1_816' title='bbox 2305 1808 2538 1855; x_wconf 90' lang='lat' dir='ltr'><strong>mutatur</strong></span> <span class='ocrx_word' id='word_1_817' title='bbox 2563 1818 2576 1855; x_wconf 93' lang='lat'><strong>:</strong></span> <span class='ocrx_word' id='word_1_818' title='bbox 2608 1798 2731 1856; x_wconf 78' lang='lat' dir='ltr'><strong>nam</strong></span> <span class='ocrx_word' id='word_1_819' title='bbox 2754 1802 2881 1856; x_wconf 91' lang='lat' dir='ltr'><strong>etin</strong></span> <span class='ocrx_word' id='word_1_820' title='bbox 2910 1802 3099 1858; x_wconf 88' lang='lat' dir='ltr'><strong>ofﬁciis</strong></span> <span class='ocrx_word' id='word_1_821' title='bbox 3125 1803 3390 1858; x_wconf 84' lang='lat' dir='ltr'><strong>mutabilis</strong></span> <span class='ocrx_word' id='word_1_822' title='bbox 3415 1812 3516 1859; x_wconf 87' lang='lat' dir='ltr'><strong>est.</strong></span> <span class='ocrx_word' id='word_1_823' title='bbox 3546 1804 3692 1861; x_wconf 81' lang='lat' dir='ltr'><strong>Deus</strong></span> 
     </span>
    </p>
   </div>
   <div class='ocr_carea' id='block_1_99' title="bbox 2107 1870 3694 1944">
    <p class='ocr_par' dir='ltr' id='par_1_99' title="bbox 2107 1870 3694 1944">
     <span class='ocr_line' id='line_1_104' title="bbox 2107 1870 3694 1944; baseline 0.005 -22"><span class='ocrx_word' id='word_1_824' title='bbox 2107 1876 2191 1944; x_wconf 81' lang='lat' dir='ltr'><strong>est</strong></span> <span class='ocrx_word' id='word_1_825' title='bbox 2216 1870 2532 1944; x_wconf 76' lang='lat' dir='ltr'><strong>enimsolus</strong></span> <span class='ocrx_word' id='word_1_826' title='bbox 2572 1872 2936 1940; x_wconf 91' lang='lat' dir='ltr'><strong>immutabilis,</strong></span> <span class='ocrx_word' id='word_1_827' title='bbox 2969 1884 3023 1929; x_wconf 92' lang='lat' dir='ltr'><strong>et</strong></span> <span class='ocrx_word' id='word_1_828' title='bbox 3052 1874 3277 1944; x_wconf 82' lang='lat' dir='ltr'><strong>Angeli:</strong></span> <span class='ocrx_word' id='word_1_829' title='bbox 3309 1889 3438 1944; x_wconf 85' lang='lat' dir='ltr'><strong>ergo</strong></span> <span class='ocrx_word' id='word_1_830' title='bbox 3474 1888 3694 1944; x_wconf 84' lang='lat' dir='ltr'><strong>semper</strong></span> 
     </span>
    </p>
   </div>
   <div class='ocr_carea' id='block_1_100' title="bbox 2107 1941 3694 2015">
    <p class='ocr_par' dir='ltr' id='par_1_100' title="bbox 2107 1941 3694 2015">
     <span class='ocr_line' id='line_1_105' title="bbox 2107 1941 3694 2015; baseline 0.004 -20"><span class='ocrx_word' id='word_1_831' title='bbox 2107 1941 2467 1997; x_wconf 86' lang='lat' dir='ltr'><strong>immutabiles</strong></span> <span class='ocrx_word' id='word_1_832' title='bbox 2494 1952 2639 2009; x_wconf 90' lang='lat' dir='ltr'><strong>sunt,</strong></span> <span class='ocrx_word' id='word_1_833' title='bbox 2669 1958 2788 1998; x_wconf 90' lang='lat' dir='ltr'><strong>cum</strong></span> <span class='ocrx_word' id='word_1_834' title='bbox 2815 1943 2990 1999; x_wconf 88' lang='lat' dir='ltr'><strong>officia</strong></span> <span class='ocrx_word' id='word_1_835' title='bbox 3025 1941 3355 2015; x_wconf 77' lang='lat' dir='ltr'><strong>impendunt.</strong></span> <span class='ocrx_word' id='word_1_836' title='bbox 3374 1941 3694 2002; x_wconf 36' lang='lat' dir='ltr'><strong>Verulis—de</strong></span> 
     </span>
    </p>
   </div>
   <div class='ocr_carea' id='block_1_101' title="bbox 2107 2016 3693 2086">
    <p class='ocr_par' dir='ltr' id='par_1_101' title="bbox 2107 2016 3693 2086">
     <span class='ocr_line' id='line_1_106' title="bbox 2107 2016 3693 2086; baseline 0.004 -19"><span class='ocrx_word' id='word_1_837' title='bbox 2107 2020 2281 2068; x_wconf 89' lang='lat' dir='ltr'><strong>morte</strong></span> <span class='ocrx_word' id='word_1_838' title='bbox 2330 2022 2504 2081; x_wconf 88' lang='lat' dir='ltr'><strong>natus,</strong></span> <span class='ocrx_word' id='word_1_839' title='bbox 2534 2024 2590 2086; x_wconf 84' lang='lat' dir='ltr'><strong>et</strong></span> <span class='ocrx_word' id='word_1_840' title='bbox 2620 2025 2845 2070; x_wconf 88' lang='lat' dir='ltr'><strong>mortem</strong></span> <span class='ocrx_word' id='word_1_841' title='bbox 2894 2030 3215 2071; x_wconf 88' lang='lat' dir='ltr'><strong>consumens</strong></span> <span class='ocrx_word' id='word_1_842' title='bbox 3244 2034 3258 2070; x_wconf 89' lang='lat'><strong>:</strong></span> <span class='ocrx_word' id='word_1_843' title='bbox 3290 2016 3357 2071; x_wconf 89' lang='lat' dir='ltr'><strong>de</strong></span> <span class='ocrx_word' id='word_1_844' title='bbox 3407 2016 3693 2086; x_wconf 83' lang='lat' dir='ltr'><strong>putredine</strong></span> 
     </span>
    </p>
   </div>
   <div class='ocr_carea' id='block_1_102' title="bbox 2108 2084 3691 2164">
    <p class='ocr_par' dir='ltr' id='par_1_102' title="bbox 2108 2084 3691 2164">
     <span class='ocr_line' id='line_1_107' title="bbox 2108 2084 3691 2164; baseline 0.004 -28"><span class='ocrx_word' id='word_1_845' title='bbox 2108 2091 2304 2164; x_wconf 75' lang='lat' dir='ltr'><strong>natus,</strong></span> <span class='ocrx_word' id='word_1_846' title='bbox 2360 2084 2694 2164; x_wconf 87' lang='lat' dir='ltr'><strong>putredinem</strong></span> <span class='ocrx_word' id='word_1_847' title='bbox 2762 2096 3103 2164; x_wconf 75' lang='lat' dir='ltr'><strong>consumens.</strong></span> <span class='ocrx_word' id='word_1_848' title='bbox 3158 2086 3348 2142; x_wconf 89' lang='lat' dir='ltr'><strong>Omnia</strong></span> <span class='ocrx_word' id='word_1_849' title='bbox 3408 2084 3691 2164; x_wconf 64' lang='lat' dir='ltr'><strong>mutabilia</strong></span> 
     </span>
    </p>
   </div>
   <div class='ocr_carea' id='block_1_103' title="bbox 2108 2157 3693 2226">
    <p class='ocr_par' dir='ltr' id='par_1_103' title="bbox 2108 2157 3693 2226">
     <span class='ocr_line' id='line_1_108' title="bbox 2108 2157 3693 2226; baseline 0.003 -17"><span class='ocrx_word' id='word_1_850' title='bbox 2108 2157 2269 2211; x_wconf 88' lang='lat' dir='ltr'><strong>etiam</strong></span> <span class='ocrx_word' id='word_1_851' title='bbox 2320 2163 2517 2225; x_wconf 91' lang='lat' dir='ltr'><strong>puncto</strong></span> <span class='ocrx_word' id='word_1_852' title='bbox 2561 2157 2817 2226; x_wconf 90' lang='lat' dir='ltr'><strong>temporis</strong></span> <span class='ocrx_word' id='word_1_853' title='bbox 2863 2167 3152 2222; x_wconf 87' lang='lat' dir='ltr'><strong>mutantur,</strong></span> <span class='ocrx_word' id='word_1_854' title='bbox 3186 2166 3240 2213; x_wconf 90' lang='lat' dir='ltr'><strong>et</strong></span> <span class='ocrx_word' id='word_1_855' title='bbox 3282 2158 3515 2212; x_wconf 80' lang='lat' dir='ltr'><strong>maxime</strong></span> <span class='ocrx_word' id='word_1_856' title='bbox 3564 2173 3693 2214; x_wconf 82' lang='lat' dir='ltr'><strong>eor-</strong></span> 
     </span>
    </p>
   </div>
   <div class='ocr_carea' id='block_1_104' title="bbox 2107 2228 3694 2296">
    <p class='ocr_par' dir='ltr' id='par_1_104' title="bbox 2107 2228 3694 2296">
     <span class='ocr_line' id='line_1_109' title="bbox 2107 2228 3694 2296; baseline 0.003 -17"><span class='ocrx_word' id='word_1_857' title='bbox 2107 2240 2238 2296; x_wconf 90' lang='lat' dir='ltr'><strong>pora</strong></span> <span class='ocrx_word' id='word_1_858' title='bbox 2281 2242 2399 2296; x_wconf 66' lang='lat' dir='ltr'><strong>qua:</strong></span> <span class='ocrx_word' id='word_1_859' title='bbox 2436 2228 2647 2295; x_wconf 89' lang='lat' dir='ltr'><strong>penitus</strong></span> <span class='ocrx_word' id='word_1_860' title='bbox 2676 2243 2780 2283; x_wconf 93' lang='lat' dir='ltr'><strong>non</strong></span> <span class='ocrx_word' id='word_1_861' title='bbox 2808 2238 3044 2294; x_wconf 88' lang='lat' dir='ltr'><strong>manent,</strong></span> <span class='ocrx_word' id='word_1_862' title='bbox 3068 2230 3163 2285; x_wconf 89' lang='lat' dir='ltr'><strong>sed</strong></span> <span class='ocrx_word' id='word_1_863' title='bbox 3190 2229 3434 2284; x_wconf 82' lang='lat' dir='ltr'><strong>:etatibus</strong></span> <span class='ocrx_word' id='word_1_864' title='bbox 3463 2229 3580 2284; x_wconf 89' lang='lat' dir='ltr'><strong>sine</strong></span> <span class='ocrx_word' id='word_1_865' title='bbox 3604 2230 3694 2284; x_wconf 79' lang='lat' dir='ltr'><strong>in-</strong></span> 
     </span>
    </p>
   </div>
   <div class='ocr_carea' id='block_1_105' title="bbox 2108 2298 3693 2356">
    <p class='ocr_par' dir='ltr' id='par_1_105' title="bbox 2108 2298 3693 2356">
     <span class='ocr_line' id='line_1_110' title="bbox 2108 2298 3693 2356; baseline 0.003 -6"><span class='ocrx_word' id='word_1_866' title='bbox 2108 2298 2447 2353; x_wconf 90' lang='lat' dir='ltr'><strong>termissione</strong></span> <span class='ocrx_word' id='word_1_867' title='bbox 2494 2309 2796 2354; x_wconf 89' lang='lat' dir='ltr'><strong>moventur.</strong></span> <span class='ocrx_word' id='word_1_868' title='bbox 2827 2300 2958 2354; x_wconf 90' lang='lat' dir='ltr'><strong>Nam</strong></span> <span class='ocrx_word' id='word_1_869' title='bbox 3000 2302 3175 2356; x_wconf 86' lang='lat' dir='ltr'><strong>omnis</strong></span> <span class='ocrx_word' id='word_1_870' title='bbox 3218 2315 3304 2356; x_wconf 86' lang='lat' dir='ltr'><strong>res</strong></span> <span class='ocrx_word' id='word_1_871' title='bbox 3347 2307 3533 2355; x_wconf 68' lang='lat' dir='ltr'><strong>aetates</strong></span> <span class='ocrx_word' id='word_1_872' title='bbox 3559 2313 3693 2355; x_wconf 79' lang='lat' dir='ltr'><strong>suas</strong></span> 
     </span>
    </p>
   </div>
   <div class='ocr_carea' id='block_1_106' title="bbox 2110 2367 3691 2441">
    <p class='ocr_par' dir='ltr' id='par_1_106' title="bbox 2110 2367 3691 2441">
     <span class='ocr_line' id='line_1_111' title="bbox 2110 2367 3691 2441; baseline 0.002 -18"><span class='ocrx_word' id='word_1_873' title='bbox 2110 2367 2290 2441; x_wconf 87' lang='lat' dir='ltr'><strong>habet,</strong></span> <span class='ocrx_word' id='word_1_874' title='bbox 2313 2377 2369 2423; x_wconf 94' lang='lat' dir='ltr'><strong>ut</strong></span> <span class='ocrx_word' id='word_1_875' title='bbox 2393 2368 2459 2423; x_wconf 87' lang='lat' dir='ltr'><strong>ad</strong></span> <span class='ocrx_word' id='word_1_876' title='bbox 2486 2370 2701 2426; x_wconf 88' lang='lat' dir='ltr'><strong>brevem</strong></span> <span class='ocrx_word' id='word_1_877' title='bbox 2728 2380 2940 2426; x_wconf 81' lang='lat' dir='ltr'><strong>aetatem</strong></span> <span class='ocrx_word' id='word_1_878' title='bbox 2970 2381 3100 2427; x_wconf 66' lang='lat' dir='ltr'><strong>artas</strong></span> <span class='ocrx_word' id='word_1_879' title='bbox 3133 2372 3307 2427; x_wconf 92' lang='lat' dir='ltr'><strong>omnis</strong></span> <span class='ocrx_word' id='word_1_880' title='bbox 3338 2371 3509 2441; x_wconf 89' lang='lat' dir='ltr'><strong>major</strong></span> <span class='ocrx_word' id='word_1_881' title='bbox 3533 2370 3691 2441; x_wconf 79' lang='lat' dir='ltr'><strong>quasi</strong></span> 
     </span>
    </p>
   </div>
   <div class='ocr_carea' id='block_1_107' title="bbox 2108 2440 3693 2498">
    <p class='ocr_par' dir='ltr' id='par_1_107' title="bbox 2108 2440 3693 2498">
     <span class='ocr_line' id='line_1_112' title="bbox 2108 2440 3693 2498; baseline 0.002 -4"><span class='ocrx_word' id='word_1_882' title='bbox 2108 2440 2377 2495; x_wconf 76' lang='lat' dir='ltr'><strong>mternitas</strong></span> <span class='ocrx_word' id='word_1_883' title='bbox 2426 2441 2496 2495; x_wconf 90' lang='lat' dir='ltr'><strong>sit</strong></span> <span class='ocrx_word' id='word_1_884' title='bbox 2546 2458 2557 2494; x_wconf 92' lang='lat'><strong>:</strong></span> <span class='ocrx_word' id='word_1_885' title='bbox 2617 2457 2736 2496; x_wconf 90' lang='lat' dir='ltr'><strong>cum</strong></span> <span class='ocrx_word' id='word_1_886' title='bbox 2786 2443 2945 2497; x_wconf 89' lang='lat' dir='ltr'><strong>etiam</strong></span> <span class='ocrx_word' id='word_1_887' title='bbox 2990 2442 3167 2498; x_wconf 88' lang='lat' dir='ltr'><strong>adhuc</strong></span> <span class='ocrx_word' id='word_1_888' title='bbox 3204 2440 3441 2497; x_wconf 86' lang='lat' dir='ltr'><strong>viventes</strong></span> <span class='ocrx_word' id='word_1_889' title='bbox 3483 2440 3693 2497; x_wconf 80' lang='lat' dir='ltr'><strong>inertes</strong></span> 
     </span>
    </p>
   </div>
   <div class='ocr_carea' id='block_1_108' title="bbox 2108 2511 3693 2583">
    <p class='ocr_par' dir='ltr' id='par_1_108' title="bbox 2108 2511 3693 2583">
     <span class='ocr_line' id='line_1_113' title="bbox 2108 2511 3693 2583; baseline 0.002 -19"><span class='ocrx_word' id='word_1_890' title='bbox 2108 2511 2363 2580; x_wconf 90' lang='lat' dir='ltr'><strong>quasdam</strong></span> <span class='ocrx_word' id='word_1_891' title='bbox 2404 2513 2670 2580; x_wconf 88' lang='lat' dir='ltr'><strong>patiantur</strong></span> <span class='ocrx_word' id='word_1_892' title='bbox 2696 2514 2929 2583; x_wconf 88' lang='lat' dir='ltr'><strong>ipsarum</strong></span> <span class='ocrx_word' id='word_1_893' title='bbox 2980 2522 3217 2578; x_wconf 63' lang='lat' dir='ltr'><strong>aetatum,</strong></span> <span class='ocrx_word' id='word_1_894' title='bbox 3244 2521 3300 2568; x_wconf 89' lang='lat' dir='ltr'><strong>et</strong></span> <span class='ocrx_word' id='word_1_895' title='bbox 3328 2512 3512 2567; x_wconf 90' lang='lat' dir='ltr'><strong>ultima</strong></span> <span class='ocrx_word' id='word_1_896' title='bbox 3541 2527 3693 2567; x_wconf 82' lang='lat' dir='ltr'><strong>mors</strong></span> 
     </span>
    </p>
   </div>
   <div class='ocr_carea' id='block_1_109' title="bbox 2108 2582 3693 2654">
    <p class='ocr_par' dir='ltr' id='par_1_109' title="bbox 2108 2582 3693 2654">
     <span class='ocr_line' id='line_1_114' title="bbox 2108 2582 3693 2654; baseline 0.001 -18"><span class='ocrx_word' id='word_1_897' title='bbox 2108 2582 2279 2650; x_wconf 87' lang='lat' dir='ltr'><strong>major</strong></span> <span class='ocrx_word' id='word_1_898' title='bbox 2304 2583 2531 2650; x_wconf 89' lang='lat' dir='ltr'><strong>quodam</strong></span> <span class='ocrx_word' id='word_1_899' title='bbox 2555 2582 2729 2639; x_wconf 85' lang='lat' dir='ltr'><strong>modo</strong></span> <span class='ocrx_word' id='word_1_900' title='bbox 2743 2600 2890 2639; x_wconf 88' lang='lat' dir='ltr'><strong>mors</strong></span> <span class='ocrx_word' id='word_1_901' title='bbox 2916 2586 3004 2649; x_wconf 88' lang='lat' dir='ltr'><strong>sit,</strong></span> <span class='ocrx_word' id='word_1_902' title='bbox 3030 2596 3087 2640; x_wconf 91' lang='lat' dir='ltr'><strong>ut</strong></span> <span class='ocrx_word' id='word_1_903' title='bbox 3114 2585 3228 2654; x_wconf 88' lang='lat' dir='ltr'><strong>ipsa</strong></span> <span class='ocrx_word' id='word_1_904' title='bbox 3257 2592 3531 2639; x_wconf 84' lang='lat' dir='ltr'><strong>crementa</strong></span> <span class='ocrx_word' id='word_1_905' title='bbox 3557 2592 3693 2638; x_wconf 61' lang='lat' dir='ltr'><strong>aita-</strong></span> 
     </span>
    </p>
   </div>
   <div class='ocr_carea' id='block_1_110' title="bbox 2110 2655 3693 2723">
    <p class='ocr_par' dir='ltr' id='par_1_110' title="bbox 2110 2655 3693 2723">
     <span class='ocr_line' id='line_1_115' title="bbox 2110 2655 3693 2723; baseline 0.002 -17"><span class='ocrx_word' id='word_1_906' title='bbox 2110 2661 2219 2706; x_wconf 91' lang='lat' dir='ltr'><strong>tum</strong></span> <span class='ocrx_word' id='word_1_907' title='bbox 2250 2662 2446 2709; x_wconf 87' lang='lat' dir='ltr'><strong>mortes</strong></span> <span class='ocrx_word' id='word_1_908' title='bbox 2494 2655 2781 2723; x_wconf 85' lang='lat' dir='ltr'><strong>patiantur.</strong></span> <span class='ocrx_word' id='word_1_909' title='bbox 2812 2656 2880 2709; x_wconf 84' lang='lat' dir='ltr'><strong>Et</strong></span> <span class='ocrx_word' id='word_1_910' title='bbox 2909 2666 3114 2711; x_wconf 91' lang='lat' dir='ltr'><strong>montes</strong></span> <span class='ocrx_word' id='word_1_911' title='bbox 3137 2671 3257 2711; x_wconf 91' lang='lat' dir='ltr'><strong>cum</strong></span> <span class='ocrx_word' id='word_1_912' title='bbox 3301 2662 3483 2720; x_wconf 85' lang='lat' dir='ltr'><strong>ruunt,</strong></span> <span class='ocrx_word' id='word_1_913' title='bbox 3510 2661 3565 2709; x_wconf 91' lang='lat' dir='ltr'><strong>et</strong></span> <span class='ocrx_word' id='word_1_914' title='bbox 3603 2655 3693 2709; x_wconf 61' lang='lat' dir='ltr'><strong>in-</strong></span> 
     </span>
    </p>
   </div>
   <div class='ocr_carea' id='block_1_111' title="bbox 2108 2724 3689 2799">
    <p class='ocr_par' dir='ltr' id='par_1_111' title="bbox 2108 2724 3689 2799">
     <span class='ocr_line' id='line_1_116' title="bbox 2108 2724 3689 2799; baseline 0.001 -21"><span class='ocrx_word' id='word_1_915' title='bbox 2108 2725 2238 2799; x_wconf 74' lang='lat' dir='ltr'><strong>sulm</strong></span> <span class='ocrx_word' id='word_1_916' title='bbox 2265 2740 2384 2799; x_wconf 85' lang='lat' dir='ltr'><strong>cum</strong></span> <span class='ocrx_word' id='word_1_917' title='bbox 2416 2735 2575 2780; x_wconf 91' lang='lat' dir='ltr'><strong>ruunt</strong></span> <span class='ocrx_word' id='word_1_918' title='bbox 2603 2736 2657 2799; x_wconf 80' lang='lat' dir='ltr'><strong>et</strong></span> <span class='ocrx_word' id='word_1_919' title='bbox 2686 2737 2997 2799; x_wconf 85' lang='lat' dir='ltr'><strong>nascuntur,</strong></span> <span class='ocrx_word' id='word_1_920' title='bbox 3028 2727 3181 2799; x_wconf 87' lang='lat' dir='ltr'><strong>quasi</strong></span> <span class='ocrx_word' id='word_1_921' title='bbox 3226 2735 3426 2781; x_wconf 89' lang='lat' dir='ltr'><strong>mortes</strong></span> <span class='ocrx_word' id='word_1_922' title='bbox 3468 2724 3603 2799; x_wconf 71' lang='lat' dir='ltr'><strong>fiunt</strong></span> <span class='ocrx_word' id='word_1_923' title='bbox 3632 2726 3689 2780; x_wconf 89' lang='lat' dir='ltr'><strong>in</strong></span> 
     </span>
    </p>
   </div>
   <div class='ocr_carea' id='block_1_112' title="bbox 2107 2794 3689 2878">
    <p class='ocr_par' dir='ltr' id='par_1_112' title="bbox 2107 2794 3689 2878">
     <span class='ocr_line' id='line_1_117' title="bbox 2107 2794 3689 2878; baseline 0.001 -30"><span class='ocrx_word' id='word_1_924' title='bbox 2107 2796 2472 2878; x_wconf 68' lang='lat' dir='ltr'><strong>universitate,</strong></span> <span class='ocrx_word' id='word_1_925' title='bbox 2507 2805 2566 2851; x_wconf 89' lang='lat' dir='ltr'><strong>ut</strong></span> <span class='ocrx_word' id='word_1_926' title='bbox 2598 2794 2789 2878; x_wconf 63' lang='lat' dir='ltr'><strong>ultima</strong></span> <span class='ocrx_word' id='word_1_927' title='bbox 2836 2812 2983 2878; x_wconf 79' lang='lat' dir='ltr'><strong>mors</strong></span> <span class='ocrx_word' id='word_1_928' title='bbox 3020 2794 3090 2853; x_wconf 83' lang='lat' dir='ltr'><strong>sit</strong></span> <span class='ocrx_word' id='word_1_929' title='bbox 3118 2798 3278 2854; x_wconf 89' lang='lat' dir='ltr'><strong>etiam</strong></span> <span class='ocrx_word' id='word_1_930' title='bbox 3319 2794 3522 2852; x_wconf 87' lang='lat' dir='ltr'><strong>mundo</strong></span> <span class='ocrx_word' id='word_1_931' title='bbox 3567 2812 3689 2878; x_wconf 65' lang='lat' dir='ltr'><strong>qua;</strong></span> 
     </span>
    </p>
   </div>
   <div class='ocr_carea' id='block_1_113' title="bbox 2106 2865 3688 2937">
    <p class='ocr_par' dir='ltr' id='par_1_113' title="bbox 2106 2865 3688 2937">
     <span class='ocr_line' id='line_1_118' title="bbox 2106 2865 3688 2937; baseline 0.001 -17"><span class='ocrx_word' id='word_1_932' title='bbox 2106 2865 2298 2920; x_wconf 91' lang='lat' dir='ltr'><strong>dicitur</strong></span> <span class='ocrx_word' id='word_1_933' title='bbox 2322 2867 2685 2936; x_wconf 88' lang='lat' dir='ltr'><strong>conflagratio.</strong></span> <span class='ocrx_word' id='word_1_934' title='bbox 2704 2868 2836 2923; x_wconf 88' lang='lat' dir='ltr'><strong>Nam</strong></span> <span class='ocrx_word' id='word_1_935' title='bbox 2858 2870 2957 2923; x_wconf 89' lang='lat' dir='ltr'><strong>tria</strong></span> <span class='ocrx_word' id='word_1_936' title='bbox 2981 2879 3136 2924; x_wconf 88' lang='lat' dir='ltr'><strong>sunt:</strong></span> <span class='ocrx_word' id='word_1_937' title='bbox 3162 2884 3323 2923; x_wconf 91' lang='lat' dir='ltr'><strong>unum</strong></span> <span class='ocrx_word' id='word_1_938' title='bbox 3351 2882 3565 2937; x_wconf 89' lang='lat' dir='ltr'><strong>semper</strong></span> <span class='ocrx_word' id='word_1_939' title='bbox 3583 2865 3688 2921; x_wconf 83' lang='lat' dir='ltr'><strong>im—</strong></span> 
     </span>
    </p>
   </div>
   <div class='ocr_carea' id='block_1_114' title="bbox 2107 2938 3689 3009">
    <p class='ocr_par' dir='ltr' id='par_1_114' title="bbox 2107 2938 3689 3009">
     <span class='ocr_line' id='line_1_119' title="bbox 2107 2938 3689 3009; baseline 0.001 -18"><span class='ocrx_word' id='word_1_940' title='bbox 2107 2938 2381 3009; x_wconf 87' lang='lat' dir='ltr'><strong>mutabile,</strong></span> <span class='ocrx_word' id='word_1_941' title='bbox 2411 2947 2467 2992; x_wconf 94' lang='lat' dir='ltr'><strong>ut</strong></span> <span class='ocrx_word' id='word_1_942' title='bbox 2496 2939 2665 3004; x_wconf 90' lang='lat' dir='ltr'><strong>Deus;</strong></span> <span class='ocrx_word' id='word_1_943' title='bbox 2698 2954 2912 3009; x_wconf 89' lang='lat' dir='ltr'><strong>semper</strong></span> <span class='ocrx_word' id='word_1_944' title='bbox 2937 2940 3209 3006; x_wconf 86' lang='lat' dir='ltr'><strong>mutabile,</strong></span> <span class='ocrx_word' id='word_1_945' title='bbox 3240 2948 3297 2994; x_wconf 93' lang='lat' dir='ltr'><strong>ut</strong></span> <span class='ocrx_word' id='word_1_946' title='bbox 3319 2952 3545 3008; x_wconf 87' lang='lat' dir='ltr'><strong>corpus;</strong></span> <span class='ocrx_word' id='word_1_947' title='bbox 3573 2953 3689 2993; x_wconf 81' lang='lat' dir='ltr'><strong>me-</strong></span> 
     </span>
    </p>
   </div>
   <div class='ocr_carea' id='block_1_115' title="bbox 2106 3007 3689 3079">
    <p class='ocr_par' dir='ltr' id='par_1_115' title="bbox 2106 3007 3689 3079">
     <span class='ocr_line' id='line_1_120' title="bbox 2106 3007 3689 3079; baseline 0 -17"><span class='ocrx_word' id='word_1_948' title='bbox 2106 3007 2251 3063; x_wconf 88' lang='lat' dir='ltr'><strong>dium</strong></span> <span class='ocrx_word' id='word_1_949' title='bbox 2266 3009 2554 3079; x_wconf 87' lang='lat' dir='ltr'><strong>quoddam,</strong></span> <span class='ocrx_word' id='word_1_950' title='bbox 2572 3018 2627 3064; x_wconf 90' lang='lat' dir='ltr'><strong>ut</strong></span> <span class='ocrx_word' id='word_1_951' title='bbox 2647 3007 2843 3075; x_wconf 77' lang='lat' dir='ltr'><strong>anima,</strong></span> <span class='ocrx_word' id='word_1_952' title='bbox 2860 3021 2918 3066; x_wconf 93' lang='lat' dir='ltr'><strong>ut</strong></span> <span class='ocrx_word' id='word_1_953' title='bbox 2936 3011 3207 3065; x_wconf 89' lang='lat' dir='ltr'><strong>mutabilis</strong></span> <span class='ocrx_word' id='word_1_954' title='bbox 3227 3025 3347 3065; x_wconf 88' lang='lat' dir='ltr'><strong>esse</strong></span> <span class='ocrx_word' id='word_1_955' title='bbox 3370 3007 3557 3077; x_wconf 81' lang='lat' dir='ltr'><strong>pessit,</strong></span> <span class='ocrx_word' id='word_1_956' title='bbox 3574 3023 3689 3078; x_wconf 86' lang='lat' dir='ltr'><strong>pos-</strong></span> 
     </span>
    </p>
   </div>
   <div class='ocr_carea' id='block_1_116' title="bbox 2105 3081 3687 3151">
    <p class='ocr_par' dir='ltr' id='par_1_116' title="bbox 2105 3081 3687 3151">
     <span class='ocr_line' id='line_1_121' title="bbox 2105 3081 3687 3151; baseline 0 -17"><span class='ocrx_word' id='word_1_957' title='bbox 2105 3081 2171 3134; x_wconf 89' lang='lat' dir='ltr'><strong>sit</strong></span> <span class='ocrx_word' id='word_1_958' title='bbox 2186 3089 2237 3133; x_wconf 90' lang='lat' dir='ltr'><strong>et</strong></span> <span class='ocrx_word' id='word_1_959' title='bbox 2254 3081 2616 3135; x_wconf 88' lang='lat' dir='ltr'><strong>immutabilis.</strong></span> <span class='ocrx_word' id='word_1_960' title='bbox 2630 3081 2732 3136; x_wconf 90' lang='lat' dir='ltr'><strong>Sed</strong></span> <span class='ocrx_word' id='word_1_961' title='bbox 2752 3091 2872 3151; x_wconf 91' lang='lat' dir='ltr'><strong>post</strong></span> <span class='ocrx_word' id='word_1_962' title='bbox 2884 3082 3351 3136; x_wconf 87' lang='lat' dir='ltr'><strong>commutationem</strong></span> <span class='ocrx_word' id='word_1_963' title='bbox 3365 3094 3559 3149; x_wconf 88' lang='lat' dir='ltr'><strong>corpus</strong></span> <span class='ocrx_word' id='word_1_964' title='bbox 3575 3094 3687 3135; x_wconf 86' lang='lat' dir='ltr'><strong>non</strong></span> 
     </span>
    </p>
   </div>
   <div class='ocr_carea' id='block_1_117' title="bbox 2106 3151 3687 3220">
    <p class='ocr_par' dir='ltr' id='par_1_117' title="bbox 2106 3151 3687 3220">
     <span class='ocr_line' id='line_1_122' title="bbox 2106 3151 3687 3220; baseline 0 -15"><span class='ocrx_word' id='word_1_965' title='bbox 2106 3159 2357 3206; x_wconf 91' lang='lat' dir='ltr'><strong>mutatur.</strong></span> <span class='ocrx_word' id='word_1_966' title='bbox 2384 3153 2457 3206; x_wconf 82' lang='lat' dir='ltr'><strong>Ea</strong></span> <span class='ocrx_word' id='word_1_967' title='bbox 2483 3151 2695 3206; x_wconf 89' lang='lat' dir='ltr'><strong>demum</strong></span> <span class='ocrx_word' id='word_1_968' title='bbox 2719 3168 2844 3209; x_wconf 88' lang='lat' dir='ltr'><strong>vera</strong></span> <span class='ocrx_word' id='word_1_969' title='bbox 2873 3162 2929 3208; x_wconf 90' lang='lat' dir='ltr'><strong>et</strong></span> <span class='ocrx_word' id='word_1_970' title='bbox 2953 3153 3157 3207; x_wconf 88' lang='lat' dir='ltr'><strong>sincera</strong></span> <span class='ocrx_word' id='word_1_971' title='bbox 3187 3151 3403 3206; x_wconf 89' lang='lat' dir='ltr'><strong>libertas</strong></span> <span class='ocrx_word' id='word_1_972' title='bbox 3438 3157 3542 3214; x_wconf 88' lang='lat' dir='ltr'><strong>est,</strong></span> <span class='ocrx_word' id='word_1_973' title='bbox 3577 3164 3687 3220; x_wconf 87' lang='lat' dir='ltr'><strong>qua</strong></span> 
     </span>
    </p>
   </div>
   <div class='ocr_carea' id='block_1_118' title="bbox 2105 3223 3691 3293">
    <p class='ocr_par' dir='ltr' id='par_1_118' title="bbox 2105 3223 3691 3293">
     <span class='ocr_line' id='line_1_123' title="bbox 2105 3223 3691 3293; baseline -0.001 -17"><span class='ocrx_word' id='word_1_974' title='bbox 2105 3223 2160 3293; x_wconf 86' lang='lat' dir='ltr'><strong>ﬁt</strong></span> <span class='ocrx_word' id='word_1_975' title='bbox 2189 3232 2246 3276; x_wconf 90' lang='lat' dir='ltr'><strong>ut</strong></span> <span class='ocrx_word' id='word_1_976' title='bbox 2273 3223 2591 3293; x_wconf 90' lang='lat' dir='ltr'><strong>ubicumque</strong></span> <span class='ocrx_word' id='word_1_977' title='bbox 2615 3223 2867 3293; x_wconf 69' lang='lat' dir='ltr'><strong>sis,{benc</strong></span> <span class='ocrx_word' id='word_1_978' title='bbox 2887 3226 2955 3278; x_wconf 88' lang='lat' dir='ltr'><strong>sit</strong></span> <span class='ocrx_word' id='word_1_979' title='bbox 2981 3224 3097 3279; x_wconf 90' lang='lat' dir='ltr'><strong>tibi.</strong></span> <span class='ocrx_word' id='word_1_980' title='bbox 3124 3223 3262 3277; x_wconf 88' lang='lat' dir='ltr'><strong>Deus</strong></span> <span class='ocrx_word' id='word_1_981' title='bbox 3283 3230 3461 3276; x_wconf 76' lang='lat' dir='ltr'><strong>autem</strong></span> <span class='ocrx_word' id='word_1_982' title='bbox 3487 3230 3572 3276; x_wconf 89' lang='lat' dir='ltr'><strong>est</strong></span> <span class='ocrx_word' id='word_1_983' title='bbox 3598 3235 3691 3276; x_wconf 87' lang='lat' dir='ltr'><strong>so-</strong></span> 
     </span>
    </p>
   </div>
   <div class='ocr_carea' id='block_1_119' title="bbox 2104 3292 3685 3364">
    <p class='ocr_par' dir='ltr' id='par_1_119' title="bbox 2104 3292 3685 3364">
     <span class='ocr_line' id='line_1_124' title="bbox 2104 3292 3685 3364; baseline -0.001 -17"><span class='ocrx_word' id='word_1_984' title='bbox 2104 3292 2205 3359; x_wconf 92' lang='lat' dir='ltr'><strong>lus,</strong></span> <span class='ocrx_word' id='word_1_985' title='bbox 2222 3309 2482 3364; x_wconf 90' lang='lat' dir='ltr'><strong>nusquam</strong></span> <span class='ocrx_word' id='word_1_986' title='bbox 2503 3292 2695 3349; x_wconf 87' lang='lat' dir='ltr'><strong>absens</strong></span> <span class='ocrx_word' id='word_1_987' title='bbox 2715 3292 2782 3351; x_wconf 86' lang='lat' dir='ltr'><strong>ab</strong></span> <span class='ocrx_word' id='word_1_988' title='bbox 2797 3296 2875 3350; x_wconf 91' lang='lat' dir='ltr'><strong>eis</strong></span> <span class='ocrx_word' id='word_1_989' title='bbox 2891 3295 3083 3364; x_wconf 89' lang='lat' dir='ltr'><strong>quibus</strong></span> <span class='ocrx_word' id='word_1_990' title='bbox 3111 3295 3256 3349; x_wconf 90' lang='lat' dir='ltr'><strong>solus</strong></span> <span class='ocrx_word' id='word_1_991' title='bbox 3276 3294 3293 3325; x_wconf 78' lang='grc'>⁸</span> <span class='ocrx_word' id='word_1_992' title='bbox 3315 3293 3560 3359; x_wconf 87' lang='lat' dir='ltr'><strong>voluptas</strong></span> <span class='ocrx_word' id='word_1_993' title='bbox 3582 3301 3685 3364; x_wconf 81' lang='lat' dir='ltr'><strong>est.</strong></span> 
     </span>
    </p>
   </div>
   <div class='ocr_carea' id='block_1_120' title="bbox 2104 3362 3692 3423">
    <p class='ocr_par' dir='ltr' id='par_1_120' title="bbox 2104 3362 3692 3423">
     <span class='ocr_line' id='line_1_125' title="bbox 2104 3362 3692 3423; baseline -0.001 -5"><span class='ocrx_word' id='word_1_994' title='bbox 2104 3365 2263 3419; x_wconf 87' lang='lat' dir='ltr'><strong>Pater</strong></span> <span class='ocrx_word' id='word_1_995' title='bbox 2303 3362 2481 3420; x_wconf 84' lang='lat' dir='ltr'><strong>autem</strong></span> <span class='ocrx_word' id='word_1_996' title='bbox 2526 3365 2831 3423; x_wconf 86' lang='lat' dir='ltr'><strong>misericors</strong></span> <span class='ocrx_word' id='word_1_997' title='bbox 2867 3362 3110 3421; x_wconf 83' lang='lat' dir='ltr'><strong>mortalia</strong></span> <span class='ocrx_word' id='word_1_998' title='bbox 3138 3365 3241 3419; x_wconf 92' lang='lat' dir='ltr'><strong>illis</strong></span> <span class='ocrx_word' id='word_1_999' title='bbox 3287 3364 3497 3418; x_wconf 84' lang='lat' dir='ltr'><strong>vincula</strong></span> <span class='ocrx_word' id='word_1_1000' title='bbox 3528 3362 3692 3417; x_wconf 85' lang='lat' dir='ltr'><strong>facie-</strong></span> 
     </span>
    </p>
   </div>
   <div class='ocr_carea' id='block_1_121' title="bbox 2103 3436 3692 3506">
    <p class='ocr_par' dir='ltr' id='par_1_121' title="bbox 2103 3436 3692 3506">
     <span class='ocr_line' id='line_1_126' title="bbox 2103 3436 3692 3506; baseline -0.001 -16"><span class='ocrx_word' id='word_1_1001' title='bbox 2103 3436 2195 3490; x_wconf 85' lang='lat' dir='ltr'><strong>bat</strong></span> <span class='ocrx_word' id='word_1_1002' title='bbox 2229 3436 2325 3506; x_wconf 88' lang='lat' dir='ltr'><strong>(a).</strong></span> <span class='ocrx_word' id='word_1_1003' title='bbox 2361 3438 2659 3492; x_wconf 90' lang='lat' dir='ltr'><strong>Descensus</strong></span> <span class='ocrx_word' id='word_1_1004' title='bbox 2684 3438 2878 3492; x_wconf 70' lang='lat' dir='ltr'><strong>anima:</strong></span> <span class='ocrx_word' id='word_1_1005' title='bbox 2919 3437 3039 3491; x_wconf 89' lang='lat' dir='ltr'><strong>talis</strong></span> <span class='ocrx_word' id='word_1_1006' title='bbox 3076 3444 3189 3500; x_wconf 88' lang='lat' dir='ltr'><strong>est,</strong></span> <span class='ocrx_word' id='word_1_1007' title='bbox 3220 3443 3281 3490; x_wconf 91' lang='lat' dir='ltr'><strong>ut</strong></span> <span class='ocrx_word' id='word_1_1008' title='bbox 3308 3449 3428 3489; x_wconf 92' lang='lat' dir='ltr'><strong>cum</strong></span> <span class='ocrx_word' id='word_1_1009' title='bbox 3460 3442 3692 3503; x_wconf 83' lang='lat' dir='ltr'><strong>putatse</strong></span> 
     </span>
    </p>
   </div>
   <div class='ocr_carea' id='block_1_122' title="bbox 2102 3506 3688 3578">
    <p class='ocr_par' dir='ltr' id='par_1_122' title="bbox 2102 3506 3688 3578">
     <span class='ocr_line' id='line_1_127' title="bbox 2102 3506 3688 3578; baseline -0.003 -16"><span class='ocrx_word' id='word_1_1010' title='bbox 2102 3507 2298 3576; x_wconf 91' lang='lat' dir='ltr'><strong>aliquid</strong></span> <span class='ocrx_word' id='word_1_1011' title='bbox 2327 3515 2577 3578; x_wconf 89' lang='lat' dir='ltr'><strong>appetere</strong></span> <span class='ocrx_word' id='word_1_1012' title='bbox 2603 3508 2742 3577; x_wconf 91' lang='lat' dir='ltr'><strong>quod</strong></span> <span class='ocrx_word' id='word_1_1013' title='bbox 2770 3509 2868 3563; x_wconf 92' lang='lat' dir='ltr'><strong>sibi</strong></span> <span class='ocrx_word' id='word_1_1014' title='bbox 2906 3508 3094 3577; x_wconf 90' lang='lat' dir='ltr'><strong>prosit,</strong></span> <span class='ocrx_word' id='word_1_1015' title='bbox 3121 3506 3187 3562; x_wconf 93' lang='lat' dir='ltr'><strong>ad</strong></span> <span class='ocrx_word' id='word_1_1016' title='bbox 3209 3506 3310 3578; x_wconf 85' lang='lat' dir='ltr'><strong>alia</strong></span> <span class='ocrx_word' id='word_1_1017' title='bbox 3333 3506 3456 3578; x_wconf 86' lang='lat' dir='ltr'><strong>huic</strong></span> <span class='ocrx_word' id='word_1_1018' title='bbox 3486 3506 3562 3559; x_wconf 89' lang='lat' dir='ltr'><strong>rei</strong></span> <span class='ocrx_word' id='word_1_1019' title='bbox 3593 3520 3688 3578; x_wconf 79' lang='lat' dir='ltr'><strong>ne-</strong></span> 
     </span>
    </p>
   </div>
   <div class='ocr_carea' id='block_1_123' title="bbox 2102 3575 3688 3649">
    <p class='ocr_par' dir='ltr' id='par_1_123' title="bbox 2102 3575 3688 3649">
     <span class='ocr_line' id='line_1_128' title="bbox 2102 3575 3688 3649; baseline -0.003 -16"><span class='ocrx_word' id='word_1_1020' title='bbox 2102 3575 2333 3633; x_wconf 88' lang='lat' dir='ltr'><strong>cessaria</strong></span> <span class='ocrx_word' id='word_1_1021' title='bbox 2364 3575 2650 3649; x_wconf 60' lang='lat' dir='ltr'><strong>trahatur}</strong></span> <span class='ocrx_word' id='word_1_1022' title='bbox 2677 3594 2740 3633; x_wconf 91' lang='lat' dir='ltr'><strong>ac</strong></span> <span class='ocrx_word' id='word_1_1023' title='bbox 2785 3581 2829 3633; x_wconf 91' lang='lat' dir='ltr'><strong>si</strong></span> <span class='ocrx_word' id='word_1_1024' title='bbox 2864 3575 2919 3634; x_wconf 82' lang='lat' dir='ltr'><strong>id</strong></span> <span class='ocrx_word' id='word_1_1025' title='bbox 2961 3578 3105 3649; x_wconf 91' lang='lat' dir='ltr'><strong>quod</strong></span> <span class='ocrx_word' id='word_1_1026' title='bbox 3134 3576 3387 3649; x_wconf 82' lang='lat' dir='ltr'><strong>volebat’</strong></span> <span class='ocrx_word' id='word_1_1027' title='bbox 3411 3577 3464 3649; x_wconf 83' lang='lat' dir='ltr'><strong>in</strong></span> <span class='ocrx_word' id='word_1_1028' title='bbox 3493 3575 3688 3649; x_wconf 76' lang='lat' dir='ltr'><strong>multis</strong></span> 
     </span>
    </p>
   </div>
   <div class='ocr_carea' id='block_1_124' title="bbox 2102 3644 3684 3719">
    <p class='ocr_par' dir='ltr' id='par_1_124' title="bbox 2102 3644 3684 3719">
     <span class='ocr_line' id='line_1_129' title="bbox 2102 3644 3684 3719; baseline -0.002 -16"><span class='ocrx_word' id='word_1_1029' title='bbox 2102 3650 2424 3717; x_wconf 88' lang='lat' dir='ltr'><strong>implicetur,</strong></span> <span class='ocrx_word' id='word_1_1030' title='bbox 2456 3658 2511 3704; x_wconf 90' lang='lat' dir='ltr'><strong>et</strong></span> <span class='ocrx_word' id='word_1_1031' title='bbox 2532 3648 2693 3716; x_wconf 90' lang='lat' dir='ltr'><strong>dicat,</strong></span> <span class='ocrx_word' id='word_1_1032' title='bbox 2724 3649 2962 3705; x_wconf 66' lang='lat' dir='ltr'><strong>PI‘tCVCIIi</strong></span> <span class='ocrx_word' id='word_1_1033' title='bbox 2981 3644 3180 3704; x_wconf 75' lang='lat' dir='ltr'><strong>nolens</strong></span> <span class='ocrx_word' id='word_1_1034' title='bbox 3202 3647 3342 3719; x_wconf 91' lang='lat' dir='ltr'><strong>quod</strong></span> <span class='ocrx_word' id='word_1_1035' title='bbox 3372 3644 3684 3719; x_wconf 77' lang='lat' dir='ltr'><strong>volebam‘;</strong></span> 
     </span>
    </p>
   </div>
   <div class='ocr_carea' id='block_1_125' title="bbox 2102 3717 3690 3790">
    <p class='ocr_par' dir='ltr' id='par_1_125' title="bbox 2102 3717 3690 3790">
     <span class='ocr_line' id='line_1_130' title="bbox 2102 3717 3690 3790; baseline -0.004 -14"><span class='ocrx_word' id='word_1_1036' title='bbox 2102 3721 2239 3776; x_wconf 86' lang='lat' dir='ltr'><strong>redit</strong></span> <span class='ocrx_word' id='word_1_1037' title='bbox 2265 3730 2439 3776; x_wconf 77' lang='lat' dir='ltr'><strong>autem</strong></span> <span class='ocrx_word' id='word_1_1038' title='bbox 2462 3735 2558 3790; x_wconf 86' lang='lat' dir='ltr'><strong>per</strong></span> <span class='ocrx_word' id='word_1_1039' title='bbox 2584 3722 2809 3789; x_wconf 88' lang='lat' dir='ltr'><strong>gratiam</strong></span> <span class='ocrx_word' id='word_1_1040' title='bbox 2842 3721 2958 3776; x_wconf 89' lang='lat' dir='ltr'><strong>Dei.</strong></span> <span class='ocrx_word' id='word_1_1041' title='bbox 2988 3720 3111 3775; x_wconf 88' lang='lat' dir='ltr'><strong>Tria</strong></span> <span class='ocrx_word' id='word_1_1042' title='bbox 3136 3717 3260 3776; x_wconf 82' lang='lat' dir='ltr'><strong>sunt</strong></span> <span class='ocrx_word' id='word_1_1043' title='bbox 3294 3732 3488 3789; x_wconf 83' lang='lat' dir='ltr'><strong>genera</strong></span> <span class='ocrx_word' id='word_1_1044' title='bbox 3514 3717 3690 3772; x_wconf 81' lang='lat' dir='ltr'><strong>virtu-</strong></span> 
     </span>
    </p>
   </div>
   <div class='ocr_carea' id='block_1_126' title="bbox 2103 3790 3204 3861">
    <p class='ocr_par' dir='ltr' id='par_1_126' title="bbox 2103 3790 3204 3861">
     <span class='ocr_line' id='line_1_131' title="bbox 2103 3790 3204 3861; baseline -0.002 -14"><span class='ocrx_word' id='word_1_1045' title='bbox 2103 3802 2213 3847; x_wconf 88' lang='lat' dir='ltr'><strong>tum</strong></span> <span class='ocrx_word' id='word_1_1046' title='bbox 2248 3810 2263 3847; x_wconf 88' lang='lat'><strong>:</strong></span> <span class='ocrx_word' id='word_1_1047' title='bbox 2292 3793 2478 3861; x_wconf 70' lang='lat' dir='ltr'><strong>primm</strong></span> <span class='ocrx_word' id='word_1_1048' title='bbox 2502 3790 2686 3845; x_wconf 89' lang='lat' dir='ltr'><strong>civiles</strong></span> <span class='ocrx_word' id='word_1_1049' title='bbox 2715 3792 3071 3860; x_wconf 87' lang='lat' dir='ltr'><strong>politicorum,</strong></span> <span class='ocrx_word' id='word_1_1050' title='bbox 3100 3800 3204 3846; x_wconf 89' lang='lat' dir='ltr'><strong>etc.</strong></span> 
     </span>
    </p>
   </div>
   <div class='ocr_carea' id='block_1_127' title="bbox 2175 3855 3694 3918">
    <p class='ocr_par' dir='ltr' id='par_1_127' title="bbox 2175 3855 3694 3918">
     <span class='ocr_line' id='line_1_132' title="bbox 2175 3855 3694 3918; baseline -0.005 0"><span class='ocrx_word' id='word_1_1051' title='bbox 2175 3855 2335 3918; x_wconf 65' lang='lat' dir='ltr'><strong>Seni.</strong></span> <span class='ocrx_word' id='word_1_1052' title='bbox 2380 3862 2496 3917; x_wconf 79' lang='lat' dir='ltr'><strong>XX.</strong></span> <span class='ocrx_word' id='word_1_1053' title='bbox 2535 3890 2607 3903; x_wconf 89' lang='lat'><strong>--</strong></span> <span class='ocrx_word' id='word_1_1054' title='bbox 2661 3855 2739 3916; x_wconf 73' lang='lat' dir='ltr'><strong>De</strong></span> <span class='ocrx_word' id='word_1_1055' title='bbox 2781 3862 2936 3917; x_wconf 88' lang='lat' dir='ltr'><strong>malo.</strong></span> <span class='ocrx_word' id='word_1_1056' title='bbox 2977 3862 3172 3917; x_wconf 87' lang='lat' dir='ltr'><strong>Notitia</strong></span> <span class='ocrx_word' id='word_1_1057' title='bbox 3215 3860 3357 3916; x_wconf 91' lang='lat' dir='ltr'><strong>enim</strong></span> <span class='ocrx_word' id='word_1_1058' title='bbox 3385 3855 3694 3914; x_wconf 85' lang='lat' dir='ltr'><strong>evidentior</strong></span> 
     </span>
    </p>
   </div>
   <div class='ocr_carea' id='block_1_128' title="bbox 2103 3928 3692 4003">
    <p class='ocr_par' dir='ltr' id='par_1_128' title="bbox 2103 3928 3692 4003">
     <span class='ocr_line' id='line_1_133' title="bbox 2103 3928 3692 4003; baseline -0.005 -15"><span class='ocrx_word' id='word_1_1059' title='bbox 2103 3934 2225 3989; x_wconf 88' lang='lat' dir='ltr'><strong>boni</strong></span> <span class='ocrx_word' id='word_1_1060' title='bbox 2247 3976 2262 4000; x_wconf 92' lang='lat'><strong>,</strong></span> <span class='ocrx_word' id='word_1_1061' title='bbox 2292 3934 2417 3988; x_wconf 88' lang='lat' dir='ltr'><strong>mali</strong></span> <span class='ocrx_word' id='word_1_1062' title='bbox 2459 3940 2542 3988; x_wconf 89' lang='lat' dir='ltr'><strong>est</strong></span> <span class='ocrx_word' id='word_1_1063' title='bbox 2577 3934 3000 4003; x_wconf 84' lang='lat' dir='ltr'><strong>experimentum</strong></span> <span class='ocrx_word' id='word_1_1064' title='bbox 3042 3934 3107 3986; x_wconf 89' lang='lat' dir='ltr'><strong>iis</strong></span> <span class='ocrx_word' id='word_1_1065' title='bbox 3129 3932 3318 4001; x_wconf 89' lang='lat' dir='ltr'><strong>quibus</strong></span> <span class='ocrx_word' id='word_1_1066' title='bbox 3347 3928 3583 4003; x_wconf 76' lang='lat' dir='ltr'><strong>potentia</strong></span> <span class='ocrx_word' id='word_1_1067' title='bbox 3611 3928 3692 3981; x_wconf 83' lang='lat' dir='ltr'><strong>iu-</strong></span> 
     </span>
    </p>
   </div>
   <div class='ocr_carea' id='block_1_129' title="bbox 2103 4000 3693 4074">
    <p class='ocr_par' dir='ltr' id='par_1_129' title="bbox 2103 4000 3693 4074">
     <span class='ocr_line' id='line_1_134' title="bbox 2103 4000 3693 4074; baseline -0.005 -14"><span class='ocrx_word' id='word_1_1068' title='bbox 2103 4006 2267 4060; x_wconf 87' lang='lat' dir='ltr'><strong>tcrior</strong></span> <span class='ocrx_word' id='word_1_1069' title='bbox 2292 4014 2393 4069; x_wconf 90' lang='lat' dir='ltr'><strong>est,</strong></span> <span class='ocrx_word' id='word_1_1070' title='bbox 2422 4013 2480 4058; x_wconf 93' lang='lat' dir='ltr'><strong>ut</strong></span> <span class='ocrx_word' id='word_1_1071' title='bbox 2506 4019 2599 4074; x_wconf 87' lang='lat' dir='ltr'><strong>per</strong></span> <span class='ocrx_word' id='word_1_1072' title='bbox 2626 4000 2960 4074; x_wconf 86' lang='lat' dir='ltr'><strong>disciplinam</strong></span> <span class='ocrx_word' id='word_1_1073' title='bbox 2987 4000 3181 4057; x_wconf 87' lang='lat' dir='ltr'><strong>malum</strong></span> <span class='ocrx_word' id='word_1_1074' title='bbox 3204 4012 3327 4056; x_wconf 90' lang='lat' dir='ltr'><strong>ante</strong></span> <span class='ocrx_word' id='word_1_1075' title='bbox 3350 4000 3693 4070; x_wconf 82' lang='lat' dir='ltr'><strong>experimen-</strong></span> 
     </span>
    </p>
   </div>
   <div class='ocr_carea' id='block_1_130' title="bbox 2103 4073 3689 4140">
    <p class='ocr_par' dir='ltr' id='par_1_130' title="bbox 2103 4073 3689 4140">
     <span class='ocr_line' id='line_1_135' title="bbox 2103 4073 3689 4140; baseline -0.004 -10"><span class='ocrx_word' id='word_1_1076' title='bbox 2103 4086 2215 4131; x_wconf 90' lang='lat' dir='ltr'><strong>tum</strong></span> <span class='ocrx_word' id='word_1_1077' title='bbox 2242 4078 2430 4130; x_wconf 89' lang='lat' dir='ltr'><strong>seiant.</strong></span> <span class='ocrx_word' id='word_1_1078' title='bbox 2465 4073 2577 4129; x_wconf 76' lang='lat' dir='ltr'><strong>Nan</strong></span> <span class='ocrx_word' id='word_1_1079' title='bbox 2610 4073 2787 4130; x_wconf 83' lang='lat' dir='ltr'><strong>essent</strong></span> <span class='ocrx_word' id='word_1_1080' title='bbox 2828 4076 2964 4129; x_wconf 90' lang='lat' dir='ltr'><strong>bona</strong></span> <span class='ocrx_word' id='word_1_1081' title='bbox 2991 4075 3162 4128; x_wconf 92' lang='lat' dir='ltr'><strong>dulcia</strong></span> <span class='ocrx_word' id='word_1_1082' title='bbox 3182 4116 3195 4139; x_wconf 90' lang='lat'><strong>,</strong></span> <span class='ocrx_word' id='word_1_1083' title='bbox 3229 4073 3275 4129; x_wconf 90' lang='lat' dir='ltr'><strong>si</strong></span> <span class='ocrx_word' id='word_1_1084' title='bbox 3303 4087 3406 4127; x_wconf 92' lang='lat' dir='ltr'><strong>non</strong></span> <span class='ocrx_word' id='word_1_1085' title='bbox 3437 4080 3689 4140; x_wconf 89' lang='lat' dir='ltr'><strong>pateren-</strong></span> 
     </span>
    </p>
   </div>
   <div class='ocr_carea' id='block_1_131' title="bbox 2102 4141 3693 4215">
    <p class='ocr_par' dir='ltr' id='par_1_131' title="bbox 2102 4141 3693 4215">
     <span class='ocr_line' id='line_1_136' title="bbox 2102 4141 3693 4215; baseline -0.005 -14"><span class='ocrx_word' id='word_1_1086' title='bbox 2102 4157 2188 4201; x_wconf 88' lang='lat' dir='ltr'><strong>tur</strong></span> <span class='ocrx_word' id='word_1_1087' title='bbox 2231 4147 2476 4201; x_wconf 83' lang='lat' dir='ltr'><strong>adversa.</strong></span> <span class='ocrx_word' id='word_1_1088' title='bbox 2508 4144 2636 4200; x_wconf 86' lang='lat' dir='ltr'><strong>Item</strong></span> <span class='ocrx_word' id='word_1_1089' title='bbox 2689 4146 2885 4200; x_wconf 92' lang='lat' dir='ltr'><strong>bonum</strong></span> <span class='ocrx_word' id='word_1_1090' title='bbox 2938 4144 3080 4215; x_wconf 86' lang='lat' dir='ltr'><strong>quod</strong></span> <span class='ocrx_word' id='word_1_1091' title='bbox 3130 4141 3463 4215; x_wconf 77' lang='lat' dir='ltr'><strong>observando</strong></span> <span class='ocrx_word' id='word_1_1092' title='bbox 3510 4141 3693 4215; x_wconf 81' lang='lat' dir='ltr'><strong>minus</strong></span> 
     </span>
    </p>
   </div>
   <div class='ocr_carea' id='block_1_132' title="bbox 2102 4210 3694 4286">
    <p class='ocr_par' dir='ltr' id='par_1_132' title="bbox 2102 4210 3694 4286">
     <span class='ocr_line' id='line_1_137' title="bbox 2102 4210 3694 4286; baseline -0.004 -14"><span class='ocrx_word' id='word_1_1093' title='bbox 2102 4218 2380 4284; x_wconf 82' lang='lat' dir='ltr'><strong>diligebat,</strong></span> <span class='ocrx_word' id='word_1_1094' title='bbox 2435 4216 2709 4271; x_wconf 88' lang='lat' dir='ltr'><strong>ardentius</strong></span> <span class='ocrx_word' id='word_1_1095' title='bbox 2759 4216 2924 4286; x_wconf 85' lang='lat' dir='ltr'><strong>diligit</strong></span> <span class='ocrx_word' id='word_1_1096' title='bbox 2959 4210 3367 4286; x_wconf 61' lang='lat' dir='ltr'><strong>&#39;comparando.</strong></span> <span class='ocrx_word' id='word_1_1097' title='bbox 3412 4211 3530 4286; x_wconf 76' lang='lat' dir='ltr'><strong>Non</strong></span> <span class='ocrx_word' id='word_1_1098' title='bbox 3584 4210 3694 4266; x_wconf 84' lang='lat' dir='ltr'><strong>erit</strong></span> 
     </span>
    </p>
   </div>
   <div class='ocr_carea' id='block_1_133' title="bbox 2102 4282 3689 4358">
    <p class='ocr_par' dir='ltr' id='par_1_133' title="bbox 2102 4282 3689 4358">
     <span class='ocr_line' id='line_1_138' title="bbox 2102 4282 3689 4358; baseline -0.004 -16"><span class='ocrx_word' id='word_1_1099' title='bbox 2102 4282 2345 4357; x_wconf 79' lang='lat' dir='ltr'><strong>magnus,</strong></span> <span class='ocrx_word' id='word_1_1100' title='bbox 2368 4282 2623 4357; x_wconf 77' lang='lat' dir='ltr'><strong>magnum</strong></span> <span class='ocrx_word' id='word_1_1101' title='bbox 2655 4282 2911 4358; x_wconf 68' lang='lat' dir='ltr'><strong>putanssi</strong></span> <span class='ocrx_word' id='word_1_1102' title='bbox 2939 4282 3141 4358; x_wconf 72' lang='lat' dir='ltr'><strong>cadunt</strong></span> <span class='ocrx_word' id='word_1_1103' title='bbox 3165 4285 3328 4354; x_wconf 83' lang='lat' dir='ltr'><strong>ligna,</strong></span> <span class='ocrx_word' id='word_1_1104' title='bbox 3354 4282 3559 4353; x_wconf 86' lang='lat' dir='ltr'><strong>lapides</strong></span> <span class='ocrx_word' id='word_1_1105' title='bbox 3580 4323 3596 4347; x_wconf 91' lang='lat'><strong>,</strong></span> <span class='ocrx_word' id='word_1_1106' title='bbox 3632 4289 3689 4335; x_wconf 86' lang='lat' dir='ltr'><strong>et</strong></span> 
     </span>
    </p>
   </div>
   <div class='ocr_carea' id='block_1_134' title="bbox 2101 4356 3692 4424">
    <p class='ocr_par' dir='ltr' id='par_1_134' title="bbox 2101 4356 3692 4424">
     <span class='ocr_line' id='line_1_139' title="bbox 2101 4356 3692 4424; baseline -0.005 -10"><span class='ocrx_word' id='word_1_1107' title='bbox 2101 4356 2403 4414; x_wconf 78' lang='lat' dir='ltr'><strong>moriuntur</strong></span> <span class='ocrx_word' id='word_1_1108' title='bbox 2432 4356 2702 4413; x_wconf 78' lang='lat' dir='ltr'><strong>mortales.</strong></span> <span class='ocrx_word' id='word_1_1109' title='bbox 2734 4357 2923 4413; x_wconf 90' lang='lat' dir='ltr'><strong>Utrum</strong></span> <span class='ocrx_word' id='word_1_1110' title='bbox 2948 4356 3240 4411; x_wconf 88' lang='lat' dir='ltr'><strong>secundum</strong></span> <span class='ocrx_word' id='word_1_1111' title='bbox 3264 4364 3495 4424; x_wconf 88' lang='lat' dir='ltr'><strong>tempus,</strong></span> <span class='ocrx_word' id='word_1_1112' title='bbox 3519 4369 3587 4406; x_wconf 90' lang='lat' dir='ltr'><strong>an</strong></span> <span class='ocrx_word' id='word_1_1113' title='bbox 3610 4367 3692 4424; x_wconf 86' lang='lat' dir='ltr'><strong>se-</strong></span> 
     </span>
    </p>
   </div>
   <div class='ocr_carea' id='block_1_135' title="bbox 2102 4423 3687 4495">
    <p class='ocr_par' dir='ltr' id='par_1_135' title="bbox 2102 4423 3687 4495">
     <span class='ocr_line' id='line_1_140' title="bbox 2102 4423 3687 4495; baseline -0.006 -10"><span class='ocrx_word' id='word_1_1114' title='bbox 2102 4428 2335 4485; x_wconf 91' lang='lat' dir='ltr'><strong>cundum</strong></span> <span class='ocrx_word' id='word_1_1115' title='bbox 2373 4428 2741 4484; x_wconf 76' lang='lat' dir='ltr'><strong>excellentiam</strong></span> <span class='ocrx_word' id='word_1_1116' title='bbox 2781 4429 2920 4483; x_wconf 91' lang='lat' dir='ltr'><strong>Deus</strong></span> <span class='ocrx_word' id='word_1_1117' title='bbox 2957 4436 3082 4481; x_wconf 90' lang='lat' dir='ltr'><strong>ante</strong></span> <span class='ocrx_word' id='word_1_1118' title='bbox 3106 4423 3514 4495; x_wconf 30' lang='lat' dir='ltr'><strong>tempora.’Non</strong></span> <span class='ocrx_word' id='word_1_1119' title='bbox 3540 4423 3687 4495; x_wconf 89' lang='lat' dir='ltr'><strong>enim</strong></span> 
     </span>
    </p>
   </div>
   <div class='ocr_carea' id='block_1_136' title="bbox 2102 4494 3690 4570">
    <p class='ocr_par' dir='ltr' id='par_1_136' title="bbox 2102 4494 3690 4570">
     <span class='ocr_line' id='line_1_141' title="bbox 2102 4494 3690 4570; baseline -0.005 -15"><span class='ocrx_word' id='word_1_1120' title='bbox 2102 4500 2395 4555; x_wconf 90' lang='lat' dir='ltr'><strong>secundum</strong></span> <span class='ocrx_word' id='word_1_1121' title='bbox 2444 4512 2653 4570; x_wconf 87' lang='lat' dir='ltr'><strong>tempus</strong></span> <span class='ocrx_word' id='word_1_1122' title='bbox 2724 4508 2847 4554; x_wconf 91' lang='lat' dir='ltr'><strong>ante</strong></span> <span class='ocrx_word' id='word_1_1123' title='bbox 2901 4509 3139 4568; x_wconf 89' lang='lat' dir='ltr'><strong>tempora</strong></span> <span class='ocrx_word' id='word_1_1124' title='bbox 3174 4513 3187 4549; x_wconf 90' lang='lat'><strong>:</strong></span> <span class='ocrx_word' id='word_1_1125' title='bbox 3220 4497 3456 4570; x_wconf 80' lang='lat' dir='ltr'><strong>alioquin</strong></span> <span class='ocrx_word' id='word_1_1126' title='bbox 3504 4494 3690 4570; x_wconf 80' lang='lat' dir='ltr'><strong>incipit</strong></span> 
     </span>
    </p>
   </div>
   <div class='ocr_carea' id='block_1_137' title="bbox 2104 4564 3688 4641">
    <p class='ocr_par' dir='ltr' id='par_1_137' title="bbox 2104 4564 3688 4641">
     <span class='ocr_line' id='line_1_142' title="bbox 2104 4564 3688 4641; baseline -0.005 -15"><span class='ocrx_word' id='word_1_1127' title='bbox 2104 4581 2343 4639; x_wconf 87' lang='lat' dir='ltr'><strong>tempore</strong></span> <span class='ocrx_word' id='word_1_1128' title='bbox 2389 4564 2690 4641; x_wconf 77' lang='lat' dir='ltr'><strong>przecedere</strong></span> <span class='ocrx_word' id='word_1_1129' title='bbox 2738 4578 2976 4638; x_wconf 89' lang='lat' dir='ltr'><strong>tempora</strong></span> <span class='ocrx_word' id='word_1_1130' title='bbox 2998 4564 3025 4634; x_wconf 64' lang='grc'><strong>,⁷</strong></span> <span class='ocrx_word' id='word_1_1131' title='bbox 3042 4577 3103 4641; x_wconf 80' lang='lat' dir='ltr'><strong>et</strong></span> <span class='ocrx_word' id='word_1_1132' title='bbox 3136 4581 3243 4622; x_wconf 92' lang='lat' dir='ltr'><strong>non</strong></span> <span class='ocrx_word' id='word_1_1133' title='bbox 3288 4564 3400 4638; x_wconf 82' lang='lat' dir='ltr'><strong>jam</strong></span> <span class='ocrx_word' id='word_1_1134' title='bbox 3432 4564 3688 4636; x_wconf 67' lang='lat' dir='ltr'><strong>priecedit</strong></span> 
     </span>
    </p>
   </div>
   <div class='ocr_carea' id='block_1_138' title="bbox 2103 4639 3153 4723">
    <p class='ocr_par' dir='ltr' id='par_1_138' title="bbox 2103 4639 3153 4723">
     <span class='ocr_line' id='line_1_143' title="bbox 2103 4639 3153 4723; baseline -0.008 -24"><span class='ocrx_word' id='word_1_1135' title='bbox 2103 4653 2345 4723; x_wconf 71' lang='lat' dir='ltr'><strong>tempora</strong></span> <span class='ocrx_word' id='word_1_1136' title='bbox 2374 4639 2739 4723; x_wconf 43' lang='lat' dir='ltr'><strong>quidempor&#39;e</strong></span> <span class='ocrx_word' id='word_1_1137' title='bbox 2766 4641 2852 4723; x_wconf 76' lang='lat' dir='ltr'><strong>illa</strong></span> <span class='ocrx_word' id='word_1_1138' title='bbox 2883 4639 3153 4723; x_wconf 66' lang='lat' dir='ltr'><strong>prmcedit.</strong></span> 
     </span>
    </p>
   </div>
   <div class='ocr_carea' id='block_1_139' title="bbox 2172 4706 3690 4769">
    <p class='ocr_par' dir='ltr' id='par_1_139' title="bbox 2172 4706 3690 4769">
     <span class='ocr_line' id='line_1_144' title="bbox 2172 4706 3690 4769; baseline -0.005 0"><span class='ocrx_word' id='word_1_1139' title='bbox 2172 4706 2332 4769; x_wconf 66' lang='lat' dir='ltr'><strong>sm.</strong></span> <span class='ocrx_word' id='word_1_1140' title='bbox 2375 4706 2516 4767; x_wconf 73' lang='lat' dir='ltr'><strong>XXI.</strong></span> <span class='ocrx_word' id='word_1_1141' title='bbox 2554 4706 2627 4752; x_wconf 73' lang='grc' dir='ltr'><strong>-ῖ</strong></span> <span class='ocrx_word' id='word_1_1142' title='bbox 2664 4706 2921 4767; x_wconf 82' lang='lat' dir='ltr'><strong>Delibero</strong></span> <span class='ocrx_word' id='word_1_1143' title='bbox 2960 4710 3188 4765; x_wconf 85' lang='lat' dir='ltr'><strong>arbitrio.</strong></span> <span class='ocrx_word' id='word_1_1144' title='bbox 3217 4707 3327 4765; x_wconf 86' lang='lat' dir='ltr'><strong>Nos</strong></span> <span class='ocrx_word' id='word_1_1145' title='bbox 3365 4715 3545 4763; x_wconf 87' lang='lat' dir='ltr'><strong>autem</strong></span> <span class='ocrx_word' id='word_1_1146' title='bbox 3577 4706 3690 4762; x_wconf 85' lang='lat' dir='ltr'><strong>Deo</strong></span> 
     </span>
    </p>
   </div>
   <div class='ocr_carea' id='block_1_140' title="bbox 2096 4780 3689 4857">
    <p class='ocr_par' dir='ltr' id='par_1_140' title="bbox 2096 4780 3689 4857">
     <span class='ocr_line' id='line_1_145' title="bbox 2096 4780 3689 4857; baseline -0.006 -17"><span class='ocrx_word' id='word_1_1147' title='bbox 2096 4786 2317 4857; x_wconf 90' lang='lat' dir='ltr'><strong>jubente</strong></span> <span class='ocrx_word' id='word_1_1148' title='bbox 2344 4799 2405 4857; x_wconf 86' lang='lat' dir='ltr'><strong>ea</strong></span> <span class='ocrx_word' id='word_1_1149' title='bbox 2428 4800 2545 4854; x_wconf 78' lang='lat' dir='ltr'><strong>qua:</strong></span> <span class='ocrx_word' id='word_1_1150' title='bbox 2572 4785 2815 4857; x_wconf 78' lang='lat' dir='ltr'><strong>volumus</strong></span> <span class='ocrx_word' id='word_1_1151' title='bbox 2841 4782 3049 4852; x_wconf 86' lang='lat' dir='ltr'><strong>agimus</strong></span> <span class='ocrx_word' id='word_1_1152' title='bbox 3068 4822 3081 4847; x_wconf 93' lang='lat'><strong>,</strong></span> <span class='ocrx_word' id='word_1_1153' title='bbox 3099 4780 3371 4857; x_wconf 85' lang='lat' dir='ltr'><strong>_quoniam_</strong></span> <span class='ocrx_word' id='word_1_1154' title='bbox 3401 4794 3521 4857; x_wconf 65' lang='lat' dir='ltr'><strong>qua:</strong></span> <span class='ocrx_word' id='word_1_1155' title='bbox 3564 4792 3689 4847; x_wconf 87' lang='lat' dir='ltr'><strong>pos-</strong></span> 
     </span>
    </p>
   </div>
   <div class='ocr_carea' id='block_1_141' title="bbox 2101 4850 3693 4922">
    <p class='ocr_par' dir='ltr' id='par_1_141' title="bbox 2101 4850 3693 4922">
     <span class='ocr_line' id='line_1_146' title="bbox 2101 4850 3693 4922; baseline -0.007 -10"><span class='ocrx_word' id='word_1_1156' title='bbox 2101 4850 2288 4913; x_wconf 77' lang='lat' dir='ltr'><strong>sumus</strong></span> <span class='ocrx_word' id='word_1_1157' title='bbox 2313 4850 2557 4909; x_wconf 81' lang='lat' dir='ltr'><strong>volumus</strong></span> <span class='ocrx_word' id='word_1_1158' title='bbox 2577 4898 2591 4922; x_wconf 92' lang='lat'><strong>,</strong></span> <span class='ocrx_word' id='word_1_1159' title='bbox 2621 4855 2759 4910; x_wconf 90' lang='lat' dir='ltr'><strong>bona</strong></span> <span class='ocrx_word' id='word_1_1160' title='bbox 2785 4850 3064 4907; x_wconf 79' lang='lat' dir='ltr'><strong>duntaxat.</strong></span> <span class='ocrx_word' id='word_1_1161' title='bbox 3097 4850 3231 4906; x_wconf 82' lang='lat' dir='ltr'><strong>Nam</strong></span> <span class='ocrx_word' id='word_1_1162' title='bbox 3271 4850 3407 4922; x_wconf 81' lang='lat' dir='ltr'><strong>mala</strong></span> <span class='ocrx_word' id='word_1_1163' title='bbox 3447 4851 3498 4902; x_wconf 91' lang='lat' dir='ltr'><strong>in</strong></span> <span class='ocrx_word' id='word_1_1164' title='bbox 3525 4856 3693 4922; x_wconf 72' lang='lat' dir='ltr'><strong>pote-</strong></span> 
     </span>
    </p>
   </div>
   <div class='ocr_carea' id='block_1_142' title="bbox 2102 4917 3687 4996">
    <p class='ocr_par' dir='ltr' id='par_1_142' title="bbox 2102 4917 3687 4996">
     <span class='ocr_line' id='line_1_147' title="bbox 2102 4917 3687 4996; baseline -0.008 -13"><span class='ocrx_word' id='word_1_1165' title='bbox 2102 4936 2242 4984; x_wconf 91' lang='lat' dir='ltr'><strong>state</strong></span> <span class='ocrx_word' id='word_1_1166' title='bbox 2271 4935 2397 4981; x_wconf 91' lang='lat' dir='ltr'><strong>sunt</strong></span> <span class='ocrx_word' id='word_1_1167' title='bbox 2442 4917 2654 4996; x_wconf 49' lang='lat' dir='ltr'><strong>quae&#39;in</strong></span> <span class='ocrx_word' id='word_1_1168' title='bbox 2679 4925 2950 4979; x_wconf 88' lang='lat' dir='ltr'><strong>voluntate</strong></span> <span class='ocrx_word' id='word_1_1169' title='bbox 2971 4938 3091 4996; x_wconf 83' lang='lat' dir='ltr'><strong>esse</strong></span> <span class='ocrx_word' id='word_1_1170' title='bbox 3126 4937 3232 4976; x_wconf 94' lang='lat' dir='ltr'><strong>non</strong></span> <span class='ocrx_word' id='word_1_1171' title='bbox 3267 4920 3491 4996; x_wconf 73' lang='lat' dir='ltr'><strong>debent.</strong></span> <span class='ocrx_word' id='word_1_1172' title='bbox 3522 4917 3687 4996; x_wconf 76' lang='lat' dir='ltr'><strong>quue</strong></span> 
     </span>
    </p>
   </div>
   <div class='ocr_carea' id='block_1_143' title="bbox 2102 4988 3689 5066">
    <p class='ocr_par' dir='ltr' id='par_1_143' title="bbox 2102 4988 3689 5066">
     <span class='ocr_line' id='line_1_148' title="bbox 2102 4988 3689 5066; baseline -0.007 -13"><span class='ocrx_word' id='word_1_1173' title='bbox 2102 5008 2184 5053; x_wconf 89' lang='lat' dir='ltr'><strong>est</strong></span> <span class='ocrx_word' id='word_1_1174' title='bbox 2228 5007 2283 5053; x_wconf 94' lang='lat' dir='ltr'><strong>et</strong></span> <span class='ocrx_word' id='word_1_1175' title='bbox 2312 4988 2598 5066; x_wconf 79' lang='lat' dir='ltr'><strong>plurimum</strong></span> <span class='ocrx_word' id='word_1_1176' title='bbox 2622 5004 2676 5050; x_wconf 93' lang='lat' dir='ltr'><strong>et</strong></span> <span class='ocrx_word' id='word_1_1177' title='bbox 2701 4996 2871 5049; x_wconf 89' lang='lat' dir='ltr'><strong>solum</strong></span> <span class='ocrx_word' id='word_1_1178' title='bbox 2908 4996 2958 5048; x_wconf 92' lang='lat' dir='ltr'><strong>in</strong></span> <span class='ocrx_word' id='word_1_1179' title='bbox 3003 4995 3175 5049; x_wconf 90' lang='lat' dir='ltr'><strong>libero</strong></span> <span class='ocrx_word' id='word_1_1180' title='bbox 3203 4990 3454 5066; x_wconf 79' lang='lat' dir='ltr'><strong>arbitrio,</strong></span> <span class='ocrx_word' id='word_1_1181' title='bbox 3486 4988 3689 5066; x_wconf 49' lang='lat' dir='ltr'><strong>plenis:</strong></span> 
     </span>
    </p>
   </div>
   <div class='ocr_carea' id='block_1_144' title="bbox 2101 5059 3689 5137">
    <p class='ocr_par' dir='ltr' id='par_1_144' title="bbox 2101 5059 3689 5137">
     <span class='ocr_line' id='line_1_149' title="bbox 2101 5059 3689 5137; baseline -0.006 -14"><span class='ocrx_word' id='word_1_1182' title='bbox 2101 5070 2238 5124; x_wconf 88' lang='lat' dir='ltr'><strong>sime</strong></span> <span class='ocrx_word' id='word_1_1183' title='bbox 2267 5059 2402 5122; x_wconf 81' lang='lat' dir='ltr'><strong>velle</strong></span> <span class='ocrx_word' id='word_1_1184' title='bbox 2429 5082 2588 5121; x_wconf 90' lang='lat' dir='ltr'><strong>omne</strong></span> <span class='ocrx_word' id='word_1_1185' title='bbox 2623 5066 2764 5137; x_wconf 88' lang='lat' dir='ltr'><strong>quod</strong></span> <span class='ocrx_word' id='word_1_1186' title='bbox 2798 5075 2941 5137; x_wconf 90' lang='lat' dir='ltr'><strong>recte</strong></span> <span class='ocrx_word' id='word_1_1187' title='bbox 2970 5080 3127 5137; x_wconf 83' lang='lat' dir='ltr'><strong>agere</strong></span> <span class='ocrx_word' id='word_1_1188' title='bbox 3151 5062 3324 5133; x_wconf 88' lang='lat' dir='ltr'><strong>possis</strong></span> <span class='ocrx_word' id='word_1_1189' title='bbox 3347 5059 3369 5091; x_wconf 70' lang='grc' dir='ltr'>δ</span> <span class='ocrx_word' id='word_1_1190' title='bbox 3396 5078 3409 5115; x_wconf 88' lang='lat'>:</span> <span class='ocrx_word' id='word_1_1191' title='bbox 3455 5060 3510 5137; x_wconf 35' lang='lat' dir='ltr'><strong>si.</strong></span> <span class='ocrx_word' id='word_1_1192' title='bbox 3543 5059 3689 5129; x_wconf 88' lang='lat' dir='ltr'><strong>quod</strong></span> 
     </span>
    </p>
   </div>
   <div class='ocr_carea' id='block_1_145' title="bbox 2103 5129 3690 5208">
    <p class='ocr_par' dir='ltr' id='par_1_145' title="bbox 2103 5129 3690 5208">
     <span class='ocr_line' id='line_1_150' title="bbox 2103 5129 3690 5208; baseline -0.006 -13"><span class='ocrx_word' id='word_1_1193' title='bbox 2103 5148 2250 5195; x_wconf 87' lang='lat' dir='ltr'><strong>recte</strong></span> <span class='ocrx_word' id='word_1_1194' title='bbox 2276 5138 2356 5193; x_wconf 90' lang='lat' dir='ltr'><strong>vis</strong></span> <span class='ocrx_word' id='word_1_1195' title='bbox 2382 5153 2541 5208; x_wconf 83' lang='lat' dir='ltr'><strong>agere</strong></span> <span class='ocrx_word' id='word_1_1196' title='bbox 2572 5129 2675 5191; x_wconf 75' lang='lat' dir='ltr'><strong>non</strong></span> <span class='ocrx_word' id='word_1_1197' title='bbox 2706 5147 2877 5208; x_wconf 88' lang='lat' dir='ltr'><strong>potes,</strong></span> <span class='ocrx_word' id='word_1_1198' title='bbox 2904 5136 2991 5208; x_wconf 86' lang='lat' dir='ltr'><strong>fac</strong></span> <span class='ocrx_word' id='word_1_1199' title='bbox 3006 5129 3166 5208; x_wconf 54' lang='lat' dir='ltr'><strong>&#39;velis&#39;</strong></span> <span class='ocrx_word' id='word_1_1200' title='bbox 3186 5146 3346 5208; x_wconf 81' lang='lat' dir='ltr'><strong>agere</strong></span> <span class='ocrx_word' id='word_1_1201' title='bbox 3372 5129 3515 5201; x_wconf 87' lang='lat' dir='ltr'><strong>quod</strong></span> <span class='ocrx_word' id='word_1_1202' title='bbox 3539 5139 3690 5186; x_wconf 86' lang='lat' dir='ltr'><strong>recte</strong></span> 
     </span>
    </p>
   </div>
   <div class='ocr_carea' id='block_1_146' title="bbox 2102 5205 3697 5281">
    <p class='ocr_par' dir='ltr' id='par_1_146' title="bbox 2102 5205 3697 5281">
     <span class='ocr_line' id='line_1_151' title="bbox 2102 5205 3697 5281; baseline -0.006 -17"><span class='ocrx_word' id='word_1_1203' title='bbox 2102 5221 2276 5281; x_wconf 90' lang='lat' dir='ltr'><strong>potes.</strong></span> <span class='ocrx_word' id='word_1_1204' title='bbox 2321 5205 2657 5281; x_wconf 82' lang='lat' dir='ltr'><strong>Manifestum</strong></span> <span class='ocrx_word' id='word_1_1205' title='bbox 2701 5205 2784 5264; x_wconf 81' lang='lat' dir='ltr'><strong>est</strong></span> <span class='ocrx_word' id='word_1_1206' title='bbox 2811 5209 2863 5262; x_wconf 92' lang='lat' dir='ltr'><strong>in</strong></span> <span class='ocrx_word' id='word_1_1207' title='bbox 2891 5207 3146 5277; x_wconf 90' lang='lat' dir='ltr'><strong>Spiritum</strong></span> <span class='ocrx_word' id='word_1_1208' title='bbox 3178 5205 3433 5281; x_wconf 75' lang='lat' dir='ltr'><strong>Sanctum</strong></span> <span class='ocrx_word' id='word_1_1209' title='bbox 3474 5216 3697 5281; x_wconf 64' lang='lat' dir='ltr'><strong>peccan-</strong></span> 
     </span>
    </p>
   </div>
   <div class='ocr_carea' id='block_1_147' title="bbox 2104 5269 3693 5350">
    <p class='ocr_par' dir='ltr' id='par_1_147' title="bbox 2104 5269 3693 5350">
     <span class='ocr_line' id='line_1_152' title="bbox 2104 5269 3693 5350; baseline -0.005 -15"><span class='ocrx_word' id='word_1_1210' title='bbox 2104 5269 2233 5343; x_wconf 72' lang='lat' dir='ltr'><strong>iem,</strong></span> <span class='ocrx_word' id='word_1_1211' title='bbox 2263 5280 2470 5350; x_wconf 86' lang='lat' dir='ltr'><strong>veniam</strong></span> <span class='ocrx_word' id='word_1_1212' title='bbox 2498 5279 2697 5335; x_wconf 90' lang='lat' dir='ltr'><strong>habere</strong></span> <span class='ocrx_word' id='word_1_1213' title='bbox 2722 5294 2827 5335; x_wconf 91' lang='lat' dir='ltr'><strong>non</strong></span> <span class='ocrx_word' id='word_1_1214' title='bbox 2850 5269 3028 5350; x_wconf 74' lang='lat' dir='ltr'><strong>posse;</strong></span> <span class='ocrx_word' id='word_1_1215' title='bbox 3057 5293 3181 5332; x_wconf 89' lang='lat' dir='ltr'><strong>nam</strong></span> <span class='ocrx_word' id='word_1_1216' title='bbox 3210 5269 3527 5350; x_wconf 72' lang='lat' dir='ltr'><strong>vindicatur.</strong></span> <span class='ocrx_word' id='word_1_1217' title='bbox 3557 5269 3693 5327; x_wconf 88' lang='lat' dir='ltr'><strong>Cum</strong></span> 
     </span>
    </p>
   </div>
   <div class='ocr_carea' id='block_1_148' title="bbox 2103 5344 3699 5422">
    <p class='ocr_par' dir='ltr' id='par_1_148' title="bbox 2103 5344 3699 5422">
     <span class='ocr_line' id='line_1_153' title="bbox 2103 5344 3699 5422; baseline -0.006 -16"><span class='ocrx_word' id='word_1_1218' title='bbox 2103 5351 2247 5422; x_wconf 90' lang='lat' dir='ltr'><strong>enim</strong></span> <span class='ocrx_word' id='word_1_1219' title='bbox 2289 5348 2558 5422; x_wconf 71' lang='lat' dir='ltr'><strong>affligitur,</strong></span> <span class='ocrx_word' id='word_1_1220' title='bbox 2592 5351 2645 5406; x_wconf 94' lang='lat' dir='ltr'><strong>in</strong></span> <span class='ocrx_word' id='word_1_1221' title='bbox 2676 5351 2789 5421; x_wconf 90' lang='lat' dir='ltr'><strong>ipsa</strong></span> <span class='ocrx_word' id='word_1_1222' title='bbox 2820 5344 3132 5422; x_wconf 57' lang='lat' dir='ltr'><strong>paenitentia</strong></span> <span class='ocrx_word' id='word_1_1223' title='bbox 3170 5348 3323 5418; x_wconf 88' lang='lat' dir='ltr'><strong>punit</strong></span> <span class='ocrx_word' id='word_1_1224' title='bbox 3368 5344 3608 5422; x_wconf 73' lang='lat' dir='ltr'><strong>factum,</strong></span> <span class='ocrx_word' id='word_1_1225' title='bbox 3642 5352 3699 5398; x_wconf 90' lang='lat' dir='ltr'><strong>et</strong></span> 
     </span>
    </p>
   </div>
   <div class='ocr_carea' id='block_1_149' title="bbox 2103 5415 3697 5494">
    <p class='ocr_par' dir='ltr' id='par_1_149' title="bbox 2103 5415 3697 5494">
     <span class='ocr_line' id='line_1_154' title="bbox 2103 5415 3697 5494; baseline -0.006 -15"><span class='ocrx_word' id='word_1_1226' title='bbox 2103 5421 2263 5479; x_wconf 87' lang='lat' dir='ltr'><strong>solvit</strong></span> <span class='ocrx_word' id='word_1_1227' title='bbox 2289 5415 2594 5477; x_wconf 86' lang='lat' dir='ltr'><strong>vindictam.</strong></span> <span class='ocrx_word' id='word_1_1228' title='bbox 2624 5415 2740 5477; x_wconf 64' lang='lat' dir='ltr'><strong>No&#39;n</strong></span> <span class='ocrx_word' id='word_1_1229' title='bbox 2784 5415 2915 5494; x_wconf 77' lang='lat' dir='ltr'><strong>ergo</strong></span> <span class='ocrx_word' id='word_1_1230' title='bbox 2940 5415 3225 5477; x_wconf 82' lang='lat' dir='ltr'><strong>dimittitur</strong></span> <span class='ocrx_word' id='word_1_1231' title='bbox 3246 5459 3262 5488; x_wconf 93' lang='lat'><strong>,</strong></span> <span class='ocrx_word' id='word_1_1232' title='bbox 3294 5417 3419 5489; x_wconf 82' lang='lat' dir='ltr'><strong>quia</strong></span> <span class='ocrx_word' id='word_1_1233' title='bbox 3458 5415 3697 5488; x_wconf 87' lang='lat' dir='ltr'><strong>punitur.</strong></span> 
     </span>
    </p>
   </div>
   <div class='ocr_carea' id='block_1_150' title="bbox 2171 5595 2488 5658">
    <p class='ocr_par' dir='ltr' id='par_1_150' title="bbox 2171 5595 2488 5658">
     <span class='ocr_line' id='line_1_155' title="bbox 2171 5595 2488 5658; baseline 0 -12"><span class='ocrx_word' id='word_1_1234' title='bbox 2171 5597 2188 5629; x_wconf 81' lang='grc'>¹</span> <span class='ocrx_word' id='word_1_1235' title='bbox 2215 5601 2343 5658; x_wconf 85' lang='lat' dir='ltr'><strong>Lov.,</strong></span> <span class='ocrx_word' id='word_1_1236' title='bbox 2369 5595 2488 5647; x_wconf 84' lang='lat' dir='ltr'><strong>sola.</strong></span> 
     </span>
    </p>
   </div>
   <div class='ocr_carea' id='block_1_151' title="bbox 2173 5657 2869 5783">
    <p class='ocr_par' dir='ltr' id='par_1_151' title="bbox 2173 5657 2869 5783">
     <span class='ocr_line' id='line_1_156' title="bbox 2173 5657 2869 5771; baseline -0.003 -64"><span class='ocrx_word' id='word_1_1237' title='bbox 2173 5660 2193 5689; x_wconf 80' lang='lat'>&#39;</span> <span class='ocrx_word' id='word_1_1238' title='bbox 2220 5657 2402 5720; x_wconf 42' lang='lat' dir='ltr'><strong>{usque</strong></span> <span class='ocrx_word' id='word_1_1239' title='bbox 2418 5657 2461 5710; x_wconf 84' lang='lat' dir='ltr'><strong>si</strong></span> <span class='ocrx_word' id='word_1_1240' title='bbox 2482 5658 2536 5709; x_wconf 83' lang='lat' dir='ltr'><strong>id</strong></span> <span class='ocrx_word' id='word_1_1241' title='bbox 2559 5670 2653 5771; x_wconf 64' lang='lat' dir='ltr'><strong>zuo</strong></span> <span class='ocrx_word' id='word_1_1242' title='bbox 2672 5657 2869 5710; x_wconf 80' lang='lat' dir='ltr'><strong>volebat.</strong></span> 
     </span>
     <span class='ocr_line' id='line_1_157' title="bbox 2176 5720 2867 5783; baseline 0 -14"><span class='ocrx_word' id='word_1_1243' title='bbox 2176 5722 2197 5753; x_wconf 83' lang='grc'><strong>⁸</strong></span> <span class='ocrx_word' id='word_1_1244' title='bbox 2218 5730 2318 5782; x_wconf 69' lang='lat' dir='ltr'><strong>Ms,</strong></span> <span class='ocrx_word' id='word_1_1245' title='bbox 2344 5734 2435 5783; x_wconf 85' lang='lat' dir='ltr'><strong>quo</strong></span> <span class='ocrx_word' id='word_1_1246' title='bbox 2456 5720 2561 5773; x_wconf 85' lang='lat' dir='ltr'><strong>nole</strong></span> <span class='ocrx_word' id='word_1_1247' title='bbox 2594 5734 2687 5771; x_wconf 84' lang='lat' dir='ltr'><strong>om.</strong></span> <span class='ocrx_word' id='word_1_1248' title='bbox 2830 5782 2835 5783; x_wconf 19' lang='grc' dir='ltr'><em>ν</em></span> <span class='ocrx_word' id='word_1_1249' title='bbox 2864 5782 2867 5783; x_wconf 18' lang='grc' dir='ltr'><em>ν</em></span> 
     </span>
    </p>
   </div>
   <div class='ocr_carea' id='block_1_152' title="bbox 2174 5758 3701 5854">
    <p class='ocr_par' dir='ltr' id='par_1_152' title="bbox 2174 5758 3701 5854">
     <span class='ocr_line' id='line_1_158' title="bbox 2174 5758 3701 5854; baseline -0.001 -24"><span class='ocrx_word' id='word_1_1250' title='bbox 2174 5783 2197 5813; x_wconf 65' lang='grc' dir='ltr'><strong>ι</strong></span> <span class='ocrx_word' id='word_1_1251' title='bbox 2783 5782 2988 5843; x_wconf 89' lang='lat' dir='ltr'><strong>additur,</strong></span> <span class='ocrx_word' id='word_1_1252' title='bbox 3016 5786 3061 5832; x_wconf 84' lang='lat' dir='ltr'><strong>ct</strong></span> <span class='ocrx_word' id='word_1_1253' title='bbox 3084 5779 3206 5831; x_wconf 72' lang='lat' dir='ltr'><strong>nihil</strong></span> <span class='ocrx_word' id='word_1_1254' title='bbox 3249 5777 3375 5830; x_wconf 76' lang='lat' dir='ltr'><strong>noue</strong></span> <span class='ocrx_word' id='word_1_1255' title='bbox 3396 5778 3522 5843; x_wconf 78' lang='lat' dir='ltr'><strong>quod</strong></span> <span class='ocrx_word' id='word_1_1256' title='bbox 3548 5777 3701 5829; x_wconf 73' lang='lat' dir='ltr'><strong>vitam</strong></span> 
     </span>
    </p>
   </div>
   <div class='ocr_carea' id='block_1_153' title="bbox 2109 5858 3517 5975">
    <p class='ocr_par' dir='ltr' id='par_1_153' title="bbox 2109 5858 3517 5975">
     <span class='ocr_line' id='line_1_159' title="bbox 2109 5858 3517 5975; baseline -0.001 -19"><span class='ocrx_word' id='word_1_1257' title='bbox 2109 5858 2448 5973; x_wconf 45' lang='grc' dir='ltr'><strong>ηοῗαςοιῇςῖοῗίιιι</strong></span> <span class='ocrx_word' id='word_1_1258' title='bbox 2467 5907 2665 5975; x_wconf 82' lang='lat' dir='ltr'><strong>dictum,</strong></span> <span class='ocrx_word' id='word_1_1259' title='bbox 2691 5920 2756 5962; x_wconf 77' lang='lat' dir='ltr'><strong>ex</strong></span> <span class='ocrx_word' id='word_1_1260' title='bbox 2770 5906 2854 5960; x_wconf 84' lang='lat' dir='ltr'><strong>lib.</strong></span> <span class='ocrx_word' id='word_1_1261' title='bbox 2880 5908 2912 5959; x_wconf 87' lang='lat'>9</span> <span class='ocrx_word' id='word_1_1262' title='bbox 2931 5906 2997 5960; x_wconf 86' lang='lat' dir='ltr'><strong>de</strong></span> <span class='ocrx_word' id='word_1_1263' title='bbox 3017 5906 3152 5963; x_wconf 84' lang='lat' dir='ltr'><strong>civit.</strong></span> <span class='ocrx_word' id='word_1_1264' title='bbox 3179 5904 3284 5969; x_wconf 88' lang='lat' dir='ltr'><strong>Dei,</strong></span> <span class='ocrx_word' id='word_1_1265' title='bbox 3309 5916 3414 5968; x_wconf 84' lang='lat' dir='ltr'><strong>cap.</strong></span> <span class='ocrx_word' id='word_1_1266' title='bbox 3442 5900 3517 5954; x_wconf 79' lang='grc'><strong>10.</strong></span> 
     </span>
    </p>
   </div>
   <div class='ocr_carea' id='block_1_154' title="bbox 1976 6019 2107 6037">
    <p class='ocr_par' dir='ltr' id='par_1_154' title="bbox 1976 6019 2107 6037">
     <span class='ocr_line' id='line_1_160' title="bbox 1976 6019 2107 6037; baseline -0.031 0"><span class='ocrx_word' id='word_1_1267' title='bbox 1976 6034 1981 6037; x_wconf 70' lang='lat'><strong>.</strong></span> <span class='ocrx_word' id='word_1_1268' title='bbox 2006 6019 2107 6035; x_wconf 45' lang='grc' dir='ltr'><strong>μνη»</strong></span> 
     </span>
    </p>
   </div>
  </div>
