4102 6336
332 377 438 436 7‘55

334 503 416 550 est
445 491 615 548 Patris
657 499 711 548 et
755 491 911 557 Filii,
951 505 1088 546 unus
1134 488 1410 545 amborum
1455 487 1702 558 Spiritus.
1751 487 1914 558 Igitur
1964 521 1984 550 ς

334 565 476 635 quod
506 565 678 620 Patris
717 565 788 618 sit
815 562 1076 633 Spiritus,
1124 563 1237 635 ipse
1282 561 1537 635 Dominus
1579 568 1632 614 et
1671 559 1915 635 Salvator
1966 617 1971 622 ,

334 630 516 690 noster
559 635 832 704 discipulis
857 630 966 689 suis
995 636 1068 704 ait
1111 630 1286 686 {Non
1312 631 1444 704 enim
1465 646 1562 704 eos
1593 630 1707 704 estis
1728 631 1812 704 qui
1843 631 1919 684 lo-

336 706 545 778 quimini
566 749 582 773 ,
611 701 1362 778 sedSpiritus_Patris_ve_siri,
1390 702 1475 771 qui
1503 701 1726 778 [aquilio
1749 703 1799 778 in
1827 717 1914 778 ito-

338 771 411 832 his
456 771 665 849 (Matth.
695 771 1010 849 x,'20)._Et
1051 773 1189 849 quod
1235 773 1374 827 idem
1401 779 1460 849 et
1503 771 1625 849 Filii
1655 772 1724 825 sit
1749 771 1920 849 Spiri-
1979 786 1982 789 ·

339 843 473 911 ιι.ιε,’
498 849 692 903 Paulus
737 843 1010 916 apostolus
1047 845 1196 916 testis
1234 853 1360 916 est:
1393 843 1451 897 Si
1478 843 1587 912 quis
1611 852 1805 916 autem,
1834 843 1918 897 in-

337 921 470 988 quit,
493 919 742 1043 Spiritum
763 913 946 972 Christi
966 933 1066 970 non
1098 914 1260 982 habet,
1283 914 1363 968 hic
1388 930 1488 968 non
1509 921 1580 967 est
1601 914 1708 982 ejus
1740 913 1913 984 (Rom.

339 1004 469 1043 vm.
563 1030 574 1043 .

339 1004 435 1044 vm
453 1030 469 1055 ,
496 1004 574 1055 υ).

409 991 628 1128 Epigr.
657 1059 742 1113 111.
767 1060 842 1114 De
868 1057 1089 1126 singulis
1118 1060 1383 1128 personis,
1407 1054 1550 1124 quod
1571 1054 1794 1128 allllSSil
1819 1054 1920 1128 Pa:

340 1124 458 1196 ter,
501 1133 634 1186 alius
675 1130 868 1197 Filius,
914 1124 1048 1184 alius
1087 1124 1316 1198 Spiritus
1355 1137 1602 1190 sanctus;
1650 1126 1734 1198 vel
1776 1124 1921 1196 quod

339 1201 508 1258 Filius
532 1203 601 1258 sit
626 1196 864 1270 genitus,
896 1211 950 1255 et
975 1196 1203 1270 Spiritus
1233 1205 1448 1270 sanctus
1475 1196 1802 1266 procedens,
1835 1211 1922 1250 se-

339 1272 568 1328 cundum
597 1269 900 1342 scripturas
927 1269 1137 1327 sanctas
1183 1269 1507 1342 advertimus
1531 1286 1562 1342 _:
1605 1283 1754 1342 nunc
1793 1281 1920 1322 vero

339 1343 472 1398 illud
499 1345 635 1419 scire
658 1337 835 1412 cupio,
866 1344 910 1397 si
938 1344 1076 1419 Deus
1101 1342 1170 1419 sit
1199 1341 1363 1419 Filius
1391 1348 1482 1419 aut
1527 1337 1757 1419 Spiritus
1796 1352 1920 1393 san-

339 1423 478 1480 ctus,
508 1415 592 1469 vel
623 1411 800 1469 utrum
822 1430 927 1469 una
955 1415 1024 1469 sit
1051 1413 1345 1468 substantia
1365 1411 1450 1465 vel
1475 1411 1726 1475 essentia,
1760 1424 1918 1479 quam

340 1484 514 1540 Graeci
543 1491 766 1553 ὁμευσίαν
796 1493 1011 1540 vocant.

410 1550 576 1611 Resp.
620 1557 826 1611 lntento
857 1557 1036 1610 animo
1080 1555 1302 1610 adverte
1346 1573 1358 1608 :
1392 1569 1510 1622 qua:
1537 1560 1586 1606 te
1612 1559 1827 1622 movent
1852 1550 1918 1622 lis

338 1626 552 1680 beatius
579 1627 974 1682 demonstrabo.
1003 1628 1197 1681 Beatus
1224 1621 1420 1678 Paulus
1446 1621 1720 1692 apostolus
1738 1663 1751 1684 ,
1775 1621 1918 1689 quod

340 1697 509 1751 Filius
533 1698 601 1752 sit
628 1698 797 1765 Deus,
845 1698 908 1752 ad
951 1699 1218 1752 Romanos
1245 1695 1494 1765 scribens
1515 1693 1588 1765 de
1625 1693 1874 1746 Israelitis
1903 1710 1916 1745 :

343 1767 570 1838 Quorum
593 1779 759 1837 patres
784 1764 798 1834 ,
850 1769 1048 1838 inquit,
1081 1784 1142 1822 ea:
1165 1768 1342 1838 quibus
1371 1775 1441 1838 est
1471 1764 1918 1838 Christussecun-

339 1833 461 1891 dum
484 1833 714 1920 carnem,
759 1833 1130 1920 qttimes-tﬂsuper
1174 1833 1343 1918 Omnia
1383 1835 1519 1920 Deus
1557 1833 1841 1920 benedictus
1866 1833 1919 1887 in

341 1909 529 1978 swcula
560 1908 671 1978 (Id.
722 1926 805 1976 ιχ,
838 1911 913 1976 5).
949 1910 1016 1964 Ει
1042 1906 1234 1964 iterum
1276 1907 1329 1961 in
1381 1906 1676 1978 Evangelio
1721 1917 1916 1978 secun-

338 1977 464 2034 dum
501 1975 769 2050 Joannem
814 1997 826 2034 :
874 1975 941 2035 Ut
975 1989 1308 2050 cognoscant,
1344 1976 1513 2050 inquit
1532 2017 1551 2050 ,_
1579 1986 1626 2031 te
1653 1975 1815 2050 solum
1837 1990 1918 2028 ve-

339 2065 454 2103 rum
483 2049 681 2121 Deum,
729 2061 775 2106 et
815 2068 960 2121 quem
1001 2045 1181 2104 misisti
1225 2045 1687 2121 Iesum’Christum
1737 2045 1915 2115 (Joan.

337 2134 480 2184 xvn,
511 2120 592 2190 5).
626 2123 768 2177 Ordo
807 2119 887 2177 est
914 2121 1198 2177 verborum
1239 2135 1251 2170 :
1295 2119 1365 2175 Ut
1393 2125 1832 2190 cognoscant_tc,
1865 2124 1920 2172 et

338 2203 496 2258 quem
528 2187 720 2247 misisti
765 2192 947 2248 Jesum
977 2193 1248 2246 Christum
1279 2187 1482 2245 solum"
1500 2204 1684 2242 verum
1722 2187 1912 2240 Dcmn.

337 2258 408 2332 Et
434 2277 621 2332 rursus
648 2265 750 2317 alia
785 2263 1059 2332 Scriptura
1101 2263 1264 2316 dicit:
1301 2259 1366 2332 Ui
1394 2261 1550 2314 simus
1585 2259 1651 2332 in
1669 2273 1779 2310 vero
1810 2258 1918 2326 ejus

338 2329 480 2402 lj‘ilio
507 2331 631 2387 Jesu
661 2333 858 2388 Christo
882 2329 1044 2402 {ipse
1070 2343 1138 2386 est
1163 2348 1307 2385 uerus
1336 2330 1469 2384 Deus
1515 2338 1560 2382 et
1605 2329 1704 2381 vita
1729 2337 1918 2402 aeterna

339 2400 384 2470 (l
410 2401 568 2456 Joan.
597 2417 628 2454 v
652 2445 667 2469 ,
695 2403 812 2472 20).
845 2404 910 2458 Et
937 2399 994 2458 ut
1038 2403 1391 2472 aequalitatem
1434 2415 1580 2453 suam
1631 2399 1876 2472 ostendat
1899 2440 1914 2464 ,

337 2468 847 2544 aitrripscipomiuus
896 2490 909 2526 :
948 2475 1058 2544 Ego
1088 2468 1134 2527 et
1173 2471 1330 2525 Pater
1356 2487 1513 2524 unum
1535 2485 1707 2524 sumus
1731 2468 1911 2544 (Joan.

337 2489 414 2526 aII
456 2489 469 2526 I
513 2489 568 2527 SC
593 2489 847 2529 Dominus
896 2490 909 2526 ε
948 2489 1058 2544 ιιςιο
1088 2489 1134 2527 et
1173 2489 1330 2525 ιάιθν
1356 2489 1513 2524 unum
1535 2489 1707 2524 sumus
1731 2489 1911 2537 (Joan.

336 2556 403 2613 κ,
429 2489 542 2613 56)).
572 2543 745 2599 Unum
771 2552 928 2611 sunt,
959 2545 1164 2600 scilicet
1194 2551 1411 2613 natura,
1445 2556 1550 2613 non
1579 2554 1824 2613 persona.
1851 2539 1918 2594 Et

337 2608 530 2686 iterum
565 2630 578 2667 :
613 2608 927 2686 Propterea,
978 2617 1177 2686 inquit,
1206 2612 1496 2686 quwrebant
1518 2608 1690 2686 suam
1736 2608 1914 2686 Jesam

337 2683 618 2758 interﬁcere
639 2727 653 2751 ,
685 2681 803 2758 quia
852 2703 952 2758 non
981 2681 1144 2758 spiam
1178 2683 1394 2758 solvebat
1421 2681 1713 2758 sabbatum,
1755 2681 1851 2758 sed
1871 2689 1918 2735 et

336 2751 546 2824 Patrem
573 2751 722 2810 suum
748 2757 945 2812 dicebat
989 2755 1180 2821 Deum,
1225 2754 1468 2824 a'qualem
1493 2769 1544 2806 se
1573 2751 1762 2824 faciens
1809 2751 1916 2824 Deo

339 2822 449 2895 (Id.
484 2841 538 2898 v,
564 2827 672 2898 18).
706 2827 774 2882 Ει
799 2843 1010 2883 rursum
1042 2829 1227 2883 beatus
1251 2822 1520 2898 apostolus
1547 2823 1743 2898 Paulus
1773 2839 1784 2874 :
1819 2823 1917 2888 Qui

337 2894 456 2948 eum
477 2897 530 2950 in
560 2894 727 2968 [arma
774 2899 870 2952 Dei
901 2908 1055 2962 esset,
1106 2914 1207 2952 non
1248 2894 1493 2968 rapinam
1523 2894 1793 2968 arbitratus
1844 2903 1916 2948 est

337 2981 446 3020 esse
467 2983 520 3020 se
542 2964 786 3037 aequalem
814 2969 1209 3040 Deoi(Philipp.
1241 2983 1277 3022 ll
1299 2964 1319 3033 ,⁷
1347 2965 1425 3037 6).
1452 2965 1564 3019 Non
1593 2964 1734 3019 enim
1768 2973 1918 3032 pote-

335 3044 422 3091 rat
450 3052 568 3093 csse
594 3041 810 3108 rapina,
854 3039 944 3095 ubi
965 3039 1192 3109 aequalis
1229 3044 1345 3092 erat
1390 3045 1611 3109 natura;
1663 3050 1782 3109 qua;
1809 3050 1917 3109 non

339 3116 457 3162 erat
486 3105 735 3178 usurpata
757 3153 771 3177 ,
795 3105 910 3165 'sed
940 3105 1080 3164 nata.
1131 3109 1248 3164 Non
1277 3109 1486 3176 rapuit,
1519 3106 1638 3175 quia
1685 3105 1867 3160 habuit
1897 3121 1912 3160 :

336 3185 392 3232 et
420 3180 581 3234 multa
610 3181 1009 3236 innumerabilia
1032 3223 1046 3249 ,
1074 3195 1193 3250 quae
1222 3179 1284 3233 ad
1313 3186 1637 3250 momentmn
1679 3191 1783 3250 non
1828 3192 1917 3231 oc-

335 3259 576 3321 currunt.
608 3250 862 3321 Spiritum
904 3247 1040 3307 vero
1063 3247 1302 3306 sanctum
1330 3263 1514 3321 verum
1559 3248 1723 3321 Deum
1749 3247 1916 3321 Actus

334 3319 714 3392 Apostolorum
757 3324 1091 3392 apertissime
1136 3321 1358 3376 edocent
1415 3338 1428 3372 :
1477 3319 1702 3392 Anania,
1749 3319 1918 3392 inquit

336 3389 559 3456 Petrus,
591 3409 682 3446 cur
709 3388 915 3448 teniavit
955 3403 1160 3448 satanas
1186 3408 1272 3445 cor
1310 3400 1451 3444 tuum
1495 3389 1693 3442 mentiri
1725 3398 1771 3442 te
1794 3388 1918 3459 Spi-

335 3460 458 3514 ritui
481 3465 690 3518 sancto?
709 3473 763 3519 et
784 3464 918 3519 infra
943 3506 956 3524 ,
991 3463 1112 3518 Non
1137 3481 1190 3518 es
1220 3461 1502 3516 hominibus
1530 3460 1760 3513 mentitus
1780 3501 1794 3522 ,
1829 3460 1917 3513 sed

335 3529 444 3586 Deo
475 3532 607 3606 (Aet.
635 3549 698 3600 ν,
729 3535 794 3599 5,
823 3533 900 3606 4).
933 3536 998 3590 Et
1037 3537 1104 3606 in;
1119 3532 1409 3606 Evangelia
1437 3530 1729 3606 secundum
1757 3531 1916 3606 ann-

335 3616 460 3675 pem
485 3601 506 3658 ἐ
539 3603 809 3672 Dominus,
843 3601 1040 3675 inquit,
1071 3601 1294 3674 Spiritus
1333 3613 1402 3656 est
1427 3601 1607 3675 (Joan.
1664 3616 1716 3675 iv
1737 3643 1749 3663 ,
1798 3601 1912 3675 24).

335 3670 532 3744 Paulus
557 3670 828 3744 apostolus
893 3670 958 3730 ad
987 3670 1304 3744 Corinthios
1336 3670 1576 3744 scribens
1607 3689 1618 3724 :
1654 3671 1874 3744 Nescitis
1899 3715 1912 3740 ,

335 3740 539 3816 inquit,
569 3740 687 3815 quia
727 3761 938 3816 corpora
966 3756 1127 3801 vestra
1152 3743 1394 3814 templum
1421 3751 1494 3816 est
1540 3742 1762 3810 Spiritus
1793 3759 1914 3816 san-

335 3813 404 3866 cti
423 3855 436 3876 ,
471 3813 645 3886 quijn
687 3813 824 3870 vobis
846 3826 951 3884 est,
978 3833 1121 3886 quem
1151 3813 1338 3868 habetis
1375 3831 1404 3866 a
1437 3813 1540 3866 Deo
1561 3853 1574 3879 ,
1605 3822 1650 3886 et
1676 3830 1775 3886 non
1801 3814 1916 3867 estis

337 3883 526 3938 vestri?
550 3884 725 3958 E_'mpti
753 3887 888 3941 enim
925 3883 1040 3942 estis
1083 3887 1243 3958 pretio
1288 3900 1469 3958 magno
1517 3900 1534 3936 :
1567 3883 1916 3958 glori/ionica

339 3964 536 4028 portate
562 3953 727 4028 Deum
767 3959 818 4012 in
867 3953 1093 4028 corpore
1117 3967 1276 4011 uestro
1323 3953 1505 4028 (l'Coi'.
1531 3970 1619 4028 vi,
1652 3953 1754 4018 19,
1796 3953 1911 4025 ‘20).

336 4025 530 4098 Pater,
559 4027 769 4098 inquam
790 4070 806 4095 ,
840 4024 1016 4096 Deus,
1049 4028 1214 4082 Filius
1245 4028 1414 4091 Deus,
1451 4024 1679 4098 Spiritus
1703 4024 1915 4098 sanctus

337 4095 512 4162 Deus;
541 4095 644 4152 non
675 4106 782 4155 tres
801 4099 870 4153 dii
895 4139 907 4162 ,
942 4099 1033 4154 sed
1062 4114 1195 4153 unus
1223 4098 1363 4152 Deus
1392 4105 1493 4150 est.
1525 4095 1658 4149 Nam
1685 4096 1728 4148 si
1759 4096 1917 4149 Pater

337 4167 527 4238 major,
561 4169 724 4224 Filius
751 4171 924 4224 minor
942 4212 956 4238 ,
991 4171 1218 4240 Spiritus
1247 4175 1461 4240 sanctus
1487 4167 1603 4240 plus
1628 4181 1784 4233 quam
1811 4167 1914 4240 mi-

337 4252 470 4304 nor,
503 4240 644 4310 quod
687 4240 936 4296 Ita-retice
988 4238 1485 4310 pravitasasserit,
1531 4238 1637 4304 jam
1665 4250 1771 4310 non
1815 4239 1916 4310 erit

337 4323 476 4381 unus
500 4306 642 4365 Deus
661 4352 677 4378 ,
709 4312 802 4367 sed
831 4320 941 4366 tres
969 4306 1076 4376 dii;
1103 4309 1245 4381 quod
1279 4307 1428 4381 nefas
1465 4315 1549 4381 est
1575 4306 1816 4381 credere.
1852 4308 1916 4381 ls‘t

336 4379 492 4452 valde
522 4375 790 4452 redarguit
813 4382 932 4436 illos
961 4375 1234 4452 Seripiura
1263 4378 1436 4434 divina
1471 4396 1484 4432 :
1517 4377 1691 4452 Audi;
1717 4375 1911 4445 Israel,

338 4449 542 4520 inquit,
570 4447 817 4506 Dominus
843 4452 982 4508 Deus
1010 4447 1154 4518 tuus,
1192 4451 1328 4504 Deus
1353 4465 1484 4504 unus
1509 4457 1582 4503 est
1625 4447 1801 4516 (Deut.
1826 4464 1911 4514 v1,

339 4520 416 4590 4).
448 4523 524 4574 Ae
549 4535 643 4590 per
673 4523 772 4578 hoc
795 4524 930 4578 sicut
959 4539 1062 4578 non
1093 4523 1316 4578 dicimus
1344 4530 1454 4576 tres
1478 4520 1608 4575 deos
1627 4560 1640 4584 ,
1669 4534 1766 4573 nec
1805 4528 1915 4574 tres

339 4592 627 4662 essentias;
676 4591 747 4646 ita
775 4609 874 4648 nec
900 4603 1007 4648 tres
1044 4593 1364 4662 sapientius,
1394 4599 1635 4662 necrtres
1674 4590 1911 4662 spiritus.

337 4661 470 4718 Nam
493 4663 805 4734 interrogati
830 4665 895 4720 de
917 4661 1138 4734 singulis
1167 4663 1440 4734 personis,
1472 4661 1518 4716 si
1544 4661 1701 4734 Pater
1730 4661 1800 4715 sit
1823 4676 1912 4717 sa-

337 4733 536 4805 pientia
577 4734 659 4789 vel
687 4731 914 4804 Spiritus
939 4731 1186 4800 sanctusi
1209 4734 1622 4805 respondemus,
1647 4731 1804 4787 Pater
1829 4747 1915 4787 sa-

338 4804 570 4874 pientia,
613 4813 668 4860 et
695 4805 860 4861 Filius
902 4806 1194 4876 sapientia,
1232 4813 1286 4858 ct
1313 4804 1541 4874 Spiritus
1570 4812 1786 4876 sanctus
1825 4818 1914 4876 sa:

337 4873 537 4946 pientia
570 4894 583 4931 :
612 4890 717 4931 non
768 4886 875 4933 tres
903 4873 1176 4947 sapientia:
1201 4917 1215 4940 ,
1246 4873 1480 4930 ncc’tres
1519 4875 1738 4942 spiritus
1761 4914 1776 4938 ,
1819 4873 1912 4947 sed

338 4944 444 5004 ima
469 4948 725 5020 sapientia
755 4956 838 5003 cst
866 4957 919 5003 et
945 4944 1080 5003 unus
1107 4947 1361 5020 spiritus;
1392 4947 1632 5020 sicut__est
1662 4959 1762 4998 una
1788 4944 1914 5020 sub:

339 5014 564 5084 stantia,
593 5028 684 5074 aut
709 5034 810 5073 una
840 5021 1070 5074 essentia
1100 5035 1112 5076 :
1139 5014 1264 5088 quia
1292 5017 1394 5072 hoc
1419 5025 1501 5071 est
1525 5014 1602 5067 illi
1627 5028 1746 5070 esse
1774 5014 1914 5084 quod

338 5091 631 5158 sapientem
654 5105 774 5160 esse
802 5090 880 5144 vel
911 5091 1149 5160 spiritum
1177 5103 1316 5144 esse.

411 5155 629 5229 Qumsr.
657 5159 745 5216 ιν.
773 5161 839 5215 Et
883 5155 1206 5230 si'aequales
1252 5166 1376 5213 sunt
1421 5157 1580 5230 Pater
1609 5164 1662 5210 ct
1707 5155 1910 5230 Fiiius,

338 5226 605 5302 quomodo
634 5230 942 5302 ipseiFilius
966 5226 1092 5286 dicit
1111 5270 1124 5292 ,
1157 5229 1314 5284 Pater
1338 5229 1502 5297 major
1536 5243 1614 5302 me
1638 5235 1708 5280 est
1733 5226 1910 5302 (Joan.

339 5297 463 5366 itv,
488 5302 611 5372 28);
635 5297 719 5363 et,
745 5301 865 5356 Non
896 5303 1007 5357 veni
1033 5303 1338 5372 voluntatem
1381 5315 1544 5372 meam
1583 5297 1780 5372 facere,
1828 5299 1914 5352 sed

339 5367 646 5427 voluntatem
673 5375 780 5444 ejus
813 5374 898 5442 qui
941 5389 1019 5427 me
1045 5374 1177 5427 misit
1203 5371 1313 5444 (Ι
1341 5385 1425 5444 vt,
1454 5368 1690 5444 58))-θι2
1723 5367 1877 5421 Pater
1895 5411 1910 5436 ,

339 5444 383 5496 si
409 5444 518 5510 ﬁeri
563 5437 720 5512 potest
743 5485 757 5508 ,
792 5437 1012 5499 transeat
1041 5461 1071 5497 a
1093 5461 1169 5497 me
1212 5437 1345 5495 ralia:
1385 5442 1477 5494 iste
1506 5437 1721 5512 (Matth.
1751 5455 1870 5494 xxvi
1897 5483 1911 5503 ,

341 5513 462 5581 39);
503 5511 588 5576 et,
625 5512 742 5568 Mea
784 5517 1012 5570 doctrina
1055 5532 1154 5569 non
1179 5521 1250 5568 est
1274 5528 1418 5580 mea,
1449 5511 1535 5565 sed
1563 5511 1674 5581 ejus
1713 5513 1798 5580 qui
1840 5527 1916 5565 me

339 5585 475 5657 misit
501 5583 675 5657 (Joan.
705 5600 807 5651 vn,
835 5585 962 5657 16)?

413 5653 570 5727 Resr.
604 5653 716 5727 Ista»
731 5653 914 5710 omnia
938 5665 990 5711 et
1021 5657 1122 5712 alia
1143 5671 1262 5727 qua:
1291 5671 1320 5709 a
1349 5664 1400 5712 te
1439 5670 1543 5710 non
1583 5661 1707 5727 sunt
1735 5653 1872 5727 dicta
1897 5697 1912 5720 ,

341 5725 634 5783 secundum
699 5725 918 5780 formam
964 5725 1360 5797 serviﬁquam
1409 5725 1718 5795 assumpsit,
1775 5725 1918 5781 dicta

343 5807 486 5854 sunt.
519 5798 680 5867 Igitur
700 5811 820 5850 cum
849 5798 1053 5867 primus
1091 5799 1250 5853 homo
1272 5798 1516 5853 conditus
1536 5806 1675 5852 esset
1704 5813 1733 5852 a
1765 5797 1874 5852 Deo
1897 5841 1912 5863 ,

341 5878 396 5930 et
424 5870 588 5928 libero
617 5868 836 5928 arbitrio
864 5877 1205 5938 muneratus,
1247 5879 1674 5941 princeptumque
1694 5869 1741 5925 ei
1771 5869 1914 5941 posi-

1782 371 2144 432 APPENDIX.

3508 380 3617 442 736

2034 499 2142 544 tum
2157 496 2334 570 esset;
2378 489 2421 544 si
2451 488 2809 570 custodisset1
2838 493 3035 570 quae_ei
3073 493 3572 570 Deus_praeeeperat
3599 542 3616 567 ,

2030 569 2203 614 morte
2232 574 2334 614 non
2375 561 2648 630 corporis,
2691 561 2872 631 neque
2891 565 3084 619 anima:
3126 561 3463 624 muliaretur.
3509 561 3616 628 Sed

2029 631 2120 685 ille
2147 631 2456 710 inobediens
2485 632 2734 710 mandato
2763 633 2892 700 Dei,
2918 643 3093 710 atque
3118 637 3292 694 elatus
3321 641 3568 710 superbia
3599 686 3614 709 ,

2029 703 2262 779 suasioni
2294 704 2554 779 serpentis
2579 703 2868 779 obediens,
2917 703 3017 760 Dei
3064 718 3330 779 praecepta
3370 703 3616 767 omnem;

2028 773 2150 841 psit.
2201 773 2272 828 Et
2314 773 2428 829 haec
2447 788 2615 848 causa
2657 775 2858 848 exstitit
2893 783 2954 848 _ut
3002 773 3190 833 mortis
3209 773 3503 848 periculum
3531 783 3617 837 in-

2028 853 2299 910 curreret,
2331 854 2386 899 et
2413 845 2480 899 ab
2509 845 2600 900 illo
2626 859 2734 900 uno
2762 845 2977 900 homine
2999 849 3175 905 omnis
3200 845 3434 906 humana
3465 865 3618 908 natu-

2027 930 2084 969 ra
2109 915 2294 969 vitiosa
2334 925 2491 986 atque
2535 924 2752 986 peccato
2780 917 3006 972 abnoxia
3053 921 3294 977 mortalis
3339 923 3616 979 existeret.

1941 1019 1946 1024 —
2027 985 2314 1064 Apostolus
2343 985 2566 1064 Paulus,
2613 986 2716 1064 Per
2745 1003 2902 1040 unum
2944 987 3230 1056 hominem,
3261 993 3466 1062 inquit,
3493 1011 3615 1064 pee-

2028 1067 2196 1128 catum
2219 1057 2423 1110 intravit
2465 1057 2518 1110 in
2559 1058 2837 1123 mundum,
2892 1067 2940 1112 et
2963 1075 3050 1128 per
3086 1057 3348 1128 peccatum
3370 1057 3506 1118 mors
3528 1104 3542 1127 ,
3570 1074 3616 1119 et

2026 1127 2098 1180 ita
2124 1128 2177 1181 in
2221 1144 2391 1182 omnes
2429 1128 2660 1204 homines
2689 1144 2824 1183 mors
2851 1127 3170 1204 pertransiit,
3219 1134 3272 1187 in
3315 1149 3415 1204 quo
3443 1151 3616 1190 omnes

2028 1207 2371 1267 peccaverunt.
2417 1197 2550 1262 Quia
2575 1199 2699 1253 sicut
2729 1215 2817 1269 per
2838 1197 2993 1254 unum
3027 1202 3282 1258 hominem
3319 1197 3492 1259 omnes
3520 1207 3616 1261 ho-

2029 1269 2186 1324 mines
2229 1269 2282 1345 in
2321 1270 2817 1345 condemnationem;
2853 1272 2926 1345 ita
2961 1280 3008 1325 et
3046 1289 3136 1342 per
3163 1275 3313 1345 unius
3361 1277 3610 1345 justitiam

2027 1355 2213 1415 omnes
2241 1341 2465 1415 homines
2504 1341 3010 1415 in_jnstiﬁc_ationem
3046 1337 3164 1398 uita:
3207 1337 3383 1415 (Boni.
3413 1362 3478 1413 v,
3508 1346 3604 1414 12,

2029 1410 2142 1480 18).
2174 1410 2241 1464 Et
2269 1411 2456 1465 iterum
2487 1427 2498 1462 :
2536 1408 2744 1481 Primus
2772 1413 2920 1465 homo
2958 1413 3021 1467 de
3045 1423 3178 1468 terra
3199 1408 3224 1481 ,’
3251 1408 3512 1480 terrenus;
3536 1408 3608 1472 se:

2027 1482 2221 1558 cundus
2250 1481 2397 1558 homo
2427 1481 2490 1534 de
2513 1480 2637 1558 ccelo
2660 1522 2674 1546 ,
2707 1482 2921 1558 caelestis
2938 1483 2994 1558 (l
3023 1482 3138 1558 Cor.
3172 1480 3279 1558 xv,
3309 1485 3421 1558 47).
3463 1485 3564 1558 Hic
3584 1528 3604 1557 ,

2027 1551 2270 1628 inquam,
2311 1552 2472 1628 homo
2517 1551 2750 1606 cmlestis
2781 1561 2881 1606 est.
2928 1551 3210 1610 Ctelesten:
3243 1551 3605 1628 itaquedico',

2025 1623 2147 1694 quia
2175 1639 2278 1677 non
2320 1638 2386 1677 ex
2427 1622 2660 1678 humano
2697 1631 2986 1693 conceptus
3025 1633 3106 1680 est
3134 1622 3372 1694 semine,
3419 1627 3512 1683 sed
3541 1622 3610 1685 de

2026 1693 2186 1767 itlaria
2222 1694 2436 1767 _virgine
2475 1709 2582 1767 pro
2619 1702 2799 1767 nosira
2840 1695 3010 1750 salute
3047 1693 3364 1767 assumptus
3393 1714 3423 1751 a
3473 1698 3609 1755 Filio

2026 1764 2151 1836 Dei,
2190 1765 2326 1819 sicut
2350 1766 2670 1834 evangelista
2708 1764 2942 1836 Joannes
2978 1774 3196 1821 testatur
3222 1764 3244 1820 Ξ
3267 1767 3332 1820 Et
3355 1767 3560 1823 uerbum
3585 1811 3600 1836 ,

2025 1834 2224 1908 inqui_t_,
2257 1851 2374 1908 caro
2396 1837 2680 1908 factumest
2699 1877 2714 1899 ,
2747 1846 2793 1890 et
2820 1835 3060 1891 habitavit
3087 1837 3138 1908 in
3175 1839 3316 1893 nobis
3341 1837 3517 1908 (loan.
3547 1834 3604 1908 l,

2025 1907 2139 1973 14).
2169 1904 2402 1960 Verbum
2434 1921 2558 1960 caro
2581 1907 2779 1961 factum
2809 1916 2891 1962 est
2913 1948 2926 1971 ,
2955 1924 3062 1962 non
3091 1907 3142 1962 in
3170 1904 3386 1963 carnem
3422 1904 3602 1964 muta-1

2023 1983 2172 2042 tum;
2200 1983 2385 2049 utnon
2429 1976 2708 2032 desisteret
2732 1992 2853 2032 esse
2898 1977 3046 2049 quod
3069 1988 3215 2044 erat,
3247 1979 3342 2034 sed
3381 1981 3611 2049 coeperit

2023 2062 2144 2102 esse
2171 2047 2311 2116 quod
2339 2062 2444 2101 non
2474 2057 2607 2102 erat.
2639 2049 2942 2118 Assumpsit
2965 2048 3106 2103 enim
3134 2063 3348 2105 carnem
3370 2092 3384 2114 ,
3415 2047 3521 2106 non
3549 2067 3609 2108 se

2023 2118 2287 2191 convertit
2324 2118 2387 2191 in
2433 2132 2669 2191 carnem.
2719 2119 2944 2191 Carnem
2986 2119 3140 2174 istam
3169 2135 3198 2174 a
3237 2129 3388 2191 parte
3439 2130 3608 2178 totum

2024 2189 2296 2244 hominem
2321 2188 2694 2258 intelligimus,
2732 2189 2785 2242 id
2811 2199 2892 2244 est
2919 2204 3135 2245 carnem
3163 2200 3217 2246 et
3241 2188 3484 2247 'animam
3518 2208 3609 2248 ra-

2024 2260 2310 2330 tionalem.
2349 2259 2416 2314 Et
2461 2259 2596 2330 sicut
2624 2259 2831 2330 primus
2861 2262 3021 2315 homo
3057 2270 3112 2316 et
3137 2276 3299 2317 carne
3341 2271 3394 2318 et
3429 2263 3606 2318 anima

2022 2341 2264 2385 mortuus
2293 2329 2481 2396 fuerat,
2501 2329 2572 2384 ita
2594 2329 2753 2384 etiam
2778 2332 3012 2400 oportuit
3053 2340 3114 2386 ut
3138 2348 3233 2400 per
3261 2329 3614 2389 mediatorem'

2025 2401 2120 2455 Dei
2161 2411 2213 2456 et
2257 2401 2527 2455 hominum
2559 2400 2830 2455 hominem
2869 2401 3049 2456 Iesum
3077 2401 3344 2457 Christum
3368 2412 3422 2458 et
3443 2419 3608 2459 carne

2023 2480 2077 2525 et
2098 2473 2273 2526 anima
2301 2471 2674 2525 vivilicaretur.
2715 2471 2888 2539 Ergo,
2931 2481 2990 2526 ut
3017 2487 3175 2540 supra
3202 2473 3432 2529 diximus
3453 2514 3468 2538 ,
3521 2489 3608 2529 se-

2021 2543 2250 2597 cundum
2277 2542 2534 2612 assumpti
2556 2541 2786 2598 hominis
2811 2541 3037 2598 formam
3063 2543 3261 2599 dictum
3308 2552 3391 2600 est
3408 2585 3423 2613 ,
3451 2544 3606 2600 Pater

2022 2617 2185 2677 maior
2204 2630 2280 2667 me
2301 2622 2391 2667 est.

2093 2687 2310 2758 ρυλες-τ.
2331 2683 2394 2758 Υ.
2408 2682 2576 2739 Video
2596 2683 2808 2758 t_e,idum
2825 2684 3010 2758 deuno
3025 2685 3162 2758 Filio
3179 2687 3272 2744 Dei
3289 2687 3602 2758 inquireres,

2022 2754 2156 2827 duos
2183 2754 2522 2827 introducere
2544 2756 2795 2822 voluisse,
2826 2765 2883 2812 ut
2907 2756 3056 2815 dicas
3081 2757 3278 2814 Filium
3308 2754 3424 2827 Dei,
3457 2767 3512 2816 et
3539 2754 3605 2814 ﬁé

2021 2825 2149 2881 lium
2183 2826 2431 2881 hominis.

2093 2897 2413 2971 Resp_._N__on
2464 2906 2589 2952 sunt
2631 2896 2738 2952 duo
2763 2897 2874 2971 lilii,
2918 2901 3014 2971 sed
3051 2915 3206 2955 unus.
3231 2899 3364 2969 Quia
3392 2900 3484 2956 ille
3509 2900 3605 2971 qui

2021 2978 2137 3024 erat
2153 2969 2248 3042 Dei
2274 2968 2462 3042 Filius,
2484 2971 2752 3042 factusest
2772 2969 2911 3025 [ilius
2935 2969 3165 3026 hominis
3191 2973 3244 3026 in
3261 2968 3464 3026 unitate
3484 2968 3607 3042 per-

2022 3054 2186 3094 some.
2220 3040 2350 3108 Quia
2396 3041 2532 3095 sicut
2573 3039 2748 3094 anima
2784 3050 2837 3096 et
2878 3055 3002 3095 caro
3043 3056 3179 3095 unus
3207 3051 3290 3097 est
3315 3039 3501 3107 homo,
3529 3043 3601 3096 ita

2023 3110 2256 3165 Verbum
2281 3120 2336 3166 et
2360 3110 2520 3166 homo
2547 3125 2684 3166 unus
2708 3120 2791 3165 est
2822 3111 3083 3166 Christus.
3113 3112 3252 3166 Duas
3276 3112 3600 3167 substantias

2021 3181 2311 3250 accipimus
2349 3183 2401 3236 in
2452 3197 2556 3236 uno
2600 3181 2736 3236 Filio
2782 3181 2897 3244 Dei,
2929 3197 3088 3236 unam
3115 3181 3345 3246 deitatis,
3375 3183 3602 3238 alteram

2023 3251 2384 3317 humanitatis,
2416 3268 2522 3307 non
2560 3253 2692 3308 duas
2721 3268 2997 3321 personas.
3029 3253 3208 3321 Igitur,
3240 3253 3284 3307 si
3312 3253 3602 3309 dixerimus

2021 3323 2153 3377 duas
2179 3339 2298 3378 esse
2324 3338 2601 3392 personas,
2635 3322 3034 3378 introducemus
3059 3323 3194 3378 duos
3219 3324 3383 3388 ﬁlios;
3419 3333 3473 3379 et
3493 3323 3604 3392 jam

2022 3409 2128 3447 non
2157 3395 2257 3448 erit
2279 3394 2532 3459 Trinitas,
2563 3394 2656 3448 scd
2683 3395 3034 3463 quaternitas.
3062 3393 3309 3450 Profecto
3339 3395 3479 3449 enim
3507 3409 3604 3464 per

2021 3464 2074 3518 id
2101 3465 2242 3533 quod
2272 3465 2410 3519 Deus
2439 3465 2791 3536 est,7:equalis
2818 3479 3033 3533 semper
3061 3465 3224 3530 Patri,
3255 3465 3449 3536 ubique
3469 3480 3603 3535 pra:-

2021 3549 2145 3589 sens
2175 3543 2276 3598 est,
2307 3537 2432 3590 etin
2462 3535 2598 3589 creto
2628 3542 2786 3597 totus,
2828 3544 2883 3589 et
2911 3536 2965 3589 in
2993 3544 3136 3590 terra
3176 3543 3337 3602 totus,
3371 3535 3430 3591 et
3460 3536 3602 3590 nullo

2021 3615 2304 3660 contentus
2335 3606 2470 3661 loco.
2503 3607 2603 3660 Per
2631 3604 2682 3659 id
2707 3604 2849 3675 quod
2869 3606 3048 3669 homo,
3067 3615 3118 3659 et
3145 3620 3354 3675 passus,
3383 3616 3436 3661 et
3456 3621 3600 3661 mor-

2022 3685 2162 3739 tuus,
2195 3686 2247 3730 ct
2289 3676 2601 3742 resurrexit,
2635 3684 2689 3730 et
2729 3676 2970 3731 ascendit
3004 3677 3055 3730 in
3095 3677 3311 3741 ctelum,
3351 3677 3601 3744 sedetque

2021 3747 2086 3800 ad
2118 3747 2389 3801 dexteram
2421 3747 2626 3801 Patris:
2651 3746 2816 3817 et:sic
2840 3747 3017 3801 veniet
3045 3747 3110 3800 ad
3147 3747 3486 3817 judicandum
3518 3747 3598 3798 vi-

2021 3832 2118 3872 vos
2143 3827 2198 3872 et
2227 3829 2482 3883 mortuos,
2515 3816 2961 3885 quemadmodum
2990 3816 3252 3872 visus'est
3287 3818 3363 3871 ire
3397 3817 3447 3870 in
3483 3830 3598 3870 caa-

2021 3887 2150 3950 lum,
2195 3889 2246 3942 in
2295 3888 2483 3943 eadem
2512 3887 2681 3942 forma
2726 3889 2900 3958 carnis
2947 3897 3104 3958 atque
3147 3887 3466 3958 substantia;
3510 3886 3596 3958 cui

2021 3959 2259 4028 profecto
2281 3959 2730 4014 immortalitatem
2757 3957 2935 4025 dedit,
2959 3955 3200 4013 naturam
3230 3973 3332 4011 non
3359 3955 3597 4028 abstulit.

2093 4029 2306 4097 Quassr.
2349 4030 2435 4084 Vl.
2478 4030 2534 4085 Si
2563 4045 2666 4083 una
2692 4029 2986 4083 substantia
3025 4039 3108 4083 est
3129 4029 3298 4084 Patris
3324 4037 3378 4083 et
3397 4027 3516 4082 Filii
3547 4036 3602 4082 et

2022 4099 2250 4170 Spiritus
2276 4103 2466 4166 sancti,
2499 4099 2766 4170 quomodo
2807 4099 2972 4154 Filius
2995 4101 3112 4155 sine
3141 4099 3298 4155 Patre
3321 4109 3375 4154 et
3400 4097 3601 4169 Spiritu

2021 4180 2206 4225 sancto
2232 4172 2464 4239 suscepit
2486 4170 2741 4226 carnem?

2093 4242 2253 4296 Rasr.
2295 4241 2476 4310 Neque
2504 4256 2729 4310 persona
2757 4241 2947 4305 Patris,
2977 4256 3147 4312 neque
3163 4241 3390 4312 Spiritus
3408 4239 3597 4305 sancti,

2021 4313 2114 4367 sed
2142 4313 2254 4366 sola
2286 4311 2401 4366 Filii
2444 4327 2668 4380 persona
2690 4313 2924 4383 suscepit
2943 4328 3180 4368 carnem.
3203 4311 3268 4366 Et
3297 4320 3355 4383 ut
3392 4313 3491 4365 hoc
3515 4312 3598 4364 in-

2020 4383 2245 4453 telligas,
2265 4383 2745 4451 comparationibus
2763 4382 2900 4450 utar,
2916 4392 2974 4438 ut
2999 4398 3065 4438 ex
3078 4391 3321 4438 creatura
3340 4382 3600 4453 intelligas

2019 4452 2350 4508 Creatorem.
2395 4453 2552 4508 Certe
2597 4453 2651 4508 in
2697 4454 2872 4508 anima
2901 4463 2982 4508 est
3011 4453 3168 4518 ratio,
3210 4461 3265 4508 et
3293 4468 3413 4507 cum
3439 4452 3599 4506 unum

2019 4524 2146 4590 sint,
2170 4523 2314 4578 aliud
2337 4523 2512 4577 anima
2539 4525 2666 4594 agit,
2688 4524 2832 4578 aliud
2858 4525 3011 4578 ratio.
3041 4523 3232 4594 Anima
3256 4522 3498 4587 vivimus,
3516 4536 3601 4577 ra-

2021 4595 2164 4650 tione
2186 4595 2443 4664 sapimus.
2489 4594 2565 4649 lta
2583 4593 2588 4594 ⁷
2608 4595 2764 4650 Pater
2789 4603 2842 4650 et
2865 4594 3031 4649 Filius
3055 4602 3110 4648 et
3131 4593 3362 4664 Spiritus
3387 4603 3600 4648 sanctus

2020 4680 2140 4721 eum
2171 4666 2278 4720 sint
2305 4680 2408 4720 una
2447 4665 2741 4720 substantia
2763 4667 2805 4732 ³,
2847 4673 2954 4720 tota
3001 4664 3236 4720 Trinitas
3273 4671 3490 4733 operata
3517 4671 3602 4720 est

2019 4735 2312 4862 iiolminem,
2343 4750 2502 4807 quem
2531 4751 2637 4792 non
2666 4745 2776 4792 tota
2796 4735 3026 4791 Trinitas
3048 4733 3469 4806 assumpsit,sed
3489 4734 3602 4790 sola

2065 4825 2082 4862 I
2108 4825 2142 4862 ll
2167 4823 2416 4862 persona.

2065 4823 2142 4862 IIII
2167 4823 2416 4864 persona.

2090 4824 2458 4946 Blu¥;:?n€ll.
2499 4878 2783 4933 Voluntate
2799 4877 2980 4949 genuit
2999 4877 3159 4934 Pater
3177 4875 3390 4943 Filium,
3419 4889 3488 4930 an
3509 4889 3598 4932 ne-

2018 4950 2299 5006 cessitate?

2090 5021 2252 5076 Rssr.
2293 5021 2402 5076 Nec
2431 5020 2716 5086 voluntate,
2747 5034 2848 5074 nec
2880 5020 3232 5077 necessitate:
3261 5021 3382 5090 quia
3410 5031 3602 5090 neces-

2019 5092 2150 5147 sitas
2175 5093 2226 5146 in
2258 5092 2368 5146 Deo
2408 5105 2516 5145 non
2542 5100 2624 5146 est
2650 5109 2662 5144 :
2694 5091 2883 5160 praeire
2907 5099 3085 5146 autem
3112 5089 3358 5146 voluntas
3385 5089 3603 5158 sapien-

2021 5163 2148 5216 tiam
2178 5177 2284 5216 non
2307 5169 2499 5230 potest,
2527 5160 2669 5231 quod
2701 5169 2783 5216 est
2823 5160 3026 5216 Filius:
3057 5161 3216 5232 igitur
3242 5163 3389 5232 prius
3409 5169 3604 5232 εδει-ιι-

2022 5229 2346 5288 tionabiliter
2387 5229 2597 5300 sapere,
2649 5247 2804 5304 quam
2848 5229 3258 5304 rationabiliter’
3279 5233 3436 5304 velle.
3472 5229 3606 5304 Nam

2021 5304 2232 5374 quidam
2277 5313 2538 5370 nostrum,
2576 5302 2696 5357 cum
2739 5319 2860 5357 eum
2890 5303 3272 5374 interrogassei
3299 5302 3604 5374 haereticus,
3645 5337 3654 5344 .

2021 5371 2195 5429 utrum
2223 5374 2423 5436 volens,
2453 5389 2517 5427 an
2559 5374 2747 5429 nolens
2768 5375 3012 5443 genuerit
3051 5371 3206 5428 Pater
3230 5373 3456 5436 Filium;
3493 5371 3608 5425 lau-

2022 5445 2270 5500 dabiliter
2295 5444 2635 5513 respondisse
2665 5445 2864 5500 fertur:
2897 5445 3013 5508 Dic,
3037 5444 3228 5514 inquit,
3249 5453 3304 5499 et
3335 5453 3411 5507 tu,
3436 5443 3607 5514 haeret

2025 5517 2144 5584 tice,
2169 5516 2309 5572 Deus
2337 5511 2496 5572 Pater
2525 5517 2842 5571 necessitate
2871 5524 2952 5571 est
2996 5511 3161 5582 Deus,
3204 5531 3271 5570 an
3301 5511 3610 5569 voluntate?

2089 5692 2103 5722 ι
2133 5697 2182 5739 ιιι
2204 5697 2274 5750 8.,
2300 5688 2413 5741 utsi
2445 5687 2738 5741 custodisset.
2765 5694 2838 5737 Er.
2875 5687 3022 5752 Lugd.
3047 5695 3168 5738 Ven.
3193 5695 3303 5738 Lov.
3347 5686 3504 5738 secuti
3528 5697 3612 5735 su-

2117 5766 2148 5800 ‘.
2216 5761 2237 5799 3
2260 5789 2270 5800 .

2024 5765 2180 5861 nnislll
2204 5761 2274 5874 Βῖ,
2286 5828 2399 5925 flii"!
2418 5819 2476 5868 δα
2499 5828 2596 5867 una
2611 5813 2892 5868 substantia.
2917 5819 2990 5866 El‘.
3005 5813 3154 5877 Lugd.
3175 5821 3295 5865 Ven.
3319 5817 3432 5863 LOV.
3458 5817 3617 5862 εθευιι

2031 5888 2216 5928 sumus.
2286 5903 2295 5926 ι
2328 5915 2338 5927 .

2093 5889 2216 5926 mus.
2286 5889 2338 5927 Μ.
