4102 6336
393 343 503 410 ’15⁸1

393 463 544 535 Quod
574 462 620 520 si
643 457 1236 535 dixisset_,_Necessitaie
1255 475 1284 535 ;_
1299 457 1616 528 sequebatur
1637 460 1780 535 illum
1803 476 1964 535 gran-

392 530 476 592 dis
499 533 819 590 absurditas.
849 533 907 587 Si
945 541 1141 597 autem,
1187 530 1504 594 Voluptate;
1547 530 1968 600 respondebatur

393 608 492 671 illi,
517 605 660 676 Ergo
689 605 979 676 voluntaieq
995 611 1078 658 est
1101 603 1257 664 Deus,
1308 616 1413 676 non
1463 610 1646 676 natura
1675 620 1686 654 :
1711 611 1766 657 et
1806 603 1876 676 ita
1914 604 1967 655 in

393 672 640 747 laqueum
667 690 824 746 quem
846 673 1290 747 v_olebat_ponere,
1325 673 1437 742 ipse
1465 673 1678 738 incidit;
1703 682 1757 728 et
1783 672 1970 728 videns

393 763 453 805 se
465 744 805 812 convictum,
838 744 1122 800 obmutuit.

463 820 682 885 Qua-:s'r.
733 815 867 872 VIII.
921 813 1198 882 Quomodo
1247 813 1374 868 illud
1425 813 1821 884 intelligendum
1865 822 1968 880 est,

394 890 534 961 quod
565 889 777 961 legitur,
805 887 956 961 Sicut
982 885 1138 961 Pater
1160 887 1312 961 vitam
1338 885 1481 961 habet
1509 886 1560 939 in
1576 887 1883 961 _a_emetipso,_
1899 886 1972 961 sit;

394 954 530 1015 dedit
553 970 600 1014 et
621 954 768 1013 Filio
793 959 975 1012 habere
1017 958 1167 1011 vitam
1189 957 1242 1009 in
1275 956 1538 1024 semetipso
1566 955 1741 1026 (Joan.
1760 954 1828 1024 'v,
1856 954 1975 1026 26)?

323 1049 333 1084 ς
465 1033 622 1087 lisse.
666 1029 876 1088 Scimus
899 1028 1092 1083 Filium
1112 1027 1205 1081 Dei
1233 1042 1264 1081 a
1284 1025 1696 1098 semetipso’non
1719 1041 1859 1092 esse,
1879 1025 1971 1082 sed

392 1118 422 1158 a
450 1105 606 1157 Patre
636 1102 869 1172 genitura
891 1114 1041 1166 esse;
1065 1098 1276 1172 Patrem
1303 1097 1497 1172 vero__a
1539 1097 1687 1172 nullo
1725 1098 1972 1172 genitum

393 1189 532 1238 esse,
563 1189 592 1228 a
620 1168 767 1227 nullo
795 1172 957 1225 vitam
1000 1169 1288 1240 accepisse.
1331 1168 1494 1240 Dedit
1514 1168 1698 1240 HPater
1725 1169 1862 1222 Filio
1887 1168 1970 1221 vi-

395 1253 500 1299 tam
518 1237 782 1315 gignendo
808 1260 821 1296 :
846 1256 950 1315 non
978 1240 1118 1315 quod
1131 1237 1294 1315 'prins
1322 1237 1482 1293 fuerit
1508 1239 1674 1315 Filius
1701 1240 1815 1294 sine
1844 1240 1971 1305 vita,

395 1325 444 1371 et
473 1310 656 1386 postea
678 1313 946 1386 acceperit
975 1312 1166 1376 vitam;
1213 1311 1350 1364 sicut
1390 1325 1489 1386 nos
1527 1310 1615 1386 qni
1639 1325 1750 1386 _pcr
1787 1325 1976 1386 pecca-

393 1380 506 1441 tum
537 1380 1023 1447 amisimus'vitam,
1058 1389 1112 1435 et
1161 1396 1255 1450 per
1301 1381 1522 1450 gratiam
1565 1380 1855 1435 Salvatoris
1887 1396 1975 1434 re-

395 1457 656 1527 cipimus:
684 1455 777 1510 sed
826 1453 945 1527 ideo
992 1452 1207 1518 dicitur,
1253 1451 1468 1527 Accepit
1508 1451 1844 1527 vitam,_qu_ia
1872 1465 1976 1527 non

395 1521 478 1584 es’t
505 1543 533 1581 a
562 1542 620 1583 se
645 1528 761 1596 ipso
790 1524 1027 1596 genitus;
1068 1537 1174 1577 non
1198 1522 1340 1577 enim
1367 1521 1645 1577 existendo
1684 1521 1848 1589 dedit,
1884 1521 1979 1578 sed

433 1597 676 1653 ianendo.

393 1613 685 1736 3%3291':
727 1664 820 1721 I'X.
858 1665 1118 1733 Quoniam
1143 1672 1196 1719 et
1219 1664 1426 1736 ratione
1450 1671 1504 1718 et
1521 1663 1835 1736 testimoniis
1854 1677 1976 1732 per-

395 1733 763 1796 suasisti'mihi
789 1736 856 1792 de
883 1736 1212 1806 subiectione
1236 1734 1374 1806 Filii,
1403 1733 1548 1806 quod
1570 1749 1674 1789 non
1694 1735 1763 1787 sit
1783 1749 1978 1806 secunf

397 1810 522 1866 dum
554 1808 905 1865 substantiam
932 1805 1128 1874 minor,
1158 1805 1251 1861 sed
1279 1805 1570 1860 secundum
1593 1806 1814 1859 formam
1841 1805 1982 1860 servi

398 1897 554 1952 qnam
579 1880 896 1952 assumpsit;
932 1878 1051 1933 ideo
1079 1892 1258 1952 quer
1286 1878 1410 1952 quid
1438 1877 1504 1952 d_e
1533 1877 1785 1952 missione
1806 1875 1979 1945 Spiri-

400 1947 484 2006 tus
507 1953 671 2007 sancti
701 1947 901 2006 sentias
925 1967 936 2003 :
961 1949 1211 2018 numquid
1241 1956 1294 2002 et
1321 1949 1433 2018 ipse
1461 1947 1732 2002 hominem
1775 1961 1979 2002 assum-

398 2024 524 2094 psit,
556 2029 612 2077 ut
639 2022 836 2094 missus
861 2035 980 2076 esse
1001 2019 1238 2094 dicatur?

471 2088 632 2149 Resp.
674 2093 823 2147 Sicut
846 2106 945 2147 nec
971 2089 1260 2145 secundum
1283 2089 1628 2145 substantiam
1654 2088 1866 2154 dicitur,
1887 2103 1983 2144 seu

401 2165 617 2229 missus,
643 2178 738 2219 seu
777 2162 951 2216 minor
989 2160 1181 2225 Filius;
1225 2162 1294 2214 ita
1330 2176 1430 2215 nec
1472 2161 1698 2231 Spiritus
1743 2169 1979 2215 sanctus.

401 2235 678 2290 Postremo
706 2234 844 2289 sicut
870 2233 956 2287 ille
997 2242 1211 2302 propter
1240 2231 1507 2286 hominem
1538 2232 1714 2286 minor
1737 2240 1827 2302 aut
1853 2231 1982 2302 mis-

402 2320 526 2371 sus;
552 2307 620 2359 ita
662 2305 760 2359 iste
801 2301 1014 2374 propter
1042 2303 1455 2374 columbamvel
1481 2303 1657 2374 ignem
1685 2301 1877 2374 missus
1904 2301 1984 2354 di-

403 2377 540 2431 citur
561 2375 772 2446 (Matth.
803 2373 1005 2446 ιιιίίῦ,
1033 2381 1077 2427 et
1119 2373 1231 2427 Act.
1261 2389 1317 2446 ιι,
1342 2373 1402 2446 2)
1427 2389 1440 2425 :
1472 2373 1693 2446 scilicet,
1723 2373 1843 2446 quia
1873 2387 1979 2446 non

405 2447 460 2501 in
488 2461 550 2502 ea
571 2443 863 2501 substantia
889 2461 990 2513 qua
1012 2454 1094 2499 est
1118 2445 1336 2514 mqnalis
1359 2444 1518 2510 Patri,
1555 2444 1832 2514 apparuit;
1865 2443 1980 2510 sed,

405 2527 464 2572 ut
510 2517 708 2572 dictum
751 2525 852 2582 est,
884 2531 980 2585 per
1015 2513 1307 2583 subiectam
1337 2524 1667 2585 creaturam.
1697 2513 1812 2568 Non
1840 2514 1982 2568 enim

403 2587 542 2643 sicut
568 2587 611 2641 F
616 2587 734 2642 ilius
779 2584 1047 2641 hominem
1087 2584 1394 2655 assumpsit,
1425 2595 1484 2639 ut
1523 2586 1602 2639 sic
1639 2585 1690 2637 in
1727 2593 1984 2639 aeternum

403 2657 831 2730 permaneat,_sic
855 2657 1080 2730 Spiritus
1094 2666 1310 2730 _sanetns
1335 2656 1632 2730 columbam
1658 2655 1740 2710 vel
1767 2655 1981 2730 ignem;

405 2725 498 2784 sed
521 2729 673 2784 facta:
694 2728 798 2783 illa:
817 2725 1051 2784 visiones
1077 2727 1143 2782 de
1164 2735 1405 2783 creatura
1428 2725 1700 2793 inferiore,
1729 2726 1793 2779 ad
1819 2726 1988 2780 mani-

405 2798 702 2854 fustandum
728 2799 980 2869 Spiritum
1011 2807 1272 2864 sanctum,
1297 2813 1416 2852 esse
1437 2807 1619 2869 postea
1646 2797 1983 2869 destiterunt.

405 2869 702 2942 Numquam
731 2867 873 2925 enim
911 2870 1000 2924 illa
1031 2867 1584 2942 incomprehensibilis
1611 2867 1985 2942 immutabilis-

408 2956 512 3012 que
536 2940 803 3007 divinitas,
835 2956 952 3012 qua:
972 2948 1054 2996 est
1078 2940 1312 3012 Trinitas
1341 2940 1505 3004 Deus,
1531 2940 1598 2992 ab
1617 2940 1781 3012 oculis
1797 2953 1988 3012 _carna-

407 3009 548 3067 libus
566 3012 730 3068 videri
758 3009 953 3084 potest,
987 3011 1112 3079 nisi,
1143 3020 1200 3066 ut
1220 3011 1417 3066 dictum
1444 3019 1545 3077 est,
1576 3024 1670 3080 per
1693 3009 1987 3079 subiectam

406 3092 722 3139 creaturam.

478 3153 697 3222 Ques'r.
738 3153 809 3210 X.
832 3153 996 3210 Filius
1024 3163 1200 3208 autem
1231 3153 1324 3207 Dei
1351 3151 1616 3222 quomodo
1641 3151 1709 3206 sit
1737 3150 1805 3205 de
1831 3151 1988 3206 Patre

409 3233 580 3290 natus,
610 3223 839 3294 Spiritus
859 3241 986 3281 vero
1005 3234 1219 3279 sanctus
1235 3224 1302 3294 ab
1319 3233 1542 3294 utroque
1563 3222 1877 3294 procedens,
1896 3222 1988 3276 de-

409 3292 895 3366 clarastiJldeoque
919 3312 1100 3366 quacro
1139 3293 1265 3366 quid
1295 3292 1469 3349 distat
1491 3295 1632 3348 inter
1658 3292 1986 3348 nativitatem

410 3366 550 3434 Filii,
582 3377 636 3422 et
662 3368 1058 3437 processionem
1083 3366 1310 3436 Spiritus
1335 3366 1522 3420 sancti.

479 3437 642 3493 Rssr.
664 3435 854 3494 "Filius
881 3449 1056 3492 autem
1087 3435 1250 3491 solius
1279 3447 1362 3491 est
1391 3437 1582 3498 Patris,
1618 3451 1721 3489 non
1762 3435 1989 3504 Spiritus

411 3518 654 3574 sanctus;
695 3509 971 3563 amborum
1015 3508 1249 3577 spiritus,
1297 3507 1345 3561 id
1393 3515 1494 3570 est,
1544 3506 1717 3561 Patris
1754 3515 1809 3562 et
1846 3505 1985 3560 Filii.

412 3579 562 3648 Quod
589 3581 632 3634 si
660 3579 888 3650 Spiritus
913 3588 1126 3634 sanctus
1155 3579 1291 3632 [ilius
1318 3593 1439 3633 esse
1465 3579 1732 3633 diceretur
1765 3597 1776 3630 :
1812 3577 1986 3650 nullus

413 3647 588 3706 autem
617 3647 756 3706 ﬁlius
784 3660 868 3706 est
911 3650 1010 3705 nisi
1054 3650 1300 3713 duorum,
1334 3650 1496 3714 patris
1530 3657 1585 3702 et
1612 3650 1816 3714 matris,
1849 3647 1989 3717 quod

414 3721 552 3776 absit
573 3731 634 3776 ut
661 3723 797 3778 inter
823 3721 988 3776 Deum
1012 3721 1222 3776 Patrem
1244 3729 1298 3774 et
1323 3719 1514 3774 Filium
1548 3719 1650 3773 tale
1679 3719 1876 3790 aliquid
1897 3734 1988 3772 su-

415 3793 680 3863 spicemur
702 3811 716 3847 :
740 3792 861 3864 quia
888 3807 986 3849 nec
1017 3792 1154 3864 [ilius
1179 3791 1408 3846 hominis
1431 3791 1589 3864 simul
1615 3805 1680 3845 ex
1707 3802 1856 3860 patre
1879 3805 1993 3860 pro-

415 3862 573 3931 cedit,
610 3872 668 3919 et
704 3862 774 3920 ei
796 3872 1000 3929 matre;
1029 3863 1152 3934 quia
1178 3877 1298 3917 cum
1328 3862 1657 3934 proceditle
1687 3871 1854 3931 patre,
1887 3877 1990 3934 non

417 3942 540 4003 tunc
571 3934 810 4002 procedit
832 3949 898 3990 ex
925 3932 1115 4000 matre,
1155 3942 1208 3989 et
1235 3948 1354 3987 cum
1383 3932 1624 4003 procedit
1647 3948 1713 3986 ex
1741 3940 1910 3986 matre
1939 3932 1989 3986 in

417 4002 519 4058 hac
546 4004 683 4072 luce,
711 4019 816 4060 non
844 4013 970 4059 tunc
1011 4004 1365 4074 proceditexi
1389 4002 1570 4072 patre.
1602 4003 1827 4074 Spiritus
1860 4018 1993 4074 vero

417 4082 632 4128 sanctus
659 4090 763 4130 non
801 4076 870 4131 de
906 4075 1064 4131 Patre
1088 4073 1328 4144 procedit
1355 4073 1409 4127 in
1439 4074 1652 4140 Filium,
1689 4083 1742 4129 et
1765 4073 1830 4128 de
1859 4073 1994 4127 Filio

417 4145 656 4215 procedit
690 4146 756 4202 ad
781 4145 1210 4201 sanctiﬁcandam
1241 4156 1559 4210 creaturam,
1597 4144 1693 4200 sed
1739 4145 1898 4199 simul
1926 4144 1994 4200 de

421 4225 646 4287 utroque
674 4217 930 4288 procedit.

487 4286 702 4354 ρωεετ.
741 4287 834 4343 XI.
875 4287 1152 4356 Quomodo
1180 4287 1578 4357 intelligendum
1605 4298 1686 4343 est
1703 4287 1829 4343 illud
1851 4286 1994 4358 quod

418 4356 650 4430 Joannes
675 4359 998 4430 evangelista
1021 4359 1087 4430 de
1111 4359 1308 4428 Spiritu
1338 4356 1523 4430 sancto
1549 4359 1697 4425 dicit,
1718 4356 1994 4428 quod—non

419 4428 666 4500 loquetur
688 4445 715 4483 a
739 4428 1045 4501 semetipso.
1068 4429 1156 4486 Sic
1174 4432 1316 4486 enim
1340 4431 1443 4485 ait:
1471 4429 1590 4484 Non
1612 4432 1742 4484 enim
1769 4430 1998 4498 loquetur

419 4515 452 4552 a
492 4503 789 4644 seqigiipso;
834 4501 922 4558 sed
959 4517 1281 4572 quaecumque
1315 4503 1502 4568 audiet,
1544 4501 1772 4572 loquetur
1817 4501 1994 4574 (.Ioan.

419 4585 532 4636 xvr,
649 4609 664 4626 .

419 4585 532 4636 ιιι,
555 4585 664 4636 te).

489 4642 651 4697 Raso.
691 4642 806 4698 Non
837 4643 1083 4714 loquetur
1125 4659 1155 4697 a
1195 4645 1502 4713 semetipso,
1555 4643 1689 4714 quia
1699 4657 1829 4714 non
1859 4652 1942 4714 est
1969 4656 1998 4695 a

421 4714 725 4784 semetipso.
760 4712 922 4784 Pater
941 4714 1083 4769 enim
1105 4730 1135 4769 a
1161 4715 1306 4769 nullo
1331 4712 1412 4769 est
1434 4721 1618 4778 natus;
1650 4712 1814 4767 Filius
1838 4729 1867 4766 a
1896 4713 2000 4766 Pa-

422 4792 512 4855 tre,
530 4783 618 4838 est
639 4785 876 4854 genitus;
904 4783 1133 4855 Spiritus
1153 4794 1368 4840 sanctus
1393 4799 1421 4838 a
1449 4785 1608 4839 Patre
1636 4792 1689 4839 et
1719 4784 1852 4839 Filio
1875 4799 2000 4854 pro-

421 4854 650 4926 cedens._
672 4855 794 4910 Ideo
824 4870 928 4910 non
951 4854 1190 4926 loquitur
1210 4871 1239 4910 a
1267 4856 1586 4925 semetipso;
1617 4855 1709 4910 sed
1737 4870 2002 4924 quaecum-

423 4939 524 4995 que
551 4924 717 4992 audit,
745 4927 995 4997 loquitur.
1025 4924 1224 4982 Audire
1253 4927 1330 4981 illi
1366 4924 1485 4982 esse
1511 4935 1624 4992 est;
1664 4940 1785 4980 esse
1823 4935 1999 4997 autem

422 5009 451 5050 a
478 5011 536 5078 se
566 5012 674 5052 non
699 4995 925 5065 esu—sed
945 5011 977 5053 a
1007 4997 1163 5054 Patre
1183 5016 1196 5052 :
1217 4998 1338 5054 ideo
1357 5012 1708 5070 qutccumqne
1733 4995 1900 5062 audit,
1925 4997 2003 5052 lo-

422 5075 621 5136 quitur.

492 5137 714 5212 Quies'r.
755 5137 872 5194 χιι.
903 5139 1048 5212 Quid
1077 5149 1162 5212 est
1189 5141 1334 5212 quod
1359 5139 1486 5197 dicit
1505 5139 1779 5212 apostolus
1807 5139 2001 5212 Paulus

422 5207 486 5262 ad
512 5207 1080 5283 Romanosscribens;
1107 5207 1260 5283 Nam
1276 5212 1396 5283 quid
1418 5207 1848 5283 orenius,_inquit,
1876 5211 2002 5265 sicut

423 5289 638 5354 Oportet,
670 5281 1069 5354 nescimus;sed
1095 5281 1455 5354 ipschpiritus
1481 5281 1702 5354 postulat
1735 5281 1835 5354 pro
1865 5283 2003 5354 nobis

423 5351 684 5418 gemitibus
718 5351 1156 5407 inenarrabilibus.
1191 5351 1289 5419 Qui
1327 5351 1498 5408 autent
1539 5351 1790 5407 scrutatur
1824 5353 2000 5420 corda,

423 5421 525 5495 scit
539 5422 660 5493 quid
687 5423 932 5495 desideret
956 5423 1224 5495 _Spiritus;
1259 5424 1378 5495 quia
1404 5424 1677 5495 secundum
1703 5423 1867 5478 Deum
1913 5440 2006 5495 po-

424 5491 577 5566 stulat
607 5510 715 5566 pro,
731 5493 924 5566 sanctis
945 5491 1119 5566 (Rom.
1147 5491 1382 5566 “11,26,
1409 5493 1535 5566 2'7)?

454 5631 466 5644 _
494 5562 658 5618 Resp.
674 5635 686 5644 _
700 5563 886 5644 biodus
907 5562 1015 5644 iste
1037 5565 1318 5644 locutionis
1343 5562 1649 5644 frequenter
1677 5567 1737 5644 ini
1759 5566 2001 5644 Scriptu-

425 5634 499 5704 ris
519 5635 720 5690 sanctis
743 5634 1029 5703 invenitur,
1055 5635 1190 5692 sicut
1210 5637 1338 5692 dicit
1359 5634 1612 5691 Dominus
1627 5636 1692 5691 ad
1711 5634 2000 5704 Abraham,

427 5701 483 5757 Ν
487 5720 582 5758 unc
608 5706 819 5776 cognovi
846 5705 980 5779 quod
1010 5701 1184 5780 timeas
1213 5707 1374 5780 Deum
1386 5705 1546 5780 (Gen.
1585 5723 1722 5780 xxn,
1751 5706 1838 5780 12)
1857 5701 2002 5780 ;__hoc

427 5784 530 5842 est,
567 5778 896 5850 cognoscere
939 5783 992 5832 te
1023 5778 1320 5850 lecizsicut
1345 5778 1472 5850 dicit
1509 5778 1827 5850 Apostolus,
1850 5778 2004 5834 Nam:

1495 343 1836 403 DIALOGUS
1874 339 2344 413 QUAES'I'IONUM
2384 343 2549 402 LXV.

3563 353 3673 411 738

2082 461 2159 541 ρ).
2191 462 2416 531 Semper
2453 461 2630 541 omnia
2654 461 2706 517 in
2732 464 3015 541 praesentia
3045 465 3149 541 _Dei
3181 472 3344 541 _sunt;
3375 473 3660 541 antequam

2082 534 2230 610 Iiant,
2259 533 2541 610 przesentia
2567 533 2797 599 sunt;'et
2839 533 3020 610 futura
3038 536 3147 604 jam
3174 536 3312 610 facta
3333 533 3492 594 sunt:
3517 533 3660 610 quo-

2080 603 2239 656 modo
2270 619 2407 659 nunc
2433 604 2660 658 dicimur
2704 605 2898 672 cogniti
2928 622 2958 660 a
2990 603 3118 674 Deo,
3149 609 3249 662 nisi
3279 608 3506 665 faciente
3540 603 3663 666 'Dco

2079 681 2139 726 ut
2172 687 2554 743 c0gnoscamus
2583 676 2746 729 Deum
2765 675 2796 749 ’ζ
2813 676 2900 749 Sic
2923 685 2991 749 et
3019 677 3104 732 hic
3146 679 3395 733 scribitur
3436 681 3664 749 Spiritus

2081 753 2294 819 sanctus
2328 761 2543 819 gemere
2587 761 2683 815 pro
2715 747 2886 819 nobis,
2919 748 3102 819 idest,
3133 758 3411 819 gementes
3444 747 3538 805 nos
3583 751 3666 806 fa-

2081 829 2223 871 cere.
2275 815 2508 870 Infundit
2550 819 2691 871 enim
2737 818 2892 873 nobis
2939 815 3254 874 charitaiem
3304 821 3356 874 in
3404 821 3568 876 Deum
3614 830 3668 876 et

2081 887 2406 961 proximum.
2441 887 2585 961 Sicut
2611 888 2988 961 diciturlaetus
3011 889 3149 957 dies,
3174 890 3314 961 quod
3335 892 3486 945 ltetos
3507 891 3664 947 facit:

2081 965 2171 1031 aut
2197 958 2384 1031 tristis,
2424 958 2563 1031 quod
2591 959 2769 1031 tristes
2807 960 2958 1026 facit;
2987 970 3076 1014 aut
3104 958 3222 1016 lmta
3249 961 3495 1031 epistola,
3524 961 3667 1030 quod

2083 1027 2234 1082 laetos
2264 1029 2419 1102 facit:
2451 1029 2522 1083 ita
2545 1038 2597 1083 et
2617 1029 2703 1084 hic
2728 1046 2941 1102 gemere
2957 1031 3152 1086 dicitur
3173 1027 3404 1102 Spiritus
3423 1027 3663 1099 sanctus,

2083 1111 2148 1154 eo
2176 1099 2315 1167 quod
2342 1114 2437 1153 nos
2463 1099 2746 1166 gementes
2771 1100 2912 1156 facit.

2143 1168 2370 1251 _Qms‘sr.
2413 1170 2551 1251 XIII.
2593 1170 2722 1225 Cum
2751 1172 2917 1227 Judzei
2967 1174 3173 1251 signum
3217 1183 3463 1251 peierent
3488 1189 3531 1251 _a
3559 1174 3668 1251 Do-

2083 1240 2228 1312 mino
2257 1240 2536 1296 Salvatore
2562 1252 2761 1307 nostro,
2794 1245 3067 1312 respondit
3095 1240 3237 1300 illis?
3263 1245 3531 1299 Generatio
3559 1248 3667 1300 hate

2083 1311 2555 1386 adultera_signum
2581 1315 2778 1386 quierit,
2804 1325 2850 1386 et
2870 1311 3070 1386 signum
3106 1331 3204 1386 non
3231 1316 3432 1369 dabitur
3470 1316 3538 1380 ei,
3569 1317 3668 1370 nisi

2083 1381 2285 1456 signum
2311 1381 2462 1456 laute
2486 1381 2763 1452 prophetaz.
2791 1381 2934 1439 Sicui
2952 1387 3084 1440 enim
3105 1385 3268 1441 Jonas
3288 1387 3384 1456 fuit
3419 1387 3471 1440 in
3495 1395 3666 1442 ventre

2084 1453 2177 1504 ceti
2193 1453 2346 1506 tribus
2363 1453 2536 1507 diebus
2559 1463 2604 1507 et
2624 1456 2781 1508 tribus
2801 1456 3136 1522 noctibus,ita
3152 1459 3244 1511 erit
3262 1453 3306 1511 et
3327 1455 3493 1510 Filius
3507 1457 3664 1510 homi-

2083 1523 2162 1576 nis
2181 1522 2400 1597 iiiqcorde
2425 1534 2571 1578 terra!
2588 1526 2743 1597 tribus
2769 1527 2942 1582 diebus
2960 1536 3006 1581 et
3023 1527 3179 1581 tribus
3200 1527 3424 1580 noctibus
3449 1525 3662 1597 (Matth.

2085 1608 2184 1674 illi,
2219 1595 2441 1674 59,_4_0).
2474 1596 2721 1674 Approba
2758 1612 2885 1667 ergo
2907 1597 3181 1674 _quomodo
3207 1595 3490 1674 ininlerno
3510 1597 3672 1674 fuerit

2086 1663 2255 1734 tribus
2279 1665 2485 1730 diebus,
2514 1663 2574 1720 et
2591 1667 2756 1722 tribus
2779 1663 3043 1734 noctibus,
3071 1685 3194 1724 cum
3224 1669 3311 1723 die
3350 1676 3498 1723 sexta
3529 1669 3659 1723 sab-

2085 1733 2194 1817 bati
2215 1751 2333 1817 qua:
2353 1745 2783 1817 estparasceve,_
2803 1742 2930 1793 hora
2961 1733 3101 1794 nona
3131 1739 3370 1817 emiserit
3395 1739 3661 1817 spiritum,

2085 1813 2139 1860 et
2166 1807 2348 1880 prima
2383 1807 2586 1880 sa_bbati
2616 1817 2740 1864 ante
2771 1810 2943 1866 lucem
2971 1827 3089 1880 quze
3132 1818 3216 1864 est
3260 1809 3551 1873 Dominica,
3581 1825 3668 1864 re-

2085 1879 2394 2000 surqexerit.
2425 1877 2564 1935 Ecce
2593 1893 2698 1935 non
2727 1891 2852 1936 sunt
2895 1877 3003 1937 tres
3044 1881 3160 1936 dies
3198 1881 3361 1952 pleni,
3411 1894 3509 1936 nec
3558 1888 3668 1935 tres

2085 1961 2187 2000 HOC
2215 1964 2292 2000 es.

2085 1961 2292 2004 DOCICS.

2157 2018 2317 2092 Resp.
2360 2021 2572 2090 Antiqui
2599 2029 2779 2092 patres
2813 2023 2979 2079 nostri
3015 2024 3116 2078 hoc
3141 2029 3445 2088 senserunt,
3474 2029 3533 2076 ut
3558 2021 3670 2092 pri-

2084 2103 2172 2144 ma
2203 2089 2316 2146 dies
2333 2089 2574 2164 _quzeest
2602 2089 2899 2164 ‘parasceve
2921 2109 2948 2147 a
2976 2101 3127 2164 parte
3154 2093 3362 2160 ultima,
3393 2101 3448 2148 et
3479 2089 3665 2164 ultima

2087 2174 2205 2235 qua:
2231 2170 2312 2235 est
2333 2161 2668 2218 Dominica'a
2710 2175 2859 2232 parte
2897 2161 3088 2235 prima,
3121 2171 3226 2218 tota
3247 2178 3397 2235 cum_
3423 2163 3671 2218 noctibus

2088 2231 2198 2285 suis
2223 2232 2415 2288 debeat
2443 2231 2738 2302 computari
2777 2253 2790 2288 :
2838 2231 3002 2290 et’ita
3043 2233 3436 2289 denominando
3460 2249 3491 2288 a
3520 2242 3674 2303 parte

2089 2309 2279 2368 totum,
2320 2312 2427 2358 tres
2475 2303 2587 2358 dies
2617 2304 3072 2370 fuerunt;ultima
3123 2318 3246 2373 pars
3293 2304 3440 2359 feriae
3483 2311 3668 2373 sextae,

2090 2380 2267 2497 totum)
2291 2375 2589 2440 sabbatum,
2620 2383 2675 2429 et
2717 2377 2886 2444 prima
2917 2389 3040 2445 pars
3085 2372 3381 2429 Dominiea:
3409 2390 3530 2429 cum
3561 2372 3672 2428 suis

2090 2453 2227 2497 nocti
2274 2460 2355 2497 us.

2088 2453 2355 2499 noctibus.

2160 2515 2374 2582 Quasr.
2430 2514 2569 2571 XIV.
2631 2515 2764 2572 Cum
2810 2517 3144 2585 repromittat
3190 2516 3444 2570 Dominus
3489 2524 3670 2571 noster

2089 2585 2244 2658 Jesus
2293 2585 2538 2658 Christus
2587 2589 2784 2642 sanctis
2814 2588 2952 2658 quod
2983 2590 3032 2642 in
3065 2587 3456 2658 resurrectione
3477 2586 3674 2658 (fulge-

2090 2657 2222 2712 bunt
2260 2657 2396 2712 sicut
2437 2659 2516 2711 soi
2546 2658 2654 2727 (Id.
2699 2675 2810 2726 xm,
2835 2657 2961 2730 ⁷45),
2993 2673 3158 2728 quare
3196 2659 3308 2727 ipse
3335 2657 3590 2712 Dominus
3620 2658 3675 2712 in

2089 2730 2480 2783 resurrectione
2509 2745 2602 2783 sua
2637 2731 2713 2785 sic
2743 2745 2847 2784 non
2875 2729 3055 2785 fulsit?

2163 2799 2322 2871 lisse.
2352 2799 2648 2871 Clarilicata
2671 2816 2831 2854 carne
2848 2804 3026 2871 utique
3043 2798 3365 2866 resurrexit;
3388 2797 3484 2854 sed
3505 2799 3678 2854 noluit

2091 2870 2143 2924 in
2171 2885 2232 2923 ea
2261 2870 2642 2941 clariiicatione
2663 2870 3074 2940 (liseipulis’suis
3105 2886 3383 2941 apparere,
3414 2871 3534 2938 quia
3567 2886 3672 2925 non

2090 2949 2310 3010 possent
2324 2940 2492 2994 oculis
2509 2942 2617 2996 suis
2633 2941 2787 2995 talem
2809 2942 3100 2996 claritatem
3120 2940 3440 3010 perspicere.
3457 2941 3510 2994 Si
3531 2941 3675 2996 enim

2090 3021 2376 3080 antequam
2400 3021 2698 3066 moreretur
2719 3028 2814 3080 pro
2835 3013 2989 3066 nobis
3010 3020 3065 3066 et
3094 3021 3416 3079 resurgeret,
3455 3011 3671 3080 quando

2093 3083 2497 3150 transfiguratus
2519 3092 2598 3137 est
2623 3083 2672 3136 in
2697 3092 2898 3146 monte,
2937 3082 3182 3152 discipuli
3220 3083 3302 3136 sui
3331 3082 3673 3152 eumqvidcre

2092 3167 2198 3207 non
2228 3161 2534 3221 potuerunt,
2569 3154 2662 3206 sed
2693 3168 2801 3220 pra:
2830 3155 3020 3207 timore
3043 3151 3093 3205 in
3118 3162 3313 3206 terram
3341 3151 3668 3216 ceciderunt;

2093 3233 2290 3294 quanto
2317 3224 2503 3293 magis,
2559 3223 2844 3278 clariﬁcata
2880 3237 3040 3278 carne
3068 3222 3296 3290 Domini,
3337 3237 3454 3276 eam
3493 3222 3677 3278 videro

2093 3311 2196 3348 non
2221 3294 2545 3364 potuerunt?

2162 3363 2374 3432 Qtuesr.
2405 3365 2521 3420 XV.
2543 3365 2751 3421 Marcus
2796 3365 3116 3436 evangelista
3170 3373 3352 3436 narrat
3395 3363 3674 3420 Dominum

2094 3437 2222 3490 hora
2275 3437 2425 3490 tertia
2451 3437 2770 3506 cruciﬁxum
2799 3434 2990 3506 (Marc.
3017 3451 3089 3490 xv
3109 3477 3124 3500 ,
3167 3435 3296 3506 25),
3325 3434 3554 3490 Joannes
3577 3451 3677 3490 au-

2095 3518 2199 3562 tem
2232 3516 2376 3580 sexta
2407 3505 2586 3580 (Joan.
2613 3523 2702 3580 nix
2724 3550 2738 3575 ,
2773 3505 2998 3580 M-IS);
3032 3506 3116 3562 cui
3145 3505 3320 3576 potius
3348 3506 3672 3561 credendum

2094 3588 2176 3635 est
2201 3593 2265 3631 ex
2288 3578 2368 3630 his
2393 3577 2636 3632 duobus?
2946 3577 2952 3580 ⁷
3121 3587 3138 3596 '

2166 3649 2327 3703 Rssr'.
2377 3649 2442 3702 Et
2483 3649 2570 3704 ille
2599 3665 2780 3703 verum
2827 3649 2994 3716 dixit,
3044 3649 3210 3704 ctillc
3251 3647 3514 3702 similiter.
3544 3646 3675 3701 Nam

2095 3720 2227 3776 hora
2258 3719 2409 3774 tertia
2437 3721 2794 3774 clamaverunt
2829 3721 2995 3774 Pilato
3020 3719 3186 3774 Judaei
3219 3737 3231 3772 :
3262 3718 3530 3789 Cruci/iga,
3564 3735 3680 3771 cru-

2096 3793 2381 3863 ciﬁge‘cum
2416 3790 2562 3863 (Luc.
2596 3807 2762 3863 χχιιι,
2795 3792 2906 3861 21).
2939 3791 3136 3863 Milites
3151 3799 3332 3863 auiam
3370 3789 3498 3863 hora
3529 3797 3679 3863 scuta

2095 3859 2473 3918 cru'cilixerunt
2515 3879 2658 3918 eum.
2710 3859 2875 3930 Igitur
2899 3861 3037 3930 quod
3086 3862 3160 3914 illi
3214 3861 3422 3930 lingua,
3462 3859 3563 3913 hoc
3591 3860 3678 3914 isti

2096 3933 2338 3988 manibus
2377 3933 2682 3988 effecerunt.
2732 3929 2809 3987 Ne
2837 3929 3013 3986 autem
3040 3929 3344 3986 viderentur
3371 3929 3540 3985 Judaei
3573 3945 3679 3985 non

2097 4003 2428 4060 cruciﬁxisse
2472 4005 2751 4057 Dominum
2773 4045 2786 4067 ,
2835 4003 2954 4057 ideo
2983 4003 3304 4072 evangelista
3344 4001 3519 4070 posuit
3549 4000 3680 4056 hora

2098 4076 2250 4131 tertia
2274 4074 2584 4129 cruciﬁxum
2614 4075 2892 4128 Dominum
2914 4115 2927 4140 ,
2953 4075 3073 4144 quia
3101 4089 3205 4127 non
3233 4081 3436 4126 tantum
3463 4072 3535 4144 illi
3560 4087 3683 4144 cruf

2098 4147 2382 4201 cinxerunt
2425 4147 2514 4216 qui
2563 4146 2916 4216 ministerium
2959 4142 3340 4216 impleverunt,
3387 4142 3480 4198 sed
3511 4142 3680 4216 etilli

2099 4219 2190 4288 qui
2213 4213 2590 4271 clamaverunt.
2624 4214 2692 4288 ln_
2696 4217 2790 4288 eis
2815 4217 2956 4270 enim
2982 4213 3306 4288 completum
3331 4213 3580 4285 estquod
3604 4214 3679 4268 ait

2099 4286 2548 4358 Psalmograplius
2594 4303 2606 4339 :
2663 4286 2786 4340 Filii
2815 4288 3073 4342 hominum
3097 4328 3111 4352 ,
3136 4286 3307 4340 dentes
3333 4302 3507 4358 eorum
3538 4301 3682 4338 arma

2101 4371 2146 4415 et
2175 4355 2368 4428 sagitta:
2390 4355 2473 4425 ,ἐι
2495 4359 2668 4430 lingua
2698 4375 2872 4412 eorum
2899 4358 3152 4430 mae/uera
3178 4355 3520 4430 acuta_(P_sal.
3550 4371 3636 4410 Lvl
3657 4395 3675 4422 ,

2101 4433 2180 4502 5).
2212 4426 2374 4486 Vides
2401 4426 2610 4502 qualem
2636 4430 2866 4502 gladium
2895 4429 3212 4495 habuerunt,
3246 4426 3384 4482 unde
3414 4426 3543 4483 hora
3570 4436 3681 4482 ter-

2101 4499 2170 4556 tia
2201 4499 2476 4555 Dominum
2504 4499 2828 4555 occiderunt.
3450 4503 3466 4511 '

2173 4573 2390 4637 Qumsr.
2415 4571 2553 4625 XVI.
2595 4572 2725 4625 Cum
2757 4572 2894 4625 Deus
2918 4570 3098 4625 omnia
3125 4571 3259 4624 bona
3290 4571 3570 4632 creaverit,
3601 4569 3682 4623 ni-

2105 4643 2285 4712 hilque
2310 4643 2377 4695 sit
2400 4641 2537 4710 quod
2559 4657 2666 4696 non
2684 4641 2859 4696 abillo
2884 4642 3151 4696 conditum
3179 4642 3268 4707 sit,
3289 4639 3683 4712 undermalum?

2175 4711 2334 4768 Rssr.
2360 4713 2549 4766 Malum
2577 4722 2763 4767 natura
2788 4728 2892 4768 non
2919 4724 3036 4778 est;
3065 4712 3154 4768 scd
3182 4713 3407 4781 privatio
3432 4711 3554 4764 boni
3584 4712 3683 4764 hoc

2106 4799 2300 4840 nomen
2326 4785 2549 4852 accepit.
2581 4784 2820 4855 Denique
2849 4785 3048 4841 bonum
3081 4792 3254 4855 potest
3280 4797 3400 4837 esse
3425 4781 3539 4836 sine
3563 4794 3683 4833 ma-

2107 4859 2157 4912 lo
2179 4899 2192 4922 ,
2242 4856 2334 4910 sed
2365 4857 2559 4909 malum
2589 4871 2694 4910 non
2722 4853 2899 4926 potest
2929 4870 3048 4910 esse
3089 4855 3204 4926 sine
3234 4853 3374 4926 bono
3395 4893 3408 4915 ,
3444 4866 3540 4906 nec

2105 4921 2211 4984 test
2238 4941 2357 4982 esse
2398 4927 2595 4980 malum
2627 4921 2739 4981 ubi'
2759 4943 2862 4981 non
2895 4926 3056 4980 fuerit
3097 4925 3316 4978 bonum.
3348 4921 3426 4977 Ac
3454 4937 3549 4991 per
3581 4921 3684 4976 hoc

2105 5000 2328 5054 dicimus
2367 5004 2422 5053 et
2461 4999 2704 5068 angelum
2749 4998 2947 5053 bonum
2977 5005 3031 5052 et
3077 4995 3321 5068 angelum
3371 4993 3601 5068 malum,
3633 5001 3687 5048 et

2108 5072 2374 5126 hominem
2419 5062 2615 5124 bonum
2658 5079 2711 5123 et
2753 5068 3024 5123 hominem
3068 5067 3303 5119 malum:
3335 5062 3432 5118 sed
3489 5063 3687 5118 bonum

2107 5141 2246 5212 quod
2294 5141 2542 5211 angelus,
2591 5141 2791 5212 malum,
2817 5139 2959 5212 quod
3004 5137 3257 5212 vitiosus;
3306 5136 3502 5212 bonum
3545 5133 3686 5212 quod

2110 5203 2302 5278 homo,
2336 5203 2536 5266 malum
2563 5211 2702 5281 quod
2746 5203 2990 5265 vitiosus.
3037 5206 3270 5281 Ideoque
3311 5203 3523 5281 quando
3551 5205 3687 5260 dici-

2107 5299 2226 5338 mus
2252 5276 2470 5348 bonmn,
2494 5276 2731 5336 naturam
2762 5281 3065 5343 laudamus;
3097 5276 3309 5348 quando
3327 5277 3550 5331 dicimus
3571 5290 3688 5331 ma-

2107 5355 2217 5410 lum
2239 5397 2252 5420 ,
2284 5370 2387 5408 non
2430 5347 2671 5408 naturam
2694 5395 2707 5417 ,
2758 5351 2851 5406 sed
2883 5350 3101 5420 vitium,
3132 5347 3274 5418 quod
3303 5356 3386 5403 est
3409 5348 3560 5403 bonae
3587 5361 3686 5402 na-

2109 5419 2246 5481 turze
2271 5427 2630 5490 contrarium,
2655 5419 3115 5491 reprehendimus.

2180 5499 2392 5563 Quassr.
2423 5495 2584 5550 XVII.
2613 5488 2810 5549 Omnes
2833 5491 3024 5562 Angeli
3046 5490 3278 5561 aequales
3303 5505 3371 5545 an
3400 5488 3687 5563 inaequales

2110 5561 2272 5623 creati
2311 5567 2467 5621 sunt?
2509 5567 2576 5620 Et
2614 5565 2656 5620 si
2689 5561 2950 5633 :equaies’,
2982 5577 3076 5617 cur
3104 5579 3210 5618 non
3257 5577 3443 5617 omnes
3471 5561 3606 5616 ﬁrmi
3635 5569 3691 5633 et

2111 5639 2325 5694 stabiles
2355 5636 2604 5691 fuerunt?
2649 5635 2703 5690 Si
2731 5631 2858 5690 vero
2895 5635 3210 5704 inaequales,
3242 5648 3346 5704 quo
3384 5634 3575 5689 merito
3599 5631 3693 5687 alii

2109 5708 2458 5779 prrescientiae
2494 5724 2604 5764 sua:
2634 5706 2974 5779 stabilitatem
3001 5707 3242 5779 accipere
3266 5713 3608 5779 meruei'unt,
3637 5710 3695 5759 et

2110 5774 2197 5834 alii
2225 5777 2462 5836 futurum
2492 5793 2601 5836 sua:
2628 5778 2793 5834 ruinae
2823 5791 3003 5833 casum
3033 5774 3253 5835 minime
3280 5774 3572 5850 praevidere
3592 5787 3696 5848 ρος

429 5846 785 5924 cognoscentes
806 5846 992 5924 Deum,
1016 5847 1118 5906 imo
1152 5865 1284 5907 nunc
1303 5849 1490 5924 cogniti
1512 5846 1675 5908 a'Deo
1703 5849 1894 5925 (Gatat.
1919 5867 1992 5926 tv,
2031 5852 2080 5916 cf
2116 5851 2364 5910 tuerunt?
