4102 6336
353 483 484 550 post
507 474 639 550 ligni
660 475 809 550 vetiti
832 468 1269 550 tactum,’eadem_
1283 471 1399 550 Suri
1406 478 1558 550 pium
1572 471 1702 550 dicit
1728 490 1740 526 :
1771 472 1944 550 Aperit

353 542 477 604 Eunt
503 542 640 603 oeuli
693 544 1092 616 amborum‘Ud.
1124 560 1203 611 ιιι,
1235 544 1291 610 6,
1315 543 1398 616 7)?
1423 542 1535 598 Nisi
1578 544 1722 616 enim
1764 544 1946 616 oculos

351 618 622 674 haberent
649 624 885 687 apertos,
908 614 1006 671 nec
1034 617 1124 671 ille
1149 614 1464 687 animalibus
1483 615 1725 687 _nomina
1770 614 1946 685 impo-

355 696 533 755 neret,
566 703 666 743 nec
686 685 786 742 illa
810 687 1017 743 videret
1046 686 1173 757 ligni
1194 685 1666 757 pulchritudinem.

430 759 596 838 lisse.
624 758 737 815 ΙΙοε
763 758 960 828 quippe
1006 754 1318 838 verum'est,
1346 756 1479 838 quia
1530 766 1742 838 apertos
1767 754 1951 838 oculos

430 772 596 814 uasa.
624 772 737 815 Hoc
763 772 960 828 quippe
1006 772 1190 839 verum
1217 772 1318 838 est,
1346 772 1479 881 iiuna
1530 772 1742 838 apertos
1767 772 1951 812 oculos

356 828 664 894 habebant;
687 838 743 884 ει
767 838 944 883 tamen
974 842 1074 882 ms:
1101 827 1168 882 ad
1198 827 1357 897 aliqui
1419 827 1585 882 clausi
1602 836 1801 897 essent,
1834 827 1953 882 nul-

357 900 575 956 Iatenus
593 899 865 969 Scriptura
888 899 1090 954 diceret
1118 916 1132 953 :
1164 896 1339 966 Aperti
1359 907 1474 951 sunt
1503 896 1944 969 oculiiamborum.

354 971 545 1041 Aperti
572 967 727 1034 sunt,
746 970 970 1041 scilicet,
1006 983 1113 1024 non
1150 969 1220 1041 ob
1248 969 1389 1041 aliud
1435 969 1536 1022 nisi
1571 967 1661 1041 ad
1712 968 1950 1024 invicem

354 1039 870 1112 concupiscendum,
904 1050 961 1095 ut
987 1046 1130 1112 esset
1166 1040 1251 1094 lex
1276 1039 1951 1112 inimembrisurepugnans

356 1111 464 1183 legi
491 1108 688 1168 mentis
715 1110 890 1184 (Rom.
912 1126 1005 1184 vn,
1033 1110 1127 1181 25)
1155 1108 1439 1184 :ut_etiam
1466 1111 1526 1184 in
1539 1109 1673 1184 ipsis
1692 1108 1952 1184 membris

352 1179 502 1238 esset
534 1198 640 1237 non
669 1179 999 1243 voluntarius
1028 1179 1224 1246 motus,
1252 1180 1396 1249 justa
1434 1179 1641 1235 scilicet
1690 1179 1788 1235 Dei
1832 1180 1953 1235 vin-

351 1251 524 1320 dicta,
552 1263 612 1308 ut
641 1252 806 1309 homo
827 1253 915 1323 qui
935 1250 1533 1323 noluitAessclsubjectus
1561 1250 1691 1323 Deo,
1721 1265 1832 1307 non
1857 1251 1953 1305 ha-

352 1323 512 1379 beret
538 1324 809 1381 subditum
835 1321 1051 1393 corpus.
1080 1321 1221 1393 Ergo
1249 1321 1303 1376 in
1328 1337 1394 1393 eo
1422 1322 1596 1391 aperti
1636 1329 1765 1376 sunt
1808 1323 1950 1393 oculi

354 1395 661 1464 amborum,
684 1404 743 1449 ut
758 1392 1101 1464 moverentur
1123 1392 1674 1464 concupiscentialiter
1688 1392 1949 1464 membra.

431 1461 654 1538 Qkussr.
672 1463 891 1538 XXXV.
919 1461 1526 1538 Cunt_audissent_vocen_t
1546 1463 1713 1538 Adam
1744 1472 1792 1516 et
1816 1461 1948 1538 Eva,

353 1536 434 1591 ait
457 1532 753 1605 Scriptura,
777 1532 987 1605 Domitii
1028 1532 1124 1589 Dei
1175 1532 1545 1605 deambulantis
1579 1534 1634 1587 in
1686 1533 1946 1605 paradiso,

357 1602 731 1676 absconderant
807 1622 860 1661 se
902 1602 1057 1676 (Gen.
1098 1619 1177 1671 ιιι,
1202 1604 1261 1675 8)
1292 1620 1305 1658 :
1333 1619 1496 1675 rogo,
1552 1618 1672 1673 quae
1718 1611 1803 1659 est
1852 1604 1952 1660 ista

359 1675 757 1733 deambulatio?

433 1748 598 1804 Resp.
622 1748 777 1804 Absit
798 1755 859 1803 ut
884 1747 1044 1813 Deus,
1066 1745 1156 1817 qui
1193 1752 1277 1800 est
1301 1744 1552 1809 Trinitas,
1582 1758 1648 1817 ex
1671 1743 1775 1817 hoc
1808 1744 1953 1815 quod

360 1817 479 1889 eius
506 1819 703 1875 dicitur
730 1814 1111 1889 deambulatio,
1136 1830 1428 1889 corporeus
1466 1825 1557 1889 aut
1604 1814 1789 1871 Iocalis
1828 1814 1951 1872 esse

358 1886 631 1959 credatur.
662 1890 836 1946 Omne
863 1888 1127 1959 siquidem
1152 1901 1347 1959 corpus
1367 1886 1544 1959 locale
1568 1894 1672 1952 est,
1692 1895 1761 1942 et
1792 1902 1952 1942 omne

357 1958 535 2016 locale
556 1961 739 2032 utique
790 1957 985 2032 corpus
1011 1967 1113 2013 est.
1166 1957 1308 2012 Deus
1331 1971 1470 2032 vero
1503 1957 1817 2032 incorporea
1864 1971 1952 2012 res

358 2040 459 2097 est,
492 2048 593 2089 nec
622 2028 988 2102 temporaliter
1017 2036 1282 2093 movetur,
1327 2042 1429 2102 uec
1458 2028 1947 2102 loco__continetur,

359 2118 537 2173 neque
582 2103 651 2158 de
697 2097 815 2157 loco
841 2100 909 2173 ad
958 2101 1134 2173 locum
1177 2097 1514 2173 transfertur.
1557 2097 1690 2166 Ejus
1721 2113 1951 2169 namque

358 2169 720 2243 deambulatio
738 2170 1086 2243 intelligenda
1121 2178 1204 2243 est
1247 2184 1358 2243 per
1385 2169 1617 2243 aliquam
1651 2177 1949 2243 creaturam

358 2242 520 2309 facta,
539 2261 697 2315 quam
720 2238 1317 2315 creaturamhominem
1346 2239 1364 2270 ί
1383 2238 1544 2315 fuisse
1568 2254 1635 2315 ei;
1659 2239 1825 2308 ipsius
1846 2240 1951 2315 cir-

357 2309 683 2371 cumstantia
710 2314 999 2379 Scriptum
1028 2312 1353 2367 intellectum
1380 2325 1409 2363 a
1427 2309 1721 2379 majoribus
1747 2311 1948 2365 recolo.

431 2384 649 2454 Quss'r.
674 2379 917 2441 XXXVI.
945 2384 1080 2454 Cum
1115 2383 1418 2454 Deus_unus
1446 2380 1536 2445 sit,
1554 2379 1769 2454 dicente
1801 2379 1951 2435 Scri-

359 2448 543 2527 ptura,
568 2457 701 2512 Audi
728 2455 937 2510 Israel:
966 2450 1383 2527 Domiuuspeus
1414 2460 1563 2527 inus,
1611 2448 1767 2527 “Deus
1808 2466 1951 2527 Aunus

358 2518 435 2583 Est
475 2518 656 2600 (Deut.
682 2543 753 2594 v1,
783 2528 865 2598 4);
913 2524 1181 2600 quomodo
1232 2519 1552 2600 ipseﬂflixit,
1605 2518 1753 2600 ἕξιςξεὶ
1785 2520 1951 2600 riuum

357 2588 509 2669 quasi
562 2616 692 2653 unus
741 2588 1009 2669 ex'nobis
1051 2599 1216 2665 factus
1238 2588 1310 2648 est
1346 2589 1498 2665 (Gen.
1521 2607 1599 2658 ιιι,
1628 2590 1754 2663 22)?
1789 2588 1952 2646 Nobis

357 2668 501 2741 enim
532 2670 889 2741 pluralitatem
914 2668 1165 2741 insinuat.

432 2730 597 2797 Resp.
626 2741 767 2797 Deus
795 2738 1035 2810 quamvis
1072 2750 1210 2810 unus
1236 2736 1325 2810 sit,
1352 2741 1529 2789 tamen
1570 2730 1805 2810 Triniias
1830 2742 1947 2800 est;

360 2810 520 2867 Pater
545 2812 770 2879 scilicet,
797 2801 852 2865 ἐι
879 2809 1063 2876 Filius,
1094 2817 1150 2862 et
1169 2805 1400 2879 Spiritus
1448 2812 1686 2879 sanctus.
1718 2801 1863 2879 {Inus
1889 2821 1952 2859 ea:

359 2882 506 2936 nobis
539 2874 889 2944 dictum'est,
924 2895 1028 2934 non
1050 2874 1278 2947 propter
1316 2876 1676 2946 pluralitatem
1700 2874 1946 2943 deorum,

362 2953 457 3007 sed
487 2963 702 3023 propter
719 2950 905 3023 plurali
915 2958 1078 3023 tatem
1089 2961 1477 3023 personarum.

434 3015 650 3090 Qumsr.
682 3015 948 3078 XXXVII.
998 3015 1163 3074 Multa
1192 3019 1373 3088 utique
1418 3015 1661 3072 videmus
1698 3016 1951 3090 animalia

358 3110 426 3151 ex
456 3088 797 3165 corruptione
820 3106 1128 3161 corporum,
1150 3089 1384 3165 maxime
1406 3096 1740 3165 mortuorum
1767 3088 1948 3165 nasci:

360 3157 632 3235 numquid
648 3176 773 3220 tunc
796 3157 973 3219 creata
1004 3169 1149 3225 sunt,
1177 3158 1391 3235 quando
1411 3157 1528 3227 ipsa
1547 3160 1809 3235 corpora?

434 3228 595 3292 lissi».
624 3236 780 3291 Absit
807 3243 865 3289 ut
903 3242 1029 3287 tunc
1054 3228 1232 3286 creata
1260 3229 1528 3293 dicantur,
1571 3229 1785 3299 quando
1836 3228 1951 3299 ipsa

359 3322 625 3377 corpora:
658 3306 753 3361 sed
773 3303 1088 3376 corporibus
1134 3301 1293 3355 insita
1334 3306 1462 3377 sunt
1493 3298 1726 3377 quodam
1766 3298 1948 3365 modo,

359 3369 479 3450 qua:
503 3387 631 3433 sunt
658 3392 754 3450 suo
795 3369 1033 3450 tempore
1067 3380 1337 3450 exortura.
1387 3369 1538 3450 Sicut
1581 3371 1726 3450 enim
1765 3386 1951 3450 semen

360 3441 644 3519 cujuslibet
672 3448 879 3503 arboris
900 3441 1058 3519 habet
1084 3441 1370 3519 quamdam
1395 3442 1524 3519 vim,
1548 3448 1607 3495 ut
1632 3456 1754 3519 cum
1784 3442 1949 3495 obru-

318 3560 321 3563 λ
359 3510 472 3574 tum
496 3518 655 3574 fuerit
682 3518 735 3573 in
764 3528 903 3573 terra
932 3510 1155 3581 oriatur,
1202 3522 1257 3567 et
1284 3511 1573 3583 virgultum
1604 3510 1947 3583 producatur,

360 3591 555 3647 deinde
600 3590 763 3645 ramis
808 3587 1151 3642 nihilominus
1202 3583 1546 3652 constipata”
1598 3582 1866 3648 dilatetur,
1898 3592 1953 3637 et

360 3661 672 3723 frondibus;
698 3658 890 3714 deinde
913 3656 1132 3711 floribus
1156 3653 1408 3709 decorata
1435 3652 1718 3707 fructificet
1742 3670 1756 3705 :
1780 3653 1852 3706 ita
1867 3661 1951 3707 est

362 3733 494 3787 etin
517 3746 764 3801 corpore,
794 3737 855 3784 ut
895 3729 969 3782 ita
1026 3726 1222 3790 dicam,
1267 3723 1546 3801 quoddam
1577 3723 1946 3801 seminarium,

362 3805 505 3858 unde
557 3793 655 3857 su’o
686 3793 946 3870 tempore,
989 3805 1216 3870 curante
1248 3793 1582 3865 providentia
1608 3794 1725 3860 Dei,
1773 3793 1950 3863 aliqua

361 3888 557 3944 genera
586 3868 1179 3944 animaliumuriautur.

432 3945 649 4013 Quass'r.
705 3939 992 3998 XXXVIII.
1039 3937 1170 3994 Cum
1198 3936 1368 4013 _Deus
1418 3935 1639 4001 dixerit,
1695 3934 1951 4013 Germiuet

364 4005 500 4069 ιεγῖα
530 4014 733 4068 herbam
753 4014 1013 4076 virentem,
1064 4017 1110 4062 et
1150 4005 1443 4073 alferentem
1487 4021 1658 4076 semei:
1707 4015 1755 4058 et
1810 4006 1950 4076 ligna

366 4086 635 4163 fructifera
657 4081 832 4163 (Id._i,
860 4080 1148 4163 nil);nligna
1178 4077 1529 4145 infructuosa,
1552 4075 1639 4131 vel
1657 4076 1837 4146 spinas
1853 4075 1949 4131 ’vel

362 4151 591 4212 tribulos
620 4151 831 4225 quando
858 4151 1015 4225 fecit?

433 4227 599 4282 Resr.
628 4217 797 4281 Simul
824 4224 1003 4279 omnia
1030 4222 1176 4277 Deus
1204 4219 1347 4285 fecit,
1398 4219 1611 4275 dicente
1647 4217 1947 4288 Scriptura,

368 4298 470 4365 Qui
520 4298 639 4352 vivit
688 4297 741 4348 in
769 4306 1034 4360 internum,
1061 4292 1269 4365 (creavit
1320 4291 1490 4365 omnia
1535 4290 1703 4365 simuI_
1735 4289 1753 4359 (
1782 4288 1949 4343 Ecclt'.

365 4359 514 4435 ῐνιιι,
543 4370 622 4438 1).
653 4366 969 4438 Nullateuus
1005 4359 1165 4438 igitur
1184 4361 1430 4438 dicenda
1460 4369 1607 4438 sunt_
1624 4359 1950 4438 infructuosa

362 4430 527 4509 ligna,
581 4430 704 4512 qua;
736 4436 916 4507 aliquo
967 4430 1128 4512 modo
1183 4432 1500 4512 hominibus
1530 4430 1953 4512 ail'eruiitadju-

364 4501 545 4565 m'enta
571 4501 741 4579 {quia
764 4501 1053 4579 et'revera,
1086 4506 1133 4579 si
1175 4518 1283 4559 non
1324 4502 1625 4579 invenimus
1668 4503 1724 4579 in
1741 4501 1821 4557 eis
1855 4501 1954 4556 ali-

365 4581 492 4649 quid
522 4579 592 4634 ad
622 4572 913 4649 edendum,
955 4576 1256 4649 invenimus
1302 4582 1453 4649 certe
1477 4573 1543 4627 ad
1588 4572 1951 4649 medicamen-

365 4642 497 4723 ium,
526 4649 829 4723 invenimus
846 4646 916 4723 ad
939 4646 1281 4723 adiutorium.
1296 4644 1437 4723 piam
1462 4650 1684 4723 quantae
1698 4642 1954 4723 utilitates

364 4711 706 4775 inveniantur
733 4721 785 4773 in
811 4719 911 4782 eis,
942 4711 1137 4787 tu'ipse
1161 4714 1460 4787 considera.
1479 4711 1721 4787 i’roinde
1762 4712 1885 4781 quia
1915 4727 1947 4767 a

365 4788 595 4846 fruendo
620 4791 815 4845 dicitur
845 4784 1070 4855 fructus,
1096 4795 1152 4842 et
1189 4787 1256 4840 ab
1286 4786 1431 4839 omni
1479 4784 1624 4854 ligno
1670 4797 1954 4855 possumus

364 4861 567 4918 habere
591 4860 807 4930 aliquod
834 4853 1181 4930 adjutorium,
1206 4858 1325 4926 jure
1352 4853 1566 4930 nullum
1587 4855 1786 4930 lignum
1813 4853 1949 4930 dici-

365 4947 485 4988 mus
509 4924 921 4987 infruc'tuosum'.
952 4930 1133 4999 Spina:
1162 4924 1351 4982 autem
1379 4934 1433 4999 et
1481 4924 1663 4999 tribuli
1712 4924 1954 4999 quamvis

365 5012 487 5072 post
508 5012 791 5074 peccatum
819 4995 1023 5074 homini
1050 5008 1336 5074 nascantur
1370 4996 1438 5052 ad
1480 4996 1723 5074 laborem
1744 4995 1955 5074 dicente

365 5064 663 5145 Scriptura,
697 5071 856 5127 Terra
901 5072 1073 5141 spinas
1102 5069 1383 5145 et__tribu_los
1430 5068 1588 5138 pariet
1635 5066 1723 5119 tibi
1772 5064 1951 5145 (⁸

363 5159 443 5211 ιιι,
473 5136 598 5214 ἱ8);
630 5136 811 5199 tamen
848 5136 954 5197 nou
997 5136 1438 5214 est‘dicendum'
1465 5148 1589 5192 tunc
1634 5152 1695 5191 ea
1728 5136 1857 5191 oriri
1887 5152 1955 5214 εξ

366 5209 698 5285 ιεινιεςέιιὶιι
721 5216 831 5285 jam
857 5222 1009 5271 erant
1040 5211 1221 5285 utique
1250 5209 1539 5285 adpastus
1578 5223 1831 5285 pecorum
1871 5210 1953 5263 vel

363 5279 662 5342 volatilium
690 5279 847 5353 facta,
882 5299 989 5340 non
1033 5283 1100 5338 ad
1143 5280 1439 5352 augendam
1478 5279 1712 5334 hominis
1742 5294 1954 5350 poenam

398 5357 643 5413 reducta.

364 5372 658 5496 manufest:
685 5424 934 5482 XXXIX.
961 5425 1019 5481 Si
1042 5424 1305 5496 omniain
1328 5429 1953 5496 numero,_et_mensura,

367 5510 419 5557 et
443 5491 687 5572 pondere
714 5499 855 5554 Deus
880 5497 1167 5567 disposuit,
1199 5495 1334 5551 sicut
1360 5501 1544 5549 sancta
1573 5491 1849 5563 Scriptura
1871 5503 1955 5549 te-

428 5733 445 5766 ι
471 5726 605 5778 Unus
628 5732 692 5770 ex
715 5719 953 5769 Vaticanis
972 5723 1103 5781 Mss,
1121 5716 1366 5781 angelum.
1399 5716 1503 5781 Alii,
1545 5715 1797 5766 Izmmnem.

429 5794 450 5825 ι
470 5798 557 5842 Ms.
605 5781 932 5843 Wiensis,
968 5778 1257 5844 conspicata.
1301 5780 1509 5830 Vaticani
1564 5787 1696 5840 tres,
1741 5778 1952 5845 conspisv

371 5859 485 5907 tata.

650 5938 878 6002 SANCT.
925 5936 1203 5999 AUGUST.
1247 5928 1353 5991 VI.

1496 354 1835 415 DIALOGUS
1872 350 2337 423 QUIESTIONUM
2373 352 2538 411 LXV.

3539 358 3646 420 746

2058 480 2228 527 statur
2246 471 2411 597 (Sep.
2442 487 2521 535 ιι,
2547 469 2661 542 21):
2691 471 2864 542 ipsum
2895 471 3194 542 numerum,
3228 485 3283 533 et
3309 490 3637 549 mensuram,

2058 552 2112 597 et
2140 558 2242 597 non
2286 558 2347 597 us
2375 543 2462 597 ubi
2488 543 2789 597 disposuit?

2056 552 2112 598 et
2140 543 2347 613 pondus
2375 543 2462 597 ubi
2488 543 2789 613 disposuit?

2128 614 2290 691 Busa.
2320 613 2587 669 Numerus
2634 624 2688 670 et
2726 630 2976 691 mensura
3023 625 3077 671 ct
3118 618 3327 688 pondus
3360 620 3474 691 ipse
3500 622 3644 677 Deus

2056 694 2159 739 est.
2194 685 2312 754 Ipse
2339 693 2424 758 est
2454 700 2706 741 numerus
2733 686 2850 741 sine
2879 685 3135 753 numero,
3156 704 3185 741 a
3215 704 3320 758 quo
3348 685 3431 745 est
3465 694 3642 746 omnis

2010 778 2013 779 ν
2057 771 2336 832 numerus.
2366 755 2485 825 Ipse
2510 766 2593 832 est
2616 772 2866 812 mensura
2896 760 3012 832 sine
3042 755 3376 832 mensura,_a
3407 776 3513 832 quo
3558 774 3644 817 est

2057 828 2234 881 omnis
2258 842 2527 901 mensura.
2557 827 2676 901 Ipse
2699 838 2783 901 est
2806 829 3012 898 pondus
3037 830 3155 885 sine
3196 827 3451 899 pondere,
3485 847 3514 886 a
3535 849 3643 901 quo

2057 906 2142 952 est
2169 913 2328 953 omne
2348 898 2575 968 pondus.
2593 898 2782 953 Omnia
2804 913 2935 969 ergo
2952 900 3003 953 in
3031 898 3275 968 numero,
3300 898 3639 969 etmensura,

2057 975 2113 1040 et
2140 969 2679 1040 pondereﬁdisposuit,
2708 979 2955 1040 tanquam
2977 971 3022 1024 si
3043 970 3264 1034 diceret,
3288 971 3477 1028 Omnia
3501 973 3553 1026 in
3584 990 3644 1028 se

2057 1037 2341 1108 disposuit.
2370 1037 2653 1094 Non‘enim
2680 1037 2977 1095 creaturam
3001 1056 3118 1096 eam
3142 1048 3292 1097 extra
3314 1057 3393 1107 se,
3429 1052 3523 1097 aut
3549 1045 3648 1099 ali-

2056 1110 2179 1184 cubi
2208 1110 2359 1184 vidii,
2384 1120 2462 1184 ut,
2488 1111 2626 1184 sicut
2651 1110 2913 1178 homines,
2956 1113 3211 1167 memoria
3251 1116 3479 1168 retineat
3524 1130 3645 1184 qua:

2058 1178 2277 1250 faceret.
2310 1181 2495 1235 Omnis
2540 1181 2699 1250 igitur
2743 1196 2903 1236 causa
2929 1192 3210 1247 creaturzc,
3266 1184 3513 1240 voluntas
3544 1178 3646 1240 'cst

2057 1248 2344 1307 Creatoris.
2379 1251 2489 1307 Hoc
2514 1248 2591 1323 ibi,
2606 1262 2698 1323 est
2720 1253 2986 1318 voluntas,
3014 1253 3157 1323 quod
3182 1263 3389 1309 natura.
3434 1255 3525 1311 Sic
3554 1264 3635 1311 ta-

2057 1336 2181 1376 men
2208 1330 2408 1377 :eterna
2441 1330 2524 1376 est
2544 1322 2617 1376 illi
2646 1330 2856 1388 natura,
2895 1324 2974 1378 sic
3003 1322 3087 1378 est
3127 1334 3328 1380 :etcrna
3366 1326 3634 1381 voluntas.

2055 1391 2174 1447 Non
2200 1394 2341 1464 enim
2371 1393 2566 1448 accidit
2593 1393 2704 1447 Deo
2724 1410 2861 1448 nova
2905 1394 3080 1464 aliqua
3107 1395 3360 1463 cogitatio
3396 1396 3466 1451 ad
3526 1398 3641 1451 for-

2058 1463 2281 1518 mandas
2329 1472 2625 1519 creaturas.
2691 1464 2921 1519 Proinde
2962 1463 3139 1520 omnia
3190 1465 3241 1519 in
3295 1480 3355 1522 se
3405 1466 3642 1523 Trinitas

2057 1533 2509 1606 Deusdisposuit,
2531 1534 2652 1605 quia
2682 1535 2734 1589 in
2757 1550 2814 1589 se
2830 1545 3018 1590 cuncta
3041 1536 3223 1591 habuit
3244 1551 3363 1606 quae
3386 1537 3530 1592 fecit.
3557 1538 3645 1591 In-

2060 1604 2314 1673 telligitur
2337 1614 2391 1659 et
2418 1604 2603 1663 aliter:
2634 1606 2814 1660 omnia
2842 1606 2895 1660 in
2925 1621 3173 1673 numero,
3203 1604 3548 1672 et‘mensura,
3586 1616 3643 1663 et

2056 1675 2292 1742 pondere
2317 1675 2608 1746 disposuit;
2652 1676 2707 1730 id
2733 1685 2837 1742 est,
2885 1678 3065 1733 omnia
3106 1693 3226 1747 qum
3264 1676 3409 1744 fecit,
3451 1693 3642 1734 nume-

2057 1760 2197 1818 rum,
2230 1755 2285 1799 ει
2309 1761 2636 1818 mensuram,
2660 1756 2714 1802 et
2739 1747 2945 1818 pondus
2976 1747 3191 1804 habent.

2128 1817 2344 1888 QUEST.
2384 1816 2496 1871 XL.
2547 1816 2943 1888 Numquidnam
2984 1820 3062 1874 sic
3111 1817 3333 1874 adduxit
3380 1819 3526 1875 Deus
3572 1820 3643 1875 ad

2055 1885 2225 1941 Adam
2271 1896 2463 1942 cuncta
2498 1885 2788 1942 animantia
2834 1890 3011 1952 terrai,
3044 1898 3099 1945 et
3123 1889 3371 1944 universa
3399 1891 3636 1946 volatilia

2055 1958 2180 2012 caeli
2208 1956 2360 2031 (Gen.
2386 1974 2445 2031 ιι,
2478 1958 2597 2031 I9),
2617 1959 2886 2031 quomodo
2908 1959 3179 2015 adducunt
3201 1970 3530 2029 aucupantes
3554 1962 3640 2016 vel

2056 2029 2312 2083 venantes
2343 2029 2411 2083 ad
2432 2029 2603 2084 retia?
2633 2032 2713 2083 An
2746 2029 2965 2085 forsitan
2999 2046 3105 2085 vox
3130 2030 3197 2087 de
3222 2031 3365 2085 nube
3388 2031 3526 2087 facta
3556 2041 3642 2087 est

2051 2096 2329 2167 jussionis,
2351 2115 2509 2169 quam
2541 2100 2899 2171 intelligerent
2929 2110 3178 2171 tanquam
3209 2102 3497 2158 rationales
3517 2104 3639 2158 ani-

2056 2184 2180 2232 mae,
2206 2178 2260 2224 et
2279 2184 2340 2225 ea
2368 2171 2543 2225 audita
2566 2170 2640 2224 illi
2664 2170 2852 2226 omnes
2876 2170 3154 2227 obedircnt
3176 2173 3191 2203 ⁸
3208 2171 3234 2225 i

2130 2240 2292 2294 Itesr.
2318 2239 2432 2295 Non
2470 2240 2572 2295 hoc
2600 2250 2923 2310 acceperunt
2960 2243 3253 2296 animantia
3280 2242 3366 2297 vel
3408 2243 3645 2300 volatilia

2056 2310 2290 2383 coeli,_ut
2308 2311 2427 2383 sint
2444 2311 2668 2383 rationis
2696 2312 2933 2381 capacia,
2963 2326 3059 2381 per
3080 2328 3241 2382 quam
3273 2312 3492 2383 obedire
3522 2328 3644 2383 pos-

2056 2380 2165 2454 sint
2192 2380 2431 2436 Creatori
2457 2396 2556 2454 suo
2577 2400 2612 2454 _:_
2631 2381 2686 2435 in
2716 2395 2814 2454 suo
2835 2390 3013 2454 tamen
3040 2380 3238 2454 genere
3264 2380 3643 2454 obtemperant

2055 2449 2192 2516 Deo,
2226 2465 2331 2506 non
2370 2451 2616 2507 rationali
2661 2452 2953 2507 voluntatis
2976 2449 3218 2519 arbitrio,
3238 2454 3333 2509 sed
3364 2449 3502 2510 sicut
3528 2470 3647 2510 mo-

2057 2529 2145 2577 vet
2168 2522 2257 2576 iIIe
2282 2523 2463 2576 omnia
2497 2522 2828 2592 temporibus
2846 2525 3189 2593 opportunis,
3216 2540 3322 2579 non
3359 2525 3474 2593 ipse
3506 2535 3644 2581 teme

2057 2593 2313 2677 puraliter
2338 2601 2535 2677 motus.
2563 2593 2737 2677 Movet
2755 2593 2934 2677 itaque
2973 2608 3032 2649 se
3056 2594 3233 2677 ipsum
3259 2595 3386 2677 sine
3402 2604 3644 2666 tempore

2056 2671 2112 2737 et
2139 2663 2277 2729 loco,
2319 2672 2499 2719 movet
2524 2672 2760 2719 creatum
2785 2663 3031 2734 spiritum
3060 2663 3176 2720 sine
3218 2666 3345 2737 loco
3362 2663 3644 2737 tempora-

2057 2731 2200 2806 liter,
2231 2743 2723 2806 muvetcreaturam
2752 2731 3063 2806 corpoream
3093 2736 3458 2806 temporaliter
3482 2731 3539 2794 et
3567 2740 3645 2793 lo-

2056 2805 2262 2860 caliter.
2294 2805 2554 2860 Praecedit
2595 2805 2754 2879 igitur
2789 2805 3084 2861 substantia
3124 2805 3242 2879 quae
3286 2809 3649 2878 temporaliter

2058 2882 2262 2929 tantum
2292 2885 2556 2947 movetur,
2577 2876 2746 2947 illam
2784 2892 2904 2946 qua:
2932 2876 3295 2947 temporaliter
3313 2886 3368 2933 et
3395 2876 3649 2935 localiter

2056 2955 2320 3020 movetur.
2352 2945 2614 3020 Praecedit
2642 2945 2821 3016 itaque
2846 2945 3142 3020 subslautia
3170 2963 3290 3018 qua:
3317 2963 3418 3005 nec
3440 2959 3648 3020 tempo-

2056 3016 2241 3072 raliter
2270 3031 2368 3071 nec
2397 3018 2638 3072 localiter
2662 3025 2927 3087 movetur,
2958 3016 3104 3071 illam
3133 3016 3252 3087 qua:
3275 3026 3477 3074 tantum
3506 3016 3647 3075 tem-

2056 3087 2313 3168 poraliter
2363 3096 2626 3168 movetur.
2646 3085 2778 3168 ipse
2826 3089 3041 3157 spiritus
3077 3085 3326 3143 conditus
3366 3098 3547 3145 movet
3590 3105 3651 3148 se

2057 3158 2232 3231 ipsum
2261 3173 2357 3228 per
2385 3166 2601 3231 tempus
2616 3158 2732 3231 sine
2758 3158 2897 3224 loco,
2930 3168 3108 3212 movet
3147 3173 3344 3227 corpus
3374 3175 3470 3228 per
3508 3170 3647 3215 tem-

2055 3227 2157 3301 pus
2183 3237 2237 3283 et
2268 3230 2462 3283 locum.
2498 3227 2901 3301 'Spiritusycro
2933 3237 3145 3283 creator
3172 3238 3352 3284 movet
3377 3227 3448 3286 se
3471 3234 3644 3301 ipsum

2056 3298 2192 3374 sine
2223 3309 2480 3374 tempore
2502 3307 2557 3354 et
2581 3298 2719 3374 loco.
2752 3299 2913 3374 igitur
2942 3300 3160 3374 spiritus
3214 3298 3507 3374 rationalis,
3557 3305 3649 3374 qui

2057 3377 2142 3425 est
2178 3370 2232 3424 in
2261 3369 2586 3441 hominibus,
2619 3371 2731 3424 sive
2760 3370 3101 3433 irrationalis,
3137 3372 3225 3440 qui
3257 3380 3338 3424 est
3359 3372 3410 3425 in
3448 3369 3643 3441 brutis,

2057 3441 2216 3494 etiam
2245 3440 2358 3510 ejus
2373 3440 2537 3510 jussis
2557 3449 2821 3495 movetur.
2853 3441 2958 3497 Sed
2992 3442 3262 3494 rationalis
3289 3442 3448 3497 habet
3488 3440 3650 3498 intel-

2057 3510 2350 3580 ligentiam,
2382 3526 2473 3581 per
2489 3524 2647 3579 quam
2668 3510 2908 3581 judicare
2935 3520 3101 3580 possut
3126 3520 3303 3565 utrum
3326 3512 3493 3581 jussis
3518 3528 3650 3568 con-

2055 3583 2270 3653 sentiat,
2298 3590 2389 3637 aut
2416 3595 2524 3636 non
2552 3583 2873 3636 consentiat.
2904 3582 3165 3636 Animalia
3186 3596 3312 3638 vero
3350 3583 3555 3653 reptilia
3582 3602 3646 3641 ac

2058 3652 2290 3707 volatilia
2320 3667 2426 3708 non
2456 3660 2779 3722 acceperunt
2819 3652 3231 3722 hocjudicium;
3271 3667 3371 3723 pro
3411 3652 3511 3708 Suo
3558 3665 3644 3710 ta-

2056 3737 2179 3777 men
2207 3738 2403 3793 genere
2449 3733 2607 3793 atque
2636 3732 2820 3777 natura
2856 3724 3009 3793 jussu
3053 3723 3231 3793 aliquo
3267 3732 3383 3778 acta
3427 3727 3645 3793 propel-

2054 3793 2256 3849 luntur.
2303 3793 2456 3853 Unde
2485 3794 2721 3864 angelica
2764 3802 2950 3848 natura
2993 3794 3141 3862 jnssa
3192 3794 3286 3847 Dei
3338 3794 3644 3864 perficiens,

2054 3874 2243 3919 movet
2265 3865 2427 3936 jussis
2447 3880 2614 3936 omne
2632 3879 2800 3934 genus
2820 3865 3187 3929 animantium,
3206 3864 3405 3919 docens
3432 3866 3483 3919 id
3504 3867 3647 3936 quod

2056 3935 2249 3990 nescit.
2294 3935 2350 3990 Si
2377 3936 2573 3990 etenim
2604 3935 2849 3989 homines
2880 3943 3103 4004 possunt
3145 3936 3399 3991 nonnulla
3439 3936 3648 3991 anima-

2054 4003 2184 4059 lium
2209 4020 2403 4074 genera
2419 4013 2695 4059 mansueta
2724 4003 2921 4071 facere,
2954 4007 3027 4059 ita
3071 4013 3131 4058 ut
3156 4006 3412 4074 quasdam
3457 4006 3649 4061 volun-

2056 4083 2194 4147 tates
2219 4074 2490 4132 hominum
2536 4074 2713 4131 facere
2748 4074 3049 4142 videantur,
3090 4084 3289 4146 quanto
3334 4077 3504 4147 magis
3542 4076 3648 4136 hoc

2055 4146 2241 4217 Angeli
2268 4147 2527 4217 possunt?

2126 4163 2136 4200 I
2174 4162 2241 4201 eu
2304 4162 2527 4201 ossunt!

2126 4162 2341 4284 δυεξτ.
2364 4218 2500 4273 XLI.
2533 4217 2663 4286 Qum
2689 4232 2848 4273 causa
2876 4217 3001 4273 fecit
3028 4216 3241 4273 utDeus
3270 4233 3428 4289 quem
3449 4220 3647 4276 astruis

2055 4301 2293 4355 movere,
2321 4304 2427 4343 non
2454 4298 2730 4344 moveatur
2757 4290 2809 4343 in
2835 4298 3092 4358 tempore;
3136 4299 3227 4344 aut
3250 4290 3469 4359 Spiritus
3492 4304 3646 4345 crea-

2058 4367 2151 4430 tus,
2180 4361 2268 4430 qui
2318 4368 2561 4414 movetur
2592 4361 2645 4413 in
2668 4368 2927 4429 tempore,
2955 4374 3057 4412 non
3080 4370 3356 4414 moveatur
3388 4370 3444 4416 et
3482 4361 3601 4416 loco
3621 4363 3646 4415 ?

2127 4429 2289 4484 lisse.
2319 4431 2459 4486 Deus
2483 4433 2571 4499 qui
2591 4430 2818 4484 instituit
2844 4438 3106 4498 tempora,
3129 4439 3183 4485 et
3210 4440 3294 4486 est
3331 4440 3456 4488 ante
3506 4440 3644 4487 tem-

2092 4514 2207 4567 ora,
2262 4501 2397 4556 nihil
2441 4502 2494 4555 in
2534 4515 2599 4555 eo
2642 4508 2726 4554 est
2748 4501 3078 4570 praeteritum
3117 4509 3171 4555 et
3220 4503 3474 4569 futurum,
3517 4505 3641 4557 nul-

2080 4586 2168 4644 um
2187 4572 2465 4644 eonsilium
2514 4585 2729 4636 novum,
2764 4570 3015 4644 nullaque
3040 4584 3177 4644 uova
3199 4574 3497 4644 cogitatio;
3515 4574 3639 4644 quia

2057 4641 2261 4697 scilicet
2303 4642 2349 4696 si
2402 4655 2563 4706 nova,
2607 4650 2663 4696 et
2708 4641 2974 4697 accidens.
3031 4642 3087 4697 Si
3151 4641 3285 4698 vero
3303 4641 3501 4711 aliquid
3534 4641 3641 4697 'ac-

2058 4711 2187 4767 cidit
2226 4713 2355 4777 Deo,
2399 4713 2509 4782 jam
2538 4726 2670 4783 non
2723 4712 3086 4768 immutabilis.
3131 4712 3295 4783 Igitur
3331 4712 3635 4783 immutabia

2058 4783 2124 4836 lis
2154 4784 2294 4838 Deus
2320 4792 2404 4838 est
2430 4800 2444 4837 :
2478 4782 2609 4837 nihil
2638 4784 2714 4837 illi
2752 4784 2980 4850 accidit,
3012 4784 3156 4837 nulla
3194 4798 3327 4837 nova
3368 4782 3638 4851 cogitatio,

2057 4854 2260 4908 nullum
2328 4869 2522 4909 novum
2574 4854 2887 4920 consilium;
2961 4854 3081 4909 ideo
3122 4868 3228 4908 non
3286 4863 3531 4907 movetur
3579 4854 3634 4907 in

2060 4934 2316 4996 tempore.
2358 4926 2519 4996 Igitur
2561 4925 2906 4980 immutabilis
2949 4925 3090 4979 Deus
3122 4932 3223 4978 est.
3264 4924 3490 4996 Spiritus
3511 4938 3641 4978 vero

2058 4994 2323 5062 conditus,
2348 4994 2485 5052 sicut
2516 5006 2599 5051 est
2626 4997 2970 5065 Angelorum,
3004 5008 3303 5065 quanquam
3345 4994 3461 5048 sine
3502 5002 3638 5049 tem-

2058 5082 2189 5136 pore
2236 5068 2664 5136 contemplentur
2718 5066 2810 5121 Dei
2874 5065 3261 5130 atternitatem,
3301 5066 3635 5136 veritatem,

2058 5134 2405 5203 charitatem;
2435 5134 2614 5193 tamen
2651 5137 2769 5207 quia
2803 5150 2870 5191 ex
2913 5145 3151 5204 tempore
3200 5137 3252 5189 in
3296 5134 3636 5207 inferioribus

2053 5209 2202 5278 jussa
2232 5210 2324 5264 Dei
2356 5205 2803 5279 perficiunt,'jure
2840 5206 3138 5279 creduntur
3163 5206 3363 5279 moveri
3407 5205 3459 5279 iu
3502 5216 3640 5260 tem-

2058 5276 2205 5349 pore.
2234 5276 2471 5349 Corpora
2495 5294 2623 5334 vero
2643 5294 2745 5349 sua
2764 5279 2815 5332 in
2837 5278 2956 5331 loco
2985 5276 3375 5349 moventtdum
3412 5276 3639 5332 descen-

2059 5346 2273 5406 iluntde
2294 5346 2453 5416 caelo,
2476 5358 2532 5405 et
2557 5348 2849 5403 ascendunt
2879 5349 2930 5401 in
2961 5346 3178 5403 coelum.
3207 5348 3435 5418 Spiritus
3460 5349 3638 5416 itaque

2061 5424 2335 5477 hominum
2360 5431 2603 5476 movetur
2631 5421 2683 5473 in
2710 5428 2969 5488 tempore,
2998 5417 3391 5488 reminiscendo
3418 5430 3640 5488 practer-

2058 5496 2152 5560 ita,
2183 5494 2357 5548 futura
2391 5489 2770 5561 exspectando,
2799 5488 2998 5561 aliquid
3047 5487 3482 5561 n_ovildiscendo.
3527 5490 3635 5547 Ne-

2061 5558 2163 5636 que
2186 5565 2349 5629 enim,
2376 5558 2503 5617 cum
2525 5560 2780 5636 recordor
2820 5559 3052 5628 aliquam
3078 5558 3361 5636 lectionem
3398 5571 3489 5614 aut
3540 5562 3642 5636 ali-

2060 5630 2218 5707 quam
2244 5636 2530 5699 civitatem,
2559 5633 2699 5686 sicut
2733 5639 2909 5685 motus
2939 5640 3022 5685 est
3047 5630 3264 5700 spiritus
3293 5647 3444 5686 meus
3490 5633 3638 5701 cogi—

2063 5776 2329 5892 Obtdsic
2354 5770 2499 5884 Lu‘gd.
2521 5776 2638 5820 Ven.
2663 5774 2774 5820 Lov.
2798 5773 2850 5816 ιιι
2873 5772 2943 5830 3.,
2986 5771 3109 5817 etea
3126 5766 3297 5820 audita
3334 5764 3641 5820 nihilomimu

2120 5851 2145 5889 ε
2180 5850 2227 5889 ιι·
2312 5871 2324 5884 .
2436 5868 2448 5883 .

2120 5850 2324 5889 eatrcm.
2392 5850 2448 5884 nl.

2849 5916 3344 5999 (Vingt-quatrs
3370 5917 3403 5982 Ι
