4102 6336
475 387 579 446 ’151
916 350 923 351 7
1202 381 1566 441 APPENDIX.
1605 380 1977 440 ADMONITIO
2015 380 2082 437 IN
2119 378 2669 450 SUBSEQUENTEM
2707 378 2985 437 LIBRUM.

475 504 589 576 puli
631 502 839 574 ﬁgurati
881 511 1040 576 sunt;
1086 517 1246 576 unam
1286 510 1503 576 vestem
1529 516 1559 555 a
1596 509 1749 571 tergo
1776 508 2069 571 portantes,

476 573 872 632 sacramentum
911 574 1117 629 scilicet
1150 575 1259 643 jam
1297 573 1578 643 praeterita:
1606 582 1764 642 atque
1793 582 2074 626 transactae

478 646 764 701 dominica:
785 646 1050 715 passionis
1076 662 1091 715 :7
1112 644 1403 698 nuditatem
1429 645 1593 711 patris
1616 651 1873 714 tegentes,
1899 657 2075 713 neque

480 718 751 773 intuentes
771 714 801 783 ,ί
818 721 910 786 qui
949 717 1001 768 in
1036 714 1235 769 Christi
1268 730 1454 769 necem
1487 728 1592 770 non
1621 715 2074 786 consentiunt,et

478 801 601 844 eum
632 783 894 843 honorant
915 786 1238 851 velamento,
1266 792 1515 855 tanquam
1542 786 1774 840 scientes
1797 783 1939 838 unde
1965 785 2075 838 sint

478 860 613 914 nati.
643 856 847 913 Medius
891 858 1066 922 filius,
1115 855 1168 910 id
1212 865 1296 910 est
1334 856 1564 927 populus
1588 856 1896 927 Judteorum
1927 855 2073 925 (ideo

477 928 710 995 medius,
740 929 860 999 quia
889 943 986 982 nec
1015 928 1302 999 primatum
1333 926 1711 999 Apostolorum
1740 926 1945 991 tenuit,
1972 941 2072 999 nec

478 1001 698 1055 ultimus
728 996 779 1054 in
808 999 1056 1070 gentibus
1080 998 1330 1068 credidit)
1352 996 1528 1070 ,ividit
1552 997 1845 1070 nuditatem
1880 996 2068 1070 patris,

479 1074 602 1142 quia
628 1067 901 1142 consensit
924 1071 975 1123 in
1001 1084 1185 1142 necem
1208 1069 1425 1142 Christi.
1452 1069 1517 1123 Et
1537 1069 1799 1124 nuntiavit
1820 1067 2072 1142 fratribus

479 1138 612 1197 s'uis.
656 1141 760 1197 Per
797 1156 916 1196 eum
956 1140 1150 1211 quippe
1190 1138 1587 1211 manifestatum
1623 1149 1706 1194 est
1749 1148 1803 1193 et
1840 1138 2071 1207 quodam

477 1212 641 1268 modo
686 1211 1045 1281 publicatum,
1086 1210 1232 1280 quod
1283 1220 1397 1265 erat
1442 1211 1736 1281 pr0phetiae
1762 1219 2067 1281 secretum.

476 1279 711 1351 Ideoque
755 1284 813 1336 fit
858 1281 1079 1336 fratrum
1110 1279 1344 1337 suorum
1394 1279 1597 1351 servus.
1638 1279 1777 1351 Quid
1816 1288 1898 1335 est
1926 1281 2070 1334 enim

475 1349 806 1408 aliud’hodie
843 1368 975 1423 gens
1004 1354 1150 1420 ipsa,
1183 1352 1284 1406 nisi
1319 1349 2065 1423 seriniariaChristianorum,

476 1433 697 1492 portans
741 1421 937 1493 Legem
979 1433 1032 1478 et
1073 1423 1366 1489 Prophetas
1403 1423 1470 1476 ad
1502 1421 1864 1475 testimonium
1895 1436 2070 1476 asser‘

475 1497 638 1551 tionis
666 1495 940 1561 Ecclesia),
972 1505 1029 1548 ut
1056 1509 1155 1548 nos
1182 1494 1506 1548 honoremus
1532 1508 1628 1563 per
1652 1501 2065 1558 sacramentum,

476 1566 618 1637 quod
645 1565 991 1637 nuntiantle
1018 1565 1409 1637 perglittcram?

549 1638 765 1704 ρυλες-ιτ
796 1634 952 1691 LXII.
1001 1635 1136 1702 Quid
1182 1635 1441 1703 signiﬁcat
1481 1634 1620 1704 quod
1662 1633 1793 1688 dixit
1831 1633 1974 1688 Deus
2002 1633 2069 1688 ad

475 1707 744 1761 Abraham
764 1749 777 1771 ,
813 1706 1068 1777 Egredere
1096 1707 1313 1777 de_terra
1338 1714 1445 1771 tua,
1479 1715 1523 1777 et
1551 1704 1612 1759 de
1638 1705 1934 1776 cognatione
1959 1714 2066 1771 tua,

476 1788 526 1832 et
556 1779 619 1831 de
643 1779 794 1831 domo
822 1774 983 1847 patris
1008 1780 1081 1830 tui
1108 1774 1265 1843 (Gen.
1290 1775 1502 1847 xu,1)?

553 1849 712 1903 lisse.
752 1845 1018 1901 Abraham
1064 1862 1346 1916 personam
1390 1845 1583 1901 Christi
1627 1847 1888 1916 portabat.
1920 1845 2070 1901 Sicut

476 1920 620 1974 enim
648 1919 914 1974 Abraham
944 1927 1145 1973 terram
1185 1929 1238 1972 et
1272 1919 1639 1986 cognationem
1667 1933 1817 1972 suam
1844 1917 2063 1984 dimisit,

474 1998 531 2045 et
559 1990 775 2043 domum
802 1990 969 2057 patris
996 1990 1111 2056 sui,
1144 1998 1197 2044 et
1231 1990 1377 2042 venit
1416 1989 1466 2041 in
1503 2000 1699 2043 terram
1727 2003 1883 2057 quam
1914 1988 2068 2057 igno-

473 2060 627 2114 rabat
655 2077 668 2112 :
700 2061 768 2114 ita
800 2069 855 2115 et
885 2057 1127 2115 Christus
1162 2058 1363 2113 dimisit
1399 2066 1608 2128 gentem
1640 2073 1788 2112 suam
1810 2098 1824 2120 ,
1863 2060 2067 2113 scilicet

474 2129 815 2197 Iudaeorum,
849 2138 902 2183 et
932 2131 1071 2184 venit
1108 2130 1174 2182 ad
1206 2130 1457 2199 populum
1494 2129 1762 2184 Gentium.
1797 2128 1893 2182 Hic
1934 2139 2069 2183 tem—

477 2202 678 2271 poralis
700 2202 1001 2270 explanatio
1026 2201 1126 2254 hoc
1146 2200 1307 2255 habet
1331 2219 1342 2253 :
1368 2200 1638 2254 moraliter
1663 2207 1836 2271 autem
1860 2200 2065 2271 eximus

475 2269 545 2325 de
573 2280 712 2326 terra
741 2281 923 2325 nostra
945 2272 985 2337 ί,
1027 2271 1238 2340 quando
1280 2271 1487 2324 divitias
1517 2279 1571 2324 et
1596 2270 1776 2340 mundi
1807 2269 1960 2338 hujus
1991 2270 2067 2324 fa-

475 2342 704 2397 cultates
746 2339 1174 2405 contemnimus;
1206 2349 1261 2395 et
1296 2340 1364 2396 de
1400 2339 1715 2411 cognatione
1756 2349 1970 2407 nostra,
2012 2341 2066 2395 id

474 2420 580 2479 est,
608 2412 677 2467 de
702 2411 847 2465 vitiis
873 2412 1138 2481 prioribus
1158 2452 1172 2474 ,
1199 2426 1317 2480 qum
1346 2413 1500 2466 nobis
1527 2426 1557 2464 a
1587 2412 1861 2465 nativitate
1885 2421 2065 2466 nostra

475 2483 821 2548 cohaerentia,
845 2482 991 2537 velut
1009 2482 1265 2536 aflinitate
1286 2481 1510 2551 quadam
1533 2490 1587 2535 et
1607 2482 2067 2550 consanguinitate

473 2554 755 2621 conjuncta
799 2562 955 2618 sunt;
985 2562 1038 2607 et
1066 2552 1133 2605 de
1160 2552 1321 2622 domo
1350 2553 1515 2622 patris
1539 2552 1707 2607 nostri
1729 2594 1743 2617 ,
1775 2553 1826 2606 id
1854 2560 1963 2615 est,
1997 2552 2065 2608 de

473 2627 618 2677 omni
658 2625 913 2679 memoria
943 2622 1127 2677 mundi
1157 2621 1314 2691 hujus
1333 2621 1358 2690 ,'
1381 2638 1499 2692 qure
1527 2624 1803 2677 oculorum
1834 2623 2068 2678 occurrit

473 2695 765 2750 obtutibus.

546 2767 765 2831 ansr.
788 2764 973 2820 LXIII.
1006 2764 1145 2830 Quot
1170 2773 1294 2820 sunt
1318 2779 1509 2834 genera
1535 2764 1840 2819 visionum?

546 2836 708 2890 Raso.
751 2836 894 2890 Tria.
924 2836 1101 2890 Prima
1132 2836 1266 2890 visio
1308 2846 1390 2890 est
1434 2836 1760 2904 corporalis;
1804 2835 2061 2902 secunda,

473 2906 802 2976 spiritualis;
838 2908 1012 2973 tertia,
1041 2907 1431 2960 intellectualis.
1460 2908 1763 2975 Corporalis
1784 2921 1908 2976 ergo
1929 2907 2065 2961 visio

472 2986 556 3031 est
582 2994 698 3046 qua:
728 2978 784 3031 fit
814 2991 913 3046 per
940 2992 1154 3047 corpus.
1187 2976 1507 3046 Spiritualis,
1541 2992 1663 3031 cum
1691 2978 1947 3047 imagines
1974 2992 2067 3031 eo-

470 3062 589 3101 rum
616 3063 735 3118 quae
759 3048 1021 3112 videmus,
1038 3046 1102 3102 in
1130 3047 1388 3103 memoria
1408 3047 1705 3118 condimus.
1730 3046 2066 3103 Intellectua-

470 3118 538 3172 lis
566 3117 775 3188 nempe,
800 3133 922 3173 eum
944 3134 1005 3173 ea
1032 3132 1149 3188 quae
1168 3118 1519 3187 corporaliter
1537 3117 1779 3172 videmus
1803 3127 1857 3171 et
1879 3118 2064 3188 imagi-

470 3188 664 3244 naliter
689 3190 741 3243 in
770 3190 1028 3245 memoria
1055 3190 1367 3253 retinemus,
1390 3188 1656 3244 intellectu
1678 3188 2061 3255 discernimus;

470 3260 613 3329 quod
642 3260 769 3314 illud
803 3260 871 3313 sit
890 3274 1105 3327 corpus,
1142 3259 1271 3313 illud
1301 3258 1593 3314 similitudo
1621 3259 1883 3328 corporis.
1915 3259 2065 3314 Hune

469 3340 650 3384 autem
696 3332 1015 3385 intellectum
1064 3329 1251 3385 bestia:
1297 3342 1352 3385 et
1396 3344 1588 3399 pecora
1630 3338 1790 3400 atque
1832 3330 2065 3385 volatilia

469 3401 775 3455 nullatenus
805 3401 1021 3455 habent.
1056 3400 1249 3455 Vident
1276 3401 1388 3469 ipsa
1421 3416 1516 3470 per
1539 3415 1767 3469 corpus;
1797 3408 1852 3456 et
1876 3415 2062 3455 eorum

471 3487 593 3540 quae
631 3471 813 3527 vident
852 3471 1205 3543 imaginaliter
1245 3471 1454 3543 species
1500 3470 1793 3539 formatur,
1838 3470 1980 3527 unde
2008 3478 2065 3526 et

533 3691 550 3724 ¹
575 3696 651 3764 _Er.
677 3691 822 3764 nugd.
850 3696 903 3764 et
930 3699 1051 3764 Yon.
1085 3691 1176 3764 sic.
1193 3690 1368 3764 legunt
1397 3691 1529 3764 hunc
1562 3689 1720 3764 locum
1743 3705 1758 3741 :
1786 3690 1875 3764 [tie
1896 3696 1943 3743 et
1964 3691 2065 3744 alia

467 3752 758 3816 explanatio
770 3753 858 3803 ltoc
880 3752 1019 3804 habet
1048 3765 1066 3803 :
1089 3752 1281 3805 exitnus
1312 3754 1373 3805 de
1396 3760 1530 3804 terra
1564 3760 1747 3804 nostra.
1812 3761 1871 3803 tu.

542 3928 772 3938 ‘———-.—

3667 385 3771 445 752

2181 513 2371 565 pecora
2400 498 2657 569 pnesepia
2684 505 3105 569 recognoscunt,
3134 505 3189 555 et
3215 512 3341 555 aves
3365 498 3431 555 ad
3462 499 3617 557 nidos
3644 517 3772 561 suos

2180 569 2443 625 redeunt:
2470 569 2562 625 sed
2591 584 2689 625 nec
2710 585 2769 624 se
2796 571 2909 636 ipsa
2937 569 3235 640 intelligant
3262 586 3382 641 qum
3405 572 3532 637 sint,
3560 588 3660 628 nec
3682 575 3772 632 illa

2180 656 2297 711 quae
2328 641 2499 696 oculis
2526 648 2771 696 cernunt.
2818 641 3095 712 Postremo
3141 642 3433 712 corporalis
3474 644 3613 699 visio
3657 646 3772 702 sine

2178 712 2440 785 spirituali
2470 727 2590 785 esse
2619 726 2724 767 non
2757 719 2951 785 potest.
2997 711 3187 785 Statim
3232 728 3361 785 ergo
3399 722 3457 768 ut
3482 715 3771 772 avertimus

2178 782 2360 856 oculos
2388 783 2455 856 ab
2482 783 2559 837 eis
2587 782 3003 856 quaegvidemus,
3035 782 3503 856 imagines'eorum
3545 802 3665 856 qua:
3695 789 3771 842 vi-

2179 852 2386 919 dimus,
2420 855 2471 907 in
2504 854 2759 909 memoria
2790 854 3100 909 retinemus.
3134 852 3433 925 Spiritualis
3463 852 3594 912 vero
3636 858 3771 914 visio

2177 925 2294 979 sine
2320 925 2583 994 corporali
2612 939 2732 979 esse
2757 933 2933 994 potest
2955 942 2976 992 ;
2998 925 3142 982 unde
3169 936 3224 981 et
3250 927 3499 983 absentes
3527 927 3771 985 homines

2177 994 2540 1068 recordamur,
2568 1004 2623 1049 et
2651 995 2710 1068 in_
2729 996 2963 1068 tenebris
2990 1011 3051 1068 ea
3080 1012 3198 1068 qua:
3222 997 3449 1053 vidimus
3470 1038 3488 1066 ,
3516 999 3770 1067 imagina-

2177 1064 2298 1139 liter
2343 1066 2645 1139 cernimus.
2684 1066 3067 1139 Intellectualis
3099 1064 3306 1139 ’nempe
3356 1064 3480 1124 nec
3504 1064 3769 1139 corporali

2177 1135 2381 1210 indiget
2424 1151 2523 1190 nec
2569 1137 2852 1210 spirituali.
2902 1138 3003 1192 Per
3048 1135 3378 1210 intellectum
3428 1155 3528 1195 nec
3572 1135 3770 1210 corpus

2175 1206 2436 1281 videmus,
2466 1222 2564 1281 nec
2588 1208 3158 1281 imaginemcorporis.
3181 1209 3283 1281 Per
3308 1210 3446 1266 hanc
3469 1206 3769 1281 quippe—vi-

2175 1277 2333 1332 detur
2353 1277 2579 1350 justitia,
2602 1277 2858 1350 charitas,
2880 1280 2993 1348 ipse
3014 1279 3175 1345 Deus,
3203 1280 3319 1350 ipsa
3339 1277 3765 1348 mens'bomiuis,

2175 1362 2292 1418 qua:
2322 1349 2525 1402 nullum
2555 1364 2745 1418 corpus
2776 1348 2954 1413 habet,
2987 1349 3186 1405 nullam
3217 1348 3619 1408 similitudinem
3645 1367 3767 1409 cor-

2177 1420 2339 1486 poris.
2369 1420 2451 1473 Ob
2478 1419 2529 1473 id
2556 1428 2611 1473 et
2638 1429 2820 1488 raptus
2846 1419 3019 1476 fuerat
3041 1423 3315 1489 apostolus
3342 1423 3537 1477 Paulus
3576 1423 3628 1477 in
3661 1435 3766 1479 ter-

2174 1490 2308 1561 tium
2338 1490 2530 1544 cmlum
2573 1489 2640 1558 (Il
2667 1489 2785 1545 Cor.
2813 1506 2888 1545 xu
2906 1531 2922 1558 ,
2946 1489 3006 1561 2)
3024 1532 3040 1557 ,
3069 1492 3122 1546 id
3149 1503 3231 1547 est
3257 1493 3324 1548 ad
3350 1492 3765 1551 intellectualem

2173 1560 2453 1631 visionem,
2484 1570 2542 1615 ut
2570 1562 2734 1615 Deum
2767 1576 2869 1615 non
2902 1560 2997 1630 per
3020 1577 3233 1631 corpus,
3261 1578 3367 1617 non
3398 1579 3494 1631 per
3519 1565 3768 1620 similitu-

2173 1630 2352 1702 dinem
2391 1631 2662 1700 corporis,
2705 1632 2799 1687 sed
2840 1632 2978 1686 sicut
3015 1642 3097 1687 est
3119 1630 3246 1702 ipsa
3273 1630 3470 1690 veritas
3497 1647 3762 1692 cerneret.

2172 1700 2305 1756 Tres
2334 1716 2462 1771 ergo
2489 1702 2647 1777 eteli,
2666 1704 2781 1777 tria
2819 1713 2961 1777 sunt;
2980 1700 3242 1759 visionum
3272 1705 3339 1759 de
3366 1705 3559 1777 quibus
3587 1706 3763 1777 loqui-

2173 1787 2322 1843 mur,
2351 1788 2566 1842 genera.
2600 1772 2682 1827 Α‹Ι
2709 1775 2810 1828 hoc
2838 1772 3076 1842 profecto
3102 1772 3419 1843 pervenerat
3446 1772 3677 1843 Paulus,
3708 1786 3765 1834 ut

2174 1842 2341 1917 D_eum
2370 1844 2449 1917 sic
2478 1845 2529 1917 in
2560 1844 2659 1900 ista
2688 1845 2797 1898 vita
2819 1844 3052 1911 videret,
3086 1842 3223 1900 sicut
3256 1846 3428 1902 sancti
3467 1857 3588 1917 post
3625 1842 3763 1903 hanc

2173 1913 2335 1967 vitam
2361 1914 2636 1969 videbunt.

2241 1984 2459 2058 ρυεετ.
2497 1984 2697 2058 LXlV.
2724 1985 2865 2054 Quot
2895 2000 3090 2057 genera
3118 1995 3243 2042 sunt
3270 1987 3648 2058 Apostolatus,
3679 1988 3762 2045 vel

2171 2057 2326 2129 quale
2353 2071 2547 2129 nomen
2578 2056 2651 2129 sit
2674 2056 2992 2126 Apostolus,
3022 2056 3510 2129 voloicognoscere.

2242 2125 2402 2181 lisse.
2431 2125 2727 2195 Apostolus
2751 2129 3127 2201 interpretatur
3147 2125 3357 2184 Missus.
3386 2130 3762 2201 Apostolorum

2171 2204 2293 2269 sunt
2334 2212 2529 2269 genera
2566 2206 2834 2268 quatuor:
2867 2214 2897 2252 a
2926 2199 3069 2263 Deo,
3101 2214 3206 2254 non
3245 2215 3341 2269 per
3380 2199 3689 2267 hominem;
3730 2218 3763 2258 a

2172 2266 2305 2333 Deo,
2336 2266 2429 2321 Sed
2461 2283 2557 2338 per
2584 2266 2888 2333 hominem;
2922 2284 3017 2337 per
3046 2266 3316 2326 hominem
3345 2281 3581 2337 tantum;
3613 2266 3762 2328 etex

2170 2352 2250 2412 se.
2292 2339 2339 2412 A
2375 2339 2485 2393 Deo
2516 2341 2724 2412 etenim
2768 2340 2964 2412 missus
2997 2350 3089 2412 est
3115 2340 3343 2412 Moyses.
3373 2345 3417 2397 A
3448 2344 3557 2397 Deo
3585 2351 3640 2398 et
3665 2357 3763 2412 per

2170 2407 2462 2475 hominem,
2483 2410 2616 2464 sicut
2635 2410 2791 2465 Jesus
2810 2408 2972 2464 Nave.
2996 2410 3100 2465 Per
3119 2407 3387 2467 hominem
3410 2420 3634 2479 tantum,
3657 2407 3760 2469 sic-

2171 2486 2231 2553 ut
2254 2481 2457 2553 nostris
2480 2480 2809 2549 temporibus
2830 2480 2991 2553 inulti
3020 2482 3198 2537 favore
3236 2482 3376 2553 vulgi
3417 2484 3470 2539 in
3508 2483 3761 2539 sacerdo-

2172 2549 2301 2603 tium
2324 2551 2600 2624 subrogati
2641 2559 2783 2607 sunt.
2825 2552 2910 2608 Ex
2954 2566 3015 2607 se
3056 2562 3270 2622 autem,
3318 2549 3453 2609 sicut
3494 2563 3619 2609 sunt
3658 2553 3761 2624 ipsi

2172 2621 2668 2690 pseudoprophette.

2172 2692 2455 2817 ωιῼξξλῗῆτό
2470 2692 2639 2801 ,ξλΧν-
2671 2692 2951 2761 Quomodo
2986 2708 3271 2765 possumus
3294 2693 3432 2752 scire
3455 2695 3544 2766 qui
3572 2694 3757 2751 mitta-

2194 2777 2259 2816 ιιι·
2286 2777 2315 2815 a
2345 2777 2486 2818 υροϊ

2244 2832 2403 2887 anr.
2440 2834 2588 2888 Illum
2633 2848 2896 2905 cognosce
2937 2836 3159 2892 missum
3203 2851 3232 2891 a
3272 2837 3412 2903 Deo,
3448 2852 3608 2905 quem
3650 2851 3759 2892 non

2170 2918 2458 2977 paucorum
2488 2905 2760 2960 hominum
2793 2906 3025 2961 laudatio
3064 2908 3153 2962 vel
3195 2908 3371 2977 potius
3403 2906 3637 2963 adulatio
3664 2908 3761 2963 eli-

2169 2976 2279 3043 git;
2309 2974 2403 3030 sed
2424 2977 2572 3049 illum
2593 2992 2752 3044 quem
2778 2986 2833 3030 et
2850 2978 2960 3049 vita
2987 2987 3041 3032 et
3062 2974 3240 3049 mores
3266 2979 3451 3049 optimi
3475 2987 3759 3046 exornant,

2169 3052 2224 3099 et
2247 3048 2670 3119 ‘apostolicorum
2710 3048 2946 3119 exagio“
2967 3047 3337 3112 sacerdotum,
3370 3049 3453 3103 vel
3477 3050 3638 3103 etiam
3668 3051 3761 3119 qui

2169 3115 2538 3171 universorum
2560 3115 2878 3188 populorum
2898 3117 3105 3189 judicio
3115 3119 3492 3189 comprobatur
3509 3136 3524 3173 :
3543 3118 3635 3189 qui
3650 3115 3758 3173 non

2167 3190 2372 3259 yppetit
2400 3187 2648 3259 pra-esse,
2674 3188 2762 3258 qui
2788 3204 2893 3259 non
2920 3187 3196 3258 pecuniam
3223 3187 3314 3244 dat
3340 3198 3400 3243 ut
3417 3187 3759 3259 episcopatus

2170 3254 2428 3329 honorem
2458 3254 2716 3328 acquirat}
2756 3258 2888 3313 Nam
2919 3254 2987 3314 de
3018 3275 3083 3314 eo
3121 3259 3209 3329 qui
3250 3254 3483 3328 prmessé
3520 3254 3757 3326 festinat,

2169 3328 2383 3395 quidam
2417 3336 2623 3398 patrum
2667 3330 2938 3400 eleganter
2975 3328 3242 3400 expreSsit
3279 3329 3506 3385 dicens:
3538 3329 3682 3400 Sciat
3707 3346 3762 3385 κ

2170 3413 2271 3473 non
2296 3415 2400 3473 esse
2422 3401 2741 3473 episcopum,
2765 3400 2853 3473 qui
2875 3415 3099 3473 precare
3116 3400 3509 3473 desiderat,_non
3523 3400 3759 3473 prodesse

2170 3466 2519 3540 (Augustinus,
2548 3466 2611 3525 de
2634 3466 2786 3527 Cioit.
2813 3466 2931 3539 Dei,
2963 3470 3051 3524 lib.
3081 3470 3171 3539 i9,
3202 3487 3318 3542 cap.
3347 3466 3461 3543 1'9).

2232 3694 2250 3726 ι
2274 3692 2411 3754 Editi,
2437 3692 2563 3743 actio
2583 3692 2904 3756 commendat.
2926 3698 2983 3743 At
2999 3699 3082 3742 tis.
3112 3692 3441 3756 Corbeiensis,
3473 3690 3648 3756 παρὰ)
3668 3702 3688 3742 :
3710 3690 3758 3742 id

2169 3763 2264 3816 est,
2289 3756 2544 3817 examine;
2570 3761 2622 3805 et
2642 3762 2778 3805 caret
2806 3755 2980 3815 verbo,
2998 3754 3313 3805 commendat.

3147 3886 3557 3897 ____._._._______

475 3884 3674 3938 m

1575 3929 2687 4091 Hﬁm

1548 4143 1635 4205 IN
1677 4143 2303 4219 SUBSEQUENTUM
2344 4144 2671 4209 LIBRUM.

542 4285 704 4344 Liber
728 4285 796 4342 de
823 4283 956 4341 Fide
984 4284 1051 4339 ad
1079 4284 1295 4340 Petrum
1325 4282 1465 4339 inter
1488 4284 1771 4355 Augustini
1797 4299 1958 4355 opera
1984 4285 2112 4342 olim
2141 4286 2433 4358 impressus
2460 4297 2544 4343 est
2567 4295 2807 4343 veterum
2838 4287 3038 4359 aliquot
3062 4288 3541 4359 manuscriptorum
3570 4295 3758 4344 aucto-

468 4378 647 4443 ritate,
674 4378 763 4449 qui
788 4378 837 4432 ei
864 4376 1155 4447 assignant.
1182 4376 1381 4432 Verum
1422 4392 1530 4432 non
1568 4392 1690 4432 esse
1732 4378 2010 4448 Augustini
2051 4380 2215 4450 probe
2257 4383 2574 4438 monstravit
2608 4382 2865 4439 Erasmus
2896 4400 2963 4439 ex
2992 4385 3105 4455 ipsa
3135 4385 3313 4455 phrasi
3339 4385 3563 4455 aliisque
3599 4399 3758 4455 argu-

469 4471 687 4534 mentIs,
713 4487 831 4540 quae
857 4468 942 4524 hic
968 4467 1173 4525 referre
1201 4467 1526 4540 superﬂuum
1551 4476 1816 4539 putamus.
1841 4469 1973 4525 Nam
2000 4471 2327 4528 indubitatus
2351 4473 2469 4544 ejus
2492 4484 2679 4530 auctor
2703 4491 2733 4528 a
2758 4476 2973 4531 nemine
2992 4476 3102 4547 jam
3131 4477 3404 4547 ignoratur
3429 4476 3757 4547 Fulgentius.
3802 4501 3809 4505 ν

468 4569 607 4625 Huic
633 4576 779 4624 certe
814 4566 1007 4622 asserit
1042 4566 1301 4637 scriptura
1330 4564 1694 4635 antiquissima
1722 4565 1922 4621 codicis
1949 4566 2289 4623 Corbeiensis
2318 4576 2442 4624 ante
2468 4568 2615 4625 mille
2639 4584 2808 4625 annos
2842 4570 3079 4637 exarati,
3111 4585 3230 4641 quae
3256 4570 3323 4625 ad
3350 4570 3528 4641 operis
3554 4569 3759 4626 calcem

372 4714 389 4725 κ
469 4661 753 4718 exhibetur
780 4659 830 4714 in
863 4658 977 4713 haec
994 4658 1154 4712 verba
1179 4673 1194 4711 :
1219 4655 1479 4729 Fulgentii
1500 4656 1725 4727 episcopi
1738 4667 1926 4712 sanctte
1937 4655 2180 4712 Ecclesia:
2204 4658 2466 4714 catholica:
2487 4658 2766 4732 Ruspensis
2789 4659 2851 4714 de
2872 4660 3068 4731 Regula
3094 4674 3223 4714 verte
3247 4659 3368 4730 ﬁdei
3388 4659 3513 4715 liber
3531 4658 3759 4730 explicit.

470 4754 653 4827 Neque
678 4749 1129 4815 contemnendus,
1161 4764 1462 4820 quanquam
1490 4749 1655 4805 altera
1684 4757 1737 4804 et
1766 4751 2065 4819 posteriore
2093 4765 2252 4804 manu
2279 4751 2472 4806 ibidem
2513 4752 2725 4807 additus
2767 4754 2821 4806 in
2852 4751 3026 4808 fronte
3054 4753 3233 4822 operis
3265 4752 3452 4808 titulus
3480 4769 3494 4805 :
3522 4751 3761 4823 Epicteto

471 4844 735 4919 Fulgentii
760 4842 979 4915 episcopi
1006 4842 1070 4897 de
1093 4839 1225 4895 Fide
1248 4840 1515 4895 catholica.
1531 4841 1795 4897 Praeterea
1823 4842 1923 4896 sub
1948 4841 2213 4911 Fulgentii
2238 4844 2454 4897 nomine
2481 4844 2676 4899 citatur
2702 4859 2732 4898 a
2758 4844 3051 4900 Ratramno
3070 4885 3084 4909 ,
3112 4845 3165 4898 in
3194 4844 3327 4899 libro
3351 4843 3418 4899 de
3440 4842 3681 4915 Corpore
3707 4850 3762 4898 et

469 4938 741 5009 Sanguine
763 4936 994 4992 Domini.
1026 4934 1258 4989 Isidorus
1283 4934 1442 4989 etiam
1469 4933 1522 4988 in
1548 4934 1821 5004 Catalogo,
1851 4944 1903 4990 et
1933 4935 2204 4991 Ilouorius
2230 4935 2719 5007 Augustodunensis
2750 4938 2805 4991 in
2833 4937 3109 4993 Chronicis
3138 4945 3398 4993 testantur
3421 4936 3758 5007 Fulgentium

468 5031 747 5101 scripsisse
779 5028 1033 5098 Regulam
1063 5041 1207 5081 verm
1235 5024 1358 5081 fidei
1391 5034 1488 5080 :et
1512 5040 1631 5079 eam
1656 5025 1912 5096 Regulam
1943 5025 2012 5079 ab
2051 5024 2241 5080 eodem
2272 5024 2549 5097 Fulgentio
2588 5027 2720 5096 petit
2757 5026 3063 5082 Ferrandus
3104 5026 3393 5095 diaconus,
3439 5026 3493 5081 in
3532 5026 3760 5097 epistola

508 5102 609 5179 iter
631 5122 1005 5193 Fulgentianas
1033 5133 1182 5173 nov-.e
1206 5116 1455 5172 editionis
1481 5116 1686 5173 decima
1714 5119 1886 5171 tertia.
1912 5117 2305 5173 Inscribebatur
2325 5119 2451 5171 olim
2477 5136 2491 5172 :
2519 5116 2593 5171 De
2614 5117 2745 5171 Fide
2769 5118 2835 5170 ad
2859 5117 3072 5172 Petrum
3098 5119 3387 5173 diaconum.
3411 5117 3517 5174 Sed
3540 5117 3759 5173 Petrum

465 5214 611 5271 hunc
631 5213 792 5268 alium
816 5228 845 5264 a
866 5212 1027 5267 Petro
1051 5208 1275 5264 diacono
1298 5210 1383 5265 cui
1410 5209 1638 5278 scriptus
1662 5218 1743 5263 est
1770 5207 2031 5277 Fulgenlii
2052 5209 2119 5263 de
2139 5208 2507 5264 Inearnatione
2534 5208 2688 5277 liber,
2717 5208 2871 5263 facile
2900 5208 3192 5275 credimus,
3215 5208 3285 5263 ob
3312 5208 3543 5263 rationes
3570 5206 3760 5261 allatas

468 5307 523 5361 in
554 5320 689 5360 nova
715 5303 975 5373 Fulgentii
1005 5300 1259 5365 editione,
1288 5315 1411 5371 qua:
1433 5300 1650 5353 Parisiis
1675 5314 1740 5353 ex
1764 5298 1974 5353 ofﬁcina
1996 5298 2266 5357 Guillelmi
2290 5299 2522 5369 Desprez
2543 5299 2656 5369 jam
2682 5316 2823 5355 nunc
2850 5301 3047 5371 prodit,
3075 5300 3253 5357 studio
3279 5308 3335 5356 et
3356 5299 3540 5357 labore
3562 5297 3758 5356 eruditi

466 5395 568 5449 viri
600 5394 757 5449 Luca:
784 5393 1065 5463 Mangeant
1093 5390 1282 5445 Clerici
1319 5388 1634 5444 Parisiensis
1674 5390 1977 5459 recognita,
2026 5398 2179 5447 aucta
2223 5398 2278 5444 et
2319 5390 2592 5461 castigata.
2641 5392 2754 5448 Nec
2798 5392 2990 5464 injuria
3035 5401 3359 5463 expunctum
3406 5408 3438 5448 e
3480 5391 3638 5447 titulo
3678 5399 3760 5446 est

470 5486 678 5542 diaconi
706 5499 935 5550 nomen;
965 5482 1177 5553 quando
1206 5482 1349 5537 hunc
1376 5483 1430 5537 in
1458 5480 1677 5537 exordio
1702 5479 2011 5551 Fulgentius
2043 5482 2256 5537 Petrum
2286 5481 2451 5536 ﬁlium
2478 5492 2631 5538 vocat
2649 5526 2663 5551 ,
2693 5500 2831 5552 non,
2866 5485 2941 5539 uti
2969 5484 3224 5539 diaconos
3250 5482 3575 5553 compellare
3600 5481 3755 5549 solet,

469 5580 695 5637 fratrem
720 5585 810 5632 aut
836 5576 1243 5633 condiaconum.
1270 5575 1695 5646 Recognovimus
1722 5574 1825 5630 hoc
1850 5589 1983 5645 opus
2009 5576 2074 5629 ad
2101 5574 2229 5631 Mss.
2254 5576 2526 5631 Romanos
2548 5575 2883 5639 bibliothecae
2908 5576 3178 5633 Vaticanae
3203 5585 3451 5647 quatuor,
3480 5574 3548 5629 ad
3568 5572 3758 5644 Angli-

470 5686 636 5731 canos
672 5671 808 5726 duos
829 5712 844 5737 ,
873 5670 938 5725 ad
966 5670 1385 5726 vetustissimum
1409 5668 1785 5724 Corbeiensem
1809 5711 1823 5735 ,
1855 5668 1921 5723 ad
1950 5669 2294 5725 Sorbonicum
2317 5713 2331 5737 ,
2358 5669 2689 5725 Victorinum
2709 5712 2725 5736 ,
2755 5671 3076 5727 Beccensem
3101 5712 3116 5736 ,
3138 5679 3196 5725 et
3221 5670 3356 5725 alios
3384 5666 3670 5739 quosdam.
3700 5663 3759 5721 In

472 5765 783 5823 Corbeiensi
830 5772 884 5817 et
924 5762 1040 5818 aliis
1086 5763 1322 5818 melioris
1365 5770 1503 5817 notae
1550 5761 1673 5815 Mss.
1720 5761 1913 5817 desinit
1954 5762 2005 5814 in
2047 5761 2152 5817 ﬁne
2180 5763 2367 5833 capitis
2391 5763 2495 5830 44;
2529 5778 2702 5833 neque
2729 5770 2887 5836 caput
2908 5763 2978 5819 45
2998 5805 3012 5831 ,
3045 5762 3190 5834 quod
3218 5762 3433 5819 diverso
3462 5760 3588 5817 stilo
3610 5766 3668 5817 et
3689 5755 3758 5815 ad

474 5859 649 5919 virum
675 5857 959 5915 militarem
988 5855 1241 5926 scriptum
1272 5863 1373 5917 est,
1407 5854 1462 5919 in
1492 5853 1570 5911 eis
1600 5868 1824 5926 usquam
1856 5853 2137 5925 reperitur.
