4102 6336
404 327 2226 376 mm

2158 280 2163 287 ς

2575 340 2811 350 ...νυνι-σ-
2838 342 3200 357 ⁸,-»⁶.’.δ>-σ“κυη1
3220 347 3387 358 ιηο-οο,
3562 349 3602 357 -—

2092 380 2327 391 "n-3,-
2396 388 2429 392 ,Α
2452 382 2539 391 Mam,
2594 382 2599 387 .
2626 383 2649 385 α
2762 384 2779 392 ,
2808 384 2871 389 μὴ,
2902 382 2985 390 ς..--,
3020 387 3029 391 ..
3069 388 3077 391 _

2092 380 2293 389 ..Μ-,1

584 898 646 981 ξ’
895 879 1142 1010 DE
1206 872 1968 1009 REGULA
2028 870 2562 1007 VEPu’E
2624 880 3115 1015 FIDEI

1710 1073 1989 1169 “amittet
2048 1090 2298 1172 unus.

1783 1242 2223 1285 W

442 1365 738 1438 Pnosocus.
760 1393 838 1438 _-—
863 1366 917 1421 l.
946 1365 1260 1438 Epistolam,
1294 1367 1369 1423 illi
1395 1367 1553 1424 Petro
1572 1408 1593 1438 ,ί
1628 1375 1735 1423 tua:
1757 1367 1953 1424 Chari-

375 1437 496 1492 tatis
514 1436 728 1507 accepi;
756 1436 811 1491 in
859 1452 961 1520 qua
990 1436 1044 1524 te
1070 1438 1375 1563 signiﬁcasti
1402 1439 1542 1521 velle
1561 1437 1952 1523 ierosonmam

375 1523 616 1563 uersere.
645 1516 702 1562 et
729 1517 1018 1563 nonosctstt
1046 1520 1098 1563 te
1144 1518 1313 1563 ttterts
1333 1517 1530 1563 nostris
1558 1517 1769 1563 ltlSll‘ul.
1792 1525 1949 1563 uuam

372 1523 616 1580 pergere,
645 1516 712 1580 et
726 1509 1018 1580 poposcisti
1046 1520 1098 1564 te
1123 1509 1313 1580 litteris
1333 1509 1530 1580 nostris
1558 1509 1949 1580 instrui,‘quam

372 1578 570 1633 debeas
600 1578 661 1649 in
682 1578 784 1634 illis
808 1579 1049 1646 partibus
1072 1595 1215 1634 vera:
1237 1578 1359 1634 ﬁdei
1380 1581 1617 1649 regulam
1644 1578 1845 1646 tenere,
1893 1589 1954 1635 ut

360 1649 544 1720 nullus
571 1648 667 1703 tibi
694 1649 861 1720 possit
880 1664 1067 1705 sensus
1092 1649 1354 1705 hmretica‘.
1367 1648 1657 1720 subrepere
1684 1650 1947 1705 falsitatis.

370 1719 587 1790 Gaudeo
614 1718 848 1790 quidem,
877 1720 1018 1790 quod
1042 1736 1137 1789 pro
1160 1720 1261 1775 ﬁde
1286 1735 1412 1775 vera
1439 1718 1556 1775 sine
1587 1720 1694 1774 ullo
1716 1720 1950 1789 perﬁdia:

370 1789 499 1843 vitio
526 1789 1316 1861 custodiendasollicitudinem
1341 1791 1499 1859 geris,
1531 1791 1646 1845 sine
1673 1806 1774 1861 qua
1806 1792 1948 1845 nulla

372 1868 545 1929 potest
573 1859 852 1929 prodesse,
879 1860 986 1915 imo
1016 1877 1115 1917 nec
1142 1876 1263 1917 esse
1292 1861 1595 1915 conversio.
1642 1859 1949 1929 Apostolica

366 1931 565 2002 quippe
593 1929 1055 2002 dicitanctoritas,
1089 1932 1211 2002 quia
1252 1932 1359 1986 sine
1402 1931 1503 2000 ﬁde
1528 1932 1834 2001 impossibile
1877 1941 1949 1986 est

344 2050 355 2055 -
371 2000 569 2069 placere
592 2000 700 2072 Deo
721 2000 909 2072 (Hebr.
941 2017 1015 2065 XI,
1038 2000 1120 2072 6);
1150 2002 1308 2057 Fides
1324 2012 1404 2057 est
1430 2000 1657 2072 namque
1688 2002 1946 2057 bonorum

368 2072 604 2127 omnium
628 2070 1218 2127 fundamentumz'ﬁdes
1269 2080 1350 2128 est
1374 2070 1618 2126 humana:
1640 2073 1828 2127 salutis
1861 2075 1945 2128 in-

367 2140 541 2196 itium.
562 2142 690 2197 Sine
719 2140 820 2197 hac
844 2157 1001 2198 nemo
1015 2142 1084 2197 ad
1112 2142 1337 2198 ﬁliorum
1357 2142 1450 2197 Dei
1474 2150 1648 2210 potest
1670 2158 1947 2199 numerum

369 2214 633 2281 pertinere
655 2214 673 2245 ί
703 2230 715 2265 :
744 2214 865 2283 quia
896 2214 1011 2269 sine
1047 2213 1160 2283 ipsa
1202 2229 1302 2269 nec
1349 2213 1400 2267 in
1441 2212 1542 2267 hoc
1570 2213 1768 2268 steculo
1796 2214 1944 2282 quis-

366 2298 524 2351 quam
557 2282 951 2352 justilicationis
975 2282 1317 2353 consequitur
1338 2284 1561 2350 gratiam
1582 2325 1597 2348 ,
1628 2299 1729 2338 nec
1766 2283 1818 2337 in
1858 2283 1945 2338 fu-

367 2362 488 2407 turo
538 2353 696 2407 vitam
746 2354 1037 2423 possidebit
1081 2363 1364 2418 mternam;
1396 2362 1451 2408 et
1491 2355 1534 2408 si
1577 2355 1695 2423 quis
1724 2353 1811 2407 hic
1840 2369 1945 2409 non

364 2423 712 2494 ambulaverit
750 2440 847 2493 per
882 2424 1078 2488 ﬁdem,
1116 2440 1222 2479 non
1265 2424 1537 2494 perveniet
1581 2424 1648 2494 ad
1690 2423 1943 2493 speciem.

367 2492 498 2549 Sine
523 2493 627 2549 ﬁde
646 2492 816 2549 omnis
839 2494 990 2549 labor
1010 2495 1241 2550 hominis
1257 2492 1457 2550 vactnts
1480 2502 1580 2549 est.
1604 2492 1732 2549 Tale
1751 2496 1946 2563 quippe

366 2572 478 2629 est,
510 2573 568 2619 ut
595 2564 710 2619 sine
736 2580 862 2620 vera
893 2565 997 2620 ﬁde
1024 2566 1248 2636 quisque
1286 2567 1412 2620 velit
1442 2565 1552 2619 Deo
1584 2579 1677 2633 per
1702 2575 1944 2636 contem:

365 2643 513 2706 ptum
561 2636 739 2706 saeculi
778 2636 1022 2705 placere,
1046 2635 1207 2706 quale
1237 2637 1282 2690 si
1316 2636 1592 2704 quisquam
1627 2635 1848 2689 tendens
1877 2635 1945 2690 ad

363 2705 609 2785 patriam,
637 2705 689 2759 in
707 2721 831 2785 qua
846 2721 907 2761 se
932 2706 1029 2763 scit
1054 2705 1209 2785 beate
1228 2720 1350 2785 esse
1369 2707 1653 2785 victurum,
1683 2706 1946 2775 relinquat

362 2776 571 2830 itineris
591 2776 982 2843 rectitudinem,
1000 2786 1053 2831 et
1074 2777 1399 2845 improvidus
1423 2784 1656 2831 sectetur
1671 2791 1940 2842 errorem;

363 2860 471 2914 quo
500 2861 607 2901 non
633 2846 699 2901 ad
724 2846 933 2902 beatam
961 2848 1228 2902 civitatem
1254 2847 1557 2914 perveniat,
1588 2846 1681 2900 sed
1722 2847 1773 2900 in
1806 2861 1938 2914 prm-

363 2916 601 2988 cipitium
640 2917 827 2988 cadat;
858 2918 949 2973 ubi
990 2933 1093 2972 non
1131 2916 1381 2987 gaudium
1410 2916 1736 2988 pervenienti
1765 2916 1941 2984 detur,

363 2987 457 3042 sed
486 2987 725 3043 cadentis
754 2988 1000 3042 interitus
1033 2988 1305 3043 inferatur.

434 3056 490 3110 2.
524 3056 901 3114 Verumtamen
931 3067 986 3113 ut
1014 3058 1082 3114 de
1107 3058 1212 3113 ﬁde
1238 3057 1509 3114 sufﬁciens
1533 3073 1711 3114 sermo
1734 3072 1946 3126 proma-

362 3132 467 3194 tur,
502 3143 603 3183 nec
632 3130 884 3199 temporis
910 3128 1224 3199 suffragatur
1247 3130 1473 3198 spatium
1496 3170 1510 3193 ,
1540 3132 1663 3198 quia
1698 3129 1944 3183 celeriter

363 3209 602 3253 nostrum
646 3198 796 3268 cupis
838 3198 1033 3254 habere
1076 3198 1429 3268 responsum;
1469 3208 1523 3253 et
1561 3209 1666 3253 tam
1692 3214 1940 3268 magnum

362 3278 445 3341 est
472 3285 606 3341 opus
635 3270 1004 3341 disputationis
1041 3269 1231 3341 hujus,
1265 3278 1322 3324 ut
1358 3284 1391 3341 a
1428 3270 1632 3341 magnis
1659 3270 1745 3324 vix
1772 3269 1943 3341 possit

362 3339 569 3410 impleri
595 3342 638 3394 '.
665 3339 847 3410 Neque
870 3340 1010 3396 enim
1041 3339 1326 3409 poposcisti
1353 3340 1429 3394 sic
1456 3348 1506 3410 te
1522 3339 1729 3395 debere
1752 3339 1818 3394 de
1839 3340 1944 3397 ﬁde

362 3408 573 3476 instrui,
604 3419 662 3465 ut
686 3408 845 3466 unam
872 3408 1164 3480 quamlibet
1187 3411 1430 3465 haeresim
1455 3409 1781 3480 designares,
1810 3425 1943 3480 con-

364 3488 442 3535 tra
473 3496 631 3550 quam
659 3476 960 3551 specialiter
984 3490 1182 3536 nostra:
1205 3476 1943 3551 disputationis'vigilaretin-

363 3551 527 3606 tentio
570 3568 584 3605 :
624 3550 719 3608 sed
762 3567 882 3607 cum
923 3551 1195 3607 indeﬁnite
1231 3550 1592 3605 deﬁnitionem
1633 3551 1752 3605 ﬁdei
1784 3552 1939 3619 petis,

360 3634 593 3695 eamque
607 3623 760 3695 cupis
779 3622 936 3695 etiam
958 3623 1056 3695 sub
1075 3620 1594 3695 brevitate‘co‘ncludi
1615 3637 1631 3685 ;
1653 3620 1801 3675 vides
1821 3636 1942 3689 pro-

361 3693 451 3763 culp
471 3691 636 3747 dubio
671 3691 828 3763 quam
858 3692 927 3747 sit
952 3693 1107 3748 nobis
1134 3691 1489 3761 impossibile,
1515 3699 1575 3763 ut
1598 3706 1710 3763 rem
1741 3698 1940 3746 tantam

361 3761 415 3817 in
443 3762 588 3818 brevi
616 3760 772 3833 plene
796 3760 1332 3835 comprehendamus,
1359 3763 1443 3817 cui
1469 3760 1794 3835 sufﬁcientes
1819 3776 1942 3835 esse

359 3848 466 3887 non
510 3831 826 3903 possumus,
872 3831 1079 3888 etiamsi
1124 3843 1325 3888 tantum
1356 3833 1584 3903 spatium
1610 3831 1863 3903 temporis
1888 3839 1943 3887 ct

361 3903 467 3958 tale
488 3901 646 3975 nobis
672 3912 813 3960 esset
843 3904 1144 3975 ingenium,
1173 3914 1229 3957 ut
1252 3901 1419 3975 multa
1442 3902 1708 3975 volumina
1739 3901 1804 3975 d_e
1839 3905 1941 3975 hoc

358 3974 503 4096 q)uod
546 3990 574 4027 a
617 3975 773 4030 nobis
814 3971 1049 4044 expetis,
1080 3974 1252 4029 facere
1289 3974 1587 4028 valercmus
1608 3971 1650 4026 ³.
1678 3972 1783 4026 Sed
1818 3973 1941 4042 quia

412 4061 501 4096 eus
545 4062 698 4096 mone
739 4054 810 4096 est
851 4045 1080 4096 omnibus
1125 4044 1468 4096 invocantibus
1510 4058 1624 4095 eum
1662 4043 1715 4095 in
1739 4043 1941 4096 veritate

412 4061 501 4115 eus
545 4062 698 4115 prope
739 4054 810 4100 est
851 4043 1080 4099 omnibus
1125 4044 1468 4115 invocantibus
1510 4058 1624 4095 eum
1662 4043 1942 4115 in_vcritate

359 4112 743 4187 (Psalacsiav,
770 4116 895 4187 18),
925 4115 1014 4187 qui
1042 4114 1619 4187 verbumrconsummans
1646 4122 1691 4166 et
1712 4113 1941 4187 brevioris

358 4182 478 4256 fecit
499 4202 651 4256 super
674 4182 856 4239 terrain
884 4182 1059 4255 (Rom.
1084 4202 1156 4250 ιχ,
1178 4186 1303 4256 28);
1330 4200 1504 4256 spero,
1533 4183 1654 4251 quia
1682 4182 1941 4256 s_icut_tibi

359 4253 505 4310 dedit
546 4255 704 4326 hujus
748 4256 867 4312 ﬁdei
895 4253 1144 4310 sanctam
1187 4253 1632 4326 sollicitudinem,
1669 4254 1751 4326 sic
1780 4253 1940 4326 etiam

357 4327 508 4393 mihi,
541 4337 599 4382 ut
617 4321 713 4381 tuo
743 4336 847 4381 tam
876 4327 1012 4380 bono
1034 4333 1244 4395 tamque
1270 4324 1517 4380 laudabili
1544 4323 1771 4380 serviam
1790 4321 1939 4395 desi-

359 4397 546 4464 derio,
591 4396 942 4453 sufﬁcientem
990 4393 1183 4452 tribuet
1226 4396 1525 4452 facultatem
1560 4414 1573 4450 :
1611 4403 1669 4447 ιιι
1703 4393 1802 4448 etsi
1832 4409 1940 4449 non

358 4478 585 4537 potuero
609 4478 799 4523 cuncta
823 4468 1020 4533 dicere,
1048 4481 1115 4521 ex
1140 4468 1331 4536 quibus
1360 4467 1533 4521 omnis
1554 4480 1705 4537 error
1728 4464 1940 4537 haeretif

358 4534 451 4594 cus
478 4538 648 4609 possit
685 4540 935 4608 agnosci,
963 4548 1018 4593 et
1044 4534 1253 4607 agnitus
1284 4535 1634 4609 veleonvinci
1660 4535 1861 4609 valeat_
1857 4534 1938 4609 vel

357 4605 544 4674 vitari;
581 4605 756 4665 tamen
794 4609 844 4663 in
882 4605 1097 4663 nomine
1122 4617 1280 4677 atque
1307 4607 1570 4674 adjutorio
1595 4613 1794 4677 sancta:
1819 4605 1939 4659 Tri-

357 4681 569 4741 uitatis.
600 4696 717 4749 qua:
748 4695 884 4734 unus
920 4679 1065 4733 solus
1099 4693 1258 4733 verus
1286 4687 1339 4731 et
1365 4679 1536 4731 bonus
1564 4684 1654 4749 est
1677 4676 1813 4729 Deus
1832 4717 1845 4741 ,
1876 4690 1938 4731 ea

356 4750 526 4805 dicam
554 4746 827 4820 inquibus
862 4750 1047 4804 saltem
1076 4764 1263 4820 magna
1294 4763 1357 4803 ex
1382 4756 1532 4820 parte
1559 4746 1818 4820 rationem
1846 4760 1937 4800 ca-

351 4820 569 4877 tholica:
593 4816 716 4875 ﬁdei
740 4828 947 4875 constet
973 4820 1089 4874 sine
1117 4819 1289 4888 aliqua
1320 4816 1520 4888 errori;
1536 4816 1768 4888 caligine
1810 4831 1939 4888 eon-

371 4891 536 4947 .ineri.
578 4891 778 4958 Quibus
808 4890 1062 4957 retentis,
1094 4885 1291 4958 peteris
1320 4888 1479 4944 etiam
1510 4887 1598 4941 illa
1641 4885 1940 4958 deprehen~

362 4961 485 5021 dere
504 4956 664 5033 atque
684 4960 885 5033 fugere,
907 4977 1024 5031 qum
1047 4956 1148 5033 etsi
1175 4961 1228 5033 in
1256 4959 1356 5014 hoc
1379 4973 1541 5029 opere
1565 4972 1669 5033 non
1692 4956 1940 5033 videntur

358 5028 957 5102 speciali'disptitatione
981 5031 1220 5086 convinci
1242 5072 1255 5093 ,
1300 5028 1476 5085 tamen
1515 5044 1580 5084 ex
1616 5028 1682 5082 iis
1707 5042 1825 5097 quae
1853 5028 1940 5102 hic

356 5099 871 5174 generaliter—atque
908 5102 1148 5174 absolute
1184 5111 1481 5174 ponentur,
1527 5107 1815 5174 appareant
1854 5099 1939 5152 illa

396 5191 476 5229 uae
511 5174 755 5230 infideles
783 5169 1035 5229 homines
1082 5169 1298 5227 auribus
1338 5169 1567 5225 volunt"
1607 5172 1939 5223 insusurrare

396 5191 476 5229 uae
511 5190 755 5230 lttltthleS
794 5190 1035 5229 nomines
1082 5190 1298 5227 aurtuus
1338 5190 1523 5225 VOIunt
1546 5190 1567 5201 ‘
1607 5190 1939 5223 tttsusurt'arc

358 5190 619 5311 ﬁdelium,
652 5260 756 5300 non
786 5246 969 5314 regula
997 5243 1189 5298 divinae
1215 5242 1453 5297 veritatis
1482 5240 1693 5309 tradita,
1727 5238 1821 5295 sed
1845 5255 1940 5294 ne—

358 5317 522 5387 quitia
552 5315 769 5370 humani
798 5314 997 5370 erroris
1024 5315 1253 5371 inventa.

425 5408 656 5465 CAPUT
692 5406 977 5464 PRIMUM.
1028 5407 1083 5463 5.
1141 5405 1361 5461 Trinitas
1412 5422 1544 5461 unus
1585 5404 1743 5461 Deus.
1792 5404 1936 5473 Quo-

423 5567 441 5599 ί
467 5572 600 5625 Lov.,
623 5567 890 5630 peruenire.

359 5628 596 5741 “:32:
620 5642 650 5677 e
667 5626 902 5679 vatimuis
920 5633 1051 5690 Mss,
1075 5631 1127 5678 ut
1154 5623 1339 5691 magnis
1358 5623 1441 5677 via:
1462 5624 1609 5689 possit
1631 5622 1826 5690 impleri
1838 5637 1940 5676 ser-

420 5748 897 5879 ἲὲιῒιί

2058 1379 2285 1442 cumque
2306 1363 2603 1442 igiturloco
2632 1364 2795 1442 fueris
2826 1370 3164 1442 constitutus,
3195 1372 3317 1442 quia
3339 1373 3637 1432 secundum

2056 1435 2296 1513 regulam
2317 1434 2486 1513 nostri
2512 1434 3054 1513 salvatorjs__i_mperio
3098 1434 3505 1513 promulgatam,
3535 1462 3637 1501 no-

2055 1504 2206 1580 sti‘te
2234 1505 2285 1559 in
2310 1520 2415 1559 uno
2437 1504 2612 1580 Patris
2637 1516 2707 1580 et
2736 1507 2856 1562 Filii
2887 1504 2940 1564 et
2968 1504 3195 1580 Spiritus
3224 1504 3394 1569 satiati
3419 1504 3633 1572 nomine

2054 1575 2376 1650 baptizatum
2376 1592 2411 1650 _;
2439 1577 2797 1650 principaliter
2823 1589 2983 1650 atque
3009 1575 3372 1639 indubitanter
3388 1594 3497 1640 toto
3517 1600 3639 1640 cor-

2053 1646 2120 1700 de
2161 1646 2347 1710 retine,
2376 1646 2586 1721 Patrem
2634 1648 2822 1721 Deum,
2854 1646 2913 1705 ei
2932 1650 3125 1706 Filium
3154 1653 3341 1720 Deum,
3373 1663 3428 1709 et
3470 1655 3640 1721 Spiri-

2055 1724 2167 1792 gtm
2188 1724 2429 1792 sanctum
2451 1716 2638 1781 Deum,
2658 1718 2709 1772 id
2731 1729 2830 1784 est,
2861 1730 3096 1775 sanetam
3126 1732 3284 1792 atque
3304 1716 3629 1781 ineﬂ‘abilem

2052 1785 2369 1864 Trinitatem
2399 1802 2565 1864 unum
2605 1802 2735 1864 esse
2778 1792 3086 1864 naturaliter
3127 1785 3311 1864 Deum,
3350 1794 3416 1849 de
3441 1810 3550 1864 quo
3574 1797 3629 1850 in

2052 1855 2465 1927 Deutegonomio
2516 1856 2708 1912 dicitur
2740 1878 2753 1913 :
2782 1861 2935 1923 Audi,
2984 1862 3185 1927 Israel;
3216 1855 3471 1918 Dominus
3490 1865 3628 1921 Deus

2052 1935 2185 1993 tuus,
2209 1925 2350 1979 Deus
2380 1928 2398 1958 ¹
2418 1943 2548 1980 unus
2572 1937 2644 1981 est
2673 1938 2764 1991 ;et
2789 1929 3059 1986 Dominum
3087 1925 3251 1986 Deum
3283 1943 3421 1987 tuum
3445 1936 3634 1989 adora-

2052 1997 2145 2071 bis,
2173 2006 2220 2071 et
2244 1996 2322 2049 illi
2349 1997 2640 2071 soliservies
2666 1999 2684 2067 (
2711 1998 2861 2053 Deut.
2892 2016 2964 2065 vt,
2998 2003 3052 2065 4,
3084 2001 3209 2071 15).
3247 2003 3629 2061 Verumtamen

2048 2068 2172 2149 quia
2195 2066 2356 2149 istum
2385 2082 2561 2149 ununl
2578 2066 2764 2149 Deum,
2798 2071 2888 2149 qni
2935 2074 3081 2127 solus
3106 2066 3187 2127 est
3208 2089 3365 2149 verus
3407 2084 3627 2149 natura-

2049 2137 2170 2193 liter
2194 2137 2354 2218 Deus,
2383 2152 2502 2218 non
2524 2137 2734 2218 Patrem
2784 2137 2978 2206 solum,
3011 2158 3184 2218 neque
3211 2145 3383 2218 solum
3406 2145 3622 2218 Filium,

2050 2222 2222 2276 neque
2246 2207 2418 2261 solum
2470 2207 2724 2275 Spiritum
2774 2221 3035 2276 sanctum,
3069 2207 3161 2266 sed
3202 2215 3358 2269 simul
3413 2207 3627 2270 Patrem

2050 2223 2222 2330 neque
2246 2223 2418 2261 solum
2470 2223 2724 2275 Spiritum
2774 2223 3035 2276 sanctum,
3069 2223 3161 2266 sed
3202 2223 3358 2269 simul
3414 2223 3624 2270 Patrem

2050 2286 2105 2348 et
2171 2278 2316 2331 ilium
2344 2285 2401 2331 et
2427 2276 2681 2348 Spiritum
2713 2290 2951 2335 sanctum
2970 2274 3107 2337 'esse
3127 2283 3399 2348 diximus;
3426 2299 3624 2341 caven-

2047 2347 2175 2401 dum
2204 2355 2307 2411 est,
2339 2361 2407 2401 ne
2420 2348 2571 2423 sicut
2598 2347 2813 2403 Patrem
2837 2360 2892 2405 et
2914 2350 3106 2406 Filium
3128 2362 3183 2423 et
3222 2347 3476 2423 Spiritum
3502 2369 3627 2411 san-

2049 2427 2193 2490 ctum
2221 2432 2385 2490 unum
2418 2418 2584 2490 Deum
2635 2433 2775 2483 esse,
2821 2430 3076 2490 quantum
3103 2422 3171 2476 ad
3211 2418 3504 2479 naturalem
3537 2432 3626 2480 at-

2050 2488 2183 2542 tinet
2225 2488 2477 2565 unitatem
2503 2488 2544 2551 ⁸,
2576 2488 3228 2565 veqciter‘dieimusﬁic
3269 2508 3389 2549 eum
3415 2496 3505 2565 qui
3534 2496 3626 2551 Pa-

2049 2566 2131 2612 ter
2152 2556 2539 2633 est,'eun_ide_n_1_
2560 2555 2642 2612 vel
2671 2556 2887 2633 Filium,
2920 2562 3004 2633 vel
3053 2555 3307 2633 spiritum
3337 2555 3620 2630 sanctum;

2046 2636 2139 2681 aut
2161 2642 2283 2682 eum
2308 2627 2398 2696 qui
2440 2626 2608 2682 Filius
2646 2638 2746 2703 est,
2778 2632 2917 2703 ξεῖνε
2966 2626 3178 2687 Patrem
3213 2634 3326 2690 sive
3365 2626 3625 2703 Spiritum

2046 2707 2290 2774 sanctum
2320 2713 2334 2761 ;
2363 2706 2453 2774 aut
2477 2698 2719 2774 e_um_qt_ti
2740 2770 2750 2774 _
2771 2699 2998 2774 Spiritus
3049 2713 3265 2758 sanctus
3320 2698 3533 2774 proprie
3565 2705 3623 2760 in

2046 2768 2385 2822 confessione
2423 2767 2578 2836 hujus
2606 2767 2881 2825 Trinitatis
2928 2771 3141 2837 dicitur,
3176 2775 3258 2829 vel
3297 2767 3510 2831 Patrem
3534 2776 3620 2830 vel

2046 2837 2238 2916 Filiutn
2268 2838 2619 2916 personaliter
2642 2839 2821 2897 dicere
2870 2841 2982 2897 sive
3010 2844 3250 2914 credere,
3282 2846 3423 2916 quod
3445 2846 3623 2901 omni-

2045 2922 2117 2963 no
2148 2908 2294 2963 nefas
2318 2918 2421 2974 est,
2448 2908 2758 2965 audeamus.

2115 2979 2171 3033 4.
2203 2977 2360 3033 Fides
2382 2979 2523 3055 enim
2567 2994 2724 3055 quam
2751 2982 3272 3055 sanctil’atriarchm
3294 2994 3453 3055 atque
3491 2986 3621 3042 Pro-

2045 3048 2219 3118 phetas
2251 3057 2376 3102 ante
2402 3049 2814 3123 incarnationem
2841 3052 2959 3106 Filii
3007 3054 3096 3108 Dei
3123 3048 3379 3110 divinitus
3396 3071 3620 3123 accepe-

2044 3129 2188 3193 runt,
2226 3134 2385 3188 quam
2417 3120 2801 3193 _etiam__sancti
2847 3123 3083 3193 Ληρειοιί
3133 3124 3202 3179 ab
3233 3125 3349 3193 ipso
3397 3120 3622 3181 Domino

2045 3188 2099 3265 in
2126 3204 2288 3265 carne
2314 3189 2489 3265 posito
2511 3188 2810 3265 audierunt,
2827 3202 2882 3246 et
2897 3188 3129 3261 Spiritus
3156 3188 3325 3265 sancti
3364 3196 3618 3265 magiste-

2044 3259 2127 3314 rio
2140 3259 2403 3332 instructi,
2429 3274 2540 3332 non
2566 3260 2739 3315 solum
2764 3259 3012 3317 sermone
3054 3259 3494 3332 praedicaverunt,
3526 3281 3621 3322 ve-

2044 3344 2162 3385 rum
2182 3330 2342 3403 etiam
2376 3329 2443 3403 ad
2489 3330 2895 3403 instructionem
2923 3329 3325 3390 saluberrimam
3374 3329 3619 3403 postero-

2043 3400 2434 3472 rumscriptis
2468 3401 2579 3472 suis
2611 3401 2830 3456 inditam
2868 3404 3214 3472 reliquerunt,
3260 3400 3424 3460 unum
3453 3407 3621 3463 Deum

2043 3469 2297 3595 greedth
2340 3469 2675 3537 Trinitatem,
2727 3472 2779 3527 id
2816 3484 2932 3556 εει,⁸
2968 3469 3289 3530 Ριιιτεηιέι
3334 3474 3525 3531 Filium
3561 3486 3620 3560 es

2088 3549 2300 3595 Dll‘llllm
2331 3550 2594 3595 sanctum.
2645 3542 2749 3595 Sed
2788 3542 3018 3595 Trinitas
3062 3560 3190 3595 vera
3233 3561 3339 3595 non
3379 3555 3539 3595 esset-
3570 3561 3620 3595 SI

2088 3541 2300 3612 piritum
2331 3550 2594 3596 sanctum.
2645 3542 2749 3598 Sed
2788 3542 3018 3599 Trinitas
3062 3560 3191 3600 vera
3233 3561 3339 3601 non
3379 3555 3539 3612 esset,
3570 3547 3622 3602 si

2044 3626 2145 3682 una
2170 3610 2480 3682 eademque
2518 3626 2747 3682 persona
2791 3612 3060 3669 diceretur
3078 3614 3235 3670 Pater
3276 3625 3331 3672 et
3376 3610 3540 3671 Filius
3563 3626 3621 3673 et

2043 3680 2272 3749 Spiritus
2297 3680 2537 3736 sanctus;
2581 3681 2637 3736 Si
2660 3682 2804 3739 enim
2830 3683 2969 3739 sicut
2994 3693 3077 3740 est
3118 3685 3291 3742 Patris
3322 3695 3377 3742 et
3415 3686 3532 3742 Filii
3561 3698 3622 3743 et

2043 3750 2269 3825 Spiritus
2297 3750 2465 3825 sancti
2495 3753 2941 3825 unasuhstantia.
2972 3755 3049 3809 sic
3073 3766 3216 3811 esset
3238 3772 3340 3811 una
3366 3772 3615 3825 persona,

2044 3821 2173 3892 nihil
2192 3822 2408 3876 omnino
2425 3831 2587 3886 esset,
2607 3821 2659 3875 in
2676 3838 2782 3892 quo
2793 3826 3053 3879 veraciter
3070 3825 3299 3880 Trinitas
3320 3821 3612 3882 diceretur.

2044 3890 2250 3961 Rursus
2293 3891 2527 3961 Trinitas
2551 3890 2764 3961 quidem
2813 3910 2938 3950 vera
2984 3905 3147 3959 esset,
3194 3896 3290 3951 sed
3320 3913 3455 3952 unus
3476 3898 3621 3953 Deus

2045 3960 2275 4034 Trinitas
2302 3960 2412 4034 ipsa
2440 3960 2579 4034 Anon
2606 3972 2767 4028 esset,
2814 3965 2858 4017 si
2897 3964 3344 4034 quemadmodum
3389 3967 3546 4022 Pater
3563 3976 3620 4023 et

2042 4029 2211 4085 Filius
2235 4040 2288 4085 et
2314 4031 2540 4102 Spiritus
2558 4041 2774 4087 sanctus
2795 4029 3143 4102 personarum
3162 4046 3282 4091 sunt
3297 4037 3363 4092 ad
3389 4037 3615 4092 invicem

2044 4102 2365 4177 proprietate
2396 4100 2649 4177 distincti,
2672 4103 2769 4177 sic-
2796 4100 3027 4177 fuissent
3072 4117 3376 4163 naturarum
3407 4121 3620 4177 quoque

2043 4170 2349 4243 diversitate
2387 4171 2624 4227 discreti.
2668 4172 2773 4229 Sed
2794 4175 2917 4243 quia
2960 4176 3013 4230 in
3059 4177 3150 4231 illo
3200 4193 3304 4233 uno
3339 4170 3450 4232 Ι)εὸ
3490 4170 3620 4234 vero

2044 4241 2321 4317 Trinitate,
2343 4257 2453 4317 non
2504 4244 2673 4297 solum
2703 4241 2842 4317 quod
2872 4261 3009 4301 unus
3042 4247 3180 4303 Deus
3204 4256 3306 4317 est,
3336 4248 3431 4303 sed
3456 4249 3621 4304 etiam

2043 4313 2183 4388 quod
2211 4312 2440 4388 Trinitas
2482 4321 2585 4388 est,
2612 4312 2919 4388 naturaliter
2938 4332 3129 4388 verum
3171 4327 3253 4372 est
3272 4312 3301 4384 ς’
3339 4328 3620 4388 propterea

2042 4382 2159 4452 ipse
2187 4398 2345 4438 verus
2370 4383 2510 4437 Deus
2553 4385 2608 4438 in
2653 4386 2892 4453 personis
2937 4385 3171 4441 Trinitas
3196 4382 3299 4451 est,
3340 4382 3397 4444 et
3433 4382 3484 4443 in
3513 4404 3617 4444 una

2044 4462 2231 4507 natura
2262 4468 2398 4506 UllllS
2426 4462 2524 4507 CSL
2551 4454 2652 4508 Per
2693 4453 2829 4509 hanc
2868 4458 3121 4513 unitatem
3157 4459 3450 4514 naturalem
3477 4468 3620 4514 ιοιιιε

2043 4521 2201 4593 Pater
2222 4524 2276 4576 in
2306 4523 2440 4593 Filio
2465 4532 2518 4576 et
2544 4524 2743 4593 Spiritu
2789 4534 2973 4580 sancto
3000 4536 3100 4592 est,
3124 4536 3177 4582 et
3211 4536 3350 4584 totus
3374 4528 3544 4584 Filius
3565 4529 3619 4586 in

2045 4591 2201 4668 Patre
2242 4602 2311 4668 ct_
2352 4591 2783 4668 Spiritun'sancto
2828 4605 2928 4657 est.
2958 4591 3208 4668 totuSque
3232 4600 3463 4668 Spiritus
3489 4615 3617 4653 san-

2042 4671 2157 4718 ctus
2185 4663 2236 4715 in
2278 4663 2432 4717 Patre
2459 4672 2513 4717 et
2562 4664 2616 4717 in
2666 4663 2800 4719 Filio
2851 4674 2950 4721 est.
3006 4663 3194 4724 Nullus
3239 4663 3429 4725 horum
3466 4676 3620 4724 extra

2043 4733 2335 4808 quemlibet
2415 4733 2651 4808 ipsorum
2723 4737 3001 4808 est:quia
3055 4754 3211 4794 nemo
3292 4740 3471 4808 alium;
3527 4747 3625 4794 aut

2043 4803 2295 4875 praecedit
2364 4806 2659 4860 aeternitate
2681 4847 2698 4873 ,
2774 4803 3133 4879 aut'exccdit
3162 4806 3571 4879 _magnitudine
3597 4850 3616 4874 ,

2044 4883 2135 4945 aut
2190 4883 2404 4943 superat
2453 4884 2730 4945 potestate.
2787 4876 2918 4944 Quia
2984 4894 3083 4934 nec
3159 4874 3322 4932 Filio'
3346 4893 3446 4935 nec
3497 4876 3621 4945 Spi-

2042 4944 2146 4998 ritu
2214 4944 2733 5016 sancto,’quantum
2808 4947 2874 5001 ad
2925 4958 3127 5003 natura:
3178 4948 3370 5003 divina:
3438 4944 3620 5003 unita-

2045 5015 2428 5089 tcm_pertiuet
2455 5015 2499 5089 ,ς
2540 5027 2632 5073 aut
2688 5018 2921 5072 anterior
2973 5028 3062 5072 aut
3108 5019 3278 5089 major
3306 5020 3461 5073 Pater
3493 5028 3620 5085 est;

2044 5101 2142 5141 nec
2162 5085 2283 5157 Filii
2303 5087 2574 5141 mternitas
2606 5095 2765 5157 atque
2810 5090 3155 5153 immensitas,
3192 5085 3335 5143 velut
3384 5089 3622 5144 anterior

2043 5166 2133 5210 aut
2178 5156 2365 5225 major,
2417 5158 2641 5225 Spiritus
2683 5158 2851 5212 sancti
2889 5158 3236 5213 aeternitatem
3287 5159 3618 5214 immensita-

2045 5236 2357 5299 temqueaut
2380 5228 2683 5299 praecedere
2703 5237 2793 5281 aut
2810 5229 3067 5283 excedere
3089 5230 3398 5285 naturaliter
3420 5240 3615 5299 potest.

2044 5295 2333 5366 Sicutergo
2356 5295 2453 5352 nec
2491 5297 2656 5353 Filius
2708 5300 2967 5367 posterior
2991 5310 3083 5354 aut
3113 5300 3286 5354 minor
3312 5308 3395 5355 est
3421 5295 3619 5365 'l'atre,

2044 5369 2116 5423 ita
2136 5384 2233 5423 nec
2254 5368 2481 5438 Spiritus
2508 5375 2723 5423 sanctus
2754 5369 3015 5437 posterior
3031 5379 3121 5424 aut
3154 5371 3328 5426 minor
3351 5380 3435 5428 est
3461 5370 3616 5427 Filio.

2044 5438 2324 5512 @ternnm
2376 5440 2569 5508 quippe
2610 5447 2663 5492 et
2715 5439 2829 5512 sine
2860 5439 3016 5512 initio
3046 5449 3161 5507 est,
3191 5440 3329 5512 quod
3362 5441 3527 5497 Filius
3555 5443 3622 5498 de

2045 5508 2217 5564 Patris
2245 5517 2429 5563 natura
2460 5517 2613 5563 natus
2643 5509 2899 5563 cxstitit':
2929 5519 2982 5567 et
3006 5508 3260 5567 :etcrnuin
3283 5528 3347 5569 ac
3393 5513 3510 5569 sine
3536 5513 3621 5569 in-

2108 5624 2127 5654 ι
2154 5631 2279 5683 Mss.,
2304 5620 2546 5673 Dominus.

2108 5686 2129 5716 ³
2148 5682 2451 5733 σοι-ῦείειιδίδ
2472 5691 2574 5744 διεη
2598 5682 2861 5735 veritatem.

2109 5748 2130 5779 ³
2152 5748 2225 5818 sic
2242 5747 2778 5818 Messen-etatagister
2795 5751 3169 5815 Sententiarum,
3198 5759 3415 5806 scatent.
3442 5753 3482 5818 t,
3504 5752 3623 5809 dish

2047 5808 2123 5860 19.
2150 5815 2207 5861 Al
2230 5806 2363 5872 editi,
2386 5806 2565 5858 existit.
