4102 6336
562 307 661 372 775

559 428 739 488 (licens
761 441 775 482 :
804 426 876 481 Et
891 430 1076 482 mortui
1092 429 1359 497 resurgant
1375 420 1671 497 incorrupti,
1700 423 1747 477 et
1766 435 1857 497 nos
1874 421 2115 497 immuta-

559 501 733 580 Iiimitr.
756 499 824 555 Et
837 497 1124 580 ostendens
1141 493 1263 580 qua:
1288 496 1525 580 erit
1554 493 1856 576 immutatio
1884 493 2077 580 adjecit
2101 510 2115 547 :

558 572 763 642 Oportet
787 570 919 642 enim
945 565 1268 642 corruptibile
1292 567 1384 620 Ιιοε
1409 565 1618 642 induere
1631 565 2068 642 incorruptionem
2099 605 2115 629 ,

557 632 829 698 et'mortale
844 641 937 694 hoc
950 632 1161 693 induere
1175 636 1615 691 inmortalitatem.
1631 635 1687 690 In
1704 632 1886 691 eorum
1907 632 1983 706 (a)
1997 648 2120 689 cor-

558 713 771 784 poribus
816 710 906 765 ﬁet
932 710 1075 780 quod
1122 709 1235 784 ipse
1288 707 1572 784 Apestolus
1601 711 1711 761 ait:
1747 706 2038 784 Semiuatur
2064 706 2120 784 in

557 776 870 853 Eorruptione
893 822 909 848 ,
951 776 1251 853 surgetiﬁiiv
1283 776 1661 853 incorruptione
1692 793 1709 831 :
1732 778 2015 853 seminatur
2065 776 2120 829 iu

558 848 861 926 ignobilitate
881 893 898 926 ,
924 848 1092 921 surget
1118 850 1172 903 in
1190 848 1400 926 gloria:
1426 848 1698 902 seminatur
1719 848 1778 926 in
1804 848 2117 926 inﬁrmitate,

558 919 721 995 (urget
745 924 797 977 in
830 919 1027 995 virtute
1052 919 1864 995 asentinaturneogiuaanimale
1885 959 1899 980 ,
1953 925 2123 995 surget

557 988 736 1065 corpus
760 990 1023 1065 spirituale
1048 989 1240 1065 (IiCor.
1268 1006 1357 1056 xv,
1386 990 1579 1065 διτδδ,
1604 988 1803 1058 42-44).
1829 988 1979 1055 Quod
2006 1002 2126 1065 pro-

557 1058 736 1136 pterea
762 1058 1036 1136 spirituale
1060 1058 1215 1136 dixit,
1248 1076 1352 1136 non
1390 1060 1513 1129 quia
1558 1060 1729 1136 ipsum
1759 1073 1954 1136 corpus
1974 1058 2127 1136 spiri-

556 1130 642 1190 tus
697 1130 840 1214 erit,
882 1132 976 1188 sed
1033 1132 1156 1214 quia
1214 1130 1754 1214 viviﬁcantehspi‘ruu
1818 1130 2124 1214 immortale

556 1216 713 1276 atque
779 1199 1178 1276 incorruptibile
1230 1200 1584 1273 permanebit.
1630 1199 1718 1276 Sic
1746 1208 1945 1276 autem
1997 1210 2124 1276 tunc

556 1268 764 1332 dicetur
782 1268 1056 1344 spirituale
1092 1268 1308 1342 corpus,
1337 1286 1457 1326 cum
1498 1285 1603 1325 non
1632 1271 1847 1344 spiritus
1875 1271 2008 1344 sit,
2030 1268 2125 1325 sed

555 1341 863 1417 permaneat
929 1357 1156 1417 corpus;
1192 1341 1348 1397 sicut
1423 1355 1565 1417 nunc
1629 1341 2120 1417 animale_dicitur,

554 1411 674 1473 cum
702 1426 878 1471 tamen
927 1411 1231 1469 inveniatur
1266 1429 1371 1466 non
1405 1414 1583 1466 anima
1623 1427 1765 1477 esse,
1790 1411 1883 1466 sed
1909 1427 2122 1480 corpus.

622 1486 848 1542 CAPUT
873 1484 1044 1551 XXX,
1074 1501 1161 1538 seu
1184 1484 1319 1540 Rea.
1346 1498 1516 1537 xxvn.
1559 1483 1647 1537 75.
1680 1482 1831 1535 Fides
1856 1492 1901 1537 et
1944 1481 2126 1552 Bapti-

555 1575 711 1615 smus.
743 1556 1071 1612 Firmissime
1097 1565 1242 1619 tene,
1272 1563 1327 1608 et
1350 1553 1651 1607 nullatenus
1678 1553 1885 1607 dubites
1907 1593 1921 1619 ,
1962 1568 2124 1607 exce-

555 1632 661 1701 ptis
684 1629 787 1682 illis
813 1627 901 1701 qui
948 1641 1046 1701 pro
1078 1626 1294 1701 nomine
1321 1623 1518 1678 Christi
1547 1638 1645 1678 suo
1671 1624 1925 1701 sanguine
1951 1623 2129 1693 bapti-

556 1694 763 1762 iantur,
791 1694 991 1752 nullum
1019 1696 1289 1750 hominem
1306 1702 1647 1763 accepturum
1670 1694 1829 1748 vitam
1848 1702 2130 1761 aeternam,

555 1771 644 1841 qui
667 1784 772 1824 non
792 1767 880 1823 hic
902 1782 931 1820 a
959 1768 1115 1822 malis
1137 1764 1422 1841 suis_fuerit
1443 1780 1536 1833 per
1562 1765 1924 1841 paenitentiam
1944 1764 2131 1841 ﬁdem-

555 1834 660 1911 que
680 1850 1012 1911 conversus,
1042 1846 1099 1892 et
1126 1852 1220 1911 p_er
1241 1834 1641 1911 sacramenium
1690 1834 1812 1890 fidei
1826 1842 1922 1911 _et
1960 1836 2131 1911 pinni-

555 1905 774 1974 tentite,
808 1909 859 1963 id
882 1917 983 1973 est,
1012 1923 1109 1977 per
1127 1905 1469 1976 ’Baptismum
1521 1907 1794 1962 liberatus.
1826 1905 1893 1960 Et
1917 1906 2132 1977 majori-

554 1981 657 2038 bus
708 1979 921 2049 quidem
972 1979 1335 2034 necessarium
1386 1992 1509 2049 esse
1561 1986 1614 2032 et
1663 1977 2026 2049 paenitentiam
2064 1976 2132 2031 de

558 2052 713 2106 malis
726 2046 848 2105 suis
877 2064 1054 2120 agere,
1077 2048 1298 2104 etﬁdem
1320 2048 1637 2104 catholicam
1666 2046 1954 2120 secundum
1977 2062 2131 2120 regu-

559 2122 666 2177 lam
690 2118 931 2176 veritatis
953 2128 1159 2187 tenere,
1189 2127 1245 2175 et
1272 2128 1659 2175 sacramentum
1686 2118 2023 2188 Baptismatis
2043 2132 2133 2172 ac-

559 2194 770 2264 cipere:
793 2190 1026 2264 parvulis
1045 2205 1192 2264 vero,
1211 2191 1301 2261 qui
1319 2204 1419 2245 nec
1436 2189 1933 2264 prapriavoluntaie
1952 2188 2138 2243 crede-

557 2258 639 2329 re’,
664 2276 765 2317 nec
785 2258 1146 2331 paenitentiam
1168 2258 1264 2330 pro
1285 2269 1503 2330 peccato
1522 2258 2013 2331 quodforiginaliteri
2031 2267 2139 2312 tra-

559 2332 713 2397 hunt,
747 2329 904 2400 agere
943 2329 1181 2400 possunt,
1219 2329 1619 2386 Sacramentum
1651 2329 1774 2383 lidei
1799 2338 1853 2383 et
1877 2330 2137 2398 paeniten-

560 2404 669 2470 tiae,
700 2401 841 2473 quod
887 2410 969 2456 est
996 2410 1236 2455 sanctum
1269 2402 1571 2470 Baptisma,
1622 2400 1870 2473 quamdiu
1919 2400 2137 2473 rationis

563 2469 693 2528 tetas
707 2469 895 2528 eorum
906 2485 1071 2541 capax
1083 2485 1202 2527 esse
1218 2487 1322 2526 non
1340 2469 1534 2541 potest,
1550 2469 1873 2541 sulticereﬁad
1890 2469 2133 2525 salutem.

635 2541 864 2598 CAPUT
888 2538 1083 2606 XXXI,
1107 2558 1194 2596 seu
1223 2538 1358 2597 Rue.
1382 2556 1574 2595 xxvut.
1625 2541 1714 2595 74.
1771 2538 1968 2594 Gratia.
2020 2541 2139 2595 Fir-

560 2614 800 2671 missime
834 2622 976 2679 tene,
1000 2622 1053 2667 et
1078 2613 1379 2668 nullatenus
1403 2611 1629 2676 dubites,
1656 2612 1922 2666 neminem
1942 2611 2027 2665 hic
2046 2612 2142 2664 ho.

561 2686 763 2740 minum
792 2699 947 2754 posse
969 2683 1515 2754 pmnitentiamiagere
1544 2722 1558 2744 ,
1591 2681 1691 2735 nisi
1722 2696 1880 2750 quem
1910 2682 2047 2754 Deus
2076 2682 2141 2734 il-

562 2751 925 2821 luminaverit,
944 2751 1001 2825 et
1028 2754 1253 2825 gratuita
1280 2751 1619 2825 miseratione
1627 2751 1977 2825 converterit.
1998 2754 2142 2825 Apo-

564 2826 733 2881 stolus
755 2826 898 2881 enim
925 2821 1054 2880 dicii
1083 2843 1096 2879 :
1120 2822 1203 2879 Ne
1227 2825 1355 2893 forte
1383 2824 1464 2876 det
1488 2822 1589 2875 illis
1616 2821 1752 2876 Deus
1797 2823 2142 2893 paenitentiam

561 2897 630 2949 ad
654 2895 1050 2969 cognoscendam
1075 2896 1357 2969 iteriiateiit,
1391 2902 1439 2947 et
1465 2893 1758 2963 resipiscam
1785 2892 1818 2946 a
1842 2892 2029 2946 diaboli
2061 2892 2143 2945 la-

565 2968 703 3038 queis
716 2965 809 3038 '(Il
819 2965 1047 3038 Ife-1!.
1062 2965 1159 3038 25.
1181 2965 1295 3038 29)-

632 3033 859 3093 CAPUT
883 3036 1098 3103 XXXII,
1114 3052 1201 3090 seu
1217 3033 1351 3091 Rea.
1373 3050 1521 3090 XXIX.
1541 3034 1627 3089 75.
1651 3033 1797 3088 Nihil
1812 3035 1897 3105 agi
1911 3034 2016 3088 sine
2035 3052 2146 3105 gra-

563 3109 655 3163 tia.
679 3107 1006 3163 Firmissime
1025 3115 1167 3174 tene,
1196 3116 1251 3162 et
1270 3107 1567 3160 nullatenus
1594 3105 1822 3170 dubites,
1850 3119 2007 3175 posse
2027 3105 2147 3175 qui-

563 3179 685 3235 dem
704 3178 993 3243 hominem,
1007 3193 1163 3249 quem
1174 3192 1281 3249 nec
1301 3177 1591 3249 ignorantia
1611 3175 1926 3249 litterarum,
1944 3192 2042 3231 nec
2058 3177 2148 3230 a'li-

562 3264 666 3320 qua
692 3249 935 3319 prohibet
956 3246 1288 3320 imbecillitas
1311 3247 1393 3303 vel
1415 3246 1728 3320 adversitas,
1756 3247 1917 3320 verba
1948 3257 2146 3302 sancta:

563 3316 773 3394 legisZet
792 3320 1082 3394 Evangelii,
1112 3320 1222 3374 sive
1248 3319 1441 3394 legere,
1475 3318 1587 3394 sive
1612 3332 1797 3394 ex_or_e
1835 3316 2146 3394 cujusquam

567 3387 926 3460 priedicatoris
945 3387 1144 3445 audire
1164 3407 1178 3444 :
1195 3389 1288 3443 sed
1307 3387 1520 3443 ‘divinis
1540 3387 1803 3460 mandatis
1821 3388 2041 3442 obedire
2057 3404 2149 3443 ne-

563 3459 763 3516 minem
796 3475 971 3531 posse,
1012 3460 1116 3515 nisi
1139 3460 1464 3531 qliemeeus
1492 3459 1659 3531 gratia
1685 3472 1777 3531 sua
1810 3460 2144 3531 praevenerit,

561 3540 623 3587 ut
650 3528 965 3601 quodiaudit
983 3528 1225 3600 corpore,
1254 3530 1412 3584 etiam
1440 3528 1599 3584 corde
1630 3529 1885 3599 percipiat
1908 3530 1950 3592 ¹,
1983 3538 2151 3601 etfac-

561 3600 715 3671 cepta
739 3601 991 3657 divinitus
1013 3602 1151 3655 bona
1181 3600 1450 3655 voluntate
1466 3608 1630 3671 atque
1655 3601 1869 3671 viriute,
1898 3600 2145 3671 mandata

565 3668 661 3727 Dei
687 3672 864 3727 facere
905 3680 959 3725 et
998 3672 1125 3727 velit
1157 3679 1211 3726 et
1237 3672 1421 3741 possit.
1453 3668 1633 3739 Neque
1674 3669 1814 3741 enim
1842 3669 1928 3738 qui
1953 3670 2149 3741 plantat

563 3750 635 3812 est
662 3742 855 3812 aliquid
874 3783 889 3807 ,
917 3757 1073 3811 neque
1099 3742 1192 3812 qui
1222 3739 1383 3811 rigat,
1426 3741 1512 3794 sed
1540 3741 1624 3809 qui
1667 3740 2023 3812 incrementum
2062 3739 2149 3812 dat

562 3811 703 3866 Deus
724 3809 768 3885 (Ι
797 3812 913 3866 Cor.
937 3809 1016 3878 in,
1039 3812 1093 3885 7)
1113 3809 1134 3863 ':
1162 3809 1438 3885 Quietiam
1459 3809 1764 3885 Operatitrin
1792 3809 1945 3885 uolgi}
1960 3817 2006 3862 et
2027 3810 2151 3864 velle

562 3892 611 3938 et
632 3878 1170 3955 perﬁcereLprolgona
1196 3882 1452 3955 voluntate
1481 3878 1739 3955 (ΡᾸιέιὶρρ.
1770 3895 1828 3943 ιι,
1861 3879 1976 3955 i

631 3949 859 4009 CAPUT
876 3949 1113 4017 XXXIII,
1134 3968 1223 4007 seu
1238 3952 1371 4008 Rue.
1389 3949 1521 4006 xxx.
1542 3950 1627 4005 76.
1646 3949 1811 4004 Deum
1830 3950 1957 4003 nihil
1974 3949 2147 4004 latere.

566 4022 900 4079 Firmissime
923 4032 1068 4087 tene,
1099 4032 1154 4078 et
1192 4024 1489 4078 nullatenus
1514 4022 1725 4077 dubites
1748 4062 1761 4084 ,
1808 4021 1920 4075 Deo
1948 4020 2151 4076 incom-

563 4092 808 4163 mutabili
832 4106 938 4146 non
959 4094 1132 4147 solum
1152 4094 1419 4163 praeterita
1444 4103 1498 4147 et
1528 4090 1827 4163 praesentia,
1865 4091 1959 4163 sed
1988 4092 2148 4146 etiam

561 4162 741 4217 futura
785 4163 963 4218 omnia
1005 4160 1505 4217 incommutabiliter
1534 4160 1661 4216 esse
1712 4160 2009 4224 notissima,
2064 4163 2150 4217 cui

562 4232 790 4288 dicitur:
811 4231 947 4305 Deus
967 4234 1399 4305 qui_oecultorum_
1410 4249 1461 4305 es
1490 4232 1735 4301 cognitor,
1763 4232 1850 4301 qui
1864 4232 1960 4286 scis
1984 4233 2151 4286 omnia

562 4301 989 4373 antequamﬁanl
1013 4302 1175 4368 (Dan.
1203 4318 1315 4367 xm,
1338 4301 1451 4373 42).

724 4369 870 4431 PUT'
895 4372 1133 4440 XXXIV,
1166 4390 1253 4428 seu
1278 4369 1419 4428 Rea.
1448 4375 1595 4427 xxxi.
1618 4372 1707 4426 77.
1736 4369 2147 4429 Prwdestinatio.

562 4442 895 4501 Firmissime
933 4452 1077 4511 tene,
1106 4451 1163 4499 et
1202 4444 1506 4499 nullatenus
1543 4442 1753 4498 dubites
1776 4483 1791 4508 ,
1836 4441 2149 4499 Trinitatem

561 4515 754 4582 Deum,
776 4514 1285 4581 incommutabilem,
1303 4529 1484 4569 rerum
1501 4513 1736 4567 omnium
1756 4520 1912 4583 atque
1929 4527 2150 4582 Operum

564 4594 677 4641 tam
702 4600 919 4642 suorum
942 4601 1099 4657 quam
1128 4586 1476 4657 humanorum
1515 4584 1867 4657 certissimum
1907 4585 2149 4657 cognin

561 4671 699 4721 rem,
726 4665 850 4711 ante
868 4655 1048 4712 omnia
1072 4656 1265 4710 saecula
1291 4656 1431 4710 scire
1449 4655 1641 4725 quibus
1662 4662 1803 4710 esset
1825 4655 2105 4725 perlidem
2128 4655 2150 4687 ³

561 4729 784 4800 gratiam
827 4728 1111 4800 largiturus
1140 4725 1293 4781 :sine
1335 4740 1436 4795 qua
1468 4723 1874 4800 nemo-potuit‘
1895 4724 1963 4800 ab
1999 4726 2151 4800 initio

560 4796 746 4855 inundi
774 4796 943 4868 usque
979 4797 1033 4852 in
1068 4796 1249 4868 linem,
1281 4811 1309 4868 a
1339 4804 1489 4850 reatu
1512 4796 1714 4868 peccati
1746 4804 1853 4849 tam
1878 4796 2151 4868 originalis

560 4884 722 4940 quam
742 4866 964 4924 actualis
1001 4867 1222 4940 absolvi.
1274 4866 1410 4940 Quos
1437 4867 1598 4940 eniml
1622 4866 2036 4940 Deuspra'icivit
2059 4907 2073 4931 ,
2104 4875 2152 4921 et

561 4935 935 5066 prwdégtinavit
958 4938 1238 5009 conformes
1257 4937 1370 5007 ﬁeri
1392 4937 1626 5008 imaginis
1651 4936 1778 4993 Filii
1792 4935 1875 4991 sui
1901 4935 1922 4967 ⁸
1953 4936 1972 5007 (
1995 4937 2146 4991 Rom.

561 5025 676 5066 vni.
807 5051 821 5064 .

559 5025 676 5067 νιιι.
704 5025 774 5066 29
785 5025 821 5067 l.

554 5012 855 5139 ΪῃὲΔΩΙὲὖοτ
871 5079 1090 5147 XXXV,
1108 5079 1345 5136 seuRac.
1367 5077 1624 5133 xxxn.78.
1639 5076 1784 5147 Beati
1807 5093 1870 5131 ea:
1892 5077 2153 5147 praedem-

559 5153 779 5208 natione.
804 5146 1131 5208 Firmissime
1154 5161 1295 5216 tene,
1318 5151 1686 5204 etnullatenus
1705 5146 1936 5211 dubites,
1961 5162 2149 5205 omnes

558 5238 695 5295 quos
723 5238 847 5278 vasa
875 5222 1253 5279 misericordim
1269 5220 1495 5290 gratuita
1533 5219 1765 5274 bonitate
1799 5218 1936 5273 Deus
1962 5216 2145 5286 facit“,

560 5336 643 5448 ως.
664 5334 963 5445 ἱῖιριιιὲῧισνη
986 5336 1215 5385 omissum
1239 5338 1347 5384 erat
1363 5367 1379 5394 ,
1424 5336 1472 5383 et
1501 5329 1790 5396 paenitentia
1807 5344 1827 5394 ,°
1847 5331 1975 5395 quod
1998 5332 2148 5385 babe-

623 5460 645 5491 ²
675 5458 985 5507 Corbeiensis
1003 5463 1071 5508 us
1093 5492 1107 5517 ,
1134 5455 1355 5520 recipiat.

622 5519 645 5592 ξ
679 5519 901 5592 fderati:
922 5518 1355 5592 librl_00rbeiens_is
1376 5518 1582 5592 additur,
1600 5517 1659 5592 ab
1679 5516 1764 5570 illo

620 5581 644 5614 ⁸
677 5584 850 5640 Potest,
871 5581 1010 5652 juxta
1025 5589 1100 5631 Er.
1124 5581 1272 5645 Lugd.
1292 5587 1537 5632 \‘en.Lov.
1603 5589 1658 5631 at.

620 5640 643 5673 ⁸
676 5647 805 5695 Mss...
839 5655 960 5695 ejus.

624 5655 647 5771 ξ
676 5655 1085 5771 j‘cﬁrsﬁqfégisas.
1104 5739 1120 5765 ,
1143 5704 1348 5769 gratuita
1370 5714 1500 5759 Deus
1525 5704 1654 5771 (acu.

620 5763 697 5828 (α)
715 5763 957 5830 maluae.
969 5763 1233 5829 interitu.

1994 302 2361 365 APPENDIX.

3723 315 3831 376 m

2225 431 2349 478 ante
2375 423 2854 499 _c_onstitutionem
2923 425 3106 499 mundi
3172 426 3226 481 in
3281 425 3624 499 adoptionem
3679 429 3822 487 illio-

2225 509 2342 548 rum
2375 493 2466 548 Dei
2510 495 2910 563 pracdestinatos
2956 512 2987 550 a
3029 498 3140 561 Deo

2225 564 2455 635 aliquem
2489 579 2674 619 eorum
2703 580 2837 635 quos
2865 567 3001 622 Deus
3028 564 3426 641 prmdestina’vit
3453 564 3519 641 ad
3566 564 3821 641 regnum,

3188 515 3203 551 :
3249 512 3422 571 neque
3451 500 3629 571 perire
3658 516 3825 571 posse

2228 650 2326 711 nec
2347 651 2666 711 queinquam
2687 652 2872 711 eorum
2893 653 3028 708 quos
3047 640 3188 711 Deus
3208 655 3312 711 nim
3332 638 3733 711 praedestinavit
3752 638 3823 698 ad

2227 708 2389 777 vitam
2418 706 2523 761 ulla
2563 720 2721 777 posse
2749 706 2956 765 ratione
2997 710 3212 765 salvari.
3243 706 3649 766 Prtedestinatio
3674 714 3823 768 enim

2230 776 2328 852 illa
2347 776 2589 852 gratuita:
2615 776 2915 852 donationis
2941 788 3025 852 est
3055 779 3398 852 praeparatio,
3416 796 3518 850 qua
3549 796 3651 836 nos
3678 784 3825 852 Apo-

2230 844 2401 923 stolus
2414 848 2493 923 ait
2514 844 2984 923 prmdestinato‘siii
3009 844 3329 923 adoptionem
3366 844 3590 920 ﬁliorum
3613 870 3705 923 per
3728 844 3847 913 'Je-i

2230 934 2342 991 sum
2363 918 2883 991 Chamavorum
2912 918 3125 990 (Εριιεεὲ
3147 937 3185 986 ι.
3215 920 3294 991 5)·

2301 988 2525 1064 CAPUT
2570 988 2831 1056 xxxvn,
2875 988 2963 1064 seu
2986 988 3123 1048 Hec.
3155 988 3351 1064 manu.
3384 993 3473 1048 79.
3501 992 3824 1064 Baptism.

2232 1058 2562 1114 Firmissime
2587 1068 2729 1126 tene,
2752 1069 2807 1116 et
2831 1060 3130 1116 nullatenus
3157 1063 3388 1127 dubites,
3420 1058 3825 1121 sacramentum

2232 1130 2594 1201 Baptismatis,
2628 1146 2735 1201 non
2762 1132 2937 1186 solum
2976 1133 3113 1187 intra
3143 1131 3439 1188 Ecclesiam
3472 1134 3819 1201 catholicam,

2232 1146 2594 1255 baptismatis,
2628 1146 2732 1185 non
2762 1146 2937 1186 scium
2976 1146 3113 1187 intra
3143 1146 3439 1188 Ecclesmm
3472 1146 3819 1201 catholicam,

2232 1202 2515 1285 gemellam
2542 1202 2679 1285 apud
2723 1200 3040 1285 haereticos,
3085 1204 3175 1285 qui
3222 1204 3274 1285 in
3318 1204 3536 1259 nomine
3565 1204 3741 1261 Patris
3769 1216 3824 1285 et

2233 1270 2352 1326 Filii
2394 1278 2451 1345 e_t
2476 1269 2708 1345 Spiritus
2754 1273 2927 1345 sancti
2973 1269 3281 1343 baptizant,
3313 1289 3433 1330 esse
3476 1289 3678 1345 posse;
3725 1276 3822 1331 sed

2233 1350 2381 1415 extra
2399 1341 2696 1415 Ecclesiam
2721 1341 3310 1414 catholicam—prodesse
3337 1360 3441 1400 non
3468 1341 3627 1415 posse
3667 1362 3679 1398 :
3712 1345 3822 1401 imo

2234 1413 2530 1485 sicutiintra
2556 1413 2844 1485 Ecclesiain
2866 1423 3011 1470 recte
3031 1413 3372 1470 credentibus
3397 1413 3493 1485 per
3517 1430 3827 1472 sacramen-

2236 1493 2347 1538 tum
2380 1483 2631 1553 Baptismi
2669 1484 2899 1539 conferri
2942 1486 3166 1541 salutem
3187 1526 3202 1551 ,
3233 1486 3311 1540 sic
3349 1483 3499 1540 extra
3525 1485 3824 1542 Ecclesiam

2234 1554 2535 1623 baptizatis,
2567 1556 2611 1607 si
2640 1554 2706 1609 ad
2737 1554 3032 1610 Ecclesiam
3060 1572 3168 1610 non
3195 1556 3468 1620 redierint,
3501 1556 3693 1611 eodem
3723 1558 3827 1612 Ba-

2235 1626 2431 1697 ptismo
2454 1624 2714 1697 cumulari
2745 1626 3062 1697 perniciem.
3098 1627 3327 1680 Tantum
3372 1627 3517 1681 enim
3560 1627 3703 1681 valet
3729 1643 3824 1683 ec-

2235 1695 2545 1751 clesiasticae
2573 1696 2838 1750 societatis
2865 1698 3039 1752 unitas
3057 1695 3130 1751 ad
3157 1697 3382 1752 salutem
3407 1738 3423 1764 ,
3467 1705 3526 1752 ut
3549 1697 3828 1766 Baptismo

2237 1782 2345 1837 non
2377 1767 2627 1832 salvetur,
2657 1767 2740 1837 cui
2769 1782 2873 1821 non
2905 1768 2975 1821 ibi
3001 1769 3177 1831 datur,
3200 1767 3289 1822 ubi
3318 1775 3529 1837 oportet
3553 1777 3613 1821 ut
3637 1767 3825 1824 detur.

2238 1836 2417 1891 Incsse
2449 1846 2625 1891 tamen
2654 1836 2858 1891 homini
2904 1838 3229 1907 Baptismuin
3256 1836 3415 1893 etiam
3456 1846 3605 1893 extra
3634 1837 3829 1894 Eccle-

2237 1910 2370 1963 siam
2401 1908 2668 1977 baptizata
2691 1949 2706 1974 ,
2738 1908 2830 1962 sed
2860 1908 2927 1961 ad
2963 1909 3215 1978 judicium
3266 1909 3442 1964 inesse
3470 1908 3539 1962 ab
3584 1909 3827 1965 Ecclesia

2238 1986 2503 2049 separato.
2538 1979 2603 2049 Et
2627 1978 2748 2047 quia
2778 1978 3116 2032 manifestum
3146 1986 3261 2044 cst,
3292 1979 3611 2049 ubicumque
3640 1978 3829 2035 datum

2240 2048 2397 2103 fuerit
2441 2050 2543 2103 hoc
2569 2048 2855 2118 Baptisma,
2905 2051 3068 2104 semel
3112 2064 3234 2105 esse
3276 2048 3545 2114 dandum;
3573 2049 3694 2103 ideo
3724 2052 3827 2105 etsi

2239 2120 2306 2174 ab
2351 2119 2614 2174 haereticis
2657 2120 2712 2190 in
2757 2119 2972 2174 nomine
3016 2119 3187 2175 Patris
3230 2129 3284 2175 et
3332 2119 3452 2174 Filii
3495 2129 3551 2174 et
3594 2119 3830 2190 Spiritus

2240 2191 2409 2245 sancti
2457 2191 2612 2245 luerit
2654 2189 2833 2243 datum
2855 2231 2870 2254 ,
2901 2191 3274 2245 venerabiliter
3299 2189 3695 2260 agnoscendum
3721 2232 3736 2256 ,
3768 2199 3830 2247 et

2241 2262 2310 2315 ob
2358 2261 2461 2314 hoc
2510 2260 2810 2314 nullatenus
2852 2261 3173 2315 iterandum.
3222 2260 3465 2316 Salvator
3511 2261 3653 2316 enim
3699 2264 3824 2316 ait:

2247 2330 2346 2396 Qui
2371 2332 2523 2384 semel
2561 2330 2693 2384 lotus
2736 2339 2846 2398 est,
2878 2347 2977 2385 non
3003 2331 3190 2402 indiget
3216 2333 3235 2363 ί
3278 2331 3378 2385 nisi
3415 2338 3471 2385 ut
3510 2331 3661 2402 pedes
3696 2334 3828 2387 lavet

2244 2399 2793 2474 (λοςιηεξιιιο-Ψὶςμμ
2970 2473 2984 2474 ί
3347 2471 3394 2474 -,
3463 2471 3502 2474 _
3655 2472 3695 2474 _
3766 2471 3774 2474 Α

2305 2418 2421 2455 0οη.
2444 2417 2554 2455 XIII.
2586 2417 2651 2455 ‘IU
2664 2417 2697 2455 I.

2314 2472 2538 2527 CAPUT
2555 2471 2793 2526 XXXVII
2819 2513 2833 2535 ,
2856 2487 2944 2527 seu
2968 2473 3103 2529 Rea.
3124 2487 3311 2527 xxxiv.
3337 2471 3426 2529 80.
3453 2471 3621 2528 Extra
3647 2471 3829 2527 Eccle.

2244 2543 2373 2597 siam
2397 2542 2535 2595 salus
2569 2543 2729 2596 nulla.
2762 2542 3094 2599 Firmissime
3122 2552 3275 2611 tene,
3302 2552 3357 2599 et
3390 2544 3695 2598 nullatenus
3724 2544 3829 2597 du-

2245 2613 2419 2678 bites,
2462 2627 2673 2668 omnem
2716 2624 2864 2668 extra
2900 2614 3194 2669 Ecclesium
3235 2615 3542 2669 catholicam
3582 2614 3829 2684 baptiza—

2248 2692 2356 2738 tum
2382 2726 2396 2748 ,
2428 2684 2762 2755 participem
2806 2686 2920 2740 lieri
2966 2700 3071 2740 non
3114 2700 3267 2755 posse
3305 2685 3424 2738 vitae
3468 2694 3726 2755 teterntc,
3782 2685 3832 2740 si

2248 2764 2371 2809 ante
2414 2754 2574 2809 linem
2618 2755 2739 2809 vita:
2780 2755 2963 2826 hujus,
2995 2754 3268 2810 cathblica:
3306 2770 3412 2809 non
3456 2754 3616 2809 fuerit
3643 2756 3831 2810 reddi-

2250 2834 2331 2880 tus
2353 2835 2511 2894 atque
2540 2826 2905 2895 incorporatus
2935 2826 3207 2881 Ecclesiae.
3238 2826 3369 2891 Quia
3393 2826 3438 2879 si
3466 2826 3678 2879 habeam
3698 2868 3714 2892 ,
3743 2827 3828 2881 in-

2249 2896 2364 2964 quit
2388 2896 2691 2963 Apostolus,
2720 2913 2914 2949 omnem
2935 2896 3107 2966 ﬁdem,
3136 2906 3183 2949 et
3210 2898 3429 2950 noverim
3450 2897 3622 2951 omnia
3649 2914 3830 2951 sacra-

2249 2976 2436 3031 menta,
2466 2967 2760 3019 cliaritatem
2785 2977 3065 3020 autemnon
3093 2966 3323 3031 habeam,
3347 2968 3474 3021 nihil
3500 2984 3613 3021 sum
3633 2966 3679 3035 (ί
3708 2968 3827 3022 Cor.

2250 3053 2365 3102 xui,
2392 3037 2469 3107 2).
2498 3037 2628 3091 Nam
2659 3046 2713 3091 et
2750 3038 2803 3109 in
2832 3038 3020 3093 diebus
3047 3038 3268 3109 diluvii,
3299 3038 3568 3094 neminem
3607 3038 3829 3109 legimus

2251 3116 2397 3163 extra
2420 3123 2591 3162 arcam
2616 3108 2849 3175 potuisse
2872 3108 3083 3163 salvari.

2323 3178 2545 3234 CAPUT
2584 3177 2870 3245 XXXVIII,
2914 3196 2999 3233 seu
3042 3180 3175 3234 Rea.
3222 3194 3395 3237 xxxv.
3435 3178 3524 3234 8i.
3564 3177 3832 3233 Damnan-

2251 3250 2323 3304 di.
2357 3250 2684 3304 Firmissime
2706 3259 2845 3315 tene,
2871 3258 2925 3303 et
2949 3250 3243 3303 nullatenus
3266 3249 3499 3315 dubites,
3526 3263 3632 3303 non
3659 3250 3829 3304 solum

2252 3334 2440 3375 omnes
2468 3321 2728 3389 Paganos,
2756 3321 2848 3374 sed
2875 3328 2930 3374 et
2952 3336 3138 3374 omnes
3160 3319 3393 3387 Iudaeos,
3426 3328 3482 3372 et
3508 3334 3696 3374 omnes
3720 3321 3829 3375 ba:-

2253 3392 2449 3446 reticos
2475 3399 2632 3460 atque
2661 3389 3024 3445 schismaticos
3043 3431 3058 3455 ,
3100 3392 3189 3460 qui
3226 3398 3376 3443 extra
3419 3389 3709 3444 Ecclesiam
3738 3404 3831 3444 ca-

2254 3462 2505 3516 tholicam
2531 3470 2849 3529 praesentem
2875 3461 3063 3516 ﬁniunt
3089 3463 3272 3523 vitam,
3300 3461 3351 3514 in
3376 3460 3552 3530 ignem
3572 3469 3832 3515 :eternum

2254 3533 2460 3657 ituros;1
2473 3532 2560 3669 qui
2592 3540 2807 3599 paratus
2833 3540 2914 3586 est
2941 3531 3151 3587 diabolo
3172 3539 3225 3585 et
3250 3532 3451 3601 angelis
3475 3531 3590 3601 ejus
3612 3530 3831 3601 (Matth.

2254 3618 2377 3668 xxv,
2502 3642 2513 3654 .

2254 3618 2377 3668 xxv,
2400 3618 2513 3668 Μ).

2325 3672 2549 3728 CAPUT
2587 3672 2841 3741 XXXIX,
2888 3690 2975 3728 seu
3017 3673 3149 3729 Rea.
3199 3688 3388 3728 xxxvr.
3440 3671 3527 3728 82.
3573 3670 3831 3727 Iheretici.

2254 3743 2583 3798 Firmissimc
2630 3752 2781 3809 tene,
2825 3753 2878 3799 et
2918 3744 3219 3799 nullatenus
3256 3742 3497 3807 dubites,
3541 3743 3834 3809 quemlibet

2255 3815 2563 3869 hmreticum
2594 3814 2707 3867 sive
2740 3814 3169 3880 schismaticum,
3209 3814 3263 3867 in
3301 3814 3513 3868 nomine
3556 3814 3731 3866 Patris
3777 3820 3834 3868 et

2257 3884 2377 3938 Filii
2399 3893 2454 3939 et
2481 3884 2711 3953 Spiritus
2736 3886 2904 3940 sancti
2932 3886 3271 3953 baptizatum,
3302 3885 3347 3938 si
3370 3882 3836 3953 Ecclesizecatho-

2257 3956 2372 4010 lica:
2397 3969 2503 4035 non
2526 3952 2709 4035 luerit
2735 3952 3082 4035 aggregaiiis,
3118 3965 3567 4035 quantascumque
3594 3952 3835 4035 cleemo-

2255 4039 2416 4097 synas
2445 4025 2662 4093 fecerit,
2692 4024 2789 4081 etsi
2812 4024 2917 4095 pro
2952 4024 3151 4080 Christi
3180 4024 3578 4097 nomineetiam
3616 4026 3836 4097 sangui—

2255 4092 2377 4153 nem
2411 4097 2635 4161 fuderit,
2685 4092 2983 4152 nulla—tenus
3020 4110 3177 4164 posse
3226 4092 3436 4149 salvari.
3490 4093 3646 4149 Omni
3691 4096 3836 4152 enim

2256 4168 2459 4222 homini
2501 4168 2591 4235 qui
2634 4167 2885 4222 Ecclesia:
2913 4165 3188 4220 catholica:
3214 4180 3321 4219 non
3362 4174 3508 4219 tenet
3536 4166 3834 4232 unitatem,

2255 4252 2429 4308 neque
2468 4238 2797 4306 Baptismns,
2832 4252 3003 4307 neque
3046 4237 3395 4308 eleeinosj'na_
3413 4235 3703 4304 quamlibet
3742 4250 3837 4290 co-

2256 4304 2402 4380 piosa
2422 4350 2438 4376 ,
2469 4304 2641 4380 neque
2664 4322 2807 4380 mors
2832 4304 2935 4380 pro
2968 4309 3181 4362 nomine
3205 4304 3399 4380 Christi
3430 4314 3676 4380 suscepta
3712 4320 3838 4375 pro-

2257 4375 2429 4435 iicere
2467 4375 2659 4447 poterit
2689 4377 2755 4431 ad
2784 4375 3040 4444 salutem,
3084 4376 3294 4447 quando
3321 4378 3342 4408 ³
3371 4376 3424 4430 in
3451 4389 3517 4429 eo
3546 4376 3631 4447 vel
3662 4375 3837 4447 haeret-

2257 4452 2360 4506 tica
2380 4444 2830 4504 vel-schismatica
2850 4449 3078 4517 pravitas
3100 4444 3424 4518 perseverat,
3455 4461 3576 4515 quae
3598 4444 3746 4502 ducit
3767 4444 3835 4500 ad

2256 4530 2479 4576 mortem
2488 4559 2502 4571 .

2326 4589 2552 4646 CAPUT
2613 4589 2704 4644 XI.
2735 4629 2752 4655 ,
2808 4605 2897 4643 seu
2954 4590 3086 4645 Rea.
3150 4601 3355 4643 xxxv".
3413 4585 3501 4641 83.
3556 4583 3836 4640 Christiani

2257 4663 2389 4717 male
2407 4662 2638 4716 viventes.
2671 4659 2998 4715 Firmissime
3024 4669 3163 4724 tene,
3192 4666 3246 4712 et
3271 4658 3573 4712 nullatenus
3599 4656 3834 4721 dubites,

2258 4749 2364 4788 non
2392 4746 2577 4787 omnes
2617 4730 2705 4800 qui
2732 4730 2864 4784 intra
2896 4730 3185 4784 Ecclesiam
3214 4727 3529 4800 catholicam
3558 4726 3836 4800 baptizau-

2257 4813 2361 4869 tur,
2392 4798 2705 4872 accepturos
2727 4815 2844 4855 esse
2870 4803 3031 4855 vitam
3053 4809 3304 4872 aiternam
3330 4816 3343 4852 :
3367 4798 3460 4872 sed
3486 4811 3578 4852 eos
3602 4798 3706 4872 qui
3720 4812 3828 4866 pero

2255 4865 2410 4944 cepto
2432 4865 2753 4941 Baptismate
2776 4881 2918 4926 recte
2936 4872 3142 4944 vivunt,
3171 4869 3223 4923 id
3248 4877 3350 4944 est,
3373 4867 3461 4944 qiii
3488 4881 3545 4921 se
3570 4865 3842 4944 abstinue-

2255 4937 2362 5001 rint
2400 4960 2430 4998 a
2456 4937 2598 4997 vitiis
2627 4951 2683 4996 et
2720 4941 3165 5010 concupiscentiis
3190 4937 3396 4995 carnis.
3423 4937 3662 5010 Regnum
3694 4938 3839 5010 enim

2255 5017 2511 5089 oculorum
2538 5014 2678 5089 sicut
2704 5006 2975 5089 infideles,
3006 5010 3285 5089 haeretici,
3320 5017 3474 5089 atque
3511 5006 3838 5089 scliismaticl

2256 5101 2361 5142 non
2400 5085 2699 5149 habebunt;
2738 5082 2816 5137 sic
2843 5076 3090 5137 catholici
3126 5076 3405 5135 criminosi
3428 5076 3706 5148 possidere
3732 5091 3838 5132 non

2293 5165 2521 5213 oterunt.

2255 5174 2550 5282 pogAlPlIIT
2587 5224 2726 5291 XLI,
2757 5241 2845 5279 seu
2870 5224 3006 5280 Rue.
3036 5238 3256 5278 xxxvni.
3283 5249 3354 5260 —-—
3378 5218 3467 5274 84.
3484 5217 3628 5291 Δβὶιιιε
3651 5233 3838 5291 pecea-

2254 5301 2316 5356 tis
2338 5297 2583 5354 neminem
2602 5282 2780 5351 vivere.
2804 5295 3132 5351 Firmissime
3157 5302 3298 5354 tene,
3327 5299 3382 5345 et
3409 5282 3713 5343 nullatenus
3739 5282 3882 5396 ἀιιοέ

2254 5372 2388 5396 Lm..-
2473 5368 2628 5396 ..ειη-υ.
2661 5368 2825 5396 Lm“...
2866 5375 3021 5396 nInIIn
3048 5372 3257 5396 οηηηιηα
3289 5360 3532 5396 hnminnn
3599 5367 3837 5396 ρνιηιηιια

2253 5372 2424 5437 bites,
2471 5368 2629 5425 etiam
2655 5368 2827 5437 justos
2865 5375 3023 5436 atque
3048 5372 3261 5437 sanctos
3289 5360 3571 5437 homines,
3597 5358 3838 5437 exceptis

2253 5443 2318 5498 iis
2346 5428 2711 5516 quibaptizati
2740 5428 2953 5507 parvuli
2971 5444 3093 5489 sunt
3113 5476 3128 5502 ,
3168 5434 3287 5489 sine
3312 5428 3839 5516 peccatobieinemi-

2253 5503 2381 5568 ueni
2409 5503 2584 5567 vivere
2619 5503 2775 5580 posse
2802 5525 2814 5562 :
2848 5520 3165 5576 semperque
3188 5503 3333 5582 omni
3362 5503 3562 5582 homini
3588 5513 3711 5582 esse
3737 5513 3835 5554 ne-

2253 5585 2539 5642 cessarium
2561 5621 2576 5647 ,
2610 5572 2664 5636 ét
2693 5589 2907 5651 peccata
2935 5572 3029 5632 sua
3059 5572 3230 5646 usque
3272 5577 3326 5631 in
3362 5572 3523 5629 ﬁnem
3551 5572 3676 5627 vim
3699 5583 3837 5639 prae-

2318 5702 2336 5733 ί
2368 5702 2453 5749 Hic
2471 5696 2776 5746 Oorheiensis
2792 5703 2870 5746 Ms.
2897 5692 3058 5755 addit,
3082 5690 3252 5742 lavari.

2315 5763 2338 5795 ³
2369 5769 2501 5821 Lov.,
2523 5755 2772 5825 quamdiu.
