4102 6336
343 392 446 449 τΠ

332 507 504 566 sentis
539 505 896 579 eleemosynis
921 507 938 539 ¹
968 505 1208 579 diluere,
1255 513 1311 561 et
1339 506 1706 563 remissionem
1742 523 1770 563 a
1813 509 1922 566 Deo

335 579 612 636 humiliter
637 594 701 632 ac
726 578 986 633 veraciter
1010 578 1295 647 postulare.

406 649 635 723 CAPUT
675 649 833 723 XLII,
868 666 972 723 seu
1023 648 1154 723 litae.
1187 647 1506 723 χχχιι-⁸85.
1565 649 1715 723 Cibus
1741 662 1786 706 et
1827 671 1922 723 po-

336 733 437 778 tus.
483 720 809 791 Conjugium.
855 720 1104 791 Secunda:
1148 721 1338 788 nuptia:
1377 719 1544 775 licitis.
1588 719 1920 780 Firmissi'me

334 801 492 853 tene.
525 790 594 847 et
616 790 918 846 nullatenus
957 790 1200 855 dubites,
1232 805 1445 844 onmem
1488 801 1787 848 creaturam
1826 797 1916 851 Dei

332 863 529 918 bonam
555 878 676 919 esse
695 903 711 928 ,
757 871 809 916 et
840 861 973 916 nihil
1007 860 1350 933 rejiciendum
1377 862 1519 931 quod
1550 879 1668 917 cum
1714 867 1914 933 gratia-

331 949 454 990 rum
481 936 692 989 actione
715 933 1004 1005 percipitur
1031 932 1070 1002 (I
1099 931 1232 1005 Tim.
1265 948 1336 997 tv,
1363 933 1420 1004 4)
1448 950 1459 985 :
1503 943 1558 988 ct
1589 935 1680 988 Dei
1707 931 1913 1005 servos,

331 1007 421 1074 qui
453 1021 491 1076 at
512 1005 763 1060 carnibus
787 1014 882 1076 aut
907 1004 1034 1076 vino
1063 1003 1365 1068 abstinent,
1399 1003 1504 1058 non
1533 1014 1782 1076 tanquam
1814 1003 1916 1062 im;

329 1073 549 1142 munda,
579 1091 698 1146 qua:
720 1091 752 1130 a
781 1075 889 1130 Deo
909 1073 1044 1129 facta
1066 1085 1188 1128 sunt
1215 1089 1501 1144 reSpuerc;
1531 1077 1624 1131 sed
1642 1073 1680 1130 'a
1708 1077 1917 1134 fortiori

331 1145 454 1202 cibo
479 1155 534 1203 et
581 1145 739 1217 potu,
788 1161 886 1216 pro
932 1145 1428 1217 solatcastigatione
1475 1149 1715 1217 corporis
1753 1150 1917 1204 absti-

330 1233 481 1273 nere.
532 1216 750 1287 Nuptias
793 1231 1003 1288 quoque
1042 1216 1294 1270 divinitus
1339 1216 1606 1274 institutas
1651 1229 1705 1273 et
1752 1221 1916 1276 benc-

329 1288 499 1358 dictas
524 1304 537 1342 :
567 1299 620 1344 et
647 1287 838 1343 melius
866 1287 1080 1358 quidem
1120 1302 1238 1343 esse
1263 1288 1306 1340 si
1333 1287 1611 1358 quisquam
1640 1290 1756 1345 sine
1779 1308 1914 1346 con-

323 1357 474 1431 jugio
499 1358 602 1428 sit,
634 1370 693 1414 ut
722 1357 942 1431 liberitts
983 1368 1142 1431 atque
1171 1357 1376 1427 plenius
1407 1357 1600 1430 cogitet
1644 1377 1761 1431 quae
1789 1373 1914 1418 sunt

329 1429 449 1494 Dei,
483 1431 752 1501 quomodo
778 1430 986 1500 placeat
1008 1429 1152 1501 Deo;
1189 1439 1362 1484 tamen
1391 1429 1491 1484 illis
1519 1432 1607 1500 qui
1636 1429 1911 1490 continen-

328 1502 454 1556 tiam
487 1500 590 1556 non
621 1511 895 1566 voverunt,
931 1500 1131 1554 nullum
1161 1514 1282 1554 esse
1303 1510 1575 1570 peccatum
1607 1504 1650 1556 si
1683 1505 1766 1558 vel
1793 1521 1910 1560 mu-

326 1570 428 1646 iicr
453 1573 638 1638 nubat,
670 1573 756 1646 vel
785 1573 865 1626 vir
891 1585 1109 1646 uxorem
1137 1571 1310 1646 d_ucat_
1329 1573 1346 1642 (
1366 1573 1382 1625 I
1405 1571 1523 1646 Cor.
1551 1589 1641 1637 vn,
1674 1573 1762 1646 54,
1790 1575 1904 1646 28).

326 1641 438 1698 Nec
475 1646 617 1698 solas
643 1645 842 1714 primas
870 1644 1080 1711 nuptias
1105 1657 1134 1694 a
1165 1641 1274 1696 Deo
1299 1641 1592 1714 institutas,
1623 1644 1716 1699 sed
1746 1641 1906 1702 etiam

326 1716 589 1769 secundas
625 1713 680 1770 et
710 1713 923 1780 tertias,
954 1728 1048 1781 pro
1087 1727 1271 1767 eorum
1299 1713 1388 1779 qui
1413 1729 1471 1767 se
1496 1716 1773 1770 continere
1801 1732 1904 1772 non

325 1795 550 1866 possunt
569 1785 901 1866 infirmitate,
933 1798 1236 1866 concessas.
1263 1782 1354 1866 Eis
1381 1799 1505 1866 vero
1525 1787 1750 1866 quinsive
1779 1803 1908 1842 con-

320 1855 509 1926 iugati,
538 1859 651 1912 sive
681 1872 709 1910 a
739 1855 984 1926 conjugio
1010 1855 1167 1926 liberi
1191 1855 1574 1926 continentiam
1603 1858 1714 1913 Deo
1743 1873 1905 1915 vove-

325 1924 452 1994 rint,
484 1927 770 2000 admodum
797 1924 916 1980 esse
959 1924 1260 1980 damnabile
1303 1925 1348 1979 si
1381 1925 1462 1979 vel
1511 1927 1584 1981 illi
1628 1929 1905 2000 conjugale

323 2011 456 2066 opus
483 1999 749 2054 voluerint
777 2006 1054 2067 appetere,
1089 2010 1195 2066 quo
1229 2010 1287 2049 se
1314 2012 1420 2050 non
1450 1999 1903 2066 aceessuros,vel

323 2068 398 2122 illi
431 2079 692 2139 repetere,
725 2085 754 2121 a
777 2083 881 2138 quo
910 2080 1315 2139 setrccessuros,
1345 2067 1419 2121 illi
1450 2068 1634 2135 libera,
1662 2070 1739 2125 illi
1761 2087 1906 2126 com-

322 2143 466 2194 muni
494 2137 727 2210 professi
753 2137 874 2210 sunt
901 2137 1190 2193 voluntate.

393 2211 616 2267 CAPUT
679 2209 872 2275 XLIII,
930 2225 1017 2263 seu
1071 2210 1203 2265 Rue.
1244 2224 1329 2262 XL.
1382 2209 1471 2264 86.
1507 2209 1676 2266 Malos
1709 2214 1902 2268 misceri

321 2280 465 2335 bonis
489 2283 540 2335 in
567 2281 812 2335 Ecclesia.
847 2279 1174 2334 Firtnissime
1211 2287 1364 2342 tene,
1394 2289 1447 2333 et
1472 2283 1772 2338 nullatenus
1798 2284 1900 2339 dtt-

318 2350 479 2420 hitcs,
512 2369 687 2408 aream
716 2352 810 2406 Dei
839 2366 957 2406 esse
986 2351 1302 2405 catholicam
1331 2352 1648 2419 Ecclesiam,
1678 2362 1731 2409 et
1762 2355 1900 2410 intra

318 2438 646 2495 eamusque
686 2424 738 2477 in
779 2422 938 2495 finem
969 2421 1162 2495 sicculi
1187 2421 1454 2495 frumento
1498 2423 1691 2478 mixtas
1721 2426 1900 2495 paleas

317 2493 604 2561 contineri,
633 2493 733 2548 hoc
759 2503 859 2559 est,
889 2494 1041 2546 bonis
1062 2493 1232 2547 malos
1258 2493 1895 2550 Sacramentorunicom-

316 2566 571 2620 munione
608 2565 855 2620 misceri:
888 2574 941 2618 et
967 2565 1019 2617 in
1046 2564 1191 2617 omni
1223 2563 1573 2633 professione,
1605 2567 1716 2620 sive
1741 2569 1898 2622 cleri-

316 2649 522 2702 corum,
551 2635 665 2692 sive
691 2635 1096 2700 monachorum,
1125 2635 1234 2689 sive
1265 2635 1515 2690 laicorum
1537 2677 1550 2702 ,
1580 2652 1699 2692 esse
1729 2638 1898 2694 bonos

316 2706 474 2761 simul
502 2716 556 2763 et
582 2707 770 2761 malos.
794 2707 903 2760 Nec
929 2721 1026 2776 pro
1054 2705 1207 2759 malis
1232 2705 1401 2761 bonos
1429 2707 1774 2774 dcserendos,
1805 2711 1898 2764 sed
1929 2713 1938 2718 '

315 2792 417 2846 pro
445 2779 598 2832 bonis
623 2778 816 2845 malos,
845 2777 897 2832 in
934 2786 1188 2846 quantum
1214 2777 1376 2846 exigit
1399 2777 1522 2832 fidei
1549 2789 1602 2832 et
1625 2779 1898 2836 charitatis

315 2850 474 2914 ratio,
515 2848 853 2914 tolerandos;
896 2848 946 2901 id
985 2856 1086 2912 est,
1127 2849 1170 2902 si
1197 2847 1280 2902 vel
1325 2847 1378 2901 in
1423 2849 1661 2904 Ecclesia
1703 2851 1897 2907 nullius

386 2919 554 2975 rfidim
577 2921 779 2974 semina
811 2927 1094 2988 spargunt,
1125 2919 1207 2973 vel
1235 2920 1424 2990 fratres
1448 2919 1516 2974 ad
1540 2921 1751 2990 aliquod
1779 2938 1895 2977 ma-

339 3007 427 3062 um
453 3006 587 3062 opus
614 2990 884 3044 mortifera
911 2990 1203 3062 imitatione
1224 3004 1330 3062 non
1356 2989 1575 3044 ducunt.
1605 2989 1714 3046 Nec
1739 3007 1896 3062 posse

315 3059 548 3131 aliquem
578 3063 714 3117 intra
745 3061 1039 3115 Ecclesiam
1063 3059 1377 3114 catholicam
1417 3072 1564 3116 recte
1588 3059 1896 3119 credentem

312 3131 556 3203 beneque
576 3134 862 3196 viventem,
881 3132 1054 3186 alieno
1071 3147 1300 3200 unquam
1320 3132 1572 3203 maculari
1594 3141 1832 3201 peccato,
1851 3136 1898 3190 si

315 3202 560 3272 cuiquam
589 3203 831 3274 peccanti
857 3218 955 3256 nec
979 3203 1382 3274 consensionem
1405 3202 1654 3274 prebeat,
1687 3219 1786 3259 nec
1811 3204 1895 3258 fa-

314 3271 498 3330 vorem
523 3293 537 3330 :
570 3271 877 3344 utiliterque
906 3274 1074 3344 malos
1102 3287 1130 3326 a
1153 3271 1478 3344 Itonisiinlrai
1497 3271 1787 3328 Eeclesiam
1817 3284 1896 3330 to-

313 3344 474 3400 lerari
490 3389 504 3412 ,
538 3347 582 3402 si
611 3345 713 3401 hoc
737 3343 856 3399 cum
878 3343 954 3398 eis
981 3344 1115 3398 bene
1141 3343 1367 3398 vivendo
1390 3351 1444 3397 et
1466 3343 1604 3399 bene
1628 3347 1896 3402 monendo

313 3430 516 3486 agatur,
565 3427 626 3472 ut
654 3426 709 3472 et
734 3416 974 3470 videntes
1003 3424 1057 3486 et
1095 3415 1370 3486 audientes
1412 3429 1530 3483 quae
1559 3415 1695 3470 bona
1735 3429 1891 3485 sunt,

312 3484 448 3541 niala
490 3503 584 3543 sua
616 3495 898 3556 respuant,
941 3496 995 3540 et
1015 3484 1332 3556 judicandos
1368 3500 1482 3556 sea
1520 3486 1629 3540 Deo
1659 3501 1756 3555 pro
1781 3491 1894 3544 suis

310 3559 466 3629 malis
497 3555 748 3629 operibus
773 3555 1215 3629 contremiscam;
1247 3564 1405 3629 atque
1431 3555 1893 3629 ita_pra3veniente

311 3628 454 3684 dono
491 3626 709 3699 gratia),
756 3628 824 3683 de
863 3629 974 3682 suis
1011 3626 1372 3699 iniquitatibus
1397 3626 1804 3696 confundantur,
1839 3639 1893 3685 et

311 3700 378 3753 ad
409 3697 604 3755 bonam
633 3701 794 3754 vitam
817 3714 911 3768 per
936 3699 1030 3752 Dei
1053 3697 1473 3752 misericordiam
1492 3708 1888 3754 convertantur.

310 3768 491 3827 Bonos
521 3787 648 3826 vero
675 3788 703 3824 a
747 3771 903 3824 malis
929 3770 1069 3823 intra
1099 3768 1388 3822 Ecclesium
1420 3769 1676 3823 duntaxat
1704 3771 1888 3824 catho-

309 3841 468 3896 licam
510 3843 812 3896 constitutis
856 3856 994 3895 nunc
1025 3839 1221 3893 debere
1247 3841 1266 3870 ³
1296 3855 1516 3908 operum
1557 3841 1889 3896 dissimilitu-

309 3911 432 3982 dine
476 3915 750 3982 separari;
797 3918 855 3966 ut
884 3926 1002 3966 cum
1047 3909 1454 3982 quibusdivina
1499 3912 1891 3967 communicant

307 3981 686 4047 Sacramenta,
737 3998 840 4036 non
888 3982 1114 4035 habeant
1161 3981 1298 4033 mala
1343 3995 1537 4049 opera,
1583 3983 1774 4049 quibus
1815 3983 1891 4038 illi

307 4064 437 4120 sunt
459 4055 750 4120 criminosi,
781 4051 1101 4108 communia.
1137 4050 1192 4103 In
1227 4051 1330 4104 fine
1358 4065 1487 4106 vero
1503 4053 1691 4116 _sa:culi
1723 4052 1891 4107 bonos

307 4139 336 4177 a
386 4125 542 4179 malis
584 4127 740 4179 etiam
789 4137 1014 4193 corpore
1061 4121 1424 4189 separandos:
1476 4121 1686 4190 quando
1715 4125 1891 4178 veniet

305 4194 556 4250 Christus
583 4195 784 4250 habens
808 4193 1139 4248 ventilabrum
1170 4193 1220 4263 in
1246 4209 1400 4245 manu
1429 4209 1541 4258 sua,
1572 4201 1619 4245 et
1647 4210 1886 4263 permun-

305 4267 444 4320 dabit
469 4282 642 4319 aream
664 4283 826 4329 suam,
860 4274 904 4318 et
932 4262 1249 4334 eongregabit
1272 4264 1492 4316 triticum
1521 4262 1666 4316 suum
1687 4264 1739 4317 in
1765 4265 1889 4318 hor-

304 4353 446 4390 reum
477 4338 530 4402 ³,
583 4337 754 4406 paleas
799 4347 991 4406 autem,
1020 4336 1288 4406 comburet
1332 4334 1444 4406 igni
1483 4334 1890 4406 inexstinguibili

307 4407 522 4479 (Matth.
557 4403 636 4475 III,
671 4407 791 4477 12);
823 4405 1153 4479 quandoper
1178 4403 1441 4479 judicium
1475 4403 1675 4474 justum
1704 4403 1888 4476 segre—

304 4475 449 4547 gabit
469 4479 645 4549 justos
669 4475 745 4532 ab»
778 4475 1008 4546 injttstis,
1039 4476 1206 4549 honos
1233 4475 1479 4549 annalis,
1508 4487 1682 4549 rectos
1706 4492 1735 4549 ξι
1764 4475 1884 4549 per-

305 4545 518 4604 versis:
549 4550 719 4603 bonos
748 4545 1030 4603 constituet
1055 4563 1086 4600 a
1107 4545 1326 4607 dextris,
1361 4545 1531 4598 malos
1563 4560 1593 4598 a
1622 4546 1885 4614 sinistris;

304 4628 358 4674 et
377 4636 440 4674 ex
469 4621 587 4689 ejus
607 4635 701 4674 ore
717 4620 844 4688 justi
872 4618 1163 4685 aeternique
1184 4616 1365 4689 judicii
1389 4617 1710 4689 sempiterna
1731 4626 1890 4689 atque

304 4685 732 4744 incommutabili
772 4689 974 4758 prolata
1021 4686 1316 4758 sententia,
1346 4685 1512 4758 iniqui
1539 4700 1725 4758 omnes
1749 4685 1889 4740 ibunt

303 4761 354 4813 in
378 4756 788 4815 combustioneni
810 4770 1049 4815 (sternam
1071 4799 1083 4820 ,
1118 4757 1246 4827 justi
1289 4767 1454 4809 autem
1483 4757 1536 4808 in
1562 4756 1714 4808 vitam
1739 4767 1888 4810 auer-

304 4847 424 4905 gtam
451 4832 563 4905 (Id.
594 4846 728 4905 xxv,
766 4831 856 4901 45)
888 4849 900 4884 :
950 4828 1113 4905 iniqui
1159 4842 1370 4905 semper
1412 4827 1744 4905 arsurinctun
1776 4828 1889 4882 dia-

303 4896 469 4969 bolo,‘
477 4903 606 4971 justi
633 4896 808 4956 autem
836 4896 1104 4971 regnattiri
1131 4898 1246 4971 sine
1277 4898 1381 4971 fine
1407 4913 1525 4971 cum
1559 4896 1790 4971 Christo.

374 4967 602 5030 CAPUT
659 4972 841 5027 XLIV;
898 4967 986 5026 87.
1034 4968 1412 5023 Persistendum
1473 4968 1524 5020 in
1591 4967 1712 5036 ﬁde.
1764 4969 1889 5024 Haec

306 5044 517 5099 interim
564 5041 1176 5114 quadragintacapitula
1215 5039 1281 5093 ad
1325 5039 1561 5114 regulam
1586 5054 1728 5114 verae
1766 5040 1888 5094 fidei

307 5108 613 5170 firmissime
658 5108 977 5185 pertinentia
1005 5108 1244 5185 iidelitcr
1268 5111 1460 5185 _crcde,
1495 5108 1700 5162 fortiter
1732 5118 1884 5185 tene,

303 5189 567 5241 veraciter
596 5180 960 5254 patienterque
988 5181 1233 5236 defende.
1264 5180 1330 5233 Et
1364 5181 1404 5233 si
1436 5197 1593 5249 quem
1622 5183 1884 5254 contraria

303 5254 386 5311 his
414 5251 773 5327 dogmatizare
793 5254 1633 5327 cognoveris,_tanqu_am_pestent
1665 5251 1802 5322 Iuge,
1835 5261 1890 5327 et

306 5322 558 5398 tanquam
586 5322 890 5398 haereticuu't
917 5324 1103 5393 abj-icc.
1137 5323 1209 5376 Ita
1244 5322 1520 5398 cnim_ista_
1561 5339 1678 5391 qua:
1708 5323 1886 5398 posui-

302 5392 428 5455 mus
467 5398 590 5452 ﬁdei
616 5397 891 5453 catholica:
921 5392 1248 5463 congruunt,
1277 5400 1337 5446 ut
1362 5392 1406 5445 si
1437 5392 1552 5460 quis
1582 5408 1686 5446 non
1711 5392 1886 5448 Solum

303 5471 581 5534 omnibus,
613 5469 704 5522 sed
733 5467 891 5522 etiam
923 5465 1142 5535 singulis
1173 5463 1398 5535 voluerit
1424 5464 1710 5531 contraire,
1743 5464 1796 5518 in
1824 5481 1888 5520 eo

304 5541 446 5610 quod
491 5533 712 5608 singulis
757 5533 1661 5610 horum_contutnacitet'_repugttat
1676 5546 1787 5610 ,‘ct
1805 5535 1889 5610 his

303 5604 793 5666 contraria—docere
814 5623 920 5663 non
951 5607 1173 5669 dubitat,
1206 5604 1487 5659 haereticus
1516 5614 1568 5658 et
1593 5604 1716 5659 fidei
1743 5605 1889 5660 ριιι·ἰ‹

365 5725 486 5794 [Λᾶ
528 5736 665 5794 oram
705 5720 792 5772 lib.
816 5707 966 5770 ’σοι-ι).
993 5719 1181 5769 additur
1213 5726 1330 5778 Μελ,
1372 5714 1596 5780 jejzmiis,
1639 5715 1888 5781 oratione,

303 5788 375 5840 eet
395 5788 642 5850 tacrymis.
827 5847 835 5855 _
1234 5843 1244 5853 _
1276 5843 1286 5855 '

366 5855 386 5884 ²
419 5858 494 5899 51c
516 5857 620 5896 Mss.
645 5853 702 5896 At
723 5846 860 5905 editi,
881 5856 977 5894 non
998 5844 1172 5895 debere
1193 5857 1304 5894 ms‘t.

365 5916 388 5947 ³
418 5917 490 5963 Sic
515 5917 596 5959 Ms.
619 5910 756 5958 Corb.
781 5915 838 5957 At
857 5914 988 5966 t.ov.,
1012 5905 1223 5957 triticum
1244 5906 1293 5956 in
1316 5906 1540 5956 horreum
1561 5919 1716 5957 suum.

345 5983 352 5988 ’
544 5994 772 6059 ΒΑΜ-ι’.
808 5994 1084 6054 Auens'r.
1117 5991 1162 6052 ν
1173 5991 1218 6051 Ι.

1468 391 1670 449 LIBER
1709 392 1796 448 DE
1835 390 1990 446 FIDE
2029 393 2118 448 AD
2159 393 2460 458 PETRUM.

3517 418 3621 479 778

2032 512 2217 592 stianae
2265 514 2544 592 inimicus,
2585 525 2744 589 atque
2791 533 2856 592 cx
2897 519 3000 578 hoc
3040 525 3286 584 omnibus
3325 527 3620 592 Catholicis

2030 586 2499 674 aitatitemandusl‘
2525 586 2798 674 appareat.
2830 591 3081 674 Quamvis
3108 597 3267 674 igitur
3293 610 3346 674 et
3369 586 3610 674 neglige;

2032 657 2313 725 temporis,
2356 666 2409 712 et
2439 657 2708 736 festinatio
2741 657 3010 736 portitoris
3048 657 3363 736 compulerit
3393 657 3615 732 "Silvii"-

2029 741 2166 816 qtta,
2192 744 2322 816 ltuit}:
2351 744 2447 816 pro
2474 730 2716 816 diversis
2745 730 3431 816 I_t:eresibus_agn-cscendis
3455 730 3613 816 atque

2028 797 2256 880 vitandis
2283 797 2492 880 fuerant
2521 801 2824 880 inserenda,
2853 797 3140 880 praeterire
3160 809 3372 866 silentio
3390 797 3612 880 {tanien

2027 869 2076 954 si
2099 869 2418 954 omniaqua:
2447 872 2497 925 in
2531 872 2630 927 hoc
2656 869 2913 954 9ptlSCIIIO
2941 879 3284 954 continentur
3310 869 3606 954 recensere,

2027 947 2082 1027 ct
2111 940 2634 1027 notissima'prorsus
2661 940 2857 1027 habere
2886 961 2991 1027 non
3019 951 3271 1027 negligas,
3304 970 3370 1009 ex
3400 940 3484 1012 Itis
3511 940 3610 1027 po:

2027 1010 2857 1100 teristcautatdiscretioneetiam
2879 1019 2946 1100 de
2969 1010 3188 1100 caeteris:
3203 1010 3582 1100 specialiter'ju

2025 1079 2745 1167 dicare/Apostolus”‘enim
2794 1087 2921 1167 dicit
2949 1090 3070 1159 quia
3108 1079 3612 1167 spiri'tualisjudi'cat

2025 1153 2194 1206 omnia
2217 1151 2261 1235 (1
2281 1151 2397 1235 Cor.
2424 1171 2480 1220 ll,
2511 1156 2600 1225 15)
2627 1174 2639 1210 :
2663 1171 2768 1228 quo
2793 1151 3346 1235 donec-unusquisque
3367 1151 3606 1225 nostrum

2025 1229 2325 1304 perveniat,
2359 1229 2411 1278 in
2437 1241 2502 1280 eo
2528 1241 2633 1304 quo
2663 1229 2904 1304 pervenit
2931 1229 3192 1299 ambulet,
3223 1229 3273 1288 id
3315 1247 3396 1292 est
3417 1280 3430 1304 ,
3463 1240 3516 1294 in
3542 1259 3608 1295 co

2021 1293 2160 1376 quod
2204 1303 2406 1376 certum
2451 1293 2685 1376 recepit,
2735 1293 3312 1376 ﬁdelitcrperseveret.
3361 1293 3606 1376 Quodsi

2021 1364 2146 1452 quid
2175 1365 2510 1452 aluei-"sapit,
2542 1364 2650 1452 hoc,
2669 1384 2880 1452 quoque
2906 1364 3147 1429 illi-Deus
3168 1364 3423 1434 revelath
3453 1364 3606 1452 (Phi;

2021 1434 2158 1510 ιίρρτ
2182 1434 2601 1510 unﬁt-Lethen
2631 1434 2727 1510 (al-

2037 1506 2515 1584 ‘__C_APUT_XL_V.
2568 1506 2891 1566 L'Alterius
2943 1515 3138 1584 regula.
3186 1516 3325 1573 Vere
3389 1521 3599 1579 firmum

2020 1575 2144 1630 fidei
2204 1578 2771 1652 est_fttndamenttnn,
2827 1575 3186 1652 principaliter
3227 1575 3600 1648 credereﬂPa:

2021 1655 2154 1701 trem
2195 1657 2249 1722 et
2297 1648 2487 1722 Filium
2537 1659 2592 1706 et
2645 1648 2900 1721 Spiritum
2937 1648 3208 1722 sanctum,
3264 1675 3426 1716 unum
3482 1679 3602 1720 esse

2019 1719 2327 1794 naturaliter
2361 1719 2770 1794 Deumitita'ut
2802 1724 2869 1778 de
2911 1734 3098 1780 natura
3138 1719 3311 1783 Patris
3338 1746 3464 1787 vere
3501 1719 3600 1788 naé

2018 1797 2128 1860 tum
2173 1791 2497 1860 unigenitum
2521 1791 2764 1856 'Filium,
2813 1804 2868 1849 et
2909 1797 3066 1850 simul
3101 1798 3166 1852 de
3213 1800 3370 1856 Patre
3411 1815 3463 1857 et
3507 1806 3597 1859 Fi-

2018 1859 2106 1942 ρο¹
2135 1859 2284 1942 vere’
2314 1869 2474 1931 atque
2529 1865 2840 1942 naturaliter
2890 1867 3264 1934 procedentem
3315 1873 3598 1929 credamus

2017 1929 2272 2000 Spiritum
2319 1929 2559 2007 sanctum
2608 1951 2621 1987 :
2669 1929 2944 2007 ipsamque
2990 1949 3226 1994 sanctam
3281 1942 3592 2000 'I‘rinitatetn

2014 2015 2133 2055 esse
2181 2018 2352 2083 unum
2397 2005 2612 2083 solum,
2664 2005 2885 2083 vetanti}
2943 2018 3236 2083 zeternum,
3295 2022 3454 2083 atque
3511 2017 3594 2070 in-

2015 2074 2445 2153 commutabilem
2495 2076 2707 2153 Deitlti._
2735 2076 2971 2132 Credere
3015 2074 3478 2153 ctiant_:cong'ruit
3526 2089 3593 2140 ad

2014 2144 2259 2225 saiuteni,
2283 2159 2440 2199 unam
2468 2161 2530 2200 ex
2563 2146 2822 2201 Tri-nitate
2848 2162 3150 2225 personam,
3185 2151 3238 2225 id
3263 2144 3366 2218 est",
3399 2155 3610 2225 Unige-'

2013 2215 2181 2268 nitunt
2212 2215 2378 2269 Deum
2400 2231 2542 2286 ,_pro
2572 2229 2751 2270 nostra
2796 2215 2965 2272 salute
2993 2222 3162 2275 solum
3205 2215 3474 2280 hominem
3505 2215 3594 2282 Ta-

2013 2292 2156 2359 ctum
2184 2303 2196 2338 :
2229 2285 2580 2356 cumdentqtte
2619 2304 2780 2359 unum
2806 2304 2924 2344 esse
2955 2291 3117 2344 Deum
3147 2307 3332 2348 verum
3355 2336 3368 2359 ,
3399 2306 3453 2350 ct
3494 2298 3592 2352 Ito-

2012 2355 2209 2409 mincm
2240 2371 2448 2424 verum,
2481 2355 2773 2412 secundum
2801 2359 3128 2416 divinitatem
3162 2378 3318 2418 unam
3345 2355 3589 2423 naturam

2013 2426 2296 2498 habentem
2327 2443 2446 2482 eum
2494 2427 2652 2482 Patre
2693 2437 2748 2482 et
2789 2428 2988 2498 Spiritu
3028 2443 3247 2498 sancto;
3300 2438 3590 2493 secundum

2013 2496 2391 2579 humanitatem
2423 2513 2568 2564 vero,
2592 2496 2844 2579 animam
2874 2500 3072 2579 Christi
3110 2496 3424 2579 rationalem
3450 2509 3594 2579 ejus-

2010 2567 2133 2621 dem
2165 2578 2366 2622 natura:
2395 2583 2514 2624 esse
2554 2569 2705 2638 cujus
2745 2579 2868 2624 sunt
2904 2573 3095 2626 animae
3133 2576 3370 2631 omnium
3412 2567 3590 2634 Itoini-

2012 2655 2172 2718 nunt,
2213 2647 2268 2693 et
2292 2655 2504 2718 carnem
2531 2639 2726 2718 Christi
2772 2642 2913 2718 illius
2949 2657 3068 2718 esse
3105 2647 3309 2718 natura:
3333 2649 3485 2718 cujus
3510 2662 3592 2706 est

2010 2711 2385 2786 universorum
2406 2711 2495 2780 qui
2533 2710 2799 2786 deprime
2831 2713 3046 2768 homine
3081 2717 3337 2786 originem
3366 2710 3585 2776 ducunt.

2010 2779 2154 2850 Ergo
2181 2795 2279 2836 nec
2301 2779 2533 2836 animam
2559 2779 2773 2848 Christi,
2806 2798 2904 2837 nec
2929 2799 3146 2840 carnem
3164 2779 3331 2843 'unius
3355 2806 3474 2845 cum
3503 2793 3585 2846 di-

2009 2852 2227 2925 vinitate
2253 2851 2596 2925 ejusdemque
2620 2867 2738 2908 esse
2767 2863 3005 2909 natura-z
3035 2857 3157 2925 quia
3177 2861 3466 2916 secundum
3495 2863 3590 2917 Iut-

2008 2923 2316 2977 manitatem
2347 2938 2472 2978 vere
2509 2923 2624 2992 ipse
2653 2935 2860 2978 creatus
2886 2935 2986 2979 est.
3017 2923 3123 2982 Sed
3167 2929 3305 2983 sicut
3327 2931 3588 2988 divinitati

2009 2993 2124 3062 ejus
2163 3009 2284 3048 cum
2315 2993 2473 3048 Patre
2510 3002 2566 3048 et
2593 2993 2794 3061 Spiritu
2837 3004 3020 3049 sancto
3063 3009 3143 3052 est
3180 2999 3358 3055 divina
3400 3013 3587 3058 natura

2008 3065 2340 3127 communis;
2392 3065 2467 3118 sic
2513 3065 2702 3136 anima:
2731 3065 2843 3132 ejus
2874 3073 2927 3119 et
2968 3070 3178 3136 corpori
3225 3073 3478 3128 naturalis
3506 3084 3589 3128 est

2008 3137 2312 3213 communio
2337 3150 2458 3188 cum
2487 3135 2766 3189 animabus
2804 3145 2857 3189 et
2897 3135 3211 3213 corporibus
3235 3144 3451 3213 nostris.
3485 3145 3586 3213 Qui

2007 3205 2283 3260 divinitate
2320 3220 2414 3259 sua
2443 3219 2657 3276 carnem
2701 3213 2859 3276 atque
2900 3205 3132 3261 animam
3169 3205 3585 3269 credentiumwin

2007 3291 2085 3355 sc,
2117 3287 2170 3331 et
2196 3276 2464 3355 a_peccati.
2482 3275 2740 3355 dominio,
2757 3275 2822 3355 ‘ct
2847 3276 2913 3330 ab
2937 3287 3149 3332 aeterna:
3172 3282 3357 3336 mortis
3383 3286 3586 3355 suppli-

2007 3348 2090 3401 cio
2113 3346 2274 3418 gratis
2300 3347 2492 3415 eripuit
2516 3346 2808 3418 auferendo
2836 3357 3130 3416 peccatum.

2076 3417 2132 3472 2.
2176 3418 2285 3472 IIac
2309 3419 2451 3472 enim
2495 3417 2808 3472 credulitate
2833 3419 3094 3480 munitus,
3125 3435 3229 3474 non
3257 3422 3584 3483 oblivisceris

2006 3487 2686 3562 divinammisericordiam
2725 3488 2811 3562 dic
2837 3496 3099 3559 noctuque
3125 3493 3454 3562 supplicare;
3487 3497 3584 3552 ob-

2005 3560 2453 3637 secransbeatam
2478 3573 2626 3637 spem
2656 3560 2892 3637 omnium
2918 3560 3244 3637 credi-enutriti
3281 3565 3332 3617 in
3363 3581 3454 3637 se,
3495 3569 3583 3637 qui

2005 3639 2085 3685 cst
2110 3629 2355 3684 Christus
2387 3631 2660 3696 Dominus,
2689 3640 2748 3682 ut
2775 3630 2928 3700 hujus
2958 3631 3076 3684 fidei
3103 3633 3379 3688 veritatem
3411 3629 3582 3691 ftrnii-

2005 3711 2088 3757 ter
2128 3709 2339 3775 tcueas,
2369 3700 2800 3775 inviolatamque
2839 3701 3105 3775 custodias
3141 3704 3305 3775 :tquia
3353 3704 3583 3775 Spiritus

2004 3782 2219 3828 sanctus
2262 3770 2506 3826 fidelibus
2534 3785 2592 3824 se
2621 3771 3028 3840 deprecantibus
3065 3770 3336 3842 capiesum
3380 3770 3584 3832 submi-

2004 3845 2196 3897 nistrat
2223 3842 2574 3911 adjutorium,
2621 3843 2757 3896 sicut
2805 3843 3060 3912 propheta
3101 3843 3262 3908 dicit,
3308 3844 3482 3912 Prope
3510 3861 3581 3903 est

2003 3913 2255 3967 Dominus
2277 3912 2504 3964 munibus
2544 3911 2883 3965 invocantibus
2905 3911 3017 3964 cum
3045 3913 3097 3966 in
3126 3917 3345 3968 veritate.
3387 3911 3582 3971 Volun-

2003 3993 2153 4037 tatem
2181 3984 2456 4036 timentium
2483 3999 2538 4053 se
2561 3983 2706 4052 faciet
2733 3981 2755 4046 ,’
2777 3993 2823 4035 et
2849 3999 3016 4053 preces
3040 3999 3210 4037 eorum
3237 3987 3468 4041 exaudiet
3487 4029 3501 4052 ,
3535 4001 3582 4043 et

2002 4054 2167 4108 salvos
2193 4055 2341 4124 j'aeiet
2367 4069 2470 4105 eos.
2503 4052 2730 4126 Custcdit
2752 4052 3197 4126 Dominusomues
3221 4056 3483 4126 diligentes
3504 4076 3578 4122 se,

2003 4134 2047 4179 et
2077 4123 2247 4178 omnes
2274 4133 2556 4194 peccatores
2585 4123 2835 4245 disterdet
2865 4123 3034 4194 (Psal.
3060 4141 3235 4189 cxuv,
3277 4123 3483 4200 18-20).
3516 4130 3582 4184 ΕΙ.

2003 4195 2192 4245 iterum
2217 4195 2314 4245 insi
2345 4195 2453 4245 Deo
2475 4194 2622 4245 dicit.
2687 4192 2784 4245 ‘cce
2812 4210 2981 4245 attines
3004 4195 3092 4245 aui
3115 4213 3166 4245 se
3191 4195 3425 4245 clommnt
3449 4215 3481 4245 a
3511 4209 3574 4245 te-

2001 4195 2192 4268 iterum
2217 4192 2315 4264 ipsi
2345 4194 2622 4268 Decdicit,
2653 4192 2784 4247 Ecce
2812 4192 2981 4268 attines
3004 4195 3092 4268 qui
3115 4213 3166 4250 se
3191 4192 3481 4268 clongant'a
3511 4209 3576 4266 te,

2002 4265 2267 4336 peribunt;
2293 4265 2552 4336 perdidisti
2579 4281 2750 4336 omnes
2769 4265 2853 4333 qui
2881 4267 3193 4336 fornicamur
3216 4265 3320 4322 abs'
3333 4277 3380 4322 te
3390 4284 3410 4332 ;
3431 4268 3500 4324 de
3521 4265 3580 4325 se

1979 4334 2176 4410 autem
2205 4338 2298 4410 ait,
2324 4334 2456 4388 Mihi
2476 4345 2643 4388 autem
2663 4335 2922 4410 ari/iterare
2941 4335 3048 4390 Deo
3068 4338 3368 4410 conditust,
3395 4355 3582 4410 ponere

1999 4407 2054 4461 in
2074 4406 2300 4480 pentina
2323 4423 2460 4480 spem
2480 4423 2643 4480 meum
2669 4404 3150 4480 (Piltl‘t_i.X_XIl,_27,
3182 4408 3295 4480 28).

2072 4478 2126 4532 3.
2159 4477 2388 4531 Adluere
2427 4476 2770 4552 igitnr_DeQ,_
2803 4475 2874 4528 fili
2906 4475 3263 4552 charissime,
3286 4487 3340 4535 ct
3365 4478 3417 4535 in
3463 4482 3580 4552 ipso

1999 4563 2149 4617 spem
2181 4557 2321 4602 tuam
2350 4555 2461 4598 toto
2485 4546 2673 4617 corde,
2705 4545 2807 4600 fide
2834 4555 2886 4600 et
2919 4546 3174 4602 charitate
3199 4545 3576 4607 constitttefln

2001 4616 2188 4672 militia
2230 4617 2409 4672 smculi
2438 4616 2630 4670 exhibe
2668 4618 2777 4684 regi
2821 4627 3031 4671 terreno
3063 4619 3216 4674 fidele
3255 4621 3529 4676 servitium
3560 4641 3575 4676 :

1999 4689 2119 4758 quia
2145 4689 2244 4743 hoc
2265 4687 2432 4755 diligit
2455 4686 2610 4758 Deus,
2638 4686 2739 4740 hoc
2759 4687 2974 4742 mandat
2998 4691 3304 4758 Apostolus.
3337 4692 3390 4744 In
3418 4707 3578 4745 causa

1998 4757 2296 4832 verotfidei,
2326 4773 2440 4832 qua_
2459 4757 2699 4812 Christus
2725 4773 2824 4832 nos
2845 4757 3069 4832 redemit
3095 4761 3148 4832 in
3175 4762 3431 4832 sanguine
3458 4778 3582 4828 suo,

1969 4830 2174 4884 'omnis
2219 4829 2285 4883 de
2315 4827 2479 4884 corde
2521 4839 2704 4882 nostro
2735 4830 2894 4883 timor
2938 4829 3210 4884 abscedat.
3257 4827 3333 4885 llli
3375 4827 3579 4886 animas

1999 4911 2210 4955 nostras
2246 4899 2535 4966 debemus,
2583 4900 2738 4971 cujus
2779 4900 3035 4971 sanguine
3071 4902 3329 4971 redempti
3372 4918 3578 4955 smnus.

1998 4971 2151 5026 Illum
2182 4971 2439 5026 debemus
2466 4985 2574 5039 pra:
2601 4970 2848 5024 omnibus
2873 4970 3114 5040 diligere,
3147 4970 3302 5040 quem
3335 4974 3580 5026 novimus

2001 5052 2300 5096 nostrarum
2323 5043 2617 5096 animarum
2647 5041 3118 5094 clementissimum
3144 5041 3578 5110 Redentptorent.

1997 5111 2140 5168 Illitts
2179 5113 2436 5167 debemus
2475 5114 2661 5166 timere
2699 5127 2808 5182 prae
2837 5112 3082 5164 omnibus
3126 5120 3376 5164 :L-ternant
3407 5124 3460 5167 et
3491 5129 3581 5166 ve.-

2001 5200 2113 5238 t'am
2155 5193 2506 5253 potestatem,
2537 5198 2692 5252 quem
2725 5190 2999 5236 venturum
3028 5198 3302 5253 speratt‘tus
3346 5184 3582 5252 tequissi-

2000 5251 2438 5324 mum’judicem.
2486 5251 2631 5307 Illius
2661 5252 2934 5324 debemus
2959 5251 3218 5318 promissa
3253 5260 3361 5306 toto
3389 5255 3578 5324 ati'cctu

1999 5322 2480 5395 cet'disappetet‘c,
2511 5324 2597 5395 qui
2643 5333 2814 5395 potest
2853 5322 3121 5395 aninttect
3146 5323 3578 5392 corpuridonat'c

2000 5398 2158 5450 vitam
2209 5393 2484 5451 aeternam.
2540 5394 2684 5447 Illius
2727 5393 2982 5446 debemus
3018 5393 3206 5448 timere
3230 5395 3574 5459 iracundiam,

1999 5470 2086 5538 qui
2127 5474 2300 5538 potest
2340 5467 2570 5521 animam
2602 5474 2656 5520 ct
2680 5478 2873 5533 corpus
2899 5463 3110 5519 mittere
3140 5465 3194 5518 in
3239 5466 3578 5536 gehennam:

2062 5655 2079 5687 ι
2114 5660 2180 5704 tta
2209 5652 2344 5702 Cori).
2395 5656 2446 5700 et
2483 5648 2785 5712 antiquiores
2817 5655 2922 5697 MSS.
2971 5653 3028 5699 At
3063 5655 3212 5712 Lov.,
3253 5650 3578 5702 anathemati-

1998 5716 2238 5842 “?tiguftic
2259 5787 2380 5837 Opus
2395 5773 2573 5842 desinit
2595 5773 2644 5842 in
2667 5779 2774 5822 Mss.
2797 5779 2910 5831 Qua:
2931 5773 3296 5842 subsequuntur
3315 5810 3329 5835 ,
3355 5789 3449 5842 non
3467 5781 3581 5842 sunt

1997 5836 2264 5902 Fulgentii;
2289 5836 2348 5902 et
2379 5849 2409 5885 a
2444 5836 2659 5902 melioris
2695 5843 2822 5902 notae
2842 5836 3196 5902 inanem-ilius,
3219 5839 3317 5888 imo
3339 5839 3401 5887 ab
3421 5837 3610 5886 omni."-

2001 5897 2104 5953 bus“
2113 5914 2234 5965 quos
2253 5901 2455 5951 vidimus
2477 5900 2730 5949 veteribus
2747 5897 2881 5946 libris
2893 5933 2907 5957 ,
2926 5897 3118 5948 absunt.

2752 5981 2791 6061 (
2803 5981 3226 6065 γίνεαι-οἱνιᾳᾴ
