4102 6336
472 317 579 378 779
1247 282 1255 293 ’
1304 295 1316 327 ’³
1387 275 1390 279 ’
1786 260 1801 277 ’
1928 310 2061 368 APP

2171 310 2293 367 ΜΚ.
3040 272 3043 273 ν
3194 292 3199 296 ”
3254 321 3257 325 ‘
3653 325 3764 387 730

473 435 530 492 in
570 432 724 505 cujus
763 431 967 503 judicio
1010 431 1127 487 sine
1168 431 1477 505 acceptione
1521 444 1917 505 personarum,
1953 433 2069 505 sine

473 502 676 575 ambitu
718 502 1038 576 putestatum
1067 504 1344 576 aequaliter
1365 502 1746 573 judicabantur
1772 502 1978 576 domini
2015 515 2070 562 et

474 572 641 646 Servi,
674 572 831 647 reges
845 584 900 647 et
927 572 1145 640 milites,
1173 572 1742 647 divitesetpauperesi,
1770 574 1997 647 humiles
2015 584 2071 633 et

475 644 765 719 sublimes:
785 645 885 719 Ubi
917 660 1109 705 servus
1132 646 1373 719 quisquis
1408 644 1494 700 hic
1520 644 1678 719 [idem
1711 645 1804 719 Dei
1846 646 1898 702 in
1930 648 2069 703 veri-

474 717 586 781 tate
611 718 863 787 tenuerit,
888 732 1062 789 regno
1087 717 1319 787 potietur
1345 726 1589 789 aeterno:
1618 717 1863 789 dominus
1889 725 2067 775 autem

471 791 708 861 infidelis
728 786 1058 861 sempiterno
1074 786 1335 861 exuratur
1358 786 1626 861 incendio.
1656 786 2066 861 Ubiservorum

475 858 922 933 dominorumque
964 858 1204 933 ﬁdelium
1244 873 1345 919 nec
1379 859 1484 915 vita
1526 859 1927 933 terminabitur,
1967 875 2068 933 nec

476 934 660 993 laetitia
705 930 954 995 tinieiur:
1000 930 1294 987 inﬁdelium
1323 944 1452 991 vero
1495 931 1607 991 sive
1646 945 1924 986 servorum
1954 932 2068 988 sive

476 1005 839 1068 dominorum,
857 1001 1151 1060 secundum
1169 1003 1434 1061 sermonis
1451 1002 1742 1072 prophetici
1760 1002 2064 1068 veritatem,

471 1074 621 1149 Ignis
662 1092 833 1149 eorum
864 1090 982 1149 non
1029 1074 1393 1149 extinguetur,
1440 1074 1707 1149 areanis
1749 1090 1923 1149 eorum
1965 1090 2069 1129 non

472 1142 715 1207 morietur
742 1145 896 1218 (ltai.
926 1160 1073 1208 LXVI,
1101 1142 1217 1215 21s).
1249 1142 1571 1218 ibuntenim
1604 1144 1769 1218 iniqui
1796 1146 1846 1218 in
1888 1146 2067 1215 ignem

473 1213 759 1283 aeternum,
784 1216 873 1287 qui
901 1225 1114 1287 paratus
1138 1213 1222 1269 est
1245 1213 1458 1272 diabolo
1486 1224 1541 1271 et
1567 1216 1769 1287 angelis
1798 1213 1934 1284 ejus}

543 1234 753 1283 eruum,
822 1233 873 1273 ut
901 1233 1114 1287 paratus
1138 1233 1222 1269 es:
1245 1233 1458 1272 diabolo
1486 1233 1541 1271 er.
1567 1233 1769 1283 angelis
1798 1233 1934 1284 ejus.

543 1291 597 1344 4.
625 1233 978 1345 Διιειιᾎδηιυε
1031 1294 1211 1341 autem
1257 1301 1391 1356 quos
1437 1286 1561 1341 illuc
1599 1285 1847 1341 Salvator
1893 1287 2065 1344 ituros

381 1415 388 1423 ,
472 1374 595 1433 e_sse
618 1358 972 1433 prtedixerit;
1007 1357 1355 1433 nempeilios
1375 1396 1390 1420 ,
1440 1358 1637 1433 quibus
1664 1356 1903 1433 dicturus
1934 1367 2016 1412 est
2048 1376 2060 1412 :

471 1427 698 1497 Esuribi,
728 1439 777 1483 et
802 1445 902 1483 non
924 1428 1130 1481 dedistis
1156 1427 1280 1481 mihi
1307 1428 1613 1485 litanducarc
1637 1444 1656 1483 :
1682 1429 1835 1491 silici,
1882 1437 1925 1487 et
1962 1445 2066 1484 non

471 1501 681 1563 dedistis
727 1500 852 1554 mihi
894 1498 1287 1555 biberemudus
1324 1499 1420 1568 fui,
1450 1508 1495 1553 et
1533 1516 1633 1553 non
1679 1500 1890 1555 vestistis
1936 1516 2015 1555 me
2045 1515 2065 1554 :

473 1568 680 1641 hospes,
708 1580 755 1625 et
773 1587 875 1626 non
902 1570 1187 1641 suscepistis
1212 1586 1290 1641 me
1320 1586 1339 1624 :
1364 1570 1616 1638 inﬁrmus,
1661 1580 1711 1624 et
1754 1570 1808 1623 in
1840 1586 2060 1638 carcere,

472 1652 522 1697 ct
546 1638 647 1697 non
666 1641 868 1698 veitistis
888 1641 957 1695 ad
985 1657 1064 1712 me
1100 1638 1310 1712 (Matth.
1342 1655 1466 1707 xxv,
1494 1641 1705 1712 «ll-iii).
1753 1641 1905 1705 Quod
1936 1642 1978 1695 si
2009 1642 2061 1696 in

470 1712 651 1783 ignem
676 1721 936 1768 mternum
966 1710 1123 1783 digne
1149 1712 1407 1783 mittetur,
1459 1711 1555 1783 qui
1592 1710 1808 1783 Christo
1856 1712 1907 1767 in
1950 1712 2061 1767 suis

472 1780 710 1843 minimis
739 1782 995 1845 esurienti
1025 1780 1215 1852 panem
1242 1798 1349 1837 non
1376 1780 1611 1847 dederit;
1654 1781 1779 1849 quid
1807 1796 2062 1852 passurus

471 1866 555 1917 est
584 1853 673 1924 qui
694 1855 865 1923 ipsum
892 1851 1106 1922 panem,
1131 1854 1219 1921 qui
1246 1852 1472 1924 defensio
1500 1852 1791 1924 descendit,
1836 1851 1936 1908 sibi
1968 1868 2064 1924 per

471 1923 805 1980 inﬁdelitatis
828 1925 1012 1980 vitium
1034 1923 1265 1979 adimit?
1302 1923 1373 1979 Et
1412 1924 1526 1979 siin
1557 1923 1787 1981 ﬂammis
1817 1923 2063 1992 perenni-

472 1995 578 2050 bus
600 2006 876 2063 exuretur,
922 1995 1014 2065 qui
1044 1994 1272 2065 Christo
1320 1995 1371 2049 in
1419 1994 1531 2050 suis
1580 1994 1819 2053 minimis
1862 1994 2061 2050 sitienti

477 2067 698 2123 calicem
725 2081 876 2137 aqum
903 2064 1107 2135 frigidae
1133 2080 1239 2137 non
1260 2065 1489 2137 tribuit;
1533 2066 1662 2136 quid
1693 2066 1781 2121 ille
1808 2065 2057 2137 patietur,

480 2137 572 2209 qui
598 2136 816 2199 renatus
841 2152 907 2197 ex
934 2152 1069 2208 aqua
1093 2144 1150 2193 et
1181 2136 1383 2209 Spiritu
1414 2145 1622 2204 sancto,
1665 2144 1908 2193 sanctum
1953 2136 2056 2191 Ba-

2176 433 2371 507 ptisma
2394 435 2445 489 in
2468 448 2526 489 se
2552 435 2745 491 iterare
2772 436 3051 505 permittit,
3070 437 3211 507 quod
3238 436 3303 495 ad
3329 436 3558 497 salutem
3593 448 3765 503 semel

2175 506 2324 585 ptati
2362 517 2754 585 sacramentuin
2801 519 3000 562 sancta:
3041 506 3485 585 regenerationis
3511 517 3766 585 accepit?

2176 576 2244 632 Et
2281 576 2327 630 si
2382 577 2531 631 illum
2571 578 2836 648 credimus
2883 576 3205 648 perennibus
3247 581 3587 639 subdendum
3641 576 3765 643 esse

2176 649 2474 723 tormentis,
2504 650 2592 723 qui
2616 647 2893 723 Christum
2925 650 2976 703 in
3009 652 3121 705 suis
3148 652 3384 706 minimis
3417 656 3759 723 peregrinum

2176 719 2407 788 hospitio
2434 720 2932 794 negligitcharitate
2957 723 3263 794 suscipere;
3312 719 3437 793 quid
3476 719 3761 794 passurum

2175 802 2234 847 te
2273 792 2557 859 putaverit,
2591 791 2680 859 qui
2730 791 3015 846 Dominum
3063 791 3342 848 Christum
3390 796 3457 849 de
3481 791 3646 852 dumo
3688 802 3770 856 sui

2174 861 2353 936 cordis
2381 862 2691 936 excludcns,
2725 871 2780 917 et
2808 863 3079 936 diabolum
3101 865 3158 936 in
3186 878 3245 918 se
3264 881 3405 921 czeca
3436 883 3657 936 prorsus
3682 871 3766 926 in-

2175 932 2429 1007 iidelitate
2466 933 2750 1007 recipiens,
2789 934 2857 988 de
2885 943 3066 1007 sancta
3099 935 3355 1007 Ecclpsin,
3397 932 3514 1007 qum
3552 950 3636 994 est
3679 957 3773 997 co.

2174 1003 2355 1080 lumna
2378 1014 2431 1080 et
2456 1004 2848 1080 ﬁrmamentum
2885 1005 3121 1080 veritatis
3144 1006 3187 1076 (l
3209 1005 3343 1080 Tim.
3378 1003 3455 1080 ni,
3486 1010 3603 1080 15),
3659 1012 3771 1067 lite-

2172 1075 2337 1155 reiica
2360 1074 2754 1155 circumventus
2783 1076 3012 1130 falsitate
3032 1074 3372 1155 discesserit?
3400 1074 3649 1155 Etsiille
3678 1085 3771 1155 qui

2172 1145 2413 1200 inﬁrmos
2444 1155 2602 1214 atque
2626 1146 2679 1199 in
2704 1162 2920 1203 carcere
2938 1148 3144 1217 positos
3174 1148 3403 1205 famulos
3429 1151 3629 1207 Christi
3660 1145 3768 1211 non

2170 1217 2368 1290 visilai,
2418 1217 2522 1290 igni
2559 1218 2842 1290 deputatur
2876 1219 3238 1290 setupiterno;
3290 1220 3417 1290 quid
3460 1222 3565 1277 illis
3608 1227 3770 1279 retri-

2171 1288 2439 1342 buendmn
2471 1288 2729 1361 dicemus,
2754 1289 2843 1361 qui
2875 1289 2967 1344 Dei
2989 1288 3235 1353 famulos,
3280 1288 3332 1344 in
3360 1293 3552 1361 quibus
3591 1296 3766 1352 solam

2170 1368 2563 1433 persequuntur
2583 1359 2703 1433 ﬁdei
2728 1360 3029 1433 veritatem,
3060 1370 3150 1433 aut
3179 1359 3426 1433 squalore
3452 1378 3764 1433 carcerum,

2170 1440 2280 1503 aut
2301 1429 2610 1503 exsiliorum
2639 1429 3010 1503 deportatione
3048 1429 3311 1487 violenter
3345 1432 3624 1503 afﬂigunt?
3663 1429 3771 1494 Sed

2170 1500 2224 1556 in
2268 1501 2350 1555 his
2378 1502 2628 1556 omnibus
2659 1501 2785 1555 licet
2831 1502 3074 1558 inﬁdeles
3102 1504 3346 1567 smviaut,
3403 1500 3539 1558 Dens
3589 1517 3768 1564 tamen

2170 1572 2281 1626 suis
2311 1573 2560 1626 auxilium
2604 1572 2989 1626 subministrat.
3018 1574 3086 1627 Et
3111 1573 3239 1628 dum
3288 1575 3487 1630 inimici
3528 1577 3654 1633 ﬁdei
3678 1588 3771 1634 aut

2169 1642 2358 1717 callida
2380 1658 2643 1717 quemque
2662 1642 2992 1717 seductinne,
3032 1653 3124 1717 aut
3147 1645 3377 1717 violenta
3402 1649 3770 1717 compulsionc

2169 1714 2393 1789 cupiunt
2418 1714 2730 1789 depravare,
2753 1713 3005 1789 ⁸ῼιιζὶειυε
3031 1716 3121 1784 qui
3148 1726 3230 1789 est
3259 1716 3436 1769 Virtus
3464 1713 3764 1789 tet—Sapien-

2171 1783 2240 1859 tia
2270 1785 2382 1859 Dei,
2418 1785 2670 1859 virtutem
2700 1784 2903 1848 tribuit,
2934 1794 2992 1859 ut
3020 1783 3309 1859 mortifera:
3339 1783 3760 1859 suasionis'pro.

2167 1855 2329 1909 missa
2346 1854 2662 1923 despiciant,
2701 1865 2755 1910 et
2778 1856 3077 1910 terroribus
3106 1856 3355 1911 humanis
3384 1860 3578 1914 robore
3604 1854 3769 1918 divini

2168 1925 2374 1981 timoris
2399 1926 2661 1980 obsistaut
2694 1943 2706 1978 :
2743 1935 2944 1981 tantum
2973 1935 3057 1981 est
3093 1937 3150 1981 ut
3177 1928 3422 1983 voluntas
3461 1946 3568 1984 non
3610 1948 3769 1988 aver-

2166 2004 2310 2068 tatur
2337 2012 2367 2050 a
2396 1996 2527 2064 Deo,
2562 2005 2618 2051 et
2639 1996 2759 2068 lidei
2786 1999 3013 2068 prmmiﬁo
3057 1999 3310 2066 potiatur.
3357 1999 3473 2068 Ipsa
3518 2012 3601 2057 est
3625 2006 3767 2059 enim

2166 2067 2253 2122 cui
2295 2076 2386 2122 aut
2420 2067 3159 2140 proinlidelilateinﬂigitur
3215 2067 3414 2127 interna
3449 2088 3628 2140 pmua,
3678 2084 3772 2131 aut

2168 2147 2393 2193 servatae
2421 2136 2545 2194 ﬁdei
2573 2153 2780 2194 merces
2809 2139 2913 2194 erit
2942 2136 3270 2210 serbpiterna
3300 2136 3500 2197 laetitia.

4076 914 4077 1001 ι

4075 1018 4077 1116 l

1604 2361 2647 2496 ADMONITIO

436 2547 468 2599 ι
1410 2547 1494 2615 IN
1534 2544 1840 2617 IJBBUM
1879 2549 1987 2615 DE
2030 2548 2064 2615 S

2171 2550 2341 2615 ΗΤΠ
2393 2551 2500 2615 ΕΤ
2542 2552 2827 2616 ΔΝΙΜΑ.

540 2673 689 2749 Opus
707 2671 830 2745 hoc,
860 2668 1310 2745 quemadmodum
1334 2668 1590 2733 Erasmus
1615 2671 1783 2745 probe
1808 2672 2086 2741 judicavit,
2115 2672 2349 2737 hominis
2369 2683 2455 2737 est
2482 2676 2644 2735 variae
2675 2679 2962 2751 multaeque
2999 2678 3265 2752 lectionis,
3308 2684 3360 2741 in
3390 2699 3495 2757 quo
3521 2700 3631 2745 non
3660 2690 3769 2746 ali.

471 2767 600 2842 quid
651 2765 782 2823 artis
818 2764 999 2822 videas
1042 2771 1136 2821 aut
1180 2763 1401 2835 ingenii,
1446 2763 1543 2823 sed
1570 2765 1724 2835 quasi
1768 2779 1987 2825 arenam
2027 2765 2064 2823 si

2190 2767 2358 2832 calce,
2387 2767 2529 2827 dicta
2558 2777 2767 2827 tantum
2801 2780 2855 2826 et
2894 2773 3225 2831 collectanea
3267 2791 3334 2833 ex
3360 2776 3590 2834 diversis
3631 2781 3772 2839 locis

474 2859 744 2929 exscripta
782 2871 888 2912 :ex
933 2854 1232 2926 Augustino
1274 2854 1495 2944 scilicet,
1550 2869 1618 2910 ex
1647 2853 1961 2925 Gennadio,
1995 2855 2241 2925 Boethio,
2283 2857 2627 2929 Cassiodoro,
2671 2861 2876 2918 lsidoro
2921 2863 3244 2936 Hispalensi,
3295 2867 3459 2935 Beda,
3511 2869 3765 2944 Alcuino,

472 2950 699 3023 Hugone
751 2948 1048 3017 Victorino,
1100 2945 1374 3003 Bernardo
1402 2988 1419 3014 ,
1466 2943 1649 3004 lsaaco
1675 2946 1926 3004 Stellensi
1976 2948 2189 3016 abbate,
2238 2959 2343 3006 etc.
2397 2951 2631 3021 Joannes
2674 2954 3001 3015 Trithemius
3025 2960 3191 3019 abbas
3235 2974 3483 3022 recenset
3516 2967 3659 3025 hunc
3701 2943 3770 3025 li-

468 3043 626 3099 brum
646 3042 701 3097 in
729 3040 978 3113 catalogo
1010 3038 1439 3095 lucubrationum
1462 3035 1700 3108 Hugonis
1721 3053 1753 3093 a
1780 3048 1967 3095 sancto
1992 3038 2226 3109 Victore.
2249 3039 2360 3097 Sub
2385 3042 2628 3112 ejusdem
2666 3047 2883 3104 nomine
2908 3049 3038 3106 citat
3058 3050 3371 3111 Vincentius
3406 3055 3767 3114 Bellovaceu-

470 3136 549 3193 sis
575 3136 633 3191 in
660 3132 897 3205 Speculo
922 3130 1190 3196 Naturali,
1220 3130 1314 3185 lib.
1345 3130 1419 3184 9.5
1444 3137 1501 3185 et
1519 3128 1592 3185 25
1612 3130 1833 3201 passim,
1857 3145 1921 3186 ac
1946 3131 2037 3187 lib.
2069 3132 2160 3201 9.4,
2188 3147 2307 3205 cap.
2334 3136 2387 3200 1,
2417 3134 2510 3190 lib.
2536 3136 2629 3205 27,
2661 3153 2779 3208 cap.
2815 3140 2903 3196 75.
2934 3141 3197 3199 Prmterea
3222 3146 3276 3199 in
3305 3143 3536 3217 Speculo
3562 3150 3747 3206 Histo-

468 3229 610 3295 riali,
643 3228 738 3283 lib.
770 3225 859 3293 18,
882 3240 1000 3297 cap.
1030 3224 1120 3290 55,
1151 3222 1243 3277 ubi
1272 3221 1592 3314 opusculum
1623 3222 1763 3283 istud
1798 3222 1981 3278 stilum
2016 3224 2321 3296 Augustini,
2377 3228 2463 3282 cui
2501 3244 2531 3282 a
2575 3231 2848 3287 nonnullis
2897 3233 3246 3306 tribuebatur,
3305 3238 3529 3297 minime
3571 3255 3761 3314 sapere

469 3318 801 3387 observavit,
824 3316 991 3373 videri
1022 3317 1126 3373 sibi
1147 3315 1223 3371 ait
1248 3330 1314 3369 ex
1341 3312 1583 3385 ejusdem
1612 3314 1763 3371 libris
1794 3324 2123 3386 excerptum,
2169 3328 2409 3385 auctore,
2444 3319 2520 3377 uti
2549 3319 2839 3391 ferebatur,
2886 3326 3146 3396 magistro
3194 3327 3422 3400 Hugone
3472 3312 3764 3388 Victorino,

467 3412 616 3469 Inter
658 3409 915 3481 opuscula
955 3407 1173 3464 demum
1200 3404 1665 3478 Hugonisvulgata
1685 3404 1990 3471 exhibetur,
2036 3414 2223 3479 estque
2270 3409 2343 3465 ibi
2384 3410 2522 3467 liber
2552 3411 2621 3468 de
2652 3414 2844 3470 Anima
2891 3418 3181 3487 secundus,
3228 3419 3401 3491 ipsius
3433 3424 3655 3480 nomine
3703 3426 3758 3479 in

466 3502 753 3560 Victorino
803 3500 903 3556 Ms.
936 3507 1287 3572 praenotatos.
1333 3498 1584 3552 Attamen
1612 3505 1861 3568 excerpta
1910 3512 2029 3569 quat
2072 3500 2127 3555 in
2171 3515 2238 3556 eo
2280 3502 2508 3572 plurima
2540 3520 2604 3560 ex
2636 3506 2802 3578 ipsius
2842 3508 3083 3581 Hugonis
3120 3512 3269 3569 libris
3314 3526 3604 3572 occurrunt
3649 3533 3766 3574 cum

467 3594 666 3668 insigni
702 3593 1091 3651 sententiarum
1120 3588 1434 3655 mutatione,
1481 3598 1759 3645 auctorem
1787 3590 1970 3659 operis
2010 3605 2253 3662 quaerere
2281 3593 2446 3651 alium
2484 3607 2698 3667 cogunt.
2740 3598 2975 3657 Thomas
3020 3604 3258 3674 Aquinas
3295 3606 3348 3663 in
3375 3617 3567 3678 quaest.
3610 3611 3767 3667 unica

466 3686 538 3749 de
562 3685 777 3751 Anima,
814 3694 919 3740 art.
944 3683 1035 3750 12,
1063 3681 1133 3737 ad
1158 3682 1210 3749 1,
1242 3694 1513 3752 anonymo
1536 3679 1749 3741 cuidam
1797 3679 2173 3739 Cisterciensis
2212 3684 2422 3745 ordinis
2448 3688 2580 3743 illud
2627 3689 2905 3748 adscribit.
2954 3694 3110 3752 Hunc
3152 3713 3253 3753 nos
3294 3699 3587 3756 Alcherum
3640 3718 3764 3759 esse

469 3777 827 3851 suspicamur,
856 3773 947 3831 cui
975 3772 1230 3866 familiari
1260 3769 1532 3866 suo-lsaac
1556 3770 1723 3866 abbas
1743 3770 2027 3827 Stelleusis
2054 3788 2086 3828 e
2111 3773 2453 3866 Cisterciensi
2482 3780 2677 3834 familia
2709 3784 2988 3851 epistolam
3021 3786 3088 3843 de
3111 3790 3300 3845 Anima
3329 3792 3558 3865 scripsit,
3603 3810 3765 3866 roga-

471 3882 562 3928 tus
581 3869 833 3927 nimirum
858 3867 929 3924 ab
956 3865 1211 3933 Alchero,
1242 3863 1333 3935 qui
1357 3862 1534 3955 ipsum
1563 3862 1631 3955 de
1649 3862 1753 3918 hoc
1778 3872 2095 3937 argumento
2124 3864 2483 3939 disputantem
2506 3869 2561 3925 in
2593 3871 2878 3931 collatione
2915 3878 3177 3947 audierat,
3227 3891 3285 3939 ut
3330 3897 3387 3938 se
3418 3862 3619 3955 aliquid
3649 3862 3768 3941 am.

476 3962 621 4034 ptius
644 3961 714 4019 de
738 3959 935 4016 animae
963 3956 1222 4025 essentia,
1254 3962 1310 4011 et
1333 3952 1535 4047 viribus
1559 3953 1831 4013 edoceret.
1879 3955 2167 4012 Enimvero
2194 3956 2252 4012 in
2276 3958 2617 4019 bibliothecae
2642 3964 3016 4027 Cisterciensis
3044 3980 3188 4030 temo
3214 3974 3269 4042 6,
3301 3986 3422 4046 post
3447 3952 3764 4047 untdich

469 4053 753 4125 epistolam
784 4051 1031 4122 proxime
1056 4047 1409 4141 subiungitur
1432 4046 1571 4141 liber
1590 4046 1701 4141 iste
1714 4047 1788 4141 de
1813 4046 2015 4118 Spiritu
2038 4058 2100 4141 et
2135 4050 2327 4106 Anima
2356 4067 2478 4108 cum
2509 4054 2609 4111 hac
2648 4057 2998 4130 inscriptione
3035 4078 3265 4122 excusus
3298 4085 3312 4122 :
3346 4086 3366 4120 ι
3405 4046 3656 4141 Ejusdem
3704 4072 3766 4127 Β.

470 4148 622 4205 Isaac
640 4144 850 4202 abbatis
880 4143 951 4199 de
974 4140 1370 4235 Stella,_scu_ut
1399 4139 1501 4211 ipsi
1543 4139 1840 4235 inscribere
1868 4140 2094 4210 placuit,
2129 4140 2346 4235 Alcheri
2379 4144 2446 4200 de
2469 4146 2662 4204 Anima
2694 4149 2847 4205 liber.
2873 4170 2894 4205 ι
2950 4153 3117 4226 Hujus
3157 4173 3350 4229 nempe
3395 4139 3763 4235 ίηεπίριίοηιε

468 4255 598 4316 pars
624 4237 888 4312 posterior
926 4250 1077 4302 vera,
1106 4233 1253 4307 prior
1277 4231 1411 4289 falsa
1433 4231 1630 4324 merito
1651 4230 1921 4289 videbitur
1951 4250 1967 4287 :
1999 4234 2303 4324 praesertim
2329 4235 2453 4307 quia
2478 4237 2717 4310 Epistola
2755 4241 2965 4303 abbatis
3011 4247 3160 4305 Isaac
3210 4251 3499 4309 maximam
3552 4230 3763 4324 partem

473 4336 615 4396 libro
642 4334 773 4397 huic
796 4347 826 4388 a
845 4330 1133 4388 collectore
1162 4328 1362 4383 inserta
1386 4332 1490 4381 est.
1517 4323 1782 4381 Alcherus
1808 4339 1972 4395 porro
2007 4323 2417 4384 Clarevallensis
2442 4333 2739 4391 monachus
2762 4338 2902 4409 apud
2928 4339 3300 4410 Possevinum,
3319 4346 3371 4399 in
3400 4323 3571 4415 Isaac,
3604 4348 3767 4406 fuisse

470 4426 704 4500 legitur;
732 4425 817 4481 vir
841 4421 1081 4515 discendi
1110 4418 1384 4515 studiosus
1576 4416 1816 4515 physica:
1839 4416 2104 4515 eminens,
2149 4427 2284 4475 teste
2320 4420 2501 4479 lsaaeo
2520 4423 2574 4479 in
2602 4426 2855 4497 praedicta
2886 4431 2953 4487 ad
2998 4433 3284 4492 Alcherum
3333 4439 3577 4509 epistola.
3617 4441 3767 4515 Opus

473 4517 795 4581 contulimus
816 4532 938 4573 cum
965 4514 1091 4575 Mss.
1120 4510 1378 4573 Romanis
1396 4508 1746 4603 bibliothecae
1772 4508 2043 4571 Vaticana:
2071 4520 2324 4584 quatuor,
2353 4528 2477 4575 cum
2502 4533 2610 4577 uno
2636 4536 2703 4581 ex
2738 4522 2950 4583 abbatia
2986 4525 3044 4583 S.
3070 4528 3313 4589 Medardi
3357 4508 3762 4603 Suessionensi,

478 4628 604 4671 cum
630 4609 928 4677 Victorino,
953 4605 1255 4667 εισι·Μηὶοο
1277 4612 1333 4663 et
1359 4601 1501 4663 aliis.

489 4734 3763 4785 W

964 4832 1237 4981 DE
1355 4829 2150 5056 SPIRITU
2265 4824 2513 4979 ET
2640 4780 3266 4999 ANIMA

1605 5057 2091 5168 LIBER
2181 5057 2623 5174 U’NU'S.

1757 5260 2481 5305 στηηπηππηπω

550 5411 847 5469 Purmo.
889 5410 967 5486 (a)
1003 5410 1263 5492 Quoniam
1290 5407 1490 5463 dictum
1512 5412 1598 5462 est
1622 5405 1756 5462 mihi
1777 5412 1839 5463 ut
1863 5419 1952 5462 me
1976 5403 2064 5476 lp-
2172 5413 2559 5533 ﬂuomaturalia
2583 5424 2689 5471 tam
2716 5420 2893 5477 subtili
2920 5423 3256 5495 indagatione
3281 5429 3665 5501 investigamus
3709 5444 3763 5492 et

550 5499 601 5533 m
627 5498 963 5533 cognoscam.
993 5490 1259 5533 sustinere
1284 5494 1388 5533 non
1413 5492 1629 5533 possum
1654 5487 1711 5532 ut
1730 5494 1818 5533 me
1844 5479 2067 5533 habeam
2210 5492 2244 5533 θ
2285 5501 2399 5533 Ιηςη
2441 5503 2526 5533 nm
2548 5504 2648 5533 ann
2690 5491 2944 5533 (ironiam
2984 5507 3169 5533 unum.
3206 5510 3309 5533 ιηηι
3342 5503 3586 5533 summa“
3621 5478 3757 5533 ..λε-ιι

484 5498 601 5563 sum
627 5478 963 5563 cognoscqu
993 5478 1259 5537 sustinere
1284 5494 1388 5534 non
1413 5487 1818 5563 pessumutme
1844 5479 2067 5563 habeam
2174 5478 2244 5563 dp
2283 5483 2399 5563 ipso
2441 5503 2648 5563 (imque
2690 5491 2944 5549 Creatorc
2984 5478 3761 5563 ηοέιὲόἶεῖπὶἱέιῗιῑιῐῖῖιῖἷέἒὲίῖἑ

480 5550 2075 5645 ίὲφβξξὶῑξξξητε,Μὲἔὲἕὲξίέἷιέἔῗθηῖἓι,Ἷὲἕῖῗὲξεῖηέίῖ,91⁵ἒῖῖέ
2183 5550 2578 5645 “sisennae
2602 5560 2825 5645 Nones!
2855 5581 2938 5645 r99
2966 5550 3589 5645 νυνίιέιῆιιέιῖἶιὲίῖῖῦἓὶξέ
3609 5550 3757 5643 ιῖἧὶὲῖ

491 5620 631 5695 quid
650 5623 777 5678 illud
807 5624 896 5689 sit,
923 5620 1029 5695 quo
1055 5620 1292 5678 caelestia
1335 5631 1439 5676 tam
1476 5620 1736 5691 profunde
1763 5626 2079 5694 cogitamus,
2193 5629 2357 5683 renda
2383 5649 2397 5685 :
2419 5631 2628 5688 animus
2655 5642 2734 5687 est
2758 5651 2863 5705 quo
2890 5620 2984 5692 ista
3011 5620 3262 5710 milia}?

541 5756 616 5821 (α)
636 5764 706 5806 De
726 5756 999 5816 Quantitate
1023 5757 1214 5815 Anium,
1237 5767 1373 5816 capp.
1402 5753 1478 5814 ll,
1502 5752 1579 5804 28.
1600 5756 1683 5806 Hic
1705 5763 1758 5809 et
1778 5756 1830 5808 in
1858 5772 2064 5824 sequent

476 5820 765 5881 hauriuntur
784 5817 890 5873 loca
906 5830 1019 5882 uate
1033 5824 1182 5871 totam
1201 5815 1455 5882 aliquando
1473 5818 1670 5883 capitidi
1690 5821 1873 5879 seriem
1894 5825 2062 5879 conﬁci

2171 5777 2183 5815 ς
2212 5770 2451 5839 capitibus
2470 5777 2584 5819 ante
2614 5771 2716 5832 ipsa
2737 5774 2942 5846 capitula
2964 5777 3274 5829 indicavimus
3298 5780 3448 5832 libros
3483 5796 3547 5832 ex
3580 5786 3757 5848 quist

2185 5828 2439 5894 aliquando
2455 5845 2573 5883 vero
2588 5847 2792 5897 propriis
2807 5840 3016 5891 audetis
3027 5844 3291 5894 sententiis
3307 5846 3718 5899 lutet'm'ncentur.
