4102 6336
305 344 412 404 ’185

306 459 501 519 crescit
526 466 583 532 et
609 456 895 515 humanam
939 458 1256 532 formamiin
1286 468 1438 532 utero
1463 455 1685 532 recipit,
1716 461 1893 532 prius-

306 547 467 605 quam
481 530 724 605 animam
752 532 1063 605 rationalem
1085 531 1322 605 recipiat.
1335 531 1480 587 Sicut
1494 530 1652 587 etiam
1668 530 1894 605 virgulta

307 602 362 660 et
382 602 578 658 herbas
603 603 719 656 sine
744 602 950 657 anima‘
974 602 1176 657 moveri
1201 611 1255 657 ct
1281 603 1667 658 incrementum
1701 602 1896 658 habere

305 675 570 730 videmus.
617 673 817 742 Duplex
855 683 938 728 est
978 672 1194 744 quidem
1232 673 1337 728 vita
1383 675 1603 740 animm;
1649 673 1751 728 alia
1793 689 1896 743 qua

306 746 436 801 vivit
461 745 526 816 in,
543 759 725 810 carne,
758 753 812 798 et
835 744 937 798 alia
961 743 1065 816 qua
1096 743 1226 799 vivit
1251 745 1301 798 in
1332 745 1461 799 Deo.
1494 745 1610 800 Duo
1635 744 1896 814 siquidem

307 818 360 872 in
389 815 604 870 homine
631 828 822 870 sensus
850 815 1002 881 sunt,
1035 830 1174 870 unus
1201 816 1454 882 interior,
1497 826 1550 871 et
1580 831 1717 871 unus
1743 823 1895 870 exte-

303 887 416 942 rior
434 928 450 952 ,
496 894 552 940 et
580 893 800 957 uterque
826 886 1023 957 bonum
1049 901 1202 942 suum
1236 887 1394 942 habet
1421 887 1472 941 in
1512 902 1618 957 quo
1641 885 1893 957 reﬁcitur.

307 957 509 1014 Sensus
535 956 757 1012 interior
777 956 1015 1028 reﬂcitur
1033 957 1088 1011 in
1109 956 1555 1028 contemplatione
1585 956 1894 1028 divinitatis,

307 1043 499 1084 sensus
528 1029 765 1083 exterior
795 1027 1338 1099 incontemplatione’
1365 1029 1728 1084 humanitatis.
1759 1027 1894 1081 Pro-

306 1111 491 1182 pterea
515 1100 656 1182 enim
686 1099 826 1182 Deus
855 1098 1211 1182 homo‘factus
1230 1108 1336 1181 est,
1357 1110 1418 1182 ut_
1433 1108 1602 1182 totum
1624 1099 1896 1182 hominem

307 1167 360 1225 in
390 1186 449 1225 se
477 1169 806 1224 beatilicaret
829 1211 844 1234 ,
889 1180 942 1224 et
968 1177 1076 1224 tota
1098 1172 1376 1225 conversio
1404 1170 1635 1226 hominis
1662 1177 1805 1224 esset
1828 1167 1896 1224 ad

307 1241 480 1310 ipsum
501 1282 516 1308 ,
546 1249 600 1294 et
624 1248 733 1294 tota
763 1240 978 1295 dilectio
1001 1240 1232 1295 hominis
1259 1251 1400 1297 esset
1443 1243 1497 1296 in
1537 1242 1652 1310 ipso
1671 1283 1686 1306 ,
1715 1255 1839 1295 cum
1864 1253 1896 1294 a

287 1327 466 1366 .sensu
493 1311 670 1366 carnis
695 1311 968 1366 videretur
997 1327 1092 1381 per
1117 1328 1355 1378 carnem,
1383 1322 1436 1366 et
1459 1328 1490 1366 a
1514 1326 1677 1367 sensu
1704 1310 1897 1365 mentis

307 1383 580 1437 videretur
605 1397 697 1450 per
723 1381 1014 1436 divinitatis
1037 1384 1558 1453 contemplationem.
1589 1382 1699 1436 Hoc
1718 1391 1894 1453 autem

307 1463 422 1507 erat
451 1461 620 1507 totum
649 1453 845 1508 bonum
879 1453 1108 1509 hominis
1127 1495 1141 1517 ,
1173 1462 1232 1508 ut
1255 1452 1366 1509 Sive
1396 1453 1770 1523 ingrederetur
1785 1452 1897 1506 sive

309 1523 690 1593 egrederetur,
731 1539 925 1592 pascua
971 1525 1021 1578 in
1070 1525 1267 1578 factore
1295 1539 1392 1578 suo
1420 1521 1684 1579 inveniret
1711 1521 1894 1593 (Joan.

315 1612 370 1657 χ,
399 1596 492 1664 9);
527 1609 721 1662 pascua
752 1594 880 1648 foris
908 1596 959 1648 in
987 1610 1148 1649 carne
1175 1595 1484 1661 Salvatoris,
1514 1605 1566 1650 et
1593 1608 1786 1665 pascua
1812 1593 1897 1648 in-

311 1674 393 1720 tus
421 1667 472 1718 in
499 1665 777 1720 divinitate
806 1667 1093 1720 Creatoris.
1136 1665 1250 1720 Hoc
1294 1666 1491 1720 bonum
1531 1675 1779 1733 magnum
1809 1679 1898 1718 sc-

308 1745 488 1790 cutum
519 1745 601 1790 est
627 1737 858 1800 malum;
903 1734 1390 1808 quoniamperdito
1419 1737 1560 1792 bono
1583 1736 1726 1806 quod
1753 1735 1897 1808 intus

308 1816 459 1873 erat,
489 1821 702 1877 egressa
737 1815 818 1862 est
843 1805 1019 1861 anima
1050 1806 1118 1861 ad
1160 1805 1300 1862 bona
1343 1808 1517 1862 aliena
1540 1849 1554 1871 ,
1602 1805 1724 1876 qua:
1770 1805 1900 1861 foris

308 1887 490 1940 erant;
533 1888 586 1932 et
626 1886 837 1946 pactum
866 1878 987 1932 fecit
1031 1893 1151 1932 cum
1196 1877 1636 1933 deleCtationibus
1681 1877 1897 1942 saeculi,

310 1949 651 2018 requiescens
672 1963 832 2018 super
860 1948 1000 2012 illas,
1031 1965 1135 2002 non
1158 1949 1437 2003 attendens
1462 1949 1756 2002 absentiam
1772 1948 1900 2002 boni

309 2021 392 2073 sui
419 2019 707 2083 interioris,
723 2035 806 2090 meo
842 2019 983 2090 quod
1008 2021 1402 2075 consolationes
1425 2035 1548 2074 suas
1575 2027 1818 2073 cerneret
1843 2018 1898 2073 in

311 2090 466 2144 bonis
490 2090 696 2144 alienis.
719 2089 1001 2144 Namcum
1031 2091 1263 2145 exterior
1291 2106 1479 2146 sensus
1508 2091 1735 2144 carnalis
1757 2090 1900 2144 bono

314 2174 412 2223 suo
434 2160 617 2224 utitur,
638 2161 860 2215 interior
880 2176 1070 2216 sensus
1090 2165 1284 2216 mentis
1304 2160 1454 2231 quasi
1474 2161 1759 2215 obdormit.
1782 2159 1899 2215 Non

311 2231 453 2302 enim
479 2231 753 2302 cognoscit
781 2233 918 2287 bona
941 2232 1210 2287 interioris
1232 2247 1440 2296 sensus,
1462 2233 1551 2302 qui
1569 2231 1901 2301 jncunditate

311 2301 574 2374 bonorum
603 2304 924 2358 exteriorum
946 2304 1174 2373 capitur.
1198 2302 1332 2358 Nam
1358 2304 1446 2374 qui
1479 2301 1530 2356 in
1561 2317 1723 2357 carne
1749 2302 1896 2369 vivit,

312 2371 364 2426 in
395 2387 557 2427 carne
581 2375 778 2440 sentit,
825 2384 879 2429 et
923 2371 1137 2429 dolores
1175 2375 1353 2429 carnis
1376 2371 1532 2444 'fugit
1560 2374 1612 2427 in
1643 2383 1900 2443 quantum

313 2452 512 2516 potest,
555 2445 772 2498 vulnera
817 2454 999 2516 autem
1045 2445 1237 2500 anima:
1277 2460 1498 2516 prorsus
1541 2445 1767 2516 ignorat,
1801 2457 1902 2516 nec

314 2514 636 2568 medicinam
663 2515 851 2584 quaerit
880 2517 932 2571 in
961 2517 1056 2570 eis.
1087 2517 1216 2570 Cum
1263 2513 1440 2570 autem
1473 2513 1711 2570 mortuus
1740 2513 1903 2569 fuerit

312 2598 502 2639 sensus
524 2587 714 2640 animm
741 2629 754 2650 ,
791 2602 898 2656 quo
934 2588 1062 2641 vivit
1088 2588 1140 2641 in
1170 2602 1350 2654 carne,
1385 2596 1510 2640 tunc
1536 2586 1790 2642 viviﬁcari
1822 2587 1902 2639 in-

312 2656 475 2729 cipiet
510 2671 705 2729 sensus
751 2657 868 2723 ille,
917 2675 1022 2729 quo
1060 2659 1220 2713 sentit
1268 2660 1633 2727 semetipsum,
1679 2665 1733 2712 et
1775 2665 1903 2712 tunc

320 2726 455 2780 sciet
491 2727 706 2782 dolores
751 2744 898 2796 suos,
933 2726 997 2784 ἐι
1041 2730 1239 2783 sentire
1287 2726 1502 2798 incipiet
1542 2729 1760 2783 vulnera
1806 2741 1902 2782 sua

315 2805 463 2872 tanto
490 2798 703 2872 gravius
727 2812 926 2869 quanto
963 2799 1201 2872 propius.
1249 2800 1414 2872 Magis
1435 2801 1577 2855 enim
1605 2799 1759 2872 obest
1785 2813 1900 2872 ma-

315 2866 424 2921 lum
450 2866 712 2942 quodest
744 2866 917 2942 inagis
959 2866 1224 2937 vicinum;
1268 2866 1532 2942 et'magis
1561 2871 1779 2942 prodest
1806 2869 1903 2925 bo-

317 2953 442 2992 num
473 2939 614 3010 quod
646 2941 814 3012 magis
842 2939 925 2997 est
952 2942 1216 2998 intimum.

387 3032 613 3108 CAPUT
640 3031 734 3108 _X.
799 3031 1044 3108 Spiritus:
1077 3034 1151 3108 (a)
1182 3035 1412 3108 Spiritus
1472 3033 1905 3108 diciturdmultis

317 3104 510 3178 modis.
542 3103 1252 3178 DiciturdnamqneSpiritus
1290 3107 1460 3173 Deus,
1491 3115 1547 3178 et
1569 3121 1661 3160 aer
1691 3105 1818 3169 iste,
1851 3113 1906 3160 et

318 3177 472 3232 ﬂatus
512 3175 653 3230 aeris
681 3176 771 3246 qui
809 3191 840 3230 a
883 3175 1331 3246 corde'receptus
1366 3189 1420 3232 et
1465 3177 1588 3232 inde
1611 3192 1706 3246 per
1733 3183 1904 3230 totum

318 3263 513 3316 corpus
540 3247 768 3302 emissus
797 3249 1099 3302 mortalium
1124 3249 1284 3303 vitam
1309 3248 1436 3303 ﬂatu
1457 3247 1760 3303 necessario
1777 3262 1907 3301 con-

322 3319 473 3374 tinet.
505 3317 610 3390 lste
638 3327 812 3373 tamen
844 3318 1058 3388 spiritus
1080 3319 1416 3390 jure’anima
1445 3319 1552 3374 dici
1578 3334 1684 3373 non
1702 3328 1901 3388 potest,

321 3390 442 3458 quia
477 3389 618 3442 aeris
645 3390 900 3444 varietate
926 3389 1257 3445 dissolvitur.
1296 3390 1498 3445 Dicitur
1536 3391 1754 3458 spiritus
1786 3391 1905 3445 ani-

324 3475 430 3525 ma,
460 3459 575 3514 sive
602 3458 853 3530 hominis,
882 3461 996 3515 sive
1023 3462 1250 3530 pecoris.
1284 3461 1488 3516 Dicitur
1510 3461 1727 3530 spiritus
1753 3477 1907 3520 mens

322 3529 745 3602 rationalis,_ubi
771 3539 855 3585 est
879 3529 1120 3601 quaedam
1161 3532 1390 3602 scintilla
1427 3529 1677 3602 tanquam
1721 3534 1907 3590 oculus

322 3603 530 3673 animm,
580 3600 647 3673 ad
687 3617 844 3672 quem
893 3600 1124 3672 pertinet
1167 3601 1382 3672 imago'
1426 3611 1480 3658 et
1515 3600 1746 3673 cognitio
1787 3605 1896 3660 Dei.

291 3671 519 3745 ’Oculus
555 3671 747 3726 anima:
789 3681 871 3727 est
894 3671 1046 3728 mens
1069 3673 1138 3728 ab
1163 3671 1310 3728 omni
1333 3674 1574 3745 corporis
1588 3671 1718 3745 labe
1742 3691 1870 3745 pura
1887 3718 1904 3744 ,

325 3742 521 3797 mentis
551 3751 800 3812 aSpectus
829 3753 912 3799 est
941 3745 1095 3811 ratio,
1130 3742 1446 3801 intellectus
1460 3745 1614 3800 visio.
1644 3742 1768 3801 Tria
1794 3742 1907 3802 haec

323 3814 470 3868 omni
497 3814 690 3886 animm
715 3815 1015 3870 necessaria
1041 3825 1167 3871 sunt
1190 3835 1202 3869 :
1228 3824 1285 3870 ut
1307 3831 1468 3872 sanos
1487 3818 1670 3872 oculos
1689 3815 1904 3886 habeat,

324 3893 380 3938 ut
419 3885 674 3953 aspiciat,
716 3896 774 3940 ut
816 3886 1011 3941 videat.
1053 3887 1227 3942 Sanos
1265 3888 1449 3943 oculos
1497 3887 1679 3952 habet,
1719 3903 1841 3944 cum
1875 3885 1908 3944 a

325 3956 632 4028 mortalium
678 3957 1057 4027 cupiditatibus
1099 3967 1181 4013 est
1223 3967 1442 4028 purgata
1479 3967 1638 4024 atque
1676 3969 1905 4017 remota.

324 4025 567 4107 ῥεμὶεἰιἶ
590 4041 716 4107 _cum
748 4025 814 4081 in
846 4028 946 4107 Dei
984 4028 1181 4107 lumine
1219 4025 1683 4107 contemplationis
1725 4031 1910 4107 oculos

324 4095 460 4166 figit.
509 4095 700 4171 Videt,
758 4112 879 4171 cum
934 4099 986 4152 in
1025 4100 1112 4154 illa
1162 4095 1608 4171 contemplatione
1649 4102 1911 4171 conspicit

323 4176 524 4238 quanta
553 4167 660 4221 sint
686 4170 873 4240 gaudia
895 4211 908 4236 ,
941 4179 1135 4239 quanta
1167 4167 1588 4240 la:titia,’quanta
1612 4167 1870 4228 securitas
1889 4213 1906 4239 ,

322 4247 522 4362 quanta
549 4239 812 4294 serenitas
837 4281 851 4306 ,
887 4248 941 4294 ct
965 4250 1160 4310 quanta
1185 4239 1510 4311 jucunditas.
1541 4242 1752 4298 Sanitas
1783 4242 1912 4299 facit

325 4311 340 4362 i
365 4309 474 4362 iam
501 4324 782 4362 securam.
811 4321 1058 4362 asnectus
1098 4323 1326 4362 rectam-
1357 4313 1490 4362 visio
1516 4313 1747 4362 beatam.
1777 4315 1910 4362 Cum

325 4309 474 4363 illam
501 4324 782 4376 securam,
811 4309 1058 4379 aspectus
1098 4309 1326 4378 rectam,
1357 4313 1490 4367 visio
1516 4313 1747 4369 beatam.
1777 4315 1911 4370 Cum

324 4381 470 4434 enim
511 4379 674 4454 fuerit
705 4380 773 4454 ab
809 4383 952 4454 omni
997 4381 1128 4438 faece
1171 4383 1336 4438 libera
1364 4385 1691 4454 maculisque
1713 4385 1906 4453 diluta,

327 4460 454 4523 tunc
495 4451 829 4523 sedenique
873 4452 926 4506 in
969 4467 1028 4507 se
1069 4455 1180 4523 ipsa
1223 4454 1572 4510 libentissime
1607 4451 1814 4522 tenet‘,
1860 4451 1915 4512 et

325 4521 458 4576 nihil
485 4521 585 4576 sibi
626 4523 851 4598 metuit,
883 4531 975 4598 aut
1000 4521 1234 4598 ullasua
1263 4525 1416 4598 culpa
1443 4526 1914 4598 quidquamangi-

329 4600 414 4646 tur
439 4601 550 4665 :ct
579 4601 703 4665 tunc
751 4593 950 4664 ingenti
995 4594 1218 4665 quadam
1277 4593 1673 4652 et’iuc'redibili
1723 4593 1915 4654 liduéia

329 4664 500 4736 pergit
525 4663 587 4736 in
633 4663 826 4730 Deum,
865 4665 916 4719 id
957 4663 1056 4731 est,
1103 4666 1155 4720 in
1205 4667 1373 4735 ipsam
1410 4668 1914 4736 contemplationem

328 4733 600 4809 veritatis;
643 4744 915 4809 aspectum
944 4733 1237 4809 _siquidem‘
1269 4747 1474 4809 rectum
1516 4733 1757 4808 sequitur
1801 4741 1916 4809 ipsa

329 4804 464 4859 visio
491 4805 608 4872 Dei,
640 4807 730 4876 qui
756 4815 841 4879 est
869 4805 988 4879 linis
1025 4804 1292 4877 aspectus.
1321 4807 1422 4879 _Sic
1453 4804 1629 4863 anima
1658 4810 1804 4879 prius
1823 4804 1919 4864 'sa-

331 4884 508 4950 natur,
541 4885 726 4950 sanata
753 4877 1126 4950 introducitur,
1160 4877 1461 4950 introducta
1488 4877 1763 4950 relicitur'F.
1792 4881 1915 4950 Spi-

333 4947 466 5020 ritus
505 4949 668 5002 etiam
694 4956 791 5020 est
814 4948 1056 5020 quadam
1091 4951 1173 5004 vis
1203 4949 1393 5004 animae
1413 4991 1428 5017 ,
1460 4959 1638 5006 mente
1665 4947 1915 5018 inferior,

333 5017 420 5093 ubi
461 5017 844 5093 corporalium
871 5035 1051 5075 rerum
1100 5021 1474 5077 similitudines
1527 5017 1916 5093 exprimuntur.

334 5086 439 5162 Nec
466 5086 582 5162 ipse
605 5089 824 5162 spiritus
849 5105 1044 5161 corpus
1067 5101 1169 5159 cst,
1202 5093 1294 5146 sed
1324 5094 1534 5162 corpori
1561 5086 1770 5147 similis.
1791 5095 1920 5161 Quae

335 5160 475 5216 enim
503 5160 694 5232 spiritu
719 5160 997 5230 videntur,
1029 5177 1133 5218 non
1162 5173 1286 5217 sunt
1312 5160 1606 5234 corporalia
1630 5206 1645 5233 ,
1677 5165 1770 5221 sed
1800 5160 1922 5220 cor-

396 5385 414 5448 ξ
452 5389 562 5448 uss.
586 5383 908 5448 Medardenss
929 5385 1079 5448 athiit,
1101 5384 1283 5437 scilicet
1318 5385 1558 5438 rationali.

397 5446 418 5510 ξ
453 5445 645 5510 Aliquot
665 5454 794 5510 Mss,,
817 5447 949 5500 vitae.

399 5507 420 5540 ³
453 5507 592 5572 Editi,
615 5507 910 5572 imaginario.

399 5574 420 5600 ι
454 5571 572 5620 Editi
587 5605 601 5629 ,
627 5568 955 5623 liberalissime
977 5579 1118 5624 tenet.

400 5632 422 5701 ξ
569 5634 897 5701 hiemi-densis
919 5635 1078 5701 addit,
1101 5635 1284 5701 scilicet
1305 5634 1716 5701 persapientimn.

399 5692 473 5756 (a)
492 5700 556 5744 Ex
583 5693 672 5758 iib.
698 5696 758 5745 12
777 5697 841 5744 de
863 5704 977 5746 Gen.
1002 5692 1073 5747 ad
1095 5699 1220 5758 ιλιι..
1379 5700 1438 5758 7,
1472 5692 1560 5758 '23;
1604 5713 1668 5747 ex
1699 5698 1779 5748 lib.
1805 5699 1825 5747 l
1849 5706 1930 5750 So-

338 5751 719 5882 nn.
739 5758 814 5820 12,
843 5759 918 5822 l5,
939 5765 990 5810 et
1007 5772 1070 5809 ex
1090 5751 1232 5822 ungi,
1261 5760 1344 5810 lib.
1368 5751 1436 5812 de
1454 5751 1758 5812 sacramento
1776 5763 1925 5828 Fidei,

1428 341 1628 402 LIBER
1666 345 1754 402 DE
1791 341 2058 404 SPIBITU
2098 345 2187 401 ET
2225 345 2457 402 ANIMA.

3481 357 3585 418 ⁸186

2075 458 2273 534 ratibus
2311 457 2524 515 similia.
2574 459 2762 534 Facies
2799 463 3061 534 siquidem
3091 465 3321 524 hominis
3345 477 3401 524 et
3426 468 3579 526 nobis

2023 530 2299 586 'orinsecus
2323 539 2446 586 nota
2466 539 2567 598 est,
2599 541 2654 587 et
2682 532 2734 586 in
2762 530 3018 589 memoria
3049 545 3231 592 nostra
3259 539 3418 596 habet
3446 540 3581 594 ima-

2000 602 2176 679 ginem
2218 617 2410 679 suam,
2438 601 2828 679 incorporalem
2857 605 3072 679 qnidem
3096 649 3110 674 ,
3143 608 3235 663 sed
3265 610 3475 679 corpori
3509 608 3582 664 si—

2002 643 2410 748 i’iiii‘éiii._in.}iie
2437 643 2828 744 ἓίὶἶόείιῗέἶέἱῖιὶζ
2849 643 3110 732 Elii-iiii};
3135 643 3496 748 ιῗῖιῖεἰίῖἱῶἴίὃ,
3509 643 3587 735 ’ἆ

2001 743 2156 814 nobis
2198 741 2326 798 foris
2367 741 2586 814 pra—25m"
2601 753 2715 812 est,
2747 755 2801 801 et
2826 747 2877 801 in
2906 741 3162 802 memoria
3205 757 3387 804 nostra
3426 741 3586 805 habet

1999 813 2287 890 imaginem
2314 813 2464 890 suam
2487 855 2502 880 ,
2546 815 2934 890 incorporalem
2963 819 3214 888 quidem,
3252 819 3343 875 sed
3375 817 3588 890 corpori

2000 883 2252 950 similem,
2281 885 2347 940 ad
2373 901 2533 955 quam
2563 883 2889 943 recurrimus
2909 883 3028 943 cuin
3056 883 3252 945 clausis
3277 890 3446 946 oculis
3467 883 3588 945 eam

2001 955 2314 1029 cogiiamus.
2347 956 2499 1029 Quod
2547 957 2698 1029 enim,
2729 968 2812 1013 est
2851 959 2919 1014 ad
2964 961 3203 1029 corporis
3232 976 3448 1015 sensum
3492 961 3594 1015 ali-

2001 1024 2146 1096 quod
2178 1041 2373 1096 corpus
2403 1029 2455 1081 in
2483 1027 2602 1082 loco
2621 1069 2636 1093 ,
2687 1028 2788 1084 hoc
2813 1039 2897 1085 est
2923 1031 2991 1085 ad
3016 1024 3177 1086 animi
3205 1032 3373 1087 aciem
3402 1031 3594 1086 simili-

2003 1095 2132 1171 tudo
2183 1095 2423 1171 corporis
2486 1098 2538 1151 in
2600 1101 2856 1171 memoria
2890 1119 2903 1153 :
2935 1111 2990 1157 et
3047 1102 3186 1171 quod
3236 1113 3318 1158 est
3367 1102 3593 1157 intentio

2001 1165 2291 1243 voluntatis
2311 1167 2376 1243 ad
2399 1183 2593 1243 corpus
2616 1170 2789 1224 visum
2816 1165 3182 1243 visionenique
3209 1172 3587 1243 copulandam,

2004 1234 2106 1318 hoc
2148 1247 2230 1319 cst
2273 1238 2461 1294 eadem
2496 1234 2733 1320 intentio
2779 1244 3065 1320 voluntatis
3097 1234 3183 1298 'ad
3229 1234 3593 1320 populandam

2005 1314 2291 1380 imaginem
2320 1314 2594 1380 corporis,
2640 1327 2758 1380 (line
2801 1321 2882 1366 est
2924 1314 2974 1366 in
3019 1315 3274 1368 memoria
3303 1325 3358 1370 et
3387 1315 3592 1369 visione

2003 1379 2306 1456 cogitantis.
2341 1379 2682 1456 llle_spir_itns
2708 1382 2901 1436 dicitur
2931 1383 3101 1456 factus
3126 1384 3190 1437 ad
3209 1385 3508 1456 imaginem
3535 1393 3593 1439 et

2004 1450 2404 1524 similitudinem
2430 1451 2546 1524 Dei,
2567 1452 2616 1524 in
2634 1467 2741 1524 quo
2757 1463 2839 1508 est
2859 1455 3090 1524 cognitio
3111 1450 3416 1510 veritatiset
3438 1470 3594 1510 amor

2003 1519 2233 1594 virtutis.
2261 1521 2442 1594 imago
2473 1519 2735 1594 siquidem
2775 1531 2857 1579 est
2883 1519 2950 1578 itf
2970 1526 3294 1594 cognitione,
3323 1536 3377 1580 et
3401 1526 3593 1579 simili-

2005 1589 2134 1662 tudo
2161 1591 2212 1644 in
2241 1589 2551 1646 dilectione;
2581 1592 2757 1662 Imago
2781 1636 2796 1661 ,
2829 1597 2950 1662 quia
2978 1589 3289 1660 raiionalisj
3317 1605 3371 1650 ct
3397 1596 3591 1650 simili-

2006 1660 2162 1734 tudo,
2204 1663 2326 1734 quia
2352 1663 2659 1730 spiritualis.
2693 1660 2876 1718 lltcret
2916 1665 3179 1734 siquidem
3208 1667 3418 1722 veritati
3445 1667 3593 1720 nulla

2004 1731 2320 1805 interposita
2351 1734 2664 1805 substantia.
2712 1731 2994 1790 Rationale
3031 1739 3300 1792 nostrum’
3325 1778 3339 1800 ,
3376 1753 3480 1805 quo
3509 1752 3596 1791 ra-

2003 1803 2342 1876 iiocinamur,
2360 1803 2719 1876 intelligimus,
2740 1807 3062 1876 etsapimus,
3082 1808 3327 1876 spiritum
3345 1803 3593 1861 dicimus.

2007 1872 2159 1946 l_l_u_nc
2185 1886 2360 1946 autem
2399 1872 2643 1943 Spiritum
2673 1872 2962 1946 Apostolus
2988 1872 3220 1931 mentem
3253 1887 3443 1944 vocat,
3470 1893 3594 1932 cum

2004 1942 2153 2020 dicit,
2187 1942 2522 2020 Renovmnini
2541 1942 2734 2020 spiritu
2747 1948 2924 2020 mentis
2949 1959 3124 2002 vestrm
3146 1949 3360 2019 (Epltes.
3382 1942 3455 2013 tv,
3473 1947 3591 2020 25);

2004 2013 2058 2068 id
2085 2025 2188 2078 est,
2221 2025 2419 2079 mente,
2453 2013 2584 2070 nihil
2611 2018 2752 2071 enim
2779 2018 2923 2072 aliud
2962 2028 3045 2074 est
3090 2013 3311 2086 spiritus
3360 2013 3592 2080 mentis,

2004 2099 2162 2154 quam
2195 2101 2348 2141 mens
2371 2103 2384 2140 :
2405 2087 2542 2141 sicut
2565 2102 2758 2158 corpus
2783 2089 2980 2156 carnis,
3008 2089 3139 2144 nihil
3161 2089 3305 2145 aliud
3325 2099 3408 2147 est
3433 2104 3595 2160 quam

2004 2170 2150 2210 caro.

2074 2225 2300 2282 CAPUT
2355 2227 2474 2298 Xlr
2511 2228 2656 2284 Mens
2707 2231 2841 2284 unde
2894 2231 3048 2284 dicta.
3109 2229 3361 2298 Diﬂ'erunt
3417 2246 3592 2286 sensus

2005 2298 2400 2372 etimaginatio.
2443 2297 2703 2372 Divitensio
2740 2297 3255 2372 animwrSapienl’ia.
3286 2300 3593 2372 Prudentia.

2007 2366 2080 2438 (a)
2107 2366 2255 2421 Mens
2276 2378 2452 2423 autem
2471 2369 2661 2424 dicitur
2689 2385 2718 2424 a
2749 2384 2894 2437 μήνη.
2921 2366 3060 2434 Man}
3084 2383 3260 2426 autem
3283 2371 3490 2436 Griece,
3517 2374 3597 2426 la-

2008 2439 2114 2492 tine
2145 2438 2336 2492 dicitur
2363 2440 2505 2494 luna.
2537 2440 2602 2494 Et
2628 2441 2766 2494 sicut
2795 2443 2916 2496 luna
2943 2443 3134 2497 crescit
3158 2450 3212 2497 et
3235 2441 3516 2509 decrescit,
3545 2451 3601 2498 et

2006 2509 2149 2584 varia
2177 2509 2539 2584 vicissitudine
2559 2519 2813 2578 mutatur,
2839 2513 2890 2566 in
2915 2513 2964 2566 id
2989 2522 3164 2567 tamen
3187 2513 3327 2583 quod
3354 2513 3450 2568 fuit
3469 2528 3602 2584 qua-

2006 2579 2126 2633 dam
2158 2579 2386 2649 perfecta
2419 2582 2652 2636 novitate
2677 2598 2734 2637 se
2761 2585 2989 2637 restituit
3020 2602 3032 2638 :
3063 2586 3139 2638 sic
3166 2579 3318 2639 mens
3345 2579 3603 2639 nunc—ca-

2010 2661 2100 2720 put
2130 2651 2352 2704 summis
2383 2653 2587 2718 inserit,
2617 2668 2756 2706 nunc
2782 2653 2980 2708 decidit
3003 2656 3054 2708 in
3082 2655 3282 2721 infima,
3312 2670 3452 2710 nunc
3479 2668 3600 2710 sese

2008 2721 2245 2796 referens
2275 2722 2375 2796 sibi
2396 2723 2762 2796 ',_v_erisfalsa
2793 2726 3095 2795 redarguit;
3127 2725 3287 2780 modo
3315 2724 3602 2796 adrcorpoo

2009 2793 2134 2847 ralia
2165 2792 2390 2860 regenda
2421 2792 2740 2860 deﬂectitur,
2773 2796 2933 2850 modo
2955 2792 3170 2852 aeternis
3197 2795 3488 2853 rationibus
3507 2792 3600 2850 in-

2008 2863 2294 2937 spiciendis
2317 2864 2398 2918 vel
2427 2865 2768 2937 consulendis
2793 2866 3129 2925 adhazrescit.
3161 2868 3312 2923 Ratio
3337 2865 3602 2937 siquidem

2009 2943 2091 3005 est
2126 2935 2317 3005 mentis
2351 2944 2599 3005 aspectus
2627 2945 2732 3005 quo
2761 2936 2957 2991 bonum
2993 2947 3048 2993 et
3082 2939 3278 2994 malum
3307 2935 3602 3004 discernit,

2008 3003 2230 3059 virtutes
2254 3003 2430 3075 eligit,
2450 3003 2722 3074 Deumque
2743 3007 2930 3074 diligit.
2955 3008 3102 3063 Mens
3126 3011 3494 3063 universorum
3513 3003 3605 3062 ca;

2009 3089 2141 3142 pax,
2173 3085 2228 3149 et
2252 3075 2491 3149 omnium
2522 3092 2700 3149 rerum
2737 3077 3082 3149 similitudine
3111 3077 3356 3149 insignita
3377 3121 3392 3142 ,
3421 3078 3602 3149 omnia

2009 3159 2130 3218 esse
2161 3145 2614 3218 diciiurinaturali
2644 3147 2869 3218 quadam
2910 3151 3144 3218 potentia
3171 3145 3240 3204 et'
3263 3149 3489 3203 naturali
3515 3147 3602 3204 di-

2009 3216 2228 3290 gnitate.
2271 3215 2472 3271 Idcirco
2492 3215 2800 3290 invisibiles
2837 3215 3015 3290 rerum
3051 3234 3240 3275 causas
3279 3235 3373 3290 per
3403 3218 3605 3290 intelli-

2010 3287 2240 3357 gentiam
2272 3287 2706 3357 comprehendit,
2739 3297 2792 3344 et
2821 3289 3057 3344 visibiles
3089 3287 3374 3346 actualium
3405 3289 3606 3345 formas

2012 3372 2108 3428 per
2136 3373 2390 3431 sensuum
2421 3360 2694 3427 passiones
2716 3360 2934 3430 colligit.
2965 3361 3029 3414 Et
3055 3363 3167 3417 sive
3199 3377 3293 3431 per
3321 3359 3605 3431 sensusad

2010 3427 2282 3504 Sensibilia
2312 3438 2498 3496 exeat,
2531 3427 3287 3504 siveperinielligentiam'ad
3319 3430 3608 3504 invisibilia

2010 3500 2284 3583 ascendat,
2307 3515 2483 3583 rerum
2507 3501 2878 3583 similitudines
2901 3500 3046 3583 iid’se
3073 3505 3236 3583 ipsam
3262 3502 3444 3583 trahit,
3468 3501 3608 3583 praef

2010 3572 2179 3643 sentin
2208 3572 2499 3641 cognoscit,
2527 3572 2763 3643 absentia
2791 3572 3055 3643 intelligit,
3085 3573 3262 3642 ignota
3290 3572 3528 3643 inquirit,
3551 3579 3608 3629 et

2012 3641 2064 3695 in
2094 3642 2323 3696 inventis
2345 3651 2606 3697 versatur.
2634 3642 2909 3698 Rationale
2934 3641 2988 3698 et
3018 3641 3374 3699 intellectuale
3401 3642 3605 3710 lumen,

2051 3727 2118 3784 uo
2152 3713 2564 3784 ratiocinamur,
2605 3713 2948 3784 intelligimus
2975 3723 3030 3770 et
3067 3715 3336 3784 sapimus,
3368 3722 3610 3784 mentem

2051 3727 2118 3765 uo
2152 3727 2564 3777 ratiocinamur,
2605 3727 2948 3784 intelligimus
2975 3727 3030 3770 et
3067 3729 3336 3784 sapnnus,
3368 3727 3610 3770 mentem

2011 3727 2266 3846 dicimus,
2296 3787 2413 3853 qua:
2441 3783 2509 3836 ita
2541 3783 2674 3838 facta
2701 3793 2783 3838 est
2811 3786 2875 3837 ad
2910 3787 3189 3854 imaginem
3224 3784 3343 3849 Dei,
3374 3792 3432 3838 ut
3459 3783 3610 3839 nulla

2013 3853 2322 3924 interposita
2367 3863 2549 3924 natura
2600 3857 2667 3908 ab
2709 3855 2820 3923 ipsa
2871 3853 3094 3911 veritate
3137 3856 3412 3910 formetur.
3458 3855 3609 3910 Mens

2012 3923 2243 3980 euim’ex
2267 3941 2332 3996 eo
2355 3923 2498 3996 dicta
2515 3933 2597 3979 est
2619 3926 2758 3993 quod
2782 3927 3013 3980 emineat
3039 3928 3088 3980 in
3115 3927 3291 3981 anima
3317 3944 3330 3977 τ
3359 3936 3609 3996 praestan-

2015 3996 2119 4049 tior
2143 3995 2416 4068 siquidem
2455 3995 2534 4068 vis
2570 3999 2760 4068 anima:
2791 4008 2905 4064 est,
2935 4014 2962 4050 a
2995 4012 3096 4068 qua
3133 3995 3372 4068 procedit
3406 3995 3611 4055 intell'h

2013 4066 2210 4138 gentia.
2243 4066 2346 4119 Per
2376 4065 2773 4138 intelligentiam
2810 4069 2988 4138 utique
3011 4065 3182 4136 ipsam
3212 4069 3492 4124 veritatem
3522 4069 3610 4124 itt-

2016 4136 2199 4207 telligit
2219 4177 2232 4201 ,
2266 4152 2358 4204 per
2387 4136 2699 4206 sapientiam
2730 4136 2920 4208 diligitI
2958 4139 3224 4207 Sapientia
3263 4155 3495 4208 namque
3525 4146 3612 4198 est

2015 4223 2170 4280 arnor,
2191 4209 2313 4262 boni
2340 4208 2452 4262 sive
2478 4224 2640 4280 sapor
2663 4209 2807 4276 boni,
2833 4225 2862 4263 a
2888 4225 3079 4279 sapore
3103 4209 3365 4280 siquidem
3391 4208 3610 4266 dicitur.

2014 4278 2206 4333 Mentis
2227 4280 2359 4364 visio
2379 4279 2858 4364 estinteiligentia;
2883 4278 3086 4364 gustus,
3109 4278 3366 4364 sapientia
3389 4291 3489 4364 est.
3516 4280 3614 4364 Illa

2016 4350 2429 4420 contemplatur,
2460 4351 2558 4404 ista
2582 4349 2904 4404 delectatur.
2923 4352 3055 4405 Cum
3081 4352 3147 4407 ab
3176 4349 3517 4408 inferioribus
3542 4351 3612 4406 ad

2017 4422 2291 4490 superiora
2313 4421 2555 4474 volumus
2572 4422 2879 4482 ascendere,
2905 4423 3052 4490 prius
3071 4424 3302 4476 occurrit
3320 4423 3475 4478 nobis
3496 4437 3612 4482 sett-

2017 4505 2130 4555 sus,
2159 4490 2352 4545 deinde
2381 4491 2706 4560 imaginatio,
2735 4500 2918 4560 postea
2943 4493 3100 4558 ratio,
3129 4493 3431 4548 intellectus
3451 4503 3505 4548 et
3529 4494 3611 4547 iu-

2018 4561 2330 4631 telligentia,
2353 4562 2480 4614 etin
2503 4575 2712 4614 summo
2734 4571 2813 4616 est
2837 4563 3116 4631 sapientia.
3139 4564 3358 4618 Summa
3380 4577 3616 4631 namque

2019 4633 2281 4701 sapientia
2313 4631 2426 4702 ipse
2451 4633 2598 4702 Deus
2626 4639 2728 4686 est.
2756 4632 3026 4702 Sapientia
3054 4633 3284 4689 hominis
3309 4643 3391 4689 est
3417 4635 3612 4702 pietas,

2020 4702 2073 4756 id
2103 4711 2184 4756 est
2203 4743 2217 4767 ,
2246 4701 2420 4756 cultus
2447 4701 2562 4756 Dei.
2590 4702 2789 4760 Sensus
2819 4701 2880 4758 ea
2915 4706 2996 4758 vis
3020 4705 3213 4759 animae
3234 4713 3346 4770 est,
3371 4701 3488 4772 qua:
3519 4719 3610 4757 re-

2021 4787 2140 4828 rum
2160 4787 2542 4846 corporearum
2569 4787 2855 4844 corporeas
2878 4776 3100 4846 percipit
3115 4776 3135 4806 ³
3159 4776 3356 4830 formas
3378 4789 3615 4842 praesen-

2025 4852 2123 4898 tes.
2159 4842 2466 4916 Imaginatio
2491 4852 2573 4899 est
2599 4842 2773 4900 cavis
2805 4842 2997 4901 anima:
3016 4842 3040 4912 ,⁷
3060 4862 3179 4916 qua:
3208 4860 3387 4901 rerum
3421 4859 3616 4916 corpo-

2023 4930 2235 4969 rearum
2259 4912 2544 4984 corporeas
2571 4917 2794 4987 percipit
2819 4916 3038 4982 fortnas,
3066 4912 3162 4972 sed
3187 4918 3462 4987 absentes.
3482 4912 3620 4987 seu-

2023 5001 2115 5040 sus
2153 5001 2382 5056 namque
2421 4985 2616 5041 formas
2657 4985 2970 5040 in’maleria
3016 4988 3264 5056 percipit,
3308 4985 3618 5053 imaginatio

2024 5066 2173 5111 extra
2199 5058 2476 5112 materiam
2506 5075 2520 5114 :
2545 5067 2598 5112 et
2623 5073 2684 5112 ea
2716 5058 2794 5112 vis
2819 5073 2937 5128 qua:
2963 5059 3198 5112 exterius
3222 5056 3468 5128 (mutata,
3494 5071 3618 5128 Sen-

2025 5143 2116 5182 sus
2140 5129 2351 5191 dicitur,
2373 5128 2559 5182 eadem
2587 5143 2752 5197 usque
2777 5127 2844 5181 ad
2874 5129 3116 5182 intimum
3141 5127 3400 5194 traducta,
3431 5127 3620 5196 imagi-

2027 5199 2173 5254 natio
2204 5209 2446 5253 vocatur.
2477 5198 2788 5269 Imaginatio
2819 5215 3046 5268 namque
3072 5198 3137 5253 de
3161 5213 3322 5253 sensu
3349 5197 3538 5269 oritur,
3561 5204 3620 5253 et

2029 5270 2321 5324 secundum
2343 5271 2458 5340 ejus
2484 5268 2823 5324 diversitates
2844 5270 3010 5340 ipsius
3029 5284 3240 5340 quoque
3265 5279 3346 5324 est
3371 5268 3618 5340 variatio.

2028 5340 2190 5396 Multa
2239 5339 2384 5396 videt
2425 5341 2600 5396 anima
2645 5339 2947 5395 carnalibus
2990 5339 3201 5410 oculis,
3248 5341 3411 5396 multa
3454 5339 3621 5400 etiam

2099 5514 2115 5545 ι
2151 5510 2370 5562 Nonnulli
2392 5518 2521 5571 Mss,
2542 5508 2780 5562 Rationale
2803 5524 2912 5562 vero
2933 5517 3164 5564 matrum.

2097 5577 2118 5606 ⁸
2153 5576 2286 5634 Editi,
2305 5573 2529 5636 inferens.

2100 5638 2122 5700 ξ
2155 5637 2274 5686 Editi
2299 5633 2374 5684 hic
2397 5645 2446 5700 et
2459 5649 2596 5700 mox,
2613 5633 2809 5700 recipit.

2099 5698 2170 5760 (a)
2203 5704 2267 5746 Ex
2285 5697 2576 5768 Cassiodoro,
2594 5697 2659 5746 de
2679 5697 2868 5768 Anima,
2896 5713 3031 5768 capp:
3061 5703 3106 5768 ι,
3135 5703 3198 5764 7;
3234 5709 3359 5752 Isaac
3381 5714 3443 5768 es
3467 5699 3624 5768 Steii.;

2040 5760 2432 5875 cxﬁquggéiede
2457 5760 2638 5810 Unione
2660 5762 2875 5824 corporis
2891 5770 2941 5813 et
2956 5760 3256 5830 'spirit'us,'et
3281 5764 3511 5817 vticcllan.
3537 5760 3626 5824 lib;

2079 5858 2094 5885 ,
2107 5831 2180 5874 ιιι.
2211 5831 2314 5872 tau.
3243 5865 3246 5869 .
