4102 6336
326 337 434 396 795

325 467 434 513 tam
458 452 683 526 singulis
697 467 855 526 quam
883 449 1131 508 omnibus
1163 445 1470 526 providens,
1494 448 1566 526 ita
1593 463 1715 505 eum
1741 458 1908 506 totum

324 529 390 583 ad
417 520 730 582 custodiam—
747 524 850 578 mei
879 530 1191 592 occupatum
1229 520 1403 592 video,
1433 534 1494 574 ac
1522 521 1586 592 si,
1610 535 1710 590 ego
1750 536 1913 592 super

325 599 618 654 custodiam
650 596 978 656 meistarem
1003 591 1028 656 ξ
1049 592 1199 663 quasi
1237 591 1474 663 omnium
1505 591 1698 646 oblitus
1741 591 1833 652 sit,
1858 601 1910 648 et

325 670 452 724 mihi
475 669 575 723 soli
605 667 879 722 intendere
901 665 1046 720 velit.
1067 662 1300 732 Semper
1325 662 1468 716 enim
1493 677 1552 716 se
1591 674 1908 731 praesentem

325 740 562 802 exhibet,
609 754 823 807 semper
865 752 923 790 se
965 744 1204 805 paratum
1233 733 1410 798 offert,
1461 736 1506 786 si
1549 749 1636 787 me
1668 742 1908 807 paratum

326 812 605 866 invenerit.
639 805 982 877 Quocumque
1012 822 1097 860 me
1141 814 1369 877 vertero,
1403 821 1507 858 non
1549 819 1635 877 me
1670 805 1906 870 deserit,

326 885 424 937 nisi
455 898 554 950 ego
600 875 745 950 prior
773 875 1186 933 eum‘descram.
1236 876 1566 945 Ubicumque
1597 875 1764 950 fuero,
1801 891 1904 950 non

323 947 546 1018 recedit,
580 947 829 1022 quoniam
859 950 1052 1018 ubique
1078 957 1178 1022 est,
1212 956 1271 1001 ut
1291 949 1788 1022 quocmnqueiero.
1824 947 1908 1000 in-

286 1081 290 1088 .
322 1016 541 1078 veniam
559 1016 679 1100 eum
709 1037 828 1077 cum
853 1016 981 1090 quo
998 1020 1198 1090 possim
1224 1017 1654 1100 esse..Qui(lquid
1687 1016 1863 1099 fecero
1888 1058 1903 1084 ,

285 1103 295 1150 l
325 1097 522 1164 pariter
566 1094 785 1158 assistit,
817 1101 999 1170 utpote
1038 1098 1328 1170 perpetuus
1374 1094 1642 1170 inspector
1667 1094 1904 1143 omnium

320 1163 719 1233 cogitationum,
767 1172 822 1218 et
865 1163 1216 1233 intentiouum
1253 1163 1901 1233 etactionummearum.

321 1230 450 1292 Cum
480 1237 594 1290 haec
620 1235 900 1305 diligenter
942 1232 1269 1305 considero,‘
1289 1231 1477 1305 timore
1516 1230 1714 1305 pariter
1738 1240 1791 1284 et
1822 1232 1903 1305 inf

320 1309 462 1376 genti
511 1301 1083 1368 rubore'confuudor;
1116 1301 1272 1376 quod
1320 1302 1468 1376 illum
1530 1302 1723 1376 ubique
1773 1302 1901 1356 mihi

320 1371 640 1448 prarsentem
672 1386 724 1431 et
763 1377 940 1430 omnia
981 1371 1185 1448 occulta
1215 1387 1332 1448 mea
1361 1371 1625 1425 videntem
1671 1373 1897 1448 intueor.

320 1443 480 1503 Multa
509 1450 650 1502 enim
693 1455 818 1502 sunt
847 1448 896 1500 in
927 1461 1032 1511 me,
1075 1445 1141 1499 de
1167 1443 1356 1513 quibus
1385 1458 1563 1496 coram
1595 1443 1760 1496 oculis
1787 1443 1903 1506 eius

319 1521 598 1583 erubesco,
626 1527 680 1573 et
704 1534 798 1586 pro
822 1518 1012 1587 quibus
1038 1517 1086 1569 ei
1111 1514 1261 1569 valde
1283 1513 1562 1587 displicere
1591 1514 1771 1587 timeo.
1795 1513 1902 1569 Nec

320 1607 416 1659 pro
445 1592 525 1644 his
568 1584 813 1643 omnibus
839 1584 963 1659 quid
983 1587 1072 1659 illi
1117 1585 1409 1659 rependam
1435 1584 1624 1648 habeo,
1644 1585 1753 1659 nisi
1787 1594 1903 1659 tan-

322 1655 429 1716 tum
456 1669 514 1714 ut
541 1677 660 1714 eum
701 1655 936 1729 diligam.
982 1657 1096 1710 Non
1123 1657 1263 1729 enim
1293 1655 1480 1709 melius
1501 1671 1596 1707 nec
1613 1655 1901 1729 decentius

317 1747 475 1800 quam
509 1749 603 1801 per
632 1727 1236 1801 dilecti'onemurependi
1293 1734 1464 1794 potest
1485 1727 1667 1801 {quod
1701 1742 1794 1801 per
1821 1727 1902 1779 di-

319 1796 600 1857 lectionem
630 1801 810 1855 datum
843 1810 941 1855 est.
977 1799 1102 1876 I_I_:_ec
1126 1806 1320 1876 praue}:
1346 1813 1456 1876 rem
1479 1796 1672 1876 dixisse
1696 1796 1895 1860 videor,

316 1874 410 1928 scd
435 1875 568 1927 forte
589 1889 694 1927 non
718 1880 909 1943 praeter
931 1867 1210 1943 utilitatem
1233 1867 1382 1935 mihi,
1407 1876 1459 1922 ct
1488 1867 1550 1921 iis
1571 1868 1662 1936 qui
1691 1883 1897 1922 mecum

314 1945 552 1998 sentiunt
575 1941 728 2014 quod
743 1958 844 2014 ego
881 1941 1072 1998 sentio.
1187 2013 1194 2014 ί
1500 2010 1510 2014 _
1647 1971 1683 2014 _'

385 2010 613 2071 CAPUT
670 2013 854 2068 XVIII.
918 2014 1099 2066 Anima
1151 2013 1253 2064 vita
1315 2010 1556 2080 corporis.
1635 2010 1898 2072 Quomodo

313 2087 485 2139 animo
525 2085 824 2139 inmortalis
851 2093 897 2137 et
940 2083 1188 2146 mortalis,
1231 2082 1526 2150 incorporea
1556 2089 1602 2132 et
1632 2097 1894 2148 corporea.

318 2157 418 2224 Qui
443 2159 615 2212 anima
640 2159 692 2211 in
718 2172 946 2225 corpore.
981 2154 1051 2224 (α)
1077 2155 1265 2207 Anima
1289 2152 1569 2220 praesentia
1591 2167 1683 2204 sua
1705 2167 1897 2225 corpus

313 2223 570 2294 vivificat,
600 2237 652 2283 et
692 2229 767 2282 sic
795 2223 1035 2303 colligata
1078 2236 1160 2278 est
1181 2225 1256 2303 ei,
1294 2232 1349 2276 ut
1376 2238 1472 2276 nec
1516 2223 1807 2303 cuin‘velit,
1839 2237 1898 2302 se

312 2298 438 2354 inde
460 2293 746 2374 segregare
758 2293 952 2374 possit,
978 2311 1076 2374 nec
1097 2296 1348 2374 retinere,
1376 2309 1494 2347 cum
1511 2293 1601 2373 _sui
1627 2293 1895 2374 Creatoris

306 2364 893 2443 jussioncm'audi‘erit.
930 2368 985 2420 In
1014 2367 1122 2419 vita
1149 2364 1408 2443 siquidem
1438 2364 1628 2443 anima:
1653 2364 1898 2443 consistit

309 2434 422 2495 vita
449 2442 704 2510 corporis,
754 2451 806 2494 et
847 2439 914 2492 de
957 2447 1134 2510 morte
1166 2434 1722 2510 corporisdescendit
1752 2449 1896 2510 mors

309 2513 528 2566 animm.
547 2504 699 2567 'Sicut
723 2511 864 2566 enim
892 2510 1066 2562 anima
1091 2508 1191 2560 vita
1219 2504 1312 2559 sua
1336 2506 1456 2558 facit
1476 2520 1689 2558 carnem
1718 2504 1896 2558 viven-

313 2593 441 2646 tem,
487 2583 631 2636 etdc
659 2581 806 2636 fonte
855 2591 1055 2633 naturm
1100 2594 1210 2630 sua:
1240 2577 1420 2645 irrigat
1462 2575 1786 2642 animando;
1819 2575 1896 2630 sic

309 2669 434 2708 caro
461 2670 555 2721 per
598 2652 950 2734 corruptelam
983 2650 1220 2730 materia:
1247 2647 1634 2734 Slitlti‘aliit‘l-Ialll,
1667 2647 1710 2700 si
1738 2646 1892 2734 c‘upi-

309 2718 562 2779 ditatibus
609 2718 802 2778 illicitis
845 2721 1143 2790 illigaveril,
1192 2718 1402 2771 occidit.
1453 2718 1519 2770 lit
1559 2732 1700 2790 cuin
1730 2718 1893 2770 altera

311 2805 497 2850 natura
539 2796 799 2859 vincatur,
843 2789 1008 2846 altera
1035 2802 1223 2844 natura
1261 2790 1504 2854 vincat‘,
1543 2789 1730 2842 transit
1761 2804 1893 2841 una—

309 2867 611 2938 qumqueiin
655 2865 888 2938 victricis
930 2873 1216 2938 naturam;
1261 2859 1312 2938 id
1343 2869 1442 2922 est,
1483 2868 1539 2912 ut
1564 2869 1653 2913 aut
1677 2874 1891 2938 carnem

308 2931 639 3006 spiritualcm
687 2937 864 2989 anima
903 2933 1184 3006 virtutibus
1224 2931 1336 3006 suis
1378 2938 1612 3006 przestet,
1645 2940 1735 2984 aut
1773 2931 1890 2982 ani-

307 3000 448 3062 mam
477 3009 744 3063 carnalem
768 3021 896 3081 caro
914 3003 1096 3059 victrix
1120 3002 1236 3072 ejus
1255 3000 1467 3081 efficiat.
1499 3001 1689 3081 Anima
1717 3009 1894 3081 tamen

308 3079 442 3133 nihil
479 3079 548 3135 de
588 3087 761 3134 morte
787 3077 984 3132 habere
1014 3083 1205 3145 potest,
1237 3073 1338 3145 nisi
1366 3087 1460 3145 per
1489 3072 1619 3145 vitia
1639 3073 1686 3126 ei
1717 3072 1896 3140 propi-

307 3161 488 3206 natum
517 3150 676 3224 fuerit
704 3168 716 3203 :
745 3163 846 3224 nco
887 3143 1027 3224 caro
1053 3144 1252 3224 aliquid
1281 3143 1348 3224 de
1387 3143 1493 3196 vita
1523 3143 1755 3224 retinere
1795 3156 1892 3224 po-

309 3232 430 3285 test,
481 3223 583 3276 nisi
632 3221 698 3276 ab
744 3220 931 3294 anima
965 3216 1122 3272 fuerit
1165 3215 1376 3294 irrigata
1406 3230 1419 3266 :
1453 3229 1559 3294 nec
1593 3214 1646 3268 in
1675 3214 1893 3294 alterius

307 3284 549 3348 naturam
579 3293 744 3347 altera
774 3290 1004 3360 transire
1037 3295 1232 3360 potest,
1265 3284 1367 3339 nisi
1396 3291 1486 3360 aut
1511 3284 1598 3360 illa
1642 3285 1784 3360 vitiis
1814 3285 1893 3337 in-

307 3364 466 3428 fecta,
520 3373 612 3417 aut
656 3362 769 3417 lucc
810 3355 1094 3415 virtutibus
1135 3357 1353 3428 deserta
1392 3355 1550 3409 fuerit
1578 3357 1620 3408 ³.
1669 3355 1894 3428 Ratione

308 3426 557 3502 insignita
595 3443 680 3489 est
719 3431 916 3497 anima,
949 3445 1051 3502 qua
1081 3426 1546 3502 _artibus_docetur
1574 3426 1810 3502 egregiis
1840 3435 1895 3482 et

306 3497 601 3575 disciplinis
629 3504 906 3559 instruitur
933 3497 1162 3579 eiimiis,
1197 3507 1253 3553 ut
1290 3497 1468 3579 divina
1495 3498 1686 3579 sapiat,
1717 3504 1771 3549 et
1797 3497 1894 3579 hu-

306 3567 464 3630 mana
511 3585 739 3640 tractet;
786 3581 945 3640 atque
987 3571 1065 3626 sic
1109 3579 1300 3625 caetera
1331 3567 1593 3640 animalia
1643 3567 1894 3622 decenter

305 3647 552 3712 excellat,
587 3656 768 3715 utpote
795 3639 1089 3715 substantia
1118 3639 1412 3715 rationalis.
1439 3640 1743 3715 _Hoc__enim_
1763 3654 1892 3708 pro-

307 3719 420 3787 prie
447 3709 754 3780 est'ani'ma,
789 3714 1080 3787 substantia
1125 3711 1329 3787 scilicet
1354 3710 1648 3787 rationalis,
1694 3709 1850 3787 idnest
1873 3750 1890 3776 ,

306 3779 525 3857 spiritus
551 3779 844 3862 rationalis.
879 3784 1196 3862 Immortalis
1217 3789 1301 3837 est
1327 3783 1538 3862 anima,
1570 3796 1640 3862 ne.
1663 3797 1691 3832 a
1734 3779 1894 3862 Crea-

309 3851 437 3914 toris
465 3861 548 3914 sui
575 3857 922 3914 similitudine
950 3855 1254 3922 discrepare
1291 3851 1550 3906 videatur.
1594 3851 1712 3906 Non
1750 3852 1892 3905 enim

307 3940 518 4000 poterat
561 3945 681 3985 esse
729 3928 912 4000 imago
941 3935 994 3980 et
1019 3923 1309 4000 similitudo
1349 3923 1464 4000 Dei,
1495 3922 1539 3977 si
1561 3923 1754 4000 imortis
1783 3931 1892 3975 ter-

305 3993 454 4055 inino
493 3993 861 4055 clauderetur:
881 3996 1185 4074 Secundum
1230 3993 1523 4074 quemdam
1561 3993 1736 4074 itaque
1778 4006 1894 4046 mo-

303 4072 432 4127 dum
466 4073 608 4137 vitae,
638 4086 808 4141 quem,
827 4069 972 4123 nullo
997 4065 1157 4121 modo
1177 4073 1352 4141 potest
1380 4065 1646 4141 amittere,
1656 4065 1893 4141 innuer-

303 4144 424 4198 talis
455 4151 558 4198 est.
597 4133 907 4197 'Sécundum
954 4153 1083 4192 vero
1126 4133 1408 4205 quamdam
1451 4133 1889 4197 mutabilitatem,

303 4231 405 4283 qua
452 4213 858 4287 potestumelior
888 4209 974 4287 vel_
999 4207 1232 4287 deterior
1261 4206 1397 4273 fieri,
1426 4205 1671 4287 mortalis
1693 4214 1793 4287 esi.
1828 4205 1894 4258 Et

303 4277 700 4357 sicut-mortalis
719 4292 802 4338 est
820 4296 940 4336 cum
963 4280 1116 4357 beate
1140 4279 1318 4357 vivere
1339 4277 1530 4347 perdit,
1557 4277 1678 4357 licet
1699 4277 1892 4357 misere

302 4356 484 4411 vivere
536 4356 780 4409 amittere
810 4367 918 4406 non
966 4351 1150 4420 possit,
1198 4350 1275 4420 sic
1303 4357 1547 4420 respectu
1593 4348 1891 4416 incorporei

303 4427 397 4482 Dei
417 4440 676 4497 corporea
699 4432 799 4497 est.
827 4419 980 4478 Nihili
994 4421 1136 4476 enim
1164 4419 1427 4497 invisibile
1447 4427 1499 4497 ei
1517 4419 1890 4497 incorporeum

303 4508 492 4569 [natura
520 4488 862 4569 "credendum
911 4499 1214 4569 est_pt_'a_ater
1257 4492 1432 4569 solum
1461 4490 1645 4569 Deum,
1679 4488 1738 4569 id.
1771 4497 1850 4542 est
1873 4529 1888 4551 ,

305 4568 516 4640 Patrem
562 4576 617 4622 et
659 4566 851 4640 Filium
894 4563 1244 4640 _et__§piriiiu_n
1291 4568 1568 4640 sanctuma
1599 4561 1796 4640 (finies
1826 4573 1892 4640 eo

304 4639 668 4709 incorporeus
701 4646 756 4692 et
801 4630 1076 4709 invisibilis
1121 4633 1333 4709 dicitur,
1383 4631 1504 4709 quia
1558 4630 1793 4709 inliniius
1838 4637 1893 4709 et

304 4698 821 4780 incircumscriptus,
849 4704 1076 4780 simplex
1102 4713 1166 4780 ct_
1181 4703 1280 4780 sibi
1310 4698 1555 4780 omnibus
1585 4698 1894 4780 modissufe

304 4779 509 4845 Iiciens,
539 4795 599 4836 se
626 4770 1051 4851 ipsumsustiiiei
1077 4783 1131 4828 et
1157 4774 1406 4851 idipsum.
1455 4771 1664 4824 Etcum
1695 4770 1886 4851 tibique

303 4853 370 4906 sit
398 4854 452 4907 in
484 4840 778 4920 semetipso
802 4846 1082 4920 invisibilis
1109 4853 1162 4920 et
1188 4840 1536 4910 incorporeus
1556 4855 1674 4894 esse
1699 4840 1889 4909 digno-

304 4925 490 4978 scitur.
535 4916 722 4978 Omnis
751 4934 878 4976 vero
908 4916 1180 4972 rationalis
1209 4923 1453 4969 creatura
1483 4926 1742 4991 corporea
1773 4921 1889 4980 est,

273 4994 492 5064 .Angeli
521 5003 792 5064 etomnes
835 4991 1056 5064 virtutes
1095 4992 1564 5064 corporezc_sunt,_
1613 4982 1758 5064 licet
1783 4998 1890 5036 non

304 5054 462 5120 carne
513 5063 824 5119 subsistant.
860 5063 933 5114 lix
979 5074 1045 5113 co
1073 5054 1215 5112 enim
1245 5054 1631 5110 intellectuales
1677 5061 1892 5109 naturas

304 5149 592 5206 corporeas
620 5148 738 5206 esse
781 5131 1032 5206 dicimus,
1063 5130 1185 5199 quia
1215 5129 1333 5181 loco
1361 5124 1888 5206 circumscribuntur,

303 5196 437 5262 sicut
473 5216 530 5261 et
579 5205 755 5259 anima
804 5203 1034 5257 humana
1082 5196 1199 5269 quae
1255 5213 1416 5269 carne
1463 5196 1892 5269 clauditur,_qu:e

304 5278 510 5349 idcirco
534 5285 590 5331 et
613 5275 814 5349 essein
847 5275 966 5349 ioco
996 5279 1051 5326 ct
1074 5267 1259 5324 localis
1285 5268 1390 5349 dici
1421 5276 1637 5349 potest;
1671 5268 1721 5348 in
1751 5267 1889 5349 locoz

302 5350 422 5418 quia
462 5348 552 5403 hic
593 5356 685 5400 aut
707 5345 898 5400 alicubi
948 5349 1325 5418 praesens__cst;
1354 5339 1555 5418 localis,
1581 5336 1893 5418 _quia_quod

303 5407 495 5474 alicubi
532 5431 767 5489 praesens
793 5407 1110 5489 est__totum_,
1143 5411 1269 5465 alibi
1311 5425 1417 5464 non
1447 5417 1549 5463 est.
1580 5407 1694 5489 Non
1735 5408 1896 5489 habet

305 5500 480 5546 tamen
507 5480 841 5558 corporalem
870 5485 1278 5548 dimensionem,
1309 5495 1408 5535 nec
1431 5480 1762 5549 corporalem
1788 5480 1893 5533 cir-

363 5605 380 5635 ¹
398 5605 472 5651 sic
497 5610 579 5650 Ms.
595 5598 935 5649 Medardensis.
957 5598 1059 5658 Alii,
1083 5603 1271 5647 natura:
1297 5591 1492 5644 alterius
1509 5593 1742 5653 videatur,
1763 5598 1894 5642 tran-

303 5674 377 5722 ut,
402 5674 498 5714 etc.
763 5697 768 5702 .
1137 5721 1146 5730 .

367 5732 382 5758 ²
418 5735 529 5775 Mss.
557 5734 779 5787 quatuor,
808 5724 998 5773 detersa
1022 5723 1182 5783 fuerit.

365 5791 436 5851 (τι)
451 5778 660 5856 Cassiod:
675 5778 935 5856 ile‘a‘ninia,
959 5778 1260 5856 cupii-sies
1281 5780 1489 5828 Gennad.
1515 5779 1578 5829 de
1603 5778 1781 5856 titulos.
1805 5787 1893 5856 liii-

307 5845 453 5920 guiat.
475 5864 615 5918 capp.
639 5848 812 5930 11,12,
839 5856 889 5900 et
911 5845 1031 5906 Ilua.
1069 5847 1150 5898 lib.
1183 5847 1200 5895 l
1229 5847 1292 5896 de
1307 5856 1509 5898 sacram.
1538 5857 1584 5912 ι).
1609 5845 1654 5908 5,
1683 5856 1788 5908 cap.
1819 5845 1891 5893 18.

1427 327 1630 386 LIBER
1670 329 1758 386 DE
1789 327 2058 389 SPIRITU
2101 333 2187 390 ET
2226 335 2463 393 ANIMA.

3502 351 3611 414 ’191

2023 452 2530 534 cumscriptionem;
2560 455 2808 524 quoniam
2839 460 3130 534 corporalis
3171 465 3478 534 quantitatis
3507 483 3607 525 ex-

2021 537 2147 604 pers
2177 533 2277 576 est.
2302 523 2412 604 _Se_d
2444 523 3051 604 quia’perpraésent'iam
3081 543 3134 585 et
3163 523 3530 604 operationem
3542 523 3605 596 in

2021 593 2137 647 loco
2166 593 2518 669 concluditur,
2553 593 2733 652 lo‘calis
2761 609 2812 652 et
2839 600 2948 669 ipsa
2977 602 3168 657 dicitur
3196 593 3213 668 ξ
3241 593 3605 667 verumtamen

2020 667 2305 749 nonnsicut
2347 682 2557 749 corpus,
2588 670 2670 749 cui
2700 667 2990 749 secundum
3037 667 3208 728 locum
3240 678 3553 748 principium
3585 723 3600 749 ,

2021 736 2252 814 medium
2302 745 2355 791 et
2385 736 2504 792 finis
2547 740 2862 814 assignatur.
2918 744 3180 814 Ilespcctu
3228 736 3356 802 vero
3402 736 3604 805 ἠπιωτιῖ

2019 805 2366 875 incorporeas,
2411 824 2529 889 quin
2559 805 2766 889 summe
2798 805 3245 889 incommutabilis
3277 819 3468 889 ubique
3497 830 3598 886 est,

2017 891 2269 946 corporea
2303 890 2384 934 est
2415 881 2588 960 anima
2616 898 2630 945 ;
2664 883 2784 960 quia
2815 886 2916 960 tale
2958 887 3152 960 aliquid
3195 905 3300 942 non
3330 881 3409 944 es't
3440 891 3552 960 ipsa
3583 881 3597 946 ξ

2016 963 2116 1002 nec
2145 957 2318 1028 tamen
2350 966 2443 1028 per
2491 952 2590 1006 loci
2622 954 2846 1028 Spatium
2879 956 2948 1010 ita
2992 952 3195 1012 sistitur
3223 961 3303 1014 vel
3337 952 3597 1028 movetur,

2015 1028 2072 1099 u_t
2100 1020 2285 1099 majori
2316 1023 2394 1099 sui
2427 1032 2574 1090 parte
2593 1020 2878 1099 majorem
2906 1029 3078 1082 locum
3111 1039 3350 1099 occupet,
3381 1043 3434 1086 et
3476 1020 3600 1088 bre;

2013 1090 2160 1169 vicre
2190 1092 2508 1169 breviorem,
2535 1090 2811 1169 minorque
2841 1098 2909 1150 sit
2936 1099 2986 1152 in
3018 1109 3164 1167 parte
3189 1090 3349 1169 quam
3377 1103 3427 1156 in
3461 1111 3595 1157 toto.

2015 1159 2115 1240 Per
2144 1175 2328 1216 omnes
2376 1165 2635 1240 siquidem
2681 1159 2966 1240 particulas
2994 1159 3236 1240 corporis
3282 1183 3387 1227 tota
3439 1174 3597 1228 simul

2011 1230 2180 1313 adest,
2231 1250 2330 1313 nec
2377 1230 2549 1313 minor
2583 1237 2646 1313 in
2683 1230 3006 1313 minoribus,
3049 1230 3146 1313 ucc
3198 1243 3248 1296 in
3305 1245 3597 1313 majoribus

2013 1303 2200 1381 major.
2229 1304 2332 1358 Sed
2359 1305 2550 1381 alicubi
2580 1307 2860 1381 infensius,
2907 1303 3099 1365 alicubi
3133 1303 3427 1381 remissius,
3456 1325 3509 1369 et
3538 1316 3592 1370 in

2010 1373 2256 1454 omnibus
2297 1383 2404 1428 tota
2433 1385 2484 1430 et
2511 1376 2561 1454 in
2590 1379 2810 1446 singulis
2837 1391 2944 1454 tota
2987 1391 3093 1454 est.
3119 1382 3265 1438 Sicut
3289 1373 3428 1440 enini
3458 1387 3598 1441 Deus

2011 1444 2203 1514 ubique
2241 1454 2322 1500 est
2352 1455 2490 1500 totus
2520 1449 2568 1500 in
2603 1444 2713 1503 toto
2742 1452 2955 1515 mundo,
3001 1462 3056 1506 et
3083 1453 3135 1507 in
3163 1457 3307 1509 omni
3349 1467 3595 1512 creatura

2009 1530 2102 1567 sua
2132 1533 2143 1566 :
2176 1517 2251 1594 sic
2277 1518 2449 1594 anima
2483 1519 2676 1594 ubique.
2709 1529 2814 1574 tota
2846 1522 2895 1594 in
2928 1532 3037 1576 toto
3065 1539 3289 1594 corpore
3319 1543 3437 1593 suo,
3472 1535 3593 1582 tau-

2007 1600 2163 1652 quam
2189 1587 2238 1640 in
2265 1589 2490 1656 quodam
2517 1587 2714 1644 mundo
2735 1607 2852 1654 suo,
2878 1593 3134 1649 intensius
3159 1587 3330 1651 tamen
3353 1597 3405 1651 in
3424 1587 3593 1654 corde

2007 1665 2058 1707 et
2087 1657 2136 1709 in
2159 1660 2407 1737 cerebro,
2453 1662 2898 1730 quemadmodum
2931 1665 3072 1720 Deus
3098 1667 3367 1737 praecipue
3395 1667 3589 1724 dicitur

2006 1742 2126 1780 esse
2159 1728 2207 1780 in
2239 1731 2392 1783 emlo.

2077 1796 2299 1853 CAPUT
2351 1800 2488 1855 XIX.
2523 1801 2659 1876 iTota
2698 1805 2801 1876 agit
2845 1807 2981 1874 quod
3029 1808 3154 1876 agit.
3211 1808 3495 1864 Invisibilis
3539 1818 3594 1867 ct

2008 1868 2317 1938 incorporea
2345 1881 2424 1950 est
2451 1874 2624 1950 anima
2656 1893 2667 1928 :
2702 1864 2753 1929 si
2789 1864 2930 1930 enim
2960 1864 3179 1933 visibilis
3206 1890 3366 1944 esset,
3397 1864 3590 1950 corpu:

2006 1953 2094 1993 rea
2142 1951 2302 2018 essct_.
2348 1943 2410 1996 Et
2456 1945 2499 1997 si
2545 1960 2800 2014 corporea
2849 1957 3010 2012 esset,
3058 1950 3318 2018 partibilis
3348 1943 3510 2016 esset,
3539 1960 3594 2006 et

2007 2021 2182 2092 partes
2209 2011 2656 2092 haberet,_'neque
2672 2025 2776 2070 tota
2808 2019 2964 2092 simul
2991 2011 3172 2092 inuno
3195 2021 3310 2075 loco
3324 2036 3442 2076 esse
3468 2011 3591 2092 pos-

2003 2089 2102 2162 set.
2135 2081 2348 2162 Nullum
2378 2086 2518 2138 enim
2542 2081 2733 2156 corpus
2756 2097 2844 2141 aut
2861 2090 3016 2162 simul
3038 2091 3176 2162 tangi
3204 2100 3370 2146 totum
3394 2081 3589 2161 poicst,

2003 2160 2095 2233 aut
2138 2154 2294 2206 simul
2326 2163 2539 2233 tangere
2568 2154 2732 2233 toium
2765 2154 3183 2233 potest._AninTa
3212 2179 3338 2217 vero
3369 2154 3420 2217 in
3468 2154 3591 2233 qui;

2003 2221 2329 2288 buscumquc
2355 2221 2465 2278 suis
2493 2229 2723 2283 motilms
2751 2221 2833 2283 vel
2859 2230 3063 2284 actibus
3094 2241 3202 2286 tota
3227 2233 3385 2286 simul
3413 2221 3586 2288 adcst.

2003 2291 2132 2346 Tota
2176 2291 2334 2358 videt,
2370 2305 2421 2349 et
2451 2305 2559 2369 tota
2587 2299 2831 2369 ivisorum
2879 2301 3158 2356 meminit:
3191 2311 3298 2357 tota
3329 2304 3494 2369 audit,
3537 2312 3592 2359 et

2004 2370 2111 2416 tota
2131 2379 2390 2438 sonorum
2410 2367 2766 2423 reminiscitur
2791 2388 2803 2422 :
2831 2379 2932 2424 tota
2957 2371 3164 2438 odorat,
3188 2383 3242 2428 et
3269 2382 3375 2427 tota
3396 2367 3591 2429 odores

2001 2435 2188 2513 recolit
2221 2453 2232 2486 :
2266 2445 2373 2513 tota
2421 2453 2514 2505 per
2553 2440 2786 2513 linguam
2813 2449 2867 2494 et
2909 2435 3390 2513 palatum'sapores
3431 2445 3594 2499 sentit

2002 2513 2056 2558 et
2084 2504 2336 2579 discernit
2371 2526 2383 2561 :
2418 2504 2521 2560 tota
2556 2504 2719 2579 tangit
2757 2510 2886 2564 dura
2909 2504 2999 2565 "vel
3031 2513 3209 2568 mollia
3237 2504 3258 2568 ἐ
3293 2523 3399 2568 tota
3429 2514 3589 2570 simul

1999 2577 2352 2654 approbat_et_
2379 2577 2858 2654 reprobat.'Calida
2888 2599 3013 2654 vero
3041 2585 3120 2639 vel
3165 2585 3348 2654 frigida
3380 2601 3590 2640 summo

2003 2653 2208 2722 tantum
2249 2646 2412 2717 digito
2454 2659 2560 2722 tota
2603 2651 2876 2722 discernit.
2907 2653 3036 2706 Tota
3065 2664 3146 2709 est
3171 2646 3336 2722 visus,
3369 2663 3474 2710 tota
3505 2665 3589 2710 est

1999 2717 2226 2780 auditus,
2264 2727 2370 2772 tota
2398 2721 2638 2774 meminit
2673 2740 2684 2775 :
2715 2732 2767 2775 et
2795 2739 2914 2776 cum
2945 2733 3050 2778 tota
3078 2717 3335 2789 meminit,
3364 2735 3473 2780 tota
3499 2735 3582 2781 est

2000 2789 2274 2868 meritoria;
2290 2807 2408 2843 cum
2430 2800 2534 2868 tota
2547 2793 2680 2868 vult,
2698 2801 2802 2846 tota
2818 2795 3174 2868 estvolunlas;
3192 2812 3312 2852 cum
3331 2806 3436 2851 tota
3454 2796 3591 2868 cogi-

2000 2865 2097 2935 ἓν,
2122 2867 2230 2913 tota
2253 2870 2333 2914 est
2349 2861 2596 2931 cogitatio
2615 2879 2628 2927 ;
2650 2879 2769 2916 cum
2783 2873 2889 2918 tota
2902 2864 3088 2935 diligit,
3114 2876 3221 2922 tota
3247 2877 3328 2924 est
3350 2861 3584 2923 dilecti'o.

1997 2928 2434 3009 Poiesinainqiie
2459 2942 2694 3009 exparte
2719 2936 2970 3009 cogitare,
2993 2928 3052 3009 ct
3077 2928 3140 2991 ex
3173 2947 3321 3006 parte
3345 2938 3585 3009 diligere.

2069 2999 2296 3056 CAPUT
2335 2999 2452 3056 XX.
2512 2999 2707 3057 Anima?
2756 2999 2882 3058 vires
2934 2999 3002 3058 ad
3055 2999 3260 3062 virtutes
3317 3018 3364 3062 et
3408 2999 3587 3062 contra

1998 3071 2137 3145 vitio.
2205 3071 2418 3126 Virtutes
2463 3077 2879 3145 aacrauwntales.
2929 3077 3120 3139 Quibus
3163 3077 3271 3131 Deo
3300 3079 3583 3145 inluereut,

1997 3142 2175 3210 quibus
2201 3145 2419 3213 corpori.
2463 3143 2548 3198 Vis
2575 3147 2757 3199 anima:
2782 3146 3049 3201 naturalis.
3093 3147 3262 3204 Habet
3301 3150 3476 3203 anima
3507 3142 3585 3204 af?-

1999 3213 2276 3283 fectiones,
2306 3215 2496 3283 quibus
2535 3217 2812 3270 exercetur
2861 3216 2928 3270 ad
2973 3217 3214 3273 virtutes.
3245 3219 3408 3274 Dolor
3438 3235 3588 3275 nam-

1997 3299 2100 3352 que
2125 3282 2192 3357 de
2223 3282 2489 3357 pereatis,
2509 3286 2666 3339 timor
2709 3287 2775 3342 de
2823 3287 3132 3357 suppliciis,
3162 3289 3487 3345 desiderium
3518 3292 3585 3346 de

2000 3354 2312 3430 promissis,
2357 3355 2605 3430 gaudium
2649 3357 2716 3430 de
2769 3354 2998 3430 praemiis
3045 3354 3288 3430 quaedam
3325 3363 3583 3416 exercitia

1998 3434 2122 3480 sunt
2142 3426 2413 3479 virtutum.
2437 3426 2604 3482 liabet
2631 3429 2789 3500 clima
2820 3426 3076 3499 virtutes;
3089 3432 3279 3500 quibus
3306 3432 3586 3488 instruitur

1999 3505 2053 3550 et
2073 3504 2328 3572 armatur
2369 3506 2553 3572 contra
2604 3498 2748 3552 vitia.
2796 3502 2838 3553 A
2882 3498 3160 3572 prudentia
3210 3518 3436 3572 namque
3483 3503 3586 3558 scit

1998 3566 2124 3634 quid
2152 3566 2339 3643 debeat
2371 3567 2543 3643 facere
2573 3587 2584 3622 :
2618 3566 3021 3643 temperantiam
3052 3571 3213 3628 habet
3237 3566 3422 3628 contra
3452 3589 3581 3643 pro-

1997 3652 2173 3713 spera,
2208 3637 2566 3713 fortitudinem
2595 3637 2776 3713 contra
2807 3641 3050 3713 adversa,
3077 3643 3333 3712 justitiam
3355 3637 3465 3713 qua
3485 3644 3586 3699 scit

1997 3708 2339 3784 quid_cui_que_
2361 3709 2548 3784 debeat
2576 3710 2816 3766 reddere.
2834 3708 3144 3784 iPrudcntia
3185 3723 3267 3768 est
3294 3708 3432 3770 scire
3457 3713 3583 3784 quid

1997 3777 2199 3848 possit;
2222 3779 2492 3853 fortitudo,
2517 3780 2690 3836 facere
2709 3782 2849 3850 quod
2875 3785 3061 3852 possit;
3082 3784 3450 3853 temperantia,
3475 3777 3580 3839 non

1999 3851 2491 3925 przesumerequod
2523 3867 2628 3925 non
2669 3851 3118 3925 possit;jjustitia,
3154 3851 3259 3910 non
3287 3856 3424 3910 velle
3459 3855 3582 3925 plus

1998 3935 2156 4008 quam
2203 3921 2399 4008 possit...
2435 3921 2720 4008 Pritdentia
2762 3932 2845 4005 est
2872 3923 2922 3977 in
2947 3921 3583 4008 _eligeu_dis;.temperan-

1999 3990 2071 4066 tia
2093 4032 2108 4056 ,
2137 3990 2193 4066 in
2220 3991 2463 4066 utendis;
2493 3991 2764 4066 fortitudo,
2810 3994 2860 4046 in
2890 3990 3213 4066 tolerandis;
3240 3990 3478 4066 justitia,
3527 3996 3582 4051 in

1997 4059 2395 4137 distribuendis.
2425 4062 2724 4137 Prudentia:
2752 4072 2834 4118 est
2873 4065 2996 4137 nihii
3029 4059 3390 4134 paenitendum
3421 4059 3584 4137 appe-

1998 4140 2130 4196 tere,
2156 4132 2366 4206 e_t_nihil
2382 4141 2591 4206 pneter
2602 4133 2802 4206 justum
2822 4135 2959 4190 velle
2976 4132 3168 4191 facere.
3191 4132 3583 4206 Temperantia:

1997 4212 2079 4256 est
2102 4201 2253 4278 _nihil
2296 4203 2398 4278 nisi
2429 4201 2620 4278 turpia:
2654 4205 2857 4268 timere,
2901 4215 2954 4260 et
2975 4207 3237 4278 quidquid
3262 4201 3468 4278 agimus
3497 4208 3583 4263 vel

1997 4273 2296 4343 cogitamus
2335 4273 2401 4327 ad
2432 4275 2654 4348 rationis
2688 4291 2929 4348 normam
2957 4273 3203 4348 dirigere.
3234 4273 3581 4334 Fortitudinis

1997 4354 2078 4419 est
2103 4353 2343 4419 terrenas
2367 4345 2678 4419 cupiditates
2703 4361 2810 4400 non
2836 4347 3006 4400 solum
3030 4345 3342 4417 reprimere,
3366 4349 3459 4404 sed
3489 4366 3582 4419 pe-

1998 4415 2422 4490 ni_tus_oblivisci.
2450 4415 2673 4490 Justitia:
2693 4425 2774 4471 cst
2787 4433 3000 4472 omnem
3024 4415 3185 4473 animi
3207 4415 3582 4490 cogitationem

1997 4485 2063 4559 ad
2090 4486 2262 4559 soium
2286 4486 2449 4559 Deum
2480 4487 2727 4559 dirigere,
2752 4503 2979 4556 eumque
3007 4499 3255 4559 tanquam
3275 4485 3410 4545 nihil
3437 4490 3582 4546 aliud

1997 4557 2065 4610 sit
2093 4556 2204 4609 sola
2236 4556 2430 4610 mentis
2473 4557 2586 4611 acie
2631 4557 2843 4611 intueri.
2882 4559 3052 4614 Habet
3087 4556 3264 4615 autem
3291 4563 3465 4616 anima
3490 4577 3579 4615 sa-

1997 4625 2348 4680 cramentales
2378 4626 2600 4682 virtutes
2629 4628 2819 4696 quibus
2844 4629 3080 4684 initiatur
3100 4673 3115 4696 ,
3158 4631 3208 4686 id
3244 4641 3355 4699 est,
3399 4632 3580 4698 ﬁdem,

1997 4712 2169 4766 spem,
2202 4706 2595 4751 sacramentum
2627 4699 2900 4768 Baptismi,
2934 4701 3328 4764 inunctionem,
3369 4701 3582 4756 Confir-

1997 4768 2288 4839 mationem
2310 4807 2324 4824 .
2363 4775 2416 4821 et
2449 4777 2640 4823 caetera
2666 4770 2858 4839 quibus
2891 4771 2999 4826 Deo
3024 4781 3386 4827 consecratur.
3414 4771 3584 4825 IIabet

1998 4839 2156 4912 etiam
2185 4838 2429 4904 virtutes,
2461 4840 2654 4912 quibus
2684 4838 2926 4910 proficit,
2974 4851 3028 4897 et
3071 4842 3262 4912 quibus
3298 4843 3408 4896 Deo
3452 4857 3582 4895 cono

1991 4909 2265 4982 jungiturl
2283 4918 2342 4962 ut
2367 4920 2451 4982 est
2477 4909 2748 4982 humilitas
2772 4954 2786 4978 ,
2821 4913 3044 4982 puritas,
3074 4909 3326 4966 charitas.
3359 4912 3584 4966 llumili-

1999 4991 2082 5052 tas
2101 4996 2217 5052 eam
2245 4981 2353 5034 Deo
2377 4981 2609 5051 subjicit,
2641 4981 2840 5051 puritas
2866 4982 3055 5052 jungit,
3077 4983 3308 5037 charitas
3338 4983 3471 5037 uuit.

2071 5051 2239 5105 Habet
2253 5067 2464 5120 quoque
2483 5053 2657 5107 anima
2679 5053 2818 5107 vires
2840 5051 3028 5120 quibus
3045 5053 3254 5121 corpori
3272 5054 3588 5107 commisce-

1999 5132 2084 5178 tur
2114 5141 2126 5176 :
2155 5138 2376 5192 quarum
2407 5125 2575 5191 prima
2612 5133 2693 5178 est
2742 5122 3036 5187 naturalis;
3079 5122 3333 5189 secunda,
3367 5125 3575 5189 vitalis;

2000 5193 2174 5256 tertia,
2196 5193 2459 5246 animalis.
2493 5194 2557 5247 Et
2581 5195 2718 5248 sicut
2743 5194 2882 5248 Deus
2904 5194 3070 5247 trinus
3089 5202 3144 5248 et
3169 5209 3326 5259 unus,
3358 5210 3514 5249 verus
3531 5201 3588 5249 et

1999 5263 2264 5334 perfectus
2304 5263 2479 5317 omnia
2505 5272 2668 5330 tenet,
2696 5265 2874 5317 omnia
2901 5263 3105 5332 implet,
3141 5265 3320 5319 omnia
3337 5265 3582 5332 sustinet,

2000 5336 2178 5389 omnia
2199 5335 2589 5404 supercxccdit,
2612 5335 2788 5388 omnia
2805 5335 3256 5404 circumplectitur
3278 5353 3290 5390 :
3315 5337 3391 5390 sic
3411 5338 3586 5391 anima

2004 5407 2084 5461 his
2106 5407 2273 5460 tribus
2291 5405 2491 5459 viribus
2515 5421 2606 5473 per
2623 5413 2791 5459 totum
2812 5419 3006 5473 corpus
3022 5405 3351 5472 diffunditur,
3371 5422 3479 5462 non
3507 5408 3587 5462 lo-

2000 5479 2099 5532 cali
2125 5476 2474 5538 distensione,
2505 5476 2598 5529 sed
2623 5476 2766 5529 vitali
2794 5475 3112 5530 intensione.
3140 5476 3404 5534 Naturalis
3434 5493 3588 5532 nam-

2000 5563 2104 5619 que
2142 5549 2310 5619 virtus
2366 5555 2616 5612 operatur
2671 5547 2722 5600 in
2768 5546 2957 5614 liepate
3001 5549 3309 5618 sanguinem
3360 5559 3414 5605 et
3455 5549 3590 5604 alios

2001 5617 2239 5689 quosque.
2268 5617 2547 5690 humores,
2568 5631 2701 5686 quos
2722 5633 2824 5690 per
2853 5631 3015 5672 venas
3037 5617 3307 5674 adomnia
3351 5622 3590 5690 corporis

2003 5688 2240 5744 membra
2271 5689 2598 5757 transmittit,
2634 5699 2688 5739 ut
2720 5688 2842 5741 inde
2868 5699 3156 5757 augeantur
3183 5700 3238 5746 et
3267 5688 3589 5746 nutriantur.

2009 5762 2096 5813 Vis
2126 5760 2224 5812 ista
2250 5756 2569 5832 quadrifaria
2614 5769 2715 5813 est.
2749 5756 3023 5832 Dividitur
3049 5777 3277 5832 namque
3307 5763 3358 5816 in
3383 5763 3590 5832 appeti-

2007 5832 2200 5887 tivam.
2231 5828 2563 5900 retentivam,
2606 5829 2932 5892 expulsivam
2971 5840 3024 5889 ct
3047 5828 3598 5916 distributivaniprf
