4094 6342
302 474 444 549 quod
492 484 752 535 internum
788 483 934 549 est,_
963 481 1112 532 tanto
1149 474 1319 545 magis
1361 474 1482 549 inde
1525 476 1781 549 formatur
1822 474 1888 549 ad

304 546 588 620 imaginem
621 549 749 615 Dei;
792 557 847 604 et
886 546 1006 602 ideo
1048 556 1269 620 non_cst
1302 546 1596 620 cohibenda
1625 589 1640 612 ,
1682 546 1889 620 utinde

301 636 362 678 se
403 616 678 675 contineat
718 636 782 675 ac
823 627 1100 688 temperet.
1141 616 1364 686 Quando
1399 634 1527 673 vero
1569 634 1630 671 ea
1670 618 1778 685 agit
1806 616 1887 674 vel

302 691 498 761 cogitat
532 708 654 762 qua:
688 699 811 762 sunt
850 688 1189 762 temporalia.
1236 690 1429 762 mulier
1465 689 1811 762 appellatur;_
1836 698 1890 745 ct

302 758 429 817 tunc
457 758 569 818 non
590 771 674 818 est
699 760 923 817 dicenda
954 758 1127 831 imago
1155 760 1246 815 Dei
1273 802 1289 828 ,
1328 771 1385 815 et
1408 758 1687 831 propterea
1728 758 1887 831 debet

301 834 478 888 velare
506 843 665 903 caput
696 849 850 888 suum
874 873 889 898 ,
924 849 988 886 ne
1020 829 1180 887 nimia
1221 832 1290 885 sit
1332 829 1449 902 ejus
1490 829 1789 903 progressio
1819 829 1886 887 ad

301 902 584 966 inferiora;
614 920 682 959 ne
708 919 828 959 cum
861 903 999 973 licita
1029 903 1174 973 agit,
1207 902 1386 959 illicita
1416 902 1775 972 concupiscat.

370 974 597 1031 CAPUT
663 973 881 1046 XXXV.
917 1045 922 1046 γ
958 972 1196 1046 Dignitas
1232 974 1498 1046 ﬁuntquin
1558 973 1882 1046 conditionis.

302 1043 472 1103 Homo
513 1056 759 1117 quatenus
803 1045 872 1100 ad
908 1042 1179 1117 imaginem
1220 1042 1335 1099 Dei.
1387 1043 1583 1101 Rursus
1633 1044 1885 1117 quomoda

298 1118 475 1189 imago
500 1116 594 1171 Dei
622 1117 673 1189 in
700 1116 1196 1189 gnima._Quatem_ts
1220 1117 1392 1171 anima
1420 1125 1559 1187 gerat
1594 1116 1887 1189 similitudi-

298 1186 419 1245 netn
442 1188 560 1243 Dei.
588 1187 665 1258 (a)
696 1186 864 1243 Tanta
892 1187 1121 1259 dignitas
1149 1187 1395 1259 liumanre
1418 1186 1740 1243 conditionis
1763 1202 1884 1242 esse

297 1260 656 1329 cognoscitur,
688 1268 745 1315 ut
784 1274 892 1315 non
937 1258 1109 1315 Solum
1151 1258 1387 1328 jubentis
1425 1274 1673 1314 sermone
1696 1297 1712 1322 ,
1744 1259 1885 1313 sicut

297 1331 397 1385 alia
424 1346 517 1386 ses
546 1330 753 1385 dierum
781 1345 964 1399 Opera,
993 1330 1087 1385 sed
1112 1330 1335 1385 oonsilio
1359 1340 1555 1385 sanctm
1583 1329 1879 1395 Trinitatis,

296 1412 351 1457 et
378 1417 537 1470 opera
569 1400 763 1455 divinae
802 1402 1095 1470 majestatis
1134 1410 1346 1456 creatus
1385 1402 1452 1456 sit
1496 1400 1690 1466 bomo;
1722 1408 1777 1454 ut
1815 1416 1881 1455 ex

334 1472 485 1527 rima:
512 1472 834 1529 conditionis
864 1471 1067 1528 honore
1104 1472 1457 1542 intelligeret,
1500 1482 1754 1542 quantum
1781 1471 1878 1527 de-

366 1552 447 1599 ret
468 1559 563 1596 suo
592 1541 888 1608 Conditori,
923 1544 1048 1598 dum
1085 1541 1288 1599 tantum
1329 1543 1381 1598 in
1406 1541 1715 1598 conditione
1756 1558 1879 1596 mox

295 1612 568 1683 dignitatis
609 1615 942 1685 privilegium
975 1615 1218 1683 praestitit
1252 1614 1301 1669 ei
1332 1614 1620 1677 Conditor;
1649 1624 1705 1685 et
1733 1623 1879 1668 tanto

294 1686 521 1754 amplius
550 1684 891 1740 Conditorem
937 1686 1215 1754 diligeret,
1258 1694 1456 1754 quanto
1485 1684 1779 1740 mirabilius
1818 1702 1879 1741 se

295 1756 363 1826 ab
387 1770 455 1811 eo
483 1756 754 1811 conditum
783 1756 1121 1825 intelligeret.
1164 1755 1274 1810 Nec
1300 1758 1370 1811 ob
1402 1756 1501 1810 hoc
1541 1757 1715 1810 solum
1758 1759 1877 1826 qui—

293 1824 416 1896 dem
436 1868 452 1893 ,
478 1827 618 1896 quod
647 1828 872 1883 consilio
910 1824 1108 1883 sancta:
1150 1827 1423 1881 Trinitatis
1450 1827 1529 1883 sic
1555 1824 1878 1883 excellenter

292 1911 324 1963 a_
351 1895 641 1971 Conditore
667 1898 916 1971 conditus
946 1906 1031 1953 est
1051 1939 1066 1963 ,
1100 1898 1195 1952 sed
1220 1900 1379 1971 etiam
1404 1899 1547 1969 quod
1583 1900 1648 1952 ad
1694 1900 1877 1971 imagi-

290 1983 416 2024 nem
462 1976 516 2024 et
558 1968 958 2024 similitudinem
1002 1984 1153 2023 suam
1199 1968 1431 2025 Creator
1469 1971 1707 2025 omnium
1751 1968 1876 2028 eum

290 2040 524 2102 creavit,
551 2039 694 2104 quod
730 2041 857 2095 nulli
886 2040 1041 2095 alteri
1079 2056 1143 2095 ex
1170 2041 1431 2095 creaturis
1468 2039 1704 2095 donavit.
1745 2044 1875 2109 Qtue

290 2111 466 2180 imago
506 2110 810 2181 diligentius
856 2111 907 2165 in
938 2111 1207 2166 interioris
1248 2110 1479 2165 hominis
1523 2111 1782 2181 dignitate
1820 2123 1877 2171 et

289 2182 565 2245 nobilitate
584 2191 667 2237 est
690 2181 1099 2239 consideranda.
1122 2182 1303 2236 Primo
1332 2181 1567 2253 quidem,
1599 2184 1740 2253 quod
1770 2184 1873 2241 sic-

288 2253 366 2309 uti
393 2254 531 2309 Deus
558 2268 692 2308 unus
720 2268 934 2323 semper
961 2253 1155 2323 ubique
1178 2261 1319 2309 totus
1343 2262 1454 2317 est,
1497 2255 1674 2311 eiiinia
1703 2255 1869 2309 viviti-

287 2338 435 2396 cans,
466 2339 686 2380 movens
710 2334 762 2379 et
790 2325 1109 2393 gubernans,
1136 2324 1271 2379 sicut
1293 2323 1580 2396 Apostolus
1603 2326 1695 2396 ait,
1723 2327 1867 2396 quod

285 2395 341 2450 in
370 2412 428 2449 eo
450 2396 677 2458 uiuimus,
708 2392 984 2461 mouemur,
1012 2406 1059 2449 et
1084 2411 1258 2451 sumus
1287 2392 1422 2465 (Act.
1455 2411 1584 2460 xvu,
1615 2395 1708 2465 ﬁ)
1740 2392 1760 2451 Ξ
1789 2398 1868 2453 sic

285 2466 466 2521 anima
493 2465 547 2520 in
571 2481 667 2521 suo
689 2480 915 2537 corpore
946 2465 1145 2537 ubique
1158 2474 1281 2537 tota
1312 2465 1469 2535 viget,
1497 2468 1767 2523 vivificans
1796 2469 1866 2523 il-

285 2537 377 2593 ιιιά
399 2578 414 2601 ,
449 2552 669 2593 movens
696 2546 751 2594 et
775 2535 1102 2607 gubernans.
1150 2535 1260 2592 Nec
1288 2538 1430 2593 enim
1476 2538 1527 2592 in
1576 2538 1873 2607 majoribus

286 2610 528 2678 corporis
554 2607 636 2663 sui
668 2608 922 2664 membris
950 2608 1121 2678 major
1145 2618 1227 2663 est
1251 2618 1305 2664 et
1344 2609 1398 2662 in
1434 2609 1731 2665 minoribus
1764 2611 1870 2664 mi-

287 2695 387 2737 nor
418 2698 433 2734 :
471 2680 565 2735 sed
594 2680 647 2734 in
679 2679 912 2734 minimis
948 2687 1056 2735 tota
1097 2688 1213 2745 est,
1261 2688 1316 2734 et
1356 2680 1410 2735 in
1449 2679 1695 2735 maximis
1734 2687 1864 2736 tota.

289 2747 419 2824 [Sic
445 2750 615 2824 infusa
642 2758 726 2824 est
751 2751 1002 2824 corpori,
1019 2759 1075 2805 ut
1100 2766 1206 2824 non
1236 2765 1334 2824 per
1345 2752 1719 2824 membrorum
1747 2767 1871 2820 par-

291 2820 370 2877 tes
391 2822 630 2892 partibus
651 2820 719 2875 sit
742 2820 935 2875 divisa.
960 2822 1093 2875 Nam
1116 2822 1168 2877 in
1196 2821 1432 2892 quolibet
1458 2821 1576 2877 loco
1599 2837 1721 2890 pars
1739 2838 1865 2878 eor-

287 2895 429 2962 poris
461 2892 753 2962 percutitur
776 2933 790 2954 ,
834 2901 941 2946 tota
968 2893 1135 2948 doiet.
1179 2892 1312 2947 Miro
1352 2901 1527 2946 autem
1564 2893 1723 2947 modo
1762 2909 1865 2948 una

286 2964 578 3034 eademque
608 2964 959 3018 vivificatione
981 2963 1234 3019 membris
1261 2962 1572 3032 prasidens,
1603 2978 1724 3019 cum
1751 2964 1865 3034 ipsa

285 3046 640 3105 pernaturam
671 3050 774 3089 non
806 3036 875 3089 sit
901 3036 1109 3091 diversa
1135 3075 1150 3100 ,
1189 3049 1283 3103 per
1310 3050 1504 3102 corpus
1537 3044 1718 3090 tamen
1759 3037 1869 3105 agit

284 3107 511 3161 diversa.
534 3106 651 3174 ipsa
680 3106 873 3175 quippe
902 3115 1004 3169 est,
1034 3121 1154 3175 qute
1181 3121 1275 3174 per
1298 3107 1483 3161 oculos
1512 3105 1675 3171 videt,
1718 3108 1867 3161 audit

285 3193 378 3247 per
401 3194 556 3233 aures
580 3217 595 3241 ,
640 3192 735 3245 per
759 3192 914 3231 nares
941 3177 1195 3231 odoratur
1217 3215 1233 3241 ,
1286 3192 1381 3244 per
1421 3192 1482 3230 os
1508 3184 1724 3245 gustat,
1770 3193 1866 3246 per

283 3250 519 3304 membra
551 3248 725 3302 omnia
767 3248 967 3315 tangit,
1015 3258 1068 3302 et
1112 3248 1373 3317 tangendo
1415 3248 1531 3302 lene
1573 3248 1641 3301 ab
1673 3262 1865 3316 aspero

281 3321 570 3383 discernit;
609 3327 665 3373 et
698 3334 821 3372 cum
847 3334 951 3373 non
980 3320 1049 3373 sit
1074 3319 1306 3383 diversa,
1341 3334 1433 3385 per
1461 3333 1654 3373 sensus
1685 3329 1861 3374 tamen

280 3400 532 3462 operatur
558 3391 789 3445 diversa.
819 3390 897 3444 Ex
923 3406 1023 3459 qua
1051 3406 1109 3462 re
1136 3390 1445 3462 intelligitur
1465 3428 1481 3454 ,
1514 3390 1653 3458 quod
1680 3391 1863 3462 itaest

279 3461 453 3518 anima
484 3462 774 3516 secundum
813 3474 967 3514 suum
992 3461 1206 3515 modum
1233 3461 1284 3514 in
1310 3476 1408 3515 suo
1432 3475 1659 3529 corpore
1684 3501 1698 3524 ,
1725 3461 1867 3517 sicut

281 3534 421 3589 Deus
440 3542 525 3587 est
544 3534 596 3587 in
624 3547 723 3586 suo
751 3532 966 3586 mundo.
997 3532 1224 3587 Interius
1243 3532 1506 3601 siquidem
1529 3540 1583 3587 et
1601 3532 1859 3597 exterius,

278 3605 528 3676 superius
552 3613 606 3658 et
646 3604 865 3676 inferius
891 3612 974 3676 est
1003 3621 1015 3656 :
1043 3603 1278 3672 regendo
1303 3603 1568 3676 superior,
1600 3604 1863 3676 portando

276 3673 516 3739 inlbrior,
548 3674 803 3742 replendo
822 3674 1065 3738 interior,
1093 3673 1473 3729 circumdanda
1498 3674 1751 3728 exterior.
1775 3676 1863 3729 Sic

278 3756 362 3803 est
406 3748 549 3800 intus
573 3786 588 3809 ,
618 3755 675 3798 ut
699 3753 848 3798 extra
874 3744 970 3807 sit;
1016 3747 1093 3799 sic
1116 3744 1412 3800 circumdat
1435 3784 1450 3809 ,
1495 3754 1550 3797 ut
1577 3755 1857 3814 penetret;

276 3817 668 3888 sicprwsidet,
714 3824 772 3869 ut
798 3817 1129 3888 portet;ﬂsic
1154 3826 1329 3885 portat
1352 3822 1416 3888 ut
1452 3816 1751 3884 prmsideat.
1792 3816 1860 3871 Et

275 3887 413 3944 sicut
454 3889 597 3942 Deus
637 3902 735 3942 nec
772 3887 1136 3941 crescentibus
1176 3887 1438 3941 creaturis
1484 3888 1717 3951 crescit,
1762 3902 1861 3941 nec

275 3958 711 4015 decrescentibus
734 3957 1014 4012 'decrescit
1070 3974 1083 4009 :
1139 3958 1217 4011 sic
1267 3957 1441 4011 anima
1486 3972 1586 4011 nec
1641 3959 1862 4012 minutis

275 4030 540 4095 membris
564 4029 849 4092 minuitur,
893 4041 994 4081 nec
1019 4026 1261 4082 adsuctis
1285 4034 1527 4098 augetur.
1552 4025 1571 4098 ]
1619 4027 1744 4082 Haec
1777 4037 1862 4083 est

272 4100 594 4226 mosi“
619 4098 909 4154 similitudo
938 4099 1320 4168 omnipotentis
1345 4097 1461 4164 Dei,
1494 4097 1654 4167 quam
1681 4101 1859 4154 anima

464 4187 517 4225 in
547 4186 627 4226 se.

346 4172 517 4226 betin
547 4186 627 4226 se.

344 4241 643 4310 Quamdam
686 4240 847 4296 etiam
893 4248 1107 4312 salicta:
1143 4239 1418 4294 Trinitatis
1473 4238 1635 4295 habet
1677 4240 1863 4312 imagi.

271 4328 398 4370 nam
431 4331 447 4367 :
482 4314 653 4382 primo
680 4312 732 4366 in
762 4327 829 4367 eo
849 4352 867 4378 ,
897 4310 1040 4381 quod
1067 4310 1205 4365 sicut
1229 4312 1372 4366 Deus
1398 4321 1480 4365 est
1498 4352 1513 4376 ,
1539 4312 1669 4366 vivit
1692 4321 1749 4367 et
1773 4310 1862 4367 sa-

276 4385 392 4455 pit;
442 4385 515 4455 ita
544 4385 719 4439 anima
746 4383 1041 4455 secundum
1067 4397 1224 4455 suum
1252 4383 1467 4437 modum
1496 4392 1578 4455 est
1598 4424 1613 4448 ,
1653 4383 1782 4455 vivit
1805 4392 1861 4439 et

272 4453 433 4524 sapit.
469 4454 566 4508 Est
586 4470 798 4524 quoque
824 4462 877 4508 et
903 4454 1005 4507 alia
1035 4454 1242 4507 trinitas
1270 4455 1321 4507 in
1351 4468 1447 4515 ea;
1480 4454 1604 4522 quia
1632 4453 1701 4507 ad
1730 4456 1862 4509 ima-

479 4526 731 4608 βοτη)ρὲ
1065 4539 1291 4608 summai
1311 4524 1607 4608 Trinitatis,
1636 4540 1754 4608 qua:
1776 4535 1861 4608 erat

274 4594 330 4651 in
366 4594 525 4652 Patre
551 4607 607 4651 et
636 4594 779 4651 Pilio
796 4604 850 4650 et
889 4596 1092 4663 Spiritu
1135 4604 1323 4650 sancto
1346 4635 1362 4659 ,
1403 4594 1616 4649 condita
1646 4605 1747 4649 est.
1793 4596 1861 4651 Et

273 4666 397 4724 lcet
428 4669 585 4725 unius
612 4668 681 4722 sit
707 4676 908 4721 natura;
937 4667 1135 4731 anima,
1165 4674 1274 4721 tres
1302 4675 1479 4719 tamen
1508 4666 1559 4718 in
1581 4679 1643 4719 se
1670 4666 1810 4721 vires
1840 4669 1859 4700 ι

273 4738 454 4805 habet,
485 4738 538 4792 id
567 4746 649 4793 est
675 4737 1032 4802 inteHeetum,
1064 4736 1390 4791 voluntatem
1419 4745 1474 4790 et
1497 4737 1809 4790 memoriam
1841 4755 1856 4792 :

271 4810 413 4879 quod
457 4809 620 4875 idem,
652 4809 777 4864 licet
801 4808 920 4879 aliis
948 4807 1156 4879 verbis,
1198 4808 1252 4861 in
1282 4806 1573 4879 Eyangelio
1611 4806 1859 4877 designa-

272 4876 374 4944 tur,
399 4895 525 4935 eum
553 4880 763 4943 dicitur,
800 4878 991 4949 Diliges
1019 4877 1294 4931 Dominum
1314 4876 1478 4931 Deum
1500 4886 1640 4929 tuam
1668 4876 1862 4933 ex’toto

270 4952 423 5004 corde
463 4962 550 5005 tuo
573 4992 588 5017 ,
618 4961 663 5006 et
705 4965 769 5003 ea:
792 4959 897 5003 tota
925 4950 1095 5003 animo
1121 4958 1238 5015 tata,
1265 4958 1314 5003 et
1338 4964 1401 5002 ex
1430 4957 1537 5001 tota
1573 4958 1736 5002 mente
1772 4961 1861 5004 tua

214 5082 221 5088 ,
270 5021 482 5093 (Matth.
510 5036 622 5075 xxii
643 5062 657 5086 ,
688 5022 814 5088 37);
844 5020 895 5074 id
923 5027 1025 5082 est,
1052 5034 1115 5075 ex
1141 5029 1251 5073 toto
1280 5020 1692 5093 intellectu_t_uo,
1720 5028 1773 5093 et
1793 5035 1859 5079 ea

270 5088 379 5147 tota
400 5096 677 5146 voluntate
701 5100 809 5157 tua,
832 5099 889 5146 et
911 5106 979 5144 ex
1000 5100 1107 5144 tota
1140 5091 1396 5143 memoria
1423 5099 1532 5143 tua.
1560 5088 1693 5143 Nam
1724 5091 1860 5146 sicut

268 5176 334 5216 ex
364 5162 525 5232 Patre
552 5170 836 5232 generatur
866 5160 1051 5223 Filius,
1080 5168 1136 5215 et
1171 5175 1239 5215 ex
1260 5161 1432 5232 Patre
1463 5159 1703 5230 Filioque
1736 5178 1858 5230 pro-

268 5234 410 5289 cedit
449 5230 683 5304 Spiritus
722 5242 971 5294 sanctus;
1025 5232 1096 5285 ita
1141 5246 1207 5287 ex
1255 5231 1528 5286 intellectu
1568 5241 1858 5302 generatur

329 5390 357 5425 ‘~
385 5388 681 5447 Ambrosius,
706 5385 929 5437 Alcuiaus
945 5420 960 5446 ,
986 5391 1038 5436 et
1054 5390 1301 5435 metatus
1326 5382 1445 5434 alias
1468 5384 1542 5447 15,
1563 5390 1599 5435 t.
1623 5384 1671 5447 9,
1702 5387 1780 5438 hic
1804 5395 1856 5439 et

262 5450 391 5501 intra
415 5451 617 5509 habent,
646 5448 918 5512 dignitates.

328 5514 403 5575 (ιι)
437 5519 545 5585 Ipse
571 5519 648 5584 est
668 5508 1053 5585 'l‘ractatus_alias
1178 5511 1229 5560 in
1266 5508 1539 5585 Appendice
1562 5510 1749 5585 tomig,
1773 5515 1855 5585 qui

264 5572 393 5626 inter
418 5572 652 5636 Ambrosii
673 5587 868 5636 quoque
894 5582 945 5623 et
967 5572 1145 5621 Aleuini
1169 5585 1319 5633 Opera
1341 5574 1556 5636 cernitur
1594 5584 1609 5622 :
1650 5580 1700 5620 et
1721 5572 1858 5635 cujus

265 5638 470 5709 plurima
490 5628 709 5709 continet
732 5628 849 5709 ipse
880 5636 1090 5709 tlugonis
1121 5628 1213 5706 qui
1241 5636 1287 5682 iu
1322 5635 1545 5709 uernardj
1581 5636 1729 5709 etiam
1767 5628 1857 5709 rip-

298 5702 472 5750 eudice
500 5699 664 5748 editus
686 5695 781 5755 est,
805 5697 928 5745 liber
952 5695 983 5745 5
1002 5698 1067 5743 de
1089 5695 1247 5744 Anima
1270 5708 1373 5757 cap.
1404 5695 1465 5742 46
1495 5703 1547 5745 et
1569 5695 1644 5743 47.
1684 5695 1855 5746 Camer

283 5763 443 5813 unum
486 5762 553 5810 de
598 5758 892 5809 salutaribus
927 5759 1231 5808 documentis
1267 5758 1344 5807 hic
1369 5766 1534 5813 mstea
1561 5757 1849 5809 exbibitum.

263 5832 375 5883 Quae
397 5821 647 5886 uncinulis
664 5822 965 5880 clauduntur,
994 5835 1089 5869 non
1127 5828 1238 5886 sunt
1260 5820 1385 5886 apud
1410 5820 1725 5886 Antln'osium,
1759 5835 1852 5877 nec

263 5835 375 5883 quae
397 5835 647 5873 unetntttts
664 5835 965 5880 mentiuntur,
994 5835 1089 5869 non
1127 5835 1238 5870 sunt
1260 5836 1287 5869 a
1308 5835 1385 5867 )UU
1410 5835 1525 5867 Atili)

258 5887 390 5950 apud
410 5885 683 5947 Alcuinum,
704 5897 798 5935 nec
817 5886 868 5935 in
887 5890 1107 5933 tractatu
1126 5881 1245 5933 alias
1265 5835 1325 5934 ὦ
1346 5881 1462 5935 torni
1478 5882 1525 5933 9.

1426 354 1628 413 LIBER
1666 355 1753 412 DE
1790 354 2058 416 ΒΗΜΤο
2098 355 2188 415 ΕΤ
2226 357 2460 417 ANlMA.

2004 475 2272 556 voluntas,
2301 486 2355 556 et
2382 492 2447 532 ex
2476 475 2561 532 his
2586 477 2844 556 ambobus
2868 482 3110 556 procedit
3135 486 3414 556 memoria,
3439 490 3581 548 sicut

1997 546 2150 629 facile
2178 563 2207 601 a
2238 547 2477 629 sapiente
2517 550 2755 618 quolibet
2797 546 2983 629 potest
3011 553 3253 629 intelligi.
3292 546 3413 616 Nec
3433 546 3578 618 enim

1995 618 2169 694 anima
2195 618 2420 694 perfecta
2453 629 2624 694 potest
2645 636 2765 694 esse
2791 623 2908 694 sine
2934 622 3016 679 bis
3044 618 3233 694 tribus,
3266 646 3365 685 nec
3388 633 3577 689 horum

1995 690 2153 772 trium
2198 690 2409 772 aliquod
2448 692 2564 747 sine
2612 692 2733 772 aliis
2777 692 2985 772 duobus
3022 690 3287 772 integrum
3323 712 3574 772 constat,

1991 769 2248 887 gigantum
2274 760 2340 815 ad
2375 777 2526 815 suam
2579 765 2809 846 pertinet
2849 760 3214 849 habitpdiném
3245 769 3285 824 ³.
3334 771 3401 826 Et
3443 760 3580 830 sicut

2076 848 2135 887 us
2164 832 2337 887 Pater.
2371 832 2512 887 Deus
2538 832 2726 887 Ftltus.
2758 836 2898 887 Deus
2923 836 3149 887 Smntns
3175 849 3394 887 sanctus
3413 860 3427 887 ξ
3471 861 3576 887 nnn

2076 848 2135 887 us
2164 832 2512 909 Patcr,_l_)eus
2538 832 2726 909 Filius,
2758 836 2898 909 l_)eus
2923 836 3149 908 Spiritus
3175 849 3429 909 sanctus;
3471 861 3577 900 non

1993 910 2169 983 tamen
2194 902 2433 983 tres__dii,
2464 903 2558 959 sed
2590 921 2728 983 unus
2758 905 2902 983 Deus
2928 902 2982 964 et
3025 918 3133 966 tres
3172 902 3462 983 personui:
3504 915 3577 971 ita

1990 974 2163 1028 anima
2193 973 2491 1031 intellectus
2510 1016 2525 1041 ,
2555 978 2730 1050 anima
2761 978 3004 1035 voluntas
3024 1021 3041 1046 ,
3066 973 3245 1037 anima
3276 987 3573 1050 memoria;

1991 1056 2301 1100 nontamen
2333 1054 2442 1124 tres
2482 1045 2674 1124 animus
2723 1050 2773 1103 in
2814 1065 2920 1124 uno
2948 1045 3212 1124 corpore,
3259 1054 3357 1110 sed
3399 1045 3576 1112 anima

1990 1131 2093 1170 una
2119 1126 2171 1172 et
2200 1124 2307 1209 tres
2338 1118 2718 1209 virostpntquc
2743 1124 2796 1175 in
2827 1121 2909 1176 liis
2935 1118 3102 1178 tribus
3124 1118 3364 1209 divinam
3386 1127 3576 1209 imagi-

1991 1203 2112 1243 nem
2152 1189 2719 1257 gt-ritmirabiliteriu
2767 1206 2863 1247 sua
2908 1204 3093 1249 natura
3138 1207 3322 1252 noster
3352 1189 3575 1254 interior

1989 1257 2172 1340 inemo,
2204 1268 2352 1340 et
2380 1259 2462 1315 bis
2486 1261 3129 1340 quasiexcelientioribus
3153 1266 3345 1323 animm
3373 1268 3574 1324 viribus

1981 1329 2478 1411 jubeinut'_diligere
2502 1330 2880 1411 Conditorem,
2924 1337 3062 1411 utin
3090 1348 3346 1407 quantum
3376 1340 3572 1395 intelli-

1986 1400 2144 1469 gitur,
2175 1400 2460 1480 diligatur;
2508 1412 2561 1457 ct
2590 1407 2656 1480 in
2685 1413 2939 1480 quantum
2971 1400 3207 1480 diligi-tur
3231 1450 3244 1471 ,
3271 1426 3488 1480 semper
3516 1413 3569 1468 in

1985 1472 2243 1528 memoria
2273 1472 2549 1528 habeatur.
2590 1472 2897 1531 Nec‘solum
2938 1472 3138 1534 sufficit
3163 1479 3231 1535 de
3270 1496 3335 1536 eo
3361 1472 3573 1538 intelle-

1984 1551 2134 1615 ctus,
2169 1543 2267 1597 nisi
2296 1544 2385 1598 liat
2410 1543 2462 1598 in
2491 1561 2674 1600 amore
2699 1546 2819 1615 eius
2861 1550 3124 1604 voluntas.
3166 1549 3279 1605 lmo
3317 1567 3415 1607 nec
3452 1551 3571 1609 haec

1984 1613 2090 1667 duo
2121 1614 2410 1692 sufﬁciunt,
2451 1616 2548 1692 nisi
2576 1613 2831 1692 memoria
2869 1620 3116 1692 addatur,
3144 1637 3247 1691 qua
3272 1638 3485 1692 semper
3515 1625 3569 1679 in

1984 1695 2165 1757 mente
2196 1685 2535 1754 imelligentis
2564 1698 2617 1743 et
2656 1690 2923 1757 diligentis
2952 1685 3175 1747 maneat
3193 1693 3333 1749 Deus
3352 1712 3364 1748 :
3384 1685 3441 1748 ut
3464 1695 3570 1751 sic-

1985 1764 2041 1809 ut
2066 1756 2266 1833 nullunt
2310 1767 2486 1833 potest
2526 1775 2646 1833 esse
2686 1756 3014 1833 momentum
3042 1804 3057 1828 ,
3099 1780 3205 1833 quo
3252 1763 3413 1819 homo
3460 1782 3567 1822 non

1984 1834 2160 1901 utatur
2187 1828 2269 1901 vel
2312 1828 2519 1884 fruatur
2552 1831 2644 1885 Dei
2684 1831 2921 1889 bonitate
2947 1842 3003 1888 et
3042 1828 3445 1901 misericordia;
3494 1839 3567 1892 ita

1981 1898 2186 1972 nullum
2226 1899 2293 1953 sit
2320 1912 2670 1972 momentum,
2717 1919 2823 1972 quo
2868 1916 3187 1971 praesentem
3228 1922 3333 1962 non
3373 1898 3569 1963 habeat

1979 1983 2100 2023 eum
2134 1970 2187 2024 in
2210 1971 2488 2047 memoria.
2516 1973 2580 2027 Et
2602 1970 2879 2047 ideofmibi
2898 1975 3041 2042 juste
3064 1975 3271 2031 videtur
3314 1978 3517 2033 dictum
3543 2020 3563 2047 ,

1980 2049 2220 2116 nostrum
2264 2042 2570 2116 interiorem
2598 2044 2867 2101 hominem
2898 2061 3019 2103 esse
3050 2047 3332 2116 imaginem
3354 2048 3466 2103 Dei.

2010 2181 2022 2192 .
2051 2112 2130 2182 (a)
2151 2112 2304 2192 διηιο
2332 2128 2455 2167 vero
2478 2114 2916 2192 desimilitndine
2940 2117 3114 2192 aliqua
3141 2112 3401 2192 dicamus.
3428 2119 3563 2175 Nam

1978 2185 2116 2239 sicut
2140 2185 2285 2259 Deus
2308 2186 2646 2259 creatogfqui
2675 2185 2945 2259 hominem
2980 2188 3047 2243 ad
3088 2190 3377 2259 imaginem
3408 2206 3561 2247 suam

1977 2254 2180 2329 creavit
2209 2253 2359 2325 (Gen.
2380 2270 2403 2329 _l
2423 2294 2442 2329 _,
2468 2253 2593 2325 27),
2626 2264 2708 2329 est
2733 2256 2970 2313 Charitas
2994 2298 3008 2323 ,
3058 2253 3226 2313 bonus
3262 2271 3317 2315 et
3343 2261 3519 2329 justus
3543 2303 3561 2329 ,

1976 2324 2185 2394 patiens
2229 2335 2283 2379 et
2319 2325 2483 2389 mitis,
2530 2324 2761 2381 mundus
2802 2338 2857 2381 et
2904 2330 3231 2396 misericors,
3275 2324 3561 2387 et'ctetera

1976 2405 2277 2471 sanctarum
2327 2397 2583 2451 virtutum
2629 2398 3013 2471 insigniaque:
3051 2399 3120 2454 de
3156 2416 3223 2471 eo
3267 2401 3513 2471 leguntur
3544 2420 3562 2456 :

1976 2464 2047 2519 ita
2078 2466 2238 2521 homo
2262 2476 2479 2522 creatus
2507 2476 2623 2534 est,
2655 2478 2712 2522 ut
2736 2464 3051 2524 charitatem
3083 2464 3346 2538 haberet:
3384 2482 3442 2527 ut
3467 2474 3565 2529 bo-

1975 2552 2075 2591 nus
2100 2546 2243 2593 esset
2271 2549 2325 2593 et
2348 2540 2557 2605 justus,
2590 2539 2794 2606 patiens
2829 2549 2991 2609 atque
3028 2541 3170 2595 mitis
3192 2583 3207 2608 ,
3238 2543 3467 2598 mundus
3506 2553 3564 2601 et

1974 2608 2302 2683 misericors.
2340 2614 2487 2673 Quas
2526 2609 2747 2683 virtutes
2779 2620 2981 2683 quanto
3022 2612 3138 2681 plus
3166 2614 3395 2683 quisque
3418 2616 3471 2670 iu
3499 2631 3563 2671 se

1970 2678 2091 2803 ipso
2133 2679 2328 2744 liabet,
2372 2689 2518 2735 tanto
2548 2680 2765 2750 propior
2796 2678 2887 2739 est
2914 2678 3061 2747 Deo,
3104 2691 3162 2739 et
3186 2678 3450 2753 majorem
3476 2687 3561 2741 sui

2017 2751 2243 2803 realoris
2282 2751 2420 2803 nerit
2444 2752 2866 2803 similitudinem.
2899 2751 2953 2803 Si
2997 2769 3123 2803 vero
3147 2794 3162 2803 .
3206 2756 3349 2803 nnod
3377 2758 3517 2803 absit
3540 2796 3556 2803 -

2017 2751 2243 2823 realoris
2282 2751 2420 2823 gerit
2444 2752 2866 2808 similitudinem.
2899 2751 2953 2808 Si
2997 2769 3123 2807 vero
3147 2794 3162 2817 ,
3206 2751 3350 2823 quod
3377 2758 3517 2813 absit
3540 2796 3558 2823 ,

1972 2820 2164 2889 aliquis
2191 2836 2288 2890 per
2311 2820 2462 2877 devia
2492 2823 2739 2877 vitiorum
2767 2832 2822 2879 et
2862 2824 3175 2879 diverticula
3203 2820 3464 2883 malorum
3491 2820 3561 2885 ab

1974 2890 2075 2968 bac
2118 2893 2451 2948 nobilissima
2494 2893 2578 2968 sui
2605 2894 2913 2968 Conditoris
2941 2895 3299 2968 similitudine
3326 2899 3562 2968 degener

1970 2962 2207 3034 aberrat,
2234 2972 2361 3027 tunc
2383 2968 2472 3018 fiet
2500 2965 2568 3019 de
2598 2980 2663 3017 eo
2684 2966 2824 3032 quod
2854 2967 3228 3034 scriptumest,
3252 2962 3421 3022 Homo
3440 2987 3561 3025 cum

1967 3033 2022 3108 in
2057 3036 2249 3108 [tenore
2274 3045 2399 3108 esset
2422 3076 2438 3099 ,
2470 3051 2569 3088 non
2595 3034 2843 3089 intellexit
2871 3033 3046 3108 (Paul.
3089 3053 3271 3103 sum,
3308 3040 3421 3107 l3),
3446 3051 3552 3097 etc.

1968 3104 2099 3171 Quis
2129 3105 2300 3174 major
2327 3105 2497 3160 honor
2521 3120 2639 3161 esse
2671 3108 2839 3174 potuit
2867 3104 3090 3169 homini,
3122 3124 3277 3176 quam
3310 3104 3458 3165 ut'atl
3483 3112 3556 3167 si-

1967 3176 2318 3229 militudinem
2348 3176 2432 3229 sui
2461 3176 2763 3230 Conditoris
2783 3176 3125 3243 conderetur,
3150 3188 3203 3233 et
3223 3180 3423 3235 eisdem
3449 3184 3556 3237 vir-

1969 3254 2139 3320 tutum
2187 3247 2515 3320 vestimentis
2552 3258 2867 3313 ornaretur,
2920 3248 3112 3316 quibus
3152 3258 3207 3303 et
3255 3251 3552 3320 Conditor,

1966 3316 2034 3390 de
2059 3331 2165 3390 quo
2194 3317 2407 3390 legitur,
2440 3317 2693 3390 Dominus
2720 3320 2964 3390 regnavit,
2990 3321 3219 3374 decorem
3245 3321 3454 3375 indutus
3482 3316 3557 3379 est

1966 3387 2139 3461 (Pal.
2172 3403 2314 3461 seu,
2351 3389 2457 3461 υς,
2482 3389 2674 3461 idest,
2720 3387 2956 3445 omnium
2988 3392 3241 3445 virtutmn
3271 3393 3556 3461 splendore

1966 3470 2022 3532 et
2053 3460 2213 3532 totius
2244 3459 2494 3514 bonitatis
2531 3460 2724 3532 decore
2761 3461 3026 3517 ornatus?
3065 3460 3167 3532 Vel
3207 3459 3349 3532 quod
3383 3466 3556 3532 majus

1967 3530 2166 3584 homini
2208 3539 2383 3604 potest
2425 3544 2546 3604 esse
2583 3531 2818 3604 dedecus
2856 3542 2949 3586 aut
2992 3530 3256 3604 infelicior
3300 3530 3553 3604 miseria,

1964 3610 2202 3674 quamut
2222 3601 2321 3655 bac
2342 3601 2704 3674 similitudinis
2723 3604 2890 3669 gloria
2912 3604 2991 3657 sui
3013 3603 3313 3659 Conditoris
3332 3601 3553 3674 amissa,

1965 3673 2031 3726 ad
2058 3671 2341 3727 informem
2375 3683 2429 3727 et
2469 3673 2827 3727 irrationalem
2865 3674 3142 3729 brutorum
3166 3671 3563 3741 jumentorumJ-

1964 3759 2070 3816 quo
2096 3743 2495 3816 similitudinem
2529 3743 2834 3816 dilabatur?
2858 3744 3194 3815 Quapropter
3216 3746 3442 3816 quisque
3466 3747 3557 3802 di-

1964 3814 2215 3883 ligentius
2256 3813 2495 3885 attendat
2542 3815 2730 3885 prima:
2764 3813 3090 3870 conditionis
3129 3813 3248 3871 suae
3284 3813 3557 3873 excellen-

1966 3886 2112 3967 tiam,
2135 3893 2189 3939 et
2215 3884 2570 3969 venerandam
2596 3895 2795 3940 sanctae
2817 3886 3089 3969 Trinitatis
3112 3887 3555 3969 inseipsohimao

1964 3958 2139 4025 ginem
2171 3964 2465 4026 agnoscat,
2504 3956 2870 4025 honoremque
2911 3956 3107 4013 divina:
3149 3956 3550 4026 similitudinis,

1964 4027 2031 4081 ad
2059 4041 2218 4095 quam
2245 4033 2455 4081 creatus
2479 4034 2581 4092 est,
2609 4027 2885 4082 nobilitate
2912 4043 3140 4093 morum,
3168 4029 3552 4088 exercitatione

1963 4099 2218 4152 virtutum
2237 4138 2253 4163 ,
2283 4097 2542 4166 dignitate
2566 4098 2878 4152 meritorum
2909 4098 3108 4154 habere
3129 4099 3417 4156 contendat
3445 4119 3459 4156 :
3494 4110 3553 4158 ut

1964 4168 2176 4241 quando
2202 4169 2479 4241 apparebit
2505 4169 2677 4241 qualis
2700 4170 2790 4241 sit,
2818 4178 2944 4225 tunc
2971 4169 3164 4225 similis
3191 4170 3240 4225 ei
3270 4182 3549 4241 appareat,

1963 4241 2055 4309 qui
2095 4239 2410 4295 mirabiliter
2433 4255 2557 4295 eum
2582 4239 2650 4294 ad
2674 4240 3073 4297 similitudinem
3100 4254 3252 4297 suam
3280 4239 3357 4296 in'
3374 4243 3550 4309 primo

1964 4309 2180 4382 homine
2208 4310 2477 4382 condidit,
2510 4309 2915 4382 mirabiliusque
2941 4310 2998 4368 in
3026 4311 3265 4370 secundo
3289 4328 3306 4378 ;
3334 4309 3391 4369 id
3422 4323 3509 4370 est
3532 4353 3548 4381 ,

1964 4381 2019 4436 in
2043 4397 2103 4436 se
2128 4384 2245 4449 ipso
2272 4381 2600 4437 reformavit.

2035 4453 2260 4508 CAPUT
2307 4452 2545 4526 xxxvi.
2585 4451 2911 4526 Comparatt'o
2946 4454 3131 4509 atii-ta
3173 4466 3292 4526 eum
3322 4452 3448 4526 0:9.
3474 4453 3553 4526 (ι)

1965 4523 2149 4594 Magna
2180 4524 2548 4578 convenientia
2573 4531 2657 4576 est
2678 4524 2819 4577 inter
2842 4525 3011 4578 Deum
3036 4534 3092 4579 et
3114 4524 3369 4581 animam.
3402 4523 3553 4581 Deus

1966 4593 2196 4663 namque
2221 4594 2326 4647 vita
2355 4604 2457 4655 est,
2481 4593 2704 4661 spiritus
2730 4602 2836 4659 est,
2864 4594 3125 4661 sapientia
3149 4604 3205 4650 et
3227 4609 3397 4649 amor.
3430 4595 3549 4651 Vita

1965 4667 2124 4719 etlam
2146 4664 2322 4717 anima
2345 4674 2447 4735 est,
2480 4664 2699 4735 spiritus
2733 4674 2839 4727 est.
2868 4665 2920 4719 in
2944 4680 3050 4735 quo
3074 4667 3261 4735 spiritu
3283 4666 3543 4733 sapientia

1965 4744 2047 4792 est
2066 4745 2120 4790 et
2136 4749 2307 4789 amor.
2338 4734 2454 4789 Vita
2484 4734 2628 4789 Deus
2652 4745 2754 4799 est,
2784 4736 2891 4790 vita
2920 4734 2976 4790 et
2995 4734 3171 4791 anima
3200 4746 3299 4799 est,
3330 4735 3545 4801 similis,

1966 4808 2060 4862 sed
2090 4807 2271 4874 diSpar
2301 4822 2315 4857 :
2348 4805 2557 4871 similis,
2585 4807 2725 4875 quod
2751 4807 2878 4871 vita,
2920 4806 3063 4876 quod
3102 4822 3161 4862 se
3193 4809 3305 4875 ipsa
3340 4807 3549 4871 vivens,

1965 4878 2107 4948 quod
2134 4891 2239 4931 non
2264 4886 2468 4931 tantum
2492 4877 2694 4940 vivens,
2721 4876 2815 4932 sed
2837 4878 2997 4933 etiam
3019 4878 3312 4940 viviticans,
3337 4877 3473 4930 sicut
3493 4885 3551 4933 et

1966 4949 2058 5003 ille
2076 4952 2189 5002 haec
2209 4949 2385 5002 omnia
2407 4958 2522 5011 est;
2544 4948 2744 5018 diSpar,
2762 4948 3013 5017 quoniam
3034 4948 3123 5003 ille
3143 4955 3352 5002 creator
3370 4954 3473 5012 est,
3494 4957 3553 5004 et

1967 5020 2065 5074 ista
2086 5028 2350 5074 creatura.
2374 5019 2482 5073 Nisi
2501 5021 2643 5074 enim
2664 5020 2733 5072 ab
2748 5020 2841 5073 illo
2853 5028 3030 5074 creata
3051 5027 3215 5083 esset,
3240 5031 3345 5071 non
3366 5027 3546 5084 esset;

1966 5099 2021 5146 et
2037 5091 2135 5145 nisi
2153 5091 2221 5144 ab
2238 5091 2328 5144 illo
2342 5091 2628 5153 viviticata,
2651 5104 2757 5143 non
2778 5090 3001 5145 viveret.
3031 5088 3169 5143 Vivlt
3192 5089 3367 5141 anima
3393 5098 3549 5142 natu-

1967 5162 2227 5226 rali-vita,
2264 5161 2424 5216 etiam
2452 5163 2497 5216 si
2523 5160 2782 5228 spirituali
2823 5175 2930 5214 non
2959 5161 3135 5225 vivat,
3167 5158 3261 5213 sed
3290 5158 3407 5213 talis
3441 5160 3550 5214 vita

1966 5248 2113 5286 mors
2131 5241 2215 5287 est
2240 5233 2413 5301 potius
2426 5246 2584 5301 quam
2608 5230 2713 5284 vita
2736 5231 3017 5299 :quoniam
3037 5245 3184 5283 mors
3207 5238 3548 5301 peccatorum

1966 5299 2876 5376 pessima(Psat.xxim,22).Anima
2894 5301 3108 5376 quidem
3124 5315 3243 5376 qua:
3253 5299 3550 5376 secundum

1964 5368 2180 5430 carnem
2203 5368 2349 5441 vivit,
2383 5376 2567 5429 vivens
2594 5368 2802 5426 mortua
2827 5368 2937 5431 est;
2966 5381 3023 5426 et
3050 5368 3172 5426 ideo
3205 5372 3402 5427 bonum
3429 5368 3554 5433 erae
3602 5407 3607 5437 ε

1965 5446 2037 5500 illi
2062 5462 2166 5499 non
2184 5446 2381 5509 vivere,
2405 5460 2564 5513 quam
2584 5442 2663 5497 sic
2682 5444 2879 5496 vivere.
2906 5441 3021 5496 Vita
3042 5443 3217 5497 anima
3241 5451 3341 5503 est.
3362 5442 3548 5498 vivens
3588 5444 3609 5465 ‘

1964 5517 2197 5588 quidem,
2225 5517 2318 5570 sed
2348 5530 2453 5569 non
2480 5516 2691 5569 aliunde
2712 5529 2868 5583 quam
2890 5528 2949 5569 se
2970 5515 3117 5584 ipsa;
3145 5522 3200 5571 et
3222 5514 3292 5569 ob
3315 5513 3420 5570 lioc
3437 5529 3546 5571 non

2026 5696 2042 5727 ί
2080 5703 2128 5743 ln
2153 5691 2398 5754 plerisque
2421 5692 2575 5751 libris,
2594 5689 2947 5741 beatitudinem.

2045 5759 2095 5819 α)
2122 5755 2253 5804 Plura
2278 5756 2353 5819 hic
2374 5755 2499 5815 apud
2522 5756 2819 5819 Ambrosium
2844 5755 3042 5805 inserta.

2045 5759 2095 5819 α)
2122 5759 2253 5804 Plura
2278 5759 2353 5803 hic
2374 5759 2499 5815 apud
2522 5759 2819 5803 Ambrosium
2844 5759 3042 5805 inserta.

2024 5759 2093 5879 lli)
2121 5816 2342 5866 uernard.
2370 5825 2521 5868 Serm.
2546 5816 2690 5868 80-82
2726 5818 2775 5867 in
2818 5823 2971 5880 Cant.,
2998 5824 3050 5870 ct
3090 5816 3301 5869 confess.
3332 5815 3417 5867 lib.
3462 5812 3542 5876 10,

1978 5892 2083 5945 cap.
2107 5880 2155 5928 6.
