4094 6342
523 383 632 448 807

523 513 632 560 tam
658 501 866 566 vivens,
897 511 1058 572 quam
1085 499 1189 555 vita
1217 505 1318 572 est.
1342 495 1469 552 Inde
1495 495 1738 572 estquod
1771 494 1940 548 infusa
1973 510 2095 572 co_r-

523 575 641 646 pori
673 567 1086 646 vivificat'illud,
1129 580 1216 646 ut_
1229 570 1298 623 sit
1335 584 1527 638 corpus
1557 569 1624 646 de
1645 567 2096 646 \'it:nJir:rsen_tia,

523 638 631 702 non
657 647 781 707 vita,
815 643 909 700 sed
937 644 1140 697 vivens.
1178 641 1369 696 Creata
1397 649 1478 694 est
1503 640 1676 692 anima
1701 655 1732 692 a
1762 639 1892 703 Deo,
1939 638 2046 690 vita
2071 653 2101 691 a

525 718 651 781 vita,
676 716 899 784 simplex
931 731 959 767 a
987 712 1237 782 simplici,
1267 710 1578 784 immortalis
1602 709 1668 762 ab
1697 708 2018 784 immortali;
2044 717 2100 762 ut

524 779 721 842 non—sit
745 779 901 856 longe
931 801 961 838 a
990 779 1240 856 Creatore
1269 797 1385 844 suo,
1417 782 1502 856 cui
1546 781 1857 856 appropiure
1897 779 2104 856 videtur

524 850 865 926 simplicitate
889 855 1133 926 essentiae
1159 862 1213 909 et
1237 853 1588 926 perpetuitate
1609 853 1749 905 vitae.
1784 850 1930 904 Licet
1959 851 2102 904 enim

525 923 871 998 spiritualiter
907 943 1009 980 non
1052 925 1212 988 vivat,
1258 923 1627 998 immortaliter
1673 931 1848 976 tamen
1882 936 2103 975 necesse

525 995 688 1054 estut
717 999 874 1054 vivat.
909 998 1096 1053 Creata
1124 1004 1204 1049 est
1227 995 1398 1048 anima
1427 1008 1616 1062 magna
1646 1008 1674 1045 a
1707 1007 1920 1062 magno,
1959 1001 2103 1045 recta

525 1085 555 1124 a
587 1079 735 1124 recto
768 1087 780 1122 :
811 1083 876 1124 eo
903 1082 1110 1138 magna,
1140 1081 1244 1135 quo
1272 1080 1438 1138 capax
1465 1076 1782 1138 aeternorum
1797 1079 1826 1138 _;7
1844 1078 1908 1115 eo
1935 1072 2102 1138 recta,

524 1155 630 1212 quo
651 1148 904 1212 appetens
928 1133 1318 1212 supernorum;
1339 1133 1406 1212 eo
1426 1136 1577 1189 beata
1602 1135 1772 1212 ‘,_qu0
1797 1134 1904 1212 Deo
1931 1133 2100 1212 unita.

525 1203 736 1266 Anima"
759 1203 1180 1279 namque'quam
1197 1206 1301 1279 Dei
1331 1207 1501 1279 pietas
1519 1205 1779 1279 respicit,
1829 1203 2102 1279 humilitas

523 1281 754 1351 subjicit,
782 1273 1092 1350 pcelfitentia
1118 1273 1348 1351 reducit,
1363 1275 1564 1351 justitia
1586 1275 1818 1351 deducit,
1847 1273 2104 1351 obedien-

525 1352 595 1432 t‘ia
620 1344 878 1432 conducit
901 1391 916 1417 ,
947 1347 1344 1432 perseverantia
1366 1344 1660 1427 perducit,
1692 1345 1904 1399 devotio
1934 1344 2102 1399 intro-

522 1422 688 1489 ducit,
717 1423 922 1493 puritas
945 1417 1139 1493 jungit,
1167 1419 1402 1474 eharitas
1435 1417 1567 1471 unit.

593 1491 762 1549 Habet
789 1493 965 1547 anima
1007 1491 1060 1546 in
1105 1505 1164 1545 se
1208 1504 1443 1543 amorem
1470 1529 1484 1552 ,
1531 1502 1635 1557 quo
1673 1502 1886 1556 semper
1932 1495 2105 1555 potest

521 1571 667 1618 stare
691 1580 812 1618 cum
843 1563 956 1618 Deo
976 1604 991 1626 ,
1021 1570 1111 1616 aut
1138 1561 1332 1622 redire,
1362 1560 1405 1612 si
1431 1567 1570 1612 mota
1607 1574 1726 1612 cum
1762 1558 1872 1612 suis
1901 1557 2103 1612 affecti-

520 1633 640 1699 bus,
669 1636 777 1689 imo
798 1633 1092 1690 defectibus
1117 1674 1131 1697 ,
1160 1630 1228 1685 ab
1265 1645 1330 1685 eo
1361 1629 1534 1683 fuerit.
1560 1628 1713 1683 Solus
1742 1638 1824 1683 est
1861 1644 2012 1699 amor
2039 1644 2105 1682 ex

522 1698 767 1761 omnibus
815 1705 1006 1759 anima:
1044 1702 1320 1757 affectibus
1372 1710 1530 1770 atque
1577 1699 1822 1754 sensibus
1854 1739 1876 1770 ,
1909 1698 1960 1752 in
1999 1714 2106 1768 quo

521 1786 696 1848 potest
720 1777 924 1848 anima,
952 1775 1196 1848 etsiunon
1224 1788 1290 1827 ex
1320 1769 1492 1841 aequo,
1525 1785 1623 1848 suo
1651 1769 1976 1848 reSpondere
2007 1786 2105 1848 au:

521 1840 688 1915 ctori,
719 1847 806 1901 vel
835 1846 902 1901 de
937 1844 1095 1900 simili
1127 1853 1361 1915 mutuam
1389 1840 1686 1911 rependere
1717 1842 1885 1915 vicem
1919 1857 1930 1892 :
1965 1849 2018 1894 et
2059 1840 2104 1894 si

520 1911 696 1972 minus
722 1916 1191 1988 amat,gquoniam
1219 1913 1406 1988 minor
1441 1922 1520 1967 est
1553 1929 1567 1976 ;
1601 1922 1774 1988 tamen
1820 1911 1864 1988 s_i
1905 1925 1968 1966 ex
1995 1919 2106 1965 tota

520 2003 581 2044 se
608 1989 822 2059 diligat,
853 1981 987 2042 nihil
1008 1987 1158 2059 deest
1181 1985 1269 2059 ubi
1299 1993 1462 2038 totum
1491 1981 1954 2059 estuliemmtians
1979 1995 2105 2059 ergo

519 2051 731 2114 cunctis
752 2058 1121 2114 aﬂ'ectionibus
1151 2056 1267 2111 aliis
1286 2096 1300 2121 ,
1331 2063 1440 2108 tota
1465 2055 1562 2107 soli
1594 2053 1866 2107 incumbat
1894 2051 2101 2118 amori,

520 2129 796 2184 effundens
827 2145 887 2184 se
914 2138 1076 2182 totam
1103 2128 1154 2180 in
1177 2140 1414 2180 amorem
1441 2125 1582 2178 illius
1612 2164 1626 2188 ,
1658 2124 1742 2178 cui
1776 2123 2105 2192 respondere

520 2199 680 2255 habet
719 2201 774 2254 in
805 2199 1136 2254 redhibendo
1165 2212 1366 2251 amore.
1397 2197 1555 2249 Amat
1581 2194 1842 2263 siquidem
1879 2195 2019 2247 Deus
2051 2202 2106 2246 ut

517 2279 763 2334 ametur,
806 2279 1012 2325 etcum
1053 2277 1228 2331 amat,
1270 2267 1340 2320 nil
1383 2265 1524 2319 aliud
1565 2265 1678 2318 vult
1709 2279 1864 2333 quam
1895 2263 2102 2329 amari,

520 2341 696 2395 sciens
722 2342 835 2409 ipso
863 2354 1046 2394 amore
1074 2340 1258 2393 beatos
1286 2338 1374 2409 qui
1400 2351 1457 2409 se
1483 2335 1794 2409 amaverint.
1823 2335 1928 2409 Ijer
1951 2349 2105 2386 amo-

520 2426 635 2466 rem
663 2404 807 2465 venit
833 2410 898 2464 ad
934 2409 1176 2477 homines
1199 2450 1214 2474 ,
1244 2404 1386 2460 venit
1428 2407 1500 2477 in,
1524 2405 1793 2477 homines,
1827 2404 1995 2477 factus
2023 2413 2106 2458 est

521 2480 704 2545 homo,
731 2491 786 2536 et
810 2481 1014 2534 deliciae
1035 2473 1172 2533 illius
1198 2473 1318 2532 esse
1338 2492 1458 2532 cum
1482 2475 1601 2529 filiis
1623 2476 1893 2529 hominum
1921 2473 2101 2545 (Prov.

520 2567 640 2624 vm,
685 2553 747 2607 5i
775 2552 816 2624 ).
853 2550 1058 2624 Nostra;
1083 2563 1228 2624 _vero
1275 2547 1479 2624 delicia:
1521 2555 1678 2624 erunt
1719 2560 1838 2600 cum
1877 2547 1943 2624 ad
1981 2559 2103 2624 eum

519 2615 815 2690 veniemus,
845 2633 900 2677 et
922 2620 1220 2675 videbimus
1245 2635 1375 2690 eum
1398 2618 1554 2671 sicuti
1575 2624 1682 2690 est,
1713 2625 1871 2690 atque
1899 2615 2102 2690 similes

520 2694 570 2748 ei
601 2686 882 2764 erimus(l
907 2690 1064 2745 Joan.
1096 2706 1151 2744 ιιι
1173 2689 1304 2764 ,_2_).
1336 2688 1495 2764 '_l‘unc_
1511 2688 1610 2741 erit
1635 2686 2101 2764 nnmit'esta_visio,

519 2766 677 2834 plena
707 2757 941 2835 cognitio
966 2802 982 2827 ,
1027 2777 1153 2835 vera
1175 2757 1397 2835 dilectio
1422 2800 1435 2822 ,
1466 2759 1618 2835 firma
1652 2757 1988 2835 conjunctio,
2017 2771 2105 2809 so-

518 2827 683 2890 cietas
725 2827 1026 2899 individua,
1068 2830 1358 2886 similitudo
1389 2828 1617 2896 perfecta
1643 2869 1656 2892 ,
1687 2837 1740 2881 et
1765 2829 1869 2881 vita
1907 2827 2061 2899 beata
2086 2868 2102 2891 ,

519 2905 573 2960 in
603 2915 862 2960 internum
905 2912 961 2958 et
997 2897 1133 2957 ultra
1173 2901 1226 2955 in
1278 2909 1562 2970 perpetuas
1585 2899 1929 2953 mternitates.
1958 2897 2105 2952 Sicut

519 2977 663 3031 enim
703 2991 896 3046 corpus
936 2975 988 3028 in
1028 2972 1424 3046 resurrectione
1465 2985 1563 3046 sua
1595 2970 1756 3023 vitam
1792 2979 1846 3023 et
1887 2983 2104 3046 sensum

516 3047 740 3117 recipiet
769 3041 914 3112 {sic
938 3045 1140 3117 anima
1175 3043 1227 3096 in
1275 3041 1674 3117 resurrectione
1722 3055 1815 3093 sua
1860 3041 2021 3092 vitam
2052 3047 2105 3092 et

517 3111 734 3173 sensum
773 3111 1045 3187 recipiet,
1091 3113 1145 3168 id
1187 3120 1305 3187 est,
1350 3111 1710 3187 cognitionem
1770 3119 1824 3187 et
1867 3124 2104 3187 amorem

518 3189 636 3245 Dei.
665 3188 816 3255 Quod
844 3180 1037 3241 autem
1057 3184 1288 3255 cognitio
1319 3184 1388 3237 sit
1415 3183 1518 3255 vita
1550 3191 1768 3245 aeterna,
1801 3180 1914 3250 ipsa
1960 3180 2105 3233 Veri-

517 3268 601 3314 tas
639 3253 870 3312 affirmat
897 3257 1080 3310 dicens
1115 3253 1142 3307 :7
1172 3253 1298 3308 Haec
1319 3263 1392 3306 est
1433 3254 1534 3306 vita
1563 3261 1749 3304 attenta
1775 3291 1790 3316 ,
1819 3260 1872 3302 ut
1911 3267 2105 3319 cogno-

515 3340 660 3384 scant
691 3339 736 3383 te
763 3343 929 3382 verum
955 3326 1118 3380 Deum
1143 3367 1156 3390 ,
1193 3335 1238 3378 et
1276 3340 1424 3392 quem
1447 3322 1624 3376 misisti
1651 3321 1839 3392 Jesunt
1852 3321 2106 3392 Christum

519 3399 716 3472 (Joan.
749 3415 857 3472 xvii
878 3441 891 3462 ,
921 3398 1216 3472 5)._Amur
1249 3391 1408 3449 etiam
1445 3408 1634 3472 sensus
1665 3400 1768 3472 est.
1798 3391 1930 3445 Nam
1968 3391 2105 3472 sicut

518 3462 760 3526 exterior
799 3462 1131 3523 homo'circa
1172 3467 1269 3521 ista
1313 3464 1620 3534 temporalia
1668 3462 2100 3534 quinquepartito

517 3556 678 3597 sensu
709 3541 965 3602 afficitur,
991 3537 1045 3592 id
1071 3545 1172 3601 est,
1208 3537 1343 3600 visu,
1372 3533 1575 3599 auditu,
1604 3543 1781 3602 gustu,
1805 3533 2028 3586 odoratu
2051 3541 2105 3586 et

521 3621 665 3666 tactu
697 3630 709 3664 :
743 3612 821 3666 sic
851 3609 1071 3665 interior
1108 3609 1269 3661 homo
1295 3608 1347 3659 in
1373 3607 1528 3660 beata
1564 3605 1668 3659 vita
1699 3605 1840 3658 circa
1871 3608 2105 3671 quinque

517 3683 804 3737 ineffabilia
847 3682 942 3736 Dei
983 3676 1233 3733 ineffabili
1266 3692 1450 3731 amore
1479 3674 1758 3730 afficietur.
1799 3673 1930 3729 Cum
1962 3676 2104 3728 enim

518 3753 686 3810 Deum
714 3767 867 3807 suum
897 3751 1126 3812 amabit,
1151 3750 1435 3818 quamdam
1471 3747 1678 3818 lucem,
1708 3745 1990 3812 quamdam
2014 3760 2107 3798 vo-

517 3839 634 3879 cem
654 3867 669 3890 ,
705 3822 987 3894 quemdam
1013 3815 1233 3894 odorem
1255 3859 1269 3884 ,
1298 3817 1580 3894 quemdam
1609 3815 1808 3894 cibum,
1831 3823 1893 3894 _ct
1921 3830 2108 3894 quem-

517 3885 1338 3964 dam-amplexum,interiorem
1382 3885 1720 3964 amabit._lbi
1759 3885 1907 3964 enim
1940 3885 2107 3954 fulget

517 3967 658 4035 quod
689 3957 792 4019 non
833 3965 975 4034 capit
1000 3963 1167 4035 locus.
1201 3961 1276 4015 lbi
1313 3967 1469 4035 sonat
1491 3957 1631 4035 quod
1663 3972 1769 4035 nou
1797 3957 1936 4035 rapit
1974 3965 2108 4035 tem:-

517 4026 638 4107 pus.
672 4035 746 4107 lbi
777 4036 885 4107 olet
901 4026 1059 4107 'quud
1097 4047 1208 4107 non
1233 4030 1447 4107 sPargit
1487 4026 1660 4107 flatus.
1699 4027 1772 4080 lbi
1795 4026 2105 4107 ‘sapit'quod

519 4096 627 4160 non
665 4106 853 4176 minuit
877 4096 1131 4176 edacitas.
1172 4102 1248 4176 ibi
1279 4096 1448 4176 hauriet
1473 4098 1612 4176 quod
1644 4113 1749 4176 non
1777 4096 1982 4176 divellit
2017 4112 2105 4150 sa-

518 4178 697 4230 tietas.
735 4175 808 4229 lbi
840 4173 1100 4244 siquidem
1139 4171 1346 4225 videtur
1372 4171 1514 4223 Dens
1544 4169 1659 4244 sine
1687 4166 2102 4244 intermissione,

519 4247 872 4316 cognoscitur;
893 4237 1006 4316 sine
1033 4256 1244 4316 errore,
1277 4247 1488 4292 amatur
1514 4237 1630 4292 sine
1655 4237 1970 4304 offensione,
1994 4237 2108 4290 lau-

520 4313 680 4372 datur
705 4317 821 4370 sine
849 4313 1182 4380 fatigatione.

591 4385 816 4441 CAPUT
839 4376 1101 4439 XXXVII.
1149 4382 1333 4438 Anima
1381 4379 1552 4433 civitas
1602 4377 1716 4431 Dei.
1751 4376 1904 4430 Illius
1951 4377 2104 4430 cives.

521 4456 828 4514 Consiliarii.
857 4455 1066 4510 Milites.
1091 4452 1302 4507 Plebeii.
1335 4449 1460 4504 Tres
1481 4451 1610 4503 vires
1630 4449 1814 4502 animm
1833 4448 2108 4501 secundum

522 4527 792 4583 Platonem
809 4537 856 4580 et
872 4527 1109 4580 medicos.
1134 4525 1306 4579 Ratio.
1330 4518 1984 4592 lntelfigentia.Memoria.
2009 4518 2110 4588 Ap-

559 4600 729 4654 etitus.
747 4599 822 4669 (α)
847 4597 1046 4652 Nobilis
1070 4604 1310 4669 creatura
1335 4600 1420 4669 est
1435 4591 1630 4645 anima.
1657 4591 1855 4669 in‘itas
1884 4604 2110 4657 namque

604 4671 616 4724 i
643 4660 832 4734 est,'de
859 4682 961 4737 qua
984 4675 1089 4720 tam
1116 4665 1350 4737 gloriosa
1371 4663 1508 4737 dicta
1528 4671 1659 4737 sunt
1679 4660 1696 4732 (
1718 4660 1862 4737 [³8ᾳίΣ
1891 4675 2107 4723 Lxxxvi,

522 4741 611 4813 5),
639 4730 782 4813 quod
809 4730 1184 4813 ad'imagine'm
1207 4744 1256 4790 et
1287 4730 1696 4813 similitudinem
1718 4731 1810 4813 Dei
1837 4730 1975 4813 facta
2004 4739 2107 4810 est.

523 4801 872 4867 Hiec'civitas
906 4801 1201 4863 Jerusalem
1244 4805 1434 4858 merito
1475 4803 1789 4873 appellanda
1815 4810 1942 4863 est;
1985 4801 2110 4873 quia

523 4883 591 4937 ad
640 4881 920 4948 fruendum
952 4878 1156 4931 visione
1192 4876 1346 4948 illius
1370 4872 1591 4948 summa:
1631 4875 1775 4942 pacis
1795 4913 1808 4936 ,
1829 4887 1958 4948 qua:
1989 4872 2114 4948 fecit

523 4941 749 5022 utraque
776 4966 940 5007 unum
967 4948 1196 5018 (Ephes.
1224 4962 1258 5000 ιι
1282 4987 1298 5012 ,
1329 4947 1394 4999 14
1412 4944 1433 5022 ὶ
1451 4987 1464 5012 ,
1495 4941 1672 5022 creata
1701 4952 1799 5022 est.
1827 4941 1972 4996 Mens
1997 4941 2113 5022 ejus

524 5014 803 5096 paradisus
827 5030 909 5077 est
930 5061 956 5096 ._
977 5014 1029 5072 in
1056 5014 1161 5096 qua
1187 5033 1306 5096 cum
1333 5014 1575 5096 ccelestia
1617 5014 1924 5096 meditatur,
1957 5014 2110 5094 quasi

525 5083 582 5148 in
604 5083 1161 5163 paradiso‘voluptatis
1177 5088 1492 5142 delectatur.
1515 5087 1713 5163 Domus
1733 5085 1893 5138 etiam
1916 5083 2112 5137 summi

525 5156 930 5221 Pairisfamilias
960 5156 1043 5214 est
1068 5162 1241 5233 anima
1263 5200 1277 5224 ,
1311 5167 1528 5233 propter
1564 5156 1823 5233 unitatem
1853 5168 2060 5233 merum
2096 5170 2110 5219 ;

527 5250 723 5304 sponsa
753 5233 952 5288 Christi
977 5271 992 5296 ,
1021 5246 1118 5305 per
1148 5225 1485 5305 dilectionem
1518 5244 1540 5305 _;
1571 5227 1840 5305 templum
1883 5225 2114 5305 Spiritus

528 5295 743 5369 sancti,
789 5319 885 5374 per
918 5295 1388 5374 sanctificationem
1432 5315 1446 5364 ;
1485 5299 1669 5374 civitas
1695 5295 1852 5374 liegis
1893 5295 2112 5374 interni,

529 5366 750 5447 propter
775 5366 958 5447 pacem
993 5381 1046 5426 et
1086 5370 1424 5447 concordiam
1455 5369 1683 5447 civium._
1715 5366 1780 5420 Et
1823 5366 1944 5447 quia
1974 5367 2117 5447 milia

528 5436 840 5500 est'civit'as
875 5444 1077 5513 absque
1122 5442 1347 5512 pepulo,
1377 5439 1637 5513 disposuit
1672 5439 1722 5492 in
1755 5453 1816 5492 ea
1857 5436 2117 5513 Conditor

529 5523 714 5570 noster
742 5508 1002 5584 populum"
1021 5508 1500 5584 tripiicisggradus',
1534 5511 1585 5565 id
1615 5517 1722 5584 est,
1761 5509 2026 5584 sapientes
2051 5508 2116 5584 ad

533 5578 916 5640 consulendum
937 5626 951 5649 ,
981 5578 1176 5640 milites
1201 5578 1727 5652 ad'pmpugnandum
1755 5622 1769 5646 ,
1794 5581 2022 5634 artifices
2041 5578 2118 5652 ad

531 5656 965 5713 ministrantium.
1009 5655 1164 5710 Cives
1203 5650 1359 5724 hujus
1389 5650 1649 5720 Civitatis,
1697 5660 1822 5707 sunt
1848 5650 2119 5706 naturales

597 5790 618 5850 ε
652 5795 736 5839 Hs.
765 5789 1108 5850 Medardensis,
1145 5788 1281 5838 bona.

595 5849 672 5917 (α)
693 5851 916 5902 Bernard.
941 5848 1100 5903 serm.’
1114 5851 1145 5901 5
1167 5853 1217 5900 in
1239 5848 1468 5912 Dedicat,
1491 5861 1540 5898 n.
1563 5848 1611 5898 9.

1952 375 2312 433 APPENDIX.

2211 504 2263 550 et
2285 495 2501 572 ingenui
2531 497 2720 572 anima:
2747 498 2989 572 vigores,
3023 504 3270 572 tanquam
3314 499 3576 572 indigenae
3619 517 3633 556 :
3668 517 3806 572 quo-

2208 582 2325 641 rum
2347 567 2741 641 distinctisunt
2765 567 2959 641 gradus
2989 586 3002 634 ;
3046 567 3168 638 quia
3207 571 3298 624 alii
3327 567 3634 641 superiores
3656 567 3808 640 {alii

2207 635 2524 712 inferiores,
2568 640 2654 693 alii
2698 635 2878 695 medii.
2919 635 3231 710 Superiores
3267 635 3480 712 quidem
3537 635 3698 709 sunt,
3723 646 3808 698 inc

2208 710 2531 764 telleetuales
2574 726 2761 765 sensus
2790 729 2803 776 ;
2838 712 3031 777 medii,
3063 710 3348 768 rationales
3381 730 3394 778 ;
3448 714 3651 778 infimi,
3684 717 3805 768 ani-

2207 781 2393 836 males.
2420 780 2654 848 Quorum
2683 782 2977 836 differentia
3002 783 3116 837 haec
3136 793 3237 838 est.
3263 785 3519 839 Animalis
3545 785 3657 838 sive
3681 799 3806 840 sen-

2207 852 2370 905 sualis
2407 853 2607 920 appetit
2643 853 2888 907 visibilia.
2945 853 3238 908 Ralionalis
3281 855 3569 921 discernit,
3611 864 3665 909 et
3695 856 3808 909 dis-

2208 922 2461 996 cretionis
2488 923 2984 996 oculoaspernatur
3011 940 3094 979 ea.
3124 924 3496 982 lntellcctualis
3541 926 3807 996 pertrahit

2207 992 2498 1066 addivina.
2541 994 2930 1066 figiteilectuales
2976 996 3136 1065 igitur
3179 1011 3366 1050 sensus
3395 1008 3518 1052 sunt
3541 992 3806 1066 tanquam

2207 1063 2397 1116 anima:
2441 1065 2726 1118 consiliarii
2753 1107 2767 1132 ,
2795 1063 3034 1121 dicentes
3063 1067 3110 1120 ei
3141 1084 3153 1119 :
3185 1066 3350 1120 Deum
3387 1069 3505 1121 time
3528 1109 3542 1132 ,
3573 1076 3623 1119 et
3651 1063 3804 1121 inan-

2209 1134 2328 1208 duta
2367 1134 2478 1208 ejus
2527 1135 2770 1208 observa:
2790 1135 3001 1208 Propter
3029 1138 3122 1192 hoc
3151 1138 3283 1190 enim
3327 1149 3398 1192 est
3441 1138 3602 1192 omnis
3651 1139 3806 1193 homo

2211 1203 2422 1278 (Eccle.
2456 1206 2708 1276 xu,15').
2742 1203 3050 1262 Ratio'nales
3093 1219 3218 1263 sunt
3268 1218 3515 1278 tanquam
3565 1208 3803 1275 milites,

2209 1274 2300 1344 qui
2325 1274 2510 1348 hostes
2537 1318 2550 1342 ,
2581 1274 2704 1345 puta
2725 1279 3216 1346 concupiscentias,
3240 1274 3550 1348 impugnant
3577 1293 3673 1348 per
3710 1274 3804 1333 ar;

2209 1360 2294 1418 nia
2317 1345 2842 1418 justitiae.iAnimales
2867 1345 2959 1403 seu
2981 1351 3254 1404 sensuales
3282 1345 3411 1404 sunt
3424 1345 3676 1418 tanqu-am
3702 1367 3800 1404 ru-

2211 1416 2326 1470 stici
2357 1425 2410 1470 et
2438 1417 2698 1484 artifices,
2746 1421 2834 1489 qui
2883 1420 3248 1490 corporalibus
3303 1416 3617 1475 rudin'ientis
3666 1422 3802 1475 insi-

2209 1494 2375 1562 stunt,
2392 1495 2445 1562 e_t
2469 1491 2678 1562 corpori
2702 1492 3001 1545 necessaria
3024 1491 3346 1545 ministrant.
3365 1492 3509 1545 llanc
3537 1492 3802 1562 triplicem

2209 1557 2317 1629 vim
2346 1557 2635 1622 animae,id
2666 1570 2778 1624 est,
2810 1563 3108 1616 sensualem
3133 1603 3148 1625 ,
3182 1562 3492 1617 rationalem
3513 1604 3528 1629 ,
3557 1557 3622 1617 et'
3641 1563 3802 1618 intel—

2209 1627 2855 1701 lectualempphilosophi
2887 1643 3062 1701 partes
3103 1643 3456 1699 vocaverunt,
3499 1627 3604 1687 non
3657 1635 3799 1688 inte-

2209 1700 2414 1772 graies,
2460 1700 2553 1754 sed
2581 1702 2835 1757 virtuales
2872 1700 2896 1755 :7
2922 1704 3044 1772 quia
3079 1705 3324 1770 potentize
3350 1703 3465 1772 ejus
3486 1713 3630 1758 sunt.
3660 1703 3797 1759 Sen-

2210 1770 2430 1843 sualitas
2469 1785 2530 1824 ea
2558 1772 2640 1825 vis
2661 1773 2851 1826 anima:
2881 1770 2982 1838 est,
3014 1788 3114 1842 qua
3147 1788 3340 1842 corpus
3366 1770 3593 1843 vegetat,
3625 1785 3678 1830 et
3708 1789 3802 1842 per

2209 1841 2450 1908 corporis
2471 1857 2660 1896 sensus
2683 1843 2780 1895 ista
2807 1841 3070 1898 exteriora
3099 1841 3260 1898 sentit
3288 1853 3340 1898 et
3366 1841 3638 1898 discernit.
3673 1841 3802 1900 Om-

2210 1925 2305 1983 nes
2347 1913 2488 1983 enim
2533 1927 2745 1977 sensus,
2781 1922 2886 1966 tam
2932 1914 3228 1968 exteriores
3270 1930 3425 1983 quam
3473 1916 3790 1982 interiores,

2209 1981 2275 2034 ad
2319 1982 2550 2055 animam
2581 1983 2885 2055 referuntur
2909 2027 2922 2049 ,
2970 1994 3151 2054 utpote
3180 1986 3247 2038 ab
3279 1981 3366 2038 illa
3399 1981 3797 2055 procedentes:

2210 2061 2268 2106 ut
2304 2054 2446 2106 enim
2478 2054 2742 2118 sentiant,
2777 2070 2964 2107 omnes
2993 2055 3060 2108 ab
3084 2057 3258 2109 anima
3289 2054 3503 2110 habent.
3539 2057 3692 2111 Ratio
3719 2059 3798 2112 vis

2210 2131 2292 2194 est
2315 2123 2508 2177 anima:
2539 2139 2696 2194 supra
2727 2126 3052 2193 corporalia,
3083 2135 3137 2179 et
3166 2126 3302 2179 infra
3346 2127 3642 2194 spiritualia
3685 2129 3798 2181 eol—

2210 2191 2382 2266 locata
2412 2191 2679 2249 :secernit
2702 2191 2844 2250 enim
2871 2211 2992 2249 vera
3022 2211 3052 2248 a
3079 2196 3248 2261 falsis,
3275 2191 3415 2265 quod
3437 2205 3520 2250 est
3553 2198 3792 2266 Logicaz;

2210 2263 2438 2336 virtutes
2459 2280 2486 2316 a
2514 2266 2675 2332 vitiis,
2705 2266 2842 2336 quod
2872 2276 2952 2321 est
2979 2266 3180 2319 Ethicac
3202 2283 3216 2330 ;
3242 2263 3410 2336 et'per
3433 2263 3794 2336 experimenta

2211 2349 2388 2388 rerum
2427 2335 2996 2408 investigat’naturas,
3042 2338 3181 2406 quod
3216 2347 3298 2392 est
3319 2335 3584 2408 Physicaa.
3625 2341 3682 2392 ln
3715 2339 3796 2393 his

2209 2419 2339 2479 vero
2382 2405 2550 2479 tribus
2592 2405 2697 2460 tota
2723 2405 3080 2479 Philosophia
3112 2409 3375 2479 consistit.
3409 2405 3607 2462 Totam
3637 2410 3838 2479 igitur~

2211 2474 2603 2547 Philosophiam
2635 2478 2769 2531 ratio
2794 2474 3216 2547 comprehendit.
3249 2478 3553 2547 Intellectus
3577 2474 3690 2534 sive
3718 2481 3798 2534 iu-
3813 2474 3850 2526 Ἴ

2211 2543 2515 2619 telligentia,
2549 2563 2610 2600 ea
2627 2548 2704 2603 vis
2731 2543 3047 2615 animai—est,
3076 2565 3177 2617 qua
3206 2549 3273 2603 de
3297 2543 3506 2614 divinis,
3540 2561 3798 2619 quantum

2210 2615 2409 2670 homini
2444 2619 2696 2686 possibile
2720 2629 2834 2684 est,
2865 2615 3222 2690 cognoscitur.
3262 2621 3340 2673 Ad
3379 2615 3618 2674 cwlestia
3649 2623 3798 2676 enim

2211 2690 2770 2760 arcanawpenetranda
2814 2691 2950 2744 ratio
2995 2705 3089 2760 per
3131 2705 3189 2745 se
3223 2705 3325 2744 non
3369 2691 3596 2755 sufficit,
3631 2691 3737 2746 nisi
3767 2707 3799 2745 a

2212 2758 2324 2814 Deo
2352 2758 2527 2826 adjuta
2560 2758 2735 2814 fuerit.
2765 2761 2912 2816 Tunc
2941 2758 3060 2816 finis
3080 2761 3194 2830 ejus
3212 2803 3224 2822 ,
3255 2761 3297 2814 si
3323 2761 3456 2815 bene
3483 2761 3646 2829 viget,
3671 2777 3800 2816 cmn

2209 2830 2278 2901 ad
2309 2830 2548 2883 notitiam
2579 2841 2903 2886 secretorum
2929 2873 2944 2898 ,
2974 2847 3091 2900 qua:
3129 2833 3220 2885 diu
3250 2831 3614 2900 investigando
3651 2847 3799 2901 quae-

2211 2900 2333 2954 sivit
2356 2942 2370 2966 ,
2395 2903 2699 2971 pervenerit
2724 2943 2736 2964 ,
2769 2903 3068 2956 intellectus
3090 2917 3184 2956 seu
3220 2901 3562 2970 intelligentia
3587 2900 3798 2956 nuncu-

2210 2980 2383 3040 patur.
2417 2972 2668 3042 Boethius
2707 2982 2885 3027 tamen
2917 2973 3044 3027 dicit
3078 2973 3476 3042 intelligentiam
3504 2973 3672 3027 solius
3703 2973 3800 3028 Dei

2210 3057 2328 3097 esse
2349 3051 2402 3096 et
2416 3041 2699 3096 admodum
2723 3058 3009 3112 paucorum
3033 3041 3303 3098 hominum
3333 3061 3349 3098 :
3378 3043 3470 3096 sed
3493 3042 3684 3097 horum
3716 3044 3798 3096 al-

2211 3120 2385 3166 terum
2429 3129 2524 3182 pro
2551 3115 2721 3168 altero
2758 3129 2899 3183 szepc
2926 3116 3157 3184 ponitur.
3198 3113 3450 3167 Meritoria
3479 3115 3635 3168 etiam
3662 3128 3798 3167 con-

2210 3198 2328 3236 sors
2357 3193 2409 3237 et
2434 3186 2763 3252 cooperatrix
2790 3193 2872 3238 est
2901 3186 3121 3239 rationis
3150 3202 3164 3249 ;
3195 3184 3449 3253 quoniam
3476 3186 3589 3238 sine
3618 3199 3679 3239 ea
3709 3199 3797 3239 ra-

2211 3254 2288 3308 tio
2307 3268 2406 3307 nec
2426 3254 2492 3307 ad
2519 3256 2779 3325 incognita
2804 3256 3110 3323 procedere,
3137 3269 3234 3308 nec
3268 3255 3600 3324 cognitorum
3627 3257 3802 3310 scien-

2213 3325 2339 3378 tiam
2367 3325 2597 3380 retinere
2627 3335 2818 3394 potest.
2849 3327 3098 3380 Memoria
3137 3334 3220 3379 est
3259 3326 3339 3378 vis
3364 3326 3555 3378 anima:
3581 3336 3798 3395 accepta

2211 3396 2448 3449 retinens
2468 3437 2480 3458 ,
2515 3397 2778 3464 prreterita
2809 3407 3076 3466 repetens,
3105 3397 3284 3465 elapsa
3311 3396 3655 3466 recolligens.
3693 3398 3800 3450 Ηιι-

2211 3480 2402 3537 nianus
2449 3468 2714 3537 appetitus
2748 3467 2888 3521 inter
2925 3483 3132 3521 summa
3162 3477 3215 3520 et
3254 3467 3360 3520 ima
3392 3469 3597 3536 positus
3618 3508 3632 3530 ,
3678 3483 3800 3521 cum

2212 3536 2526 3605 plerumque
2567 3538 2619 3591 in
2646 3547 2868 3606 utraque
2895 3538 3096 3592 divisus
3139 3537 3455 3607 sibimetipsi
3496 3538 3564 3591 sit
3589 3549 3804 3593 contra-

2211 3607 2344 3673 rius,
2374 3607 2426 3660 in
2461 3623 2850 3678 quamcumque
2877 3619 3082 3676 partem
3109 3617 3252 3662 totus
3279 3609 3568 3672 transierit,
3606 3624 3804 3664 nomen

2212 3679 2329 3747 ejus
2369 3679 2562 3731 merito
2593 3679 2832 3732 sortitur.
2861 3681 2913 3732 Si
2944 3679 3122 3733 carnis
3151 3679 3509 3747 voluptatibus
3535 3681 3802 3746 pascitur,

2211 3749 2440 3802 carnalis
2466 3749 2576 3801 sive
2601 3749 2846 3802 animalis
2875 3751 3196 3803 nominatur.
3221 3749 3275 3802 Si
3317 3749 3680 3817 spiritualibus
3705 3750 3807 3802 de-

2213 3818 2424 3890 sideriis
2453 3817 2746 3872 delectatur
2775 3861 2788 3884 ,
2821 3820 3112 3888 spiritualis
3139 3829 3496 3887 nuncupatur.
3521 3822 3807 3890 Appetitus

2212 3888 2472 3957 siquidem
2495 3898 2575 3942 est
2604 3890 2854 3944 naturalis
2875 3892 2953 3944 vis
2981 3891 3034 3944 in
3056 3892 3324 3944 animante
3346 3888 3622 3946 movendis
3646 3890 3808 3944 avide

2213 3959 2456 4013 sensibus
2487 3961 2758 4014 attributa.

2284 4029 2510 4084 CAPUT
2587 4031 2876 4085 XXXVIII.
2942 4030 3138 4084 Virium
3208 4033 3392 4085 anima:
3458 4031 3806 4099 deﬁnitiones.

2216 4100 2289 4171 (α)
2323 4101 2582 4166 Quoniam
2611 4104 2676 4155 de
2712 4103 2913 4156 viribus
2939 4103 3128 4154 anima:
3151 4117 3293 4171 saepe
3320 4104 3642 4156 mentionem
3675 4103 3802 4168 feci,

2214 4170 2438 4224 definire
2468 4187 2559 4224 eas
2586 4173 2754 4227 debeo
2783 4189 2796 4234 ;
2841 4180 3098 4240 quatenus
3130 4170 3248 4238 qua:
3269 4172 3335 4226 de
3359 4174 3532 4226 anima
3555 4173 3694 4226 dicta
3721 4175 3810 4227 vel

2216 4242 2438 4296 dicenda
2471 4251 2634 4306 sunt,
2672 4243 2968 4296 evidentius
3009 4243 3230 4312 intelligi
3274 4243 3499 4312 possint.
3529 4242 3807 4299 Sensuali-

2215 4320 2325 4382 tas,
2357 4326 2576 4378 sensus,
2619 4314 2920 4382 imaginatio
2971 4319 3076 4366 tam
3129 4315 3370 4381 corporis
3413 4329 3569 4382 quam
3611 4316 3810 4369 animus

2212 4381 2316 4436 diei
2366 4392 2606 4451 possunt.
2656 4381 2979 4439 Sensualitas
3021 4385 3262 4453 corporis
3304 4392 3386 4438 est
3435 4383 3679 4453 quaedam
3725 4385 3810 4438 vis

2215 4453 2401 4533 ignea._
2432 4455 2762 4533 Sensualitas
2790 4456 2904 4510 sive
2930 4453 3231 4533 animalitas
3277 4454 3512 4533 animae,
3543 4464 3627 4508 est
3669 4453 3812 4508 infes

2214 4524 2326 4578 rior
2354 4524 2434 4577 vis
2468 4524 2612 4594 ejus,
2639 4541 2759 4594 quae
2788 4540 2969 4579 secum
3011 4525 3228 4579 trahens
3256 4526 3658 4580 sensualitatem
3682 4539 3808 4579 car-

2215 4595 2329 4660 nis,
2360 4596 2504 4648 velut
2532 4595 2784 4650 famulam
2825 4606 2878 4651 et
2911 4595 3278 4661 obedientem,
3311 4609 3499 4649 sensus
3526 4605 3579 4648 et
3615 4595 3810 4666 imagi-

2217 4666 2458 4719 nationes
2497 4666 2646 4731 facit,
2688 4681 2884 4736 easque
2918 4668 2970 4720 in
3001 4680 3124 4720 area
3160 4667 3432 4719 memori:e
3470 4668 3702 4734 reponit.
3747 4667 3810 4720 In

2217 4750 2377 4790 sensu
2415 4738 2822 4791 instrumentum
2860 4747 2942 4791 est
2970 4737 3328 4790 sensualitatis
3356 4739 3371 4767 ‘
3403 4745 3457 4790 et
3492 4737 3644 4805 origo
3671 4737 3809 4790 ima-

2217 4807 2521 4876 ginationis.
2566 4807 2682 4876 Ipsa
2712 4822 2941 4876 namque
2977 4809 3056 4860 vis
3093 4809 3274 4876 ignea,
3315 4822 3434 4875 qua:
3474 4809 3812 4861 extrinsecus

2218 4877 2445 4930 formata
2478 4892 2668 4932 sensus
2693 4879 2890 4932 dicitur
2922 4919 2935 4941 ,
2966 4877 3152 4932 eadem
3182 4878 3348 4931 forma
3395 4892 3561 4946 usque
3592 4878 3660 4931 ad
3691 4879 3814 4931 inli-

2218 4963 2365 5000 mum
2412 4949 2686 5012 traducta,
2737 4949 3042 5016 imaginatio
3093 4959 3332 5002 vocatur.
3381 4949 3584 5002 Sensus
3631 4952 3814 5016 itaque

2219 5020 2358 5088 parit
2386 5018 2854 5088 imaginationem,
2875 5018 3186 5088 imaginatio
3221 5020 3633 5088 cogitationem,
3666 5021 3815 5087 cogi-

2221 5086 2350 5142 tatio
2379 5088 2798 5142 meditationem.
2841 5086 3112 5142 Meditatio
3142 5086 3619 5158 acuit'ingenium,
3663 5086 3814 5158 inge-

2222 5161 2368 5213 nium
2391 5161 2649 5211 rationem
2679 5176 2692 5212 :
2719 5160 2856 5212 ratio
2882 5160 3134 5213 conducit
3159 5160 3226 5213 ad
3256 5160 3585 5213 intellectum
3603 5200 3617 5223 ,
3650 5160 3815 5213 intel-

2222 5230 2391 5285 lectus
2420 5229 2484 5281 ad
2512 5230 2945 5299 intelligentiam,
2981 5230 3330 5300 intelligentia
3363 5246 3458 5300 per
3482 5231 3816 5297 contempla-

2223 5303 2422 5355 tionem
2448 5302 2614 5368 ipsam
2645 5301 2922 5354 veritatem
2953 5301 3265 5368 admiratur,
3298 5311 3350 5355 et
3379 5317 3474 5370 per
3496 5301 3814 5354 charitatem

2225 5372 2278 5426 in
2301 5387 2362 5425 ea
2394 5371 2712 5425 delectatur.
2745 5373 2946 5426 Sensus
2966 5380 3048 5426 est
3079 5375 3258 5441 passio
3284 5373 3476 5426 anima:
3504 5373 3554 5424 in
3585 5385 3816 5440 corpore

2225 5458 2290 5497 ex
2337 5442 2675 5512 qualitalibus
2721 5451 2872 5497 extra
2923 5443 3309 5497 accidentibus.
3363 5441 3678 5509 lmaginatio
3733 5449 3820 5497 est

2227 5514 2306 5567 vis
2331 5513 2521 5567 animae
2547 5554 2560 5581 ,
2591 5529 2709 5583 quae
2737 5513 2963 5584 figuram
2992 5528 3368 5584 corporearum
3389 5529 3567 5570 rerum
3589 5512 3816 5568 absente

2295 5721 2310 5750 ¹
2347 5719 2488 5777 Alias,
2513 5715 2810 5767 sensualitas.

2292 5770 2522 5844 (owing-0
2545 5783 2683 5844 δίει,
2721 5781 2786 5844 d_e
2823 5779 3014 5844 unione
3056 5775 3187 5840 c'brp.
3224 5784 3283 5844 et
3330 5779 3476 5844 spir.;
3519 5775 3585 5828 id.
3631 5770 3821 5833 Erdit,

2231 5839 2406 5892 didasc.
2433 5839 2513 5892 lib.
2539 5841 2586 5905 2,
2607 5839 2709 5904 cap.
2734 5842 2783 5902 6,
2809 5849 2860 5891 et
2883 5840 2965 5890 lib.
2986 5841 3034 5904 5,
3053 5839 3189 5904 capp.
3217 5840 3294 5902 il,
3326 5839 3375 5888 8.
