2047 3171
238 204 309 237 nens
318 201 401 238 donet
413 196 587 238 animasillls
593 205 661 235 quos
675 197 776 238 absque
786 196 909 238 remedio
921 197 1031 238 salutari

238 232 307 268 mori
320 232 461 272 contingit;
473 232 682 272 respondemus,
695 232 767 269 quod
777 233 865 263 divina
879 232 1013 272 institutio
1021 252 1030 266 ,

256 282 290 303 ua
303 280 348 302 res
357 277 385 300 et
396 268 486 301 réntm
500 268 602 300 natura:
615 268 766 299 conduntur
774 290 782 302 ,
796 276 847 297 nec
857 272 966 304 peccato
978 268 1030 296 tol-

238 303 311 347 t‘itur,
318 315 368 347 nec
374 305 652 347 violentiaprcpeditu
656 313 678 347 τε
686 304 749 346 Inde
756 309 797 332 est
804 303 874 345 quod
885 303 927 347 lex
935 310 1031 347 carpa-

232 345 272 375 .lis
284 338 387 379 copulae
396 363 407 379 ε
417 349 468 379 nec
481 338 601 379 etiam-in
615 341 692 369 malis
700 338 822 379 jure_suo
832 339 960 379 privatur:
973 338 1031 367 Ge-

239 374 334 408 neran't
348 376 462 406 adulteri
472 398 480 409 ,
494 376 684 409 fornicatores,
707 374 810 410 profani
825 383 832 402 :
850 374 976 403 naturalis
990 379 1031 402 ta-

239 423 300 445 men
313 413 444 445 institutio
456 419 506 440 nec
518 412 545 441 in
554 411 652 440 talibus
663 409 776 446 deperit.
788 409 886 439 Natura
898 416 1030 446 namque,

241 454 323 486 prout
333 450 402 478 Deus
416 447 539 486 instituit,
552 446 622 486 quod
635 444 713 475 suum
726 450 768 473 est
777 449 918 486 speratur.
932 444 1032 486 Natura

239 480 426 521 siquidemrest
443 480 568 519 quaedam
577 481 616 521 vis
636 485 666 521 et
683 480 801 521 potentia
814 480 939 508 divinittts
951 480 1033 521 rebus

240 515 362 552 creandis
376 515 469 551 insita'.
483 525 543 553 quae
557 515 700 552 unicuique
711 516 750 544 rei
763 523 839 553 suum
854 522 914 553 esse
926 515 1030 553 tribuit,

258 564 293 585 ua
310 556 378 586 bona
391 550 511 589 quisquis
523 552 592 581 male
604 550 687 589 utitur
695 573 702 583 ,
718 551 805 589 malus
814 558 875 578 esse
887 550 1030 589 judicatur.

258 565 293 585 ιιι
310 565 378 586 bona
391 565 511 589 qumqulta
523 565 592 581 tunc
604 565 685 580 ιιιιιιιτ
695 573 702 583 ,
718 565 805 581 Hlarus
814 565 875 578 casu
887 565 1030 584 mutuatur.

240 565 314 620 gnate
324 591 394 621 enirn
408 589 562 625 puniuntur,
571 587 616 625 qui
626 587 704 615 licitis
715 587 869 615 abutuntur.
882 586 957 625 Iuste
967 593 1032 614 vero

239 627 398 662 puniuntur,
409 621 457 662 qui
469 630 564 658 rapere
572 621 734 662 inconcessa
738 626 888 662 conantur:
904 621 949 648 Sic
959 625 1032 662 sata-

241 656 289 694 nas
302 656 410 693 etclulli.
421 656 464 688 sic
476 656 660 694 protoplastus
669 656 786 694 perdidit
799 656 960 694 paradisum.
975 656 1031 683 Ab-

240 691 350 728 utuntur
364 695 443 723 licitis
454 715 462 728 ,
475 691 521 729 qui
535 691 604 721 bona
612 692 665 729 Dei
671 691 811 729 maculant
829 691 1033 729 usibns_inco_n-

241 726 334 760 cessis.
350 726 561 759 Maculant'bona
572 728 634 759 Dei,
646 728 716 756 sicut
727 727 746 755 ii
758 727 804 763 qui
815 726 1034 763 curqardoreli;

242 767 339 797 hidinis
360 769 487 794 exercent
508 771 588 799 opera
609 763 712 798 copulat
729 761 853 799 carnalis.
865 761 904 790 Ex
930 762 971 790 his
986 761 1034 790 tilii

241 804 419 837 generantur,
432 798 668 837 quorum_corpora
683 798 944 837 serviente-Creatori
959 804 1035 837 crea-

243 832 301 865 iura
317 832 481 873 formantur,
498 839 525 862 et
541 832 613 873 ‘Deo’
621 833 766 873 inspirante
789 833 949 873 spiraculum
972 832 1034 872 vitae

242 873 402 900 animantur.
427 869 594 905 Spiraculum
613 869 672 896 vitae
693 869 835 905 humanam
857 869 979 905 animant
995 869 1034 895 in-

244 907 350 949 salute».
363 903 1034 949 quaesemetsemet?!australis?

242 938 355 978 inspirat
367 938 380 969 :-
389 938 442 978 quo
452 938 546 978 sensus
556 939 678 974 corporei
691 938 940 978 animantum-unde
954 938 1035 978 homo

243 973 328 1009 facins
343 977 370 1005 in
383 973 498 1005 animam
519 973 653 1004 viventem
667 978 840 1003 memoratur.
857 974 885 1001 In
901 974 942 1001 his
961 977 990 1001 et
1006 973 1034 1001 in

243 1013 302 1041 aliis
319 1011 494 1047 Omnipotens
511 1010 582 1047 agit,
597 1014 675 1047 prout
692 1009 805 1047 instituit
815 1017 921 1047 ,_qucut
938 1008 1036 1047 nullius

243 1047 370 1083 adjuvant
382 1043 450 1075 bona
461 1067 469 1080 ,
494 1043 544 1083 nec
565 1043 711 1083 impediunt
726 1044 805 1083 mala.
821 1044 909 1083 Bonos
921 1043 1035 1083 quidem

244 1079 365 1120 provehit
383 1089 430 1110 sua
443 1081 531 1120 gratia
547 1089 554 1108 :
564 1079 651 1120 malos
662 1083 751 1120 terret
761 1080 769 1095 ¹
784 1087 831 1120 sua
844 1079 945 1120 justitia
957 1098 965 1106 .
980 1079 1035 1120 tios

244 1114 366 1160 equidem
381 1114 466 1158 servi',
477 1115 545 1157 .dum
556 1115 669 1160 .Dominli
687 1115 764 1142 bonis
783 1114 933 1160 abutimur,
949 1114 987 1142 rei
1008 1117 1036 1155 et

245 1149 336 1181 miseri
360 1149 464 1188 pariter
477 1150 634 1188 invenimur.
659 1150 719 1188 Ipse
743 1157 806 1178 vero
826 1149 969 1183 Dominus,
989 1149 1035 1188 qui

245 1185 381 1216 servorum
394 1193 502 1215 suorum
513 1186 589 1213 malis
603 1185 672 1214 bene
684 1185 776 1218 utitur,
791 1190 898 1212 sanctus
912 1188 939 1212 et
950 1185 1037 1212 omni-

282 1228 341 1251 tens
354 1222 489 1251 adoratur.
512 1221 570 1257 Ipse
581 1220 686 1257 corpori
702 1224 809 1257 terreno
821 1220 860 1257 de»
869 1219 969 1257 peccati
984 1224 1038 1257 tra-

282 1231 341 1251 lens
354 1231 489 1251 auoratur.
512 1231 570 1257 Ipse
581 1231 686 1255 corpori
703 1231 809 1247 terreno
821 1231 856 1247 ut:
870 1231 969 1254 puum"
984 1231 1038 1247 tra-

245 1231 332 1286 ﬁce'
354 1261 498 1293 propagato
518 1278 525 1289 ,
549 1263 598 1293 pro
612 1255 836 1293 institutionesua
854 1255 966 1289 inspirat
983 1255 1038 1282 ani-

247 1302 328 1327 utam,
344 1290 413 1320 bene
423 1290 498 1319 utens
513 1292 603 1319 inolita
622 1290 838 1327 praevaricatione
853 1294 963 1327 nostra;
977 1298 1037 1327 quin

247 1302 328 1327 mam,
344 1299 412 1320 bene
423 1299 498 1319 utens
513 1299 603 1319 IllOllla
622 1299 838 1326 praevaricatione
853 1299 963 1323 nostra;
977 1299 1037 1354 (ὲιέῗ

246 1329 268 1356 si
292 1333 364 1356 esset
389 1327 534 1360 naturalis,
557 1327 678 1354 Creatori
702 1330 804 1360 poterat
827 1326 965 1360 imputari:

246 1364 356 1392 Creator
372 1367 502 1399 praeparat
515 1362 719 1399 omnitempore
733 1361 916 1392 Sacramenta.
932 1366 960 1389 et
972 1361 1038 1399 obe-

246 1399 352 1427 dientixe
368 1396 408 1434 pia
421 1396 545 1434 proponit
564 1398 649 1434 edicta
662 1417 669 1429 ,
683 1402 712 1424 ut
726 1401 817 1424 contra
830 1401 967 1434 peccatum
988 1396 1038 1424 Sa-

247 1432 381 1462 cramenta
395 1432 449 1461 sint
460 1432 485 1461 in
498 1433 654 1464 remedium,
666 1437 694 1459 et
708 1432 894 1467 temporalium
904 1432 1037 1467 robserva-

248 1471 285 1497 tio
298 1469 482 1497 mandatorum
496 1474 656 1496 mternorum
666 1466 880 1502 aiferat’pratmia
894 1466 1035 1495 donorum.

249 1505 323 1533 Unde
337 1505 358 1532 si
369 1504 448 1539 aliqui
463 1504 512 1531 sub
531 1508 640 1538 peccato
653 1503 732 1537 gettiti
745 1503 845 1539 obeunt
858 1502 960 1539 parvuli
977 1503 1039 1539 absf

246 1548 298 1574 que
313 1537 430 1567 remedio
442 1537 565 1570 salutari,
586 1539 744 1573 pcrtintesce
763 1537 976 1574 justitiamrDei,
992 1538 1037 1574 qui

249 1572 313 1602 nihil
325 1574 405 1602 debet
419 1574 506 1606 alicui,
519 1574 564 1601 sed
575 1572 683 1601 damnat
692 1574 718 1600 in
731 1573 842 1609 singulis
853 1573 952 1609 malum
966 1572 1037 1608 quod

249 1618 300 1638 non
312 1611 373 1638 fecit
385 1610 411 1636 in
425 1610 473 1637 eis.
487 1609 515 1636 Si
526 1613 612 1635 autem
627 1609 749 1643 parvulos
762 1608 1039 1637 renovatSacramen-

249 1646 299 1678 tis,
315 1645 446 1672 admirare
461 1644 667 1672 misericordiam
683 1644 739 1671 Dei.
756 1644 808 1679 Ipsi
821 1644 892 1674 enim
907 1644 976 1672 sicut
988 1652 1038 1672 ne-

248 1681 335 1707 sciunt
347 1680 450 1715 culpant
462 1701 469 1713 ,
482 1688 540 1706 cum
556 1688 605 1714 qua
620 1687 652 1706 ex
666 1687 746 1706 carne
764 1679 978 1715 nascunturggsic
992 1686 1039 1708 ne-

248 1716 336 1743 sciunt
344 1713 464 1750 gratiam,
476 1723 525 1750 qua
537 1723 583 1750 per
592 1715 726 1742 Christum
738 1719 907 1748 renovantur.
917 1713 974 1747 Non
988 1722 1039 1742 ex-

248 1756 322 1778 cusat
336 1751 458 1785 parvulos
469 1758 483 1777 a
497 1750 584 1784 culpa,
599 1750 659 1784 quia
673 1758 731 1777 eam
742 1757 795 1777 nott
807 1754 914 1785 norunt;
928 1758 978 1777 ttec
990 1758 1039 1777 ex-

248 1784 451 1821 cludit’gratiant
470 1786 503 1813 ab
517 1787 569 1817 eis,
583 1786 643 1820 quia
662 1793 719 1812 cam
740 1786 870 1821 nesciunt.
888 1784 993 1821 Quaeris
1011 1785 1039 1814 in

249 1822 287 1849 eis
301 1820 427 1857 culpam?
449 1820 554 1848 Iuvenis
572 1829 604 1848 ex
625 1829 704 1857 carne
720 1820 878 1857 traductam.
888 1820 1037 1857 tQuaarisrin

249 1857 287 1884 eis
304 1855 432 1891 gratiam?
448 1857 552 1883 Iuvenis
566 1864 580 1882 a
595 1857 647 1882 Deo
658 1856 791 1883 collatam.
811 1855 858 1884 Illa
880 1855 970 1884 debite
992 1856 1040 1883 da-

250 1890 364 1925 mnatur,
371 1892 427 1919 hzec
435 1891 549 1919 iudebite
559 1896 729 1926 pricrogatur.
739 1890 784 1918 Illa
793 1890 924 1926 judicium
941 1891 1036 1925 praedi-

249 1932 301 1960 cat,
318 1927 375 1955 hate
385 1927 593 1954 misericordiam
608 1931 789 1961 repraesentat.
805 1927 833 1954 ln
844 1930 958 1961 utroque
969 1927 1040 1954 Deus

249 1964 417 1997 agnoscitur,
440 1962 481 1990 cui
505 1962 684 1989 misericOrdia
708 1966 736 1989 et
756 1961 884 1997 judicium
911 1966 1040 1997 perpetua

250 1997 325 2025 laude
338 2003 457 2025 cantatur
471 1997 553 2031 (Ρδιιι.
568 2005 593 2029 c,
610 1997 645 2032 l).
656 1997 707 2024 Sed
719 1997 753 2024 ab
764 1997 806 2025 bis
816 1998 949 2025 intuendis
963 2005 1039 2025 mens

250 2037 350 2063 nostra,
366 2041 439 2060 meus
450 2032 551 2058 inﬁrma
561 2053 567 2063 ,
582 2032 641 2066 quia
656 2033 772 2066 peccatis
784 2033 877 2060 obruta
887 2053 895 2066 ,
910 2033 989 2060 citius
1003 2032 1038 2060 ad

250 2075 279 2094 se
293 2067 375 2103 ipsam
391 2068 497 2103 redeat,
512 2067 613 2103 sibique
632 2067 780 2094 remedium
794 2072 914 2102 quierat,
931 2073 959 2095 ut
978 2068 1040 2103 qua:

251 2103 275 2128 iu
292 2101 373 2137 Adam
387 2102 528 2134 ceciderit,
545 2102 570 2128 iit
585 2102 689 2129 Christo
702 2101 832 2137 resurgat,

283 2136 395 2165 CAPUT
415 2137 505 2165 XLIII.
528 2137 670 2163 Delminio:
693 2136 794 2163 natura.
820 2136 892 2164 Mors
917 2137 1037 2165 hominis.

252 2174 292 2208 (a)
316 2173 393 2201 Plura
417 2178 521 2200 veteres
548 2172 581 2199 de
612 2178 708 2208 natura
727 2172 823 2200 animus
844 2172 944 2200 dixisse
964 2173 1039 2201 inve-

249 2208 357 2235 niuntur
366 2229 373 2241 ,
390 2207 436 2236 sed
448 2208 511 2236 ttihil
525 2208 559 2236 ita
569 2212 597 2235 ut
611 2215 665 2235 non
676 2207 774 2243 aliqttid
789 2212 891 2235 restare
907 2207 1036 2235 videatur.

250 2243 305 2279 Ego
319 2248 408 2279 autem
421 2251 452 2271 ex
464 2251 555 2271 eorum
569 2243 657 2279 dictis,
670 2247 770 2279 quanto
782 2243 934 2279 diligentius
946 2244 1037 2278 potui,

250 2278 329 2306 breve
343 2278 411 2306 istud
426 2283 453 2305 et
463 2283 563 2306 certum
577 2278 711 2314 colligere,
724 2279 840 2313 atquein
856 2287 937 2306 unum
950 2279 1039 2308 studui

249 2313 370 2349 redigere
379 2334 387 2346 ,
399 2314 469 2349 quod
485 2313 621 2341 memoria:
634 2313 844 2342 commendetur.
859 2314 949 2342 Hebes
963 2322 1039 2342 nam-

249 2357 300 2385 que
312 2348 355 2379 est
375 2348 504 2385 memoria
519 2348 650 2385 hominis,
666 2354 693 2377 et
705 2349 833 2377 brevitate
847 2349 960 2385 gaudet;
973 2354 1000 2377 et
1013 2350 1038 2378 si

249 2383 276 2411 in
290 2385 372 2412 multa
385 2384 527 2419 dividitur,
544 2384 573 2411 Iit
585 2384 671 2412 minor
684 2385 709 2412 in
719 2383 906 2420 rsingulistx
926 2393 1039 2420 corpore

248 2424 274 2456 et
282 2420 374 2456 anima
388 2425 492 2448 constat
506 2420 586 2448 homo
602 2424 649 2456 :et
664 2419 792 2455 quidquid
806 2420 890 2448 oculis
901 2419 1038 2456 corporeis

247 2455 366 2488 videtur,
388 2461 497 2491 propter
514 2463 611 2491 corpus
625 2455 723 2483 factum
741 2461 782 2484 est
793 2476 801 2489 ,
814 2463 911 2491 corpus
930 2461 1038 2491 propter

247 2490 362 2518 animant
372 2512 380 2525 ,
390 2490 491 2519 ’auima
511 2490 600 2519 autem
614 2495 722 2527 propter
739 2491 833 2527 Deum.
847 2490 906 2519 Vita
918 2490 1038 2526 corporis

247 2527 334 2553 anima
346 2531 403 2558 est,
423 2527 477 2554 vita
489 2526 584 2554 animat
596 2526 666 2554 Deus
680 2531 730 2555 est.
746 2526 906 2554 Immortalis
922 2532 963 2555 est
980 2528 1039 2555 ani-

247 2568 301 2594 ma,
314 2561 376 2596 quia
390 2569 471 2590 carne
483 2567 566 2594 caret;
581 2570 630 2590 nec
641 2561 721 2589 habet
732 2570 784 2597 quo
796 2562 889 2595 cadat,
907 2567 934 2589 ut
946 2570 1037 2590 resur-

246 2596 364 2633 rectione
379 2602 457 2633 egeat
467 2603 526 2632 post
536 2598 640 2624 ruinam
653 2618 660 2629 ,
676 2597 726 2625 nisi
738 2596 846 2631 peccato
856 2597 991 2625 ceciderit.
1004 2598 1039 2626 Et

246 2630 307 2659 ideo
319 2632 345 2659 in
361 2630 447 2660 morte
459 2630 511 2660 vita
527 2637 616 2660 nostra
631 2641 683 2660 non
696 2630 773 2667 perit,
787 2633 835 2660 sed
848 2640 944 2667 corpus
956 2633 1039 2661 desti-

247 2667 384 2703 tuit,dum
399 2668 539 2696 discedens
553 2668 641 2695 anima
652 2668 705 2695 vim
715 2675 789 2696 suam
804 2675 856 2695 non
869 2668 972 2703 perdit,
989 2668 1038 2696 sed

246 2702 317 2736 quod
327 2702 506 2732 viviﬁcaverat
516 2703 568 2731 hoc
580 2703 702 2737 dimittit,
713 2708 740 2731 et
750 2702 878 2739 quantuni
893 2703 920 2730 in
935 2711 965 2731 se
977 2708 1019 2732 est
1027 2724 1035 2737 ,

277 2773 296 2804 ι,
305 2774 347 2796 Is.
359 2770 530 2797 sedat-densis:
543 2776 619 2797 eam
629 2770 652 2798 ἀ
663 2771 761 2804 quidem
770 2771 897 2804 prmit,‘
906 2774 933 2797 et
942 2775 1036 2804 postea,

245 2862 438 2926 “(altisono
449 2862 527 2889 vietor
537 2864 580 2890 lib.
591 2864 607 2889 2
618 2864 707 2891 audit.
719 2864 821 2896 didam,
836 2870 890 2897 cap.
905 2863 944 2896 lt,
955 2869 981 2891 et
991 2864 1035 2890 lib.

967 134 1148 166 APPENDIX.

1825 132 1876 170 8i!

1083 202 1197 236 mortem
1211 198 1506 236 alteriustacit,_quam
1515 198 1577 236 ipsa
1592 205 1647 236 non
1660 198 1767 234 recipit.
1775 199 1857 236 Facit
1867 219 1874 232 .

1085 234 1202 269 inquam,
1216 242 1269 262 non
1283 234 1443 263 viviﬁcando
1452 234 1522 270 quod
1532 234 1650 268 deserit,
1661 242 1715 262 non
1728 235 1877 265 amittendo

1084 270 1155 305 quod
1167 270 1240 298 vivit.
1257 270 1347 306 Itaque
1358 278 1431 298 mors
1443 270 1560 298 hominis
1574 270 1640 298 nihil
1655 274 1697 298 est
1713 270 1786 299 aliud
1799 280 1878 306 quam

1084 305 1172 333 carnis
1194 305 1322 339 occasus,
1337 313 1352 333 a
1373 313 1424 341 qua
1438 313 1500 334 cum
1515 306 1556 334 vis
1574 306 1702 341 potentiae
1718 305 1879 336 viviﬁcantis

1084 341 1253 377 abscesserit,
1269 341 1295 369 in
1306 346 1404 369 terram
1419 341 1452 369 de
1461 349 1513 377 qua
1523 345 1629 376 sumpta
1638 346 1680 377 est
1694 341 1781 374 redit,
1794 344 1880 371 amis-

1084 376 1122 403 sis
1135 376 1256 404 sensibus
1273 384 1341 412 quos
1362 385 1414 404 non
1434 376 1482 412 per
1499 384 1530 404 se
1550 377 1636 412 ipsam
1657 376 1759 405 habuit.
1782 378 1880 406 Anima

1085 419 1137 439 non
1150 412 1244 446 aliter,
1258 420 1336 448 quam
1351 412 1391 440 sol
1402 413 1487 440 lucem
1500 412 1552 443 diei
1562 432 1571 445 ,
1582 412 1665 439 vitam
1678 413 1769 440 tribuit
1785 415 1879 448 carni,

1084 454 1145 474 cum
1162 448 1281 481 venerit;
1301 453 1414 475 mortem
1432 448 1531 481 el‘ticit,
1546 455 1608 475 cuin
1628 448 1738 475 recedit.
1754 448 1825 477 Mors
1836 453 1881 477 ta-

1085 489 1145 510 men
1160 490 1212 511 non
1226 484 1359 512 consumit
1372 483 1529 517 conjuncta,
1546 482 1593 511 sed
1615 483 1723 515 dividit,
1738 484 1801 511 dum
1821 485 1880 512 ori-

1083 518 1138 553 gini
1152 525 1208 545 snat
1221 523 1362 554 utrumque
1377 518 1474 546 reddit.
1489 519 1522 546 Et
1536 525 1570 546 ne
1588 518 1648 554 quis
1669 523 1743 553 putet
1761 520 1881 548 animam

1085 554 1205 589 corporis
1231 553 1475 586 mortc’consumi,
1497 553 1587 581 audiat
1606 554 1670 589 quid
1694 554 1824 582 Dominus
1851 555 1880 583 in

1086 588 1230 625 Evangelio
1243 589 1315 616 dicat
1330 598 1337 615 :
1356 589 1455 622 Nolite,
1468 590 1570 625 inquit,
1586 588 1628 616 eos
1647 589 1733 625 torrere
1746 591 1790 625 qui
1809 591 1880 618 occi-

1085 623 1150 660 dunt
1159 631 1259 660 corpus,
1267 625 1379 652 animant
1388 629 1471 652 autem
1479 623 1530 652 non
1540 629 1644 659 possunt
1651 623 1880 660 miderdlotth.

1086 666 1120 701 x_,
1134 659 1192 701 $8).
1208 659 1343 695 Fatigatttr
1354 668 1451 701 corpus
1457 660 1671 701 cogitationibus
1683 659 1782 689 mentis
1798 670 1806 689 :
1819 661 1882 689 am-

1085 695 1156 730 citur
1166 695 1192 722 in
1206 702 1319 730 corpore
1332 702 1411 724 mens
1419 695 1558 723 doloribus
1567 696 1697 730 corporis.

1120 729 1234 759 CAPUT
1247 729 1337 766 XLIV.
1353 731 1445 758 Anima
1465 731 1595 766 invisibilis
1612 729 1657 758 est.
1687 731 1763 758 Ratio
1788 739 1881 766 specl-

1085 767 1140 793 tum
1152 770 1188 802 est
1198 766 1278 801 inquo
1289 764 1370 792 Deum
1379 766 1471 793 uideat.
1480 765 1520 801 (a)
1531 765 1634 800 Corpus
1648 774 1681 794 ex
1694 764 1809 802 quatuor
1820 767 1880 795 ele—

1086 801 1184 828 mentis
1204 805 1319 828 constat.
1333 801 1430 828 Anima
1450 809 1499 829 nec
1518 801 1680 829 elementum
1699 801 1756 835 est,
1776 809 1828 830 nec
1844 810 1881 831 ex

1085 836 1236 869 elementis,
1250 836 1297 864 sed
1310 836 1344 863 de
1354 836 1437 864 nihilo
1449 842 1490 864 est
1503 838 1580 869 facta,
1592 841 1619 864 et
1630 837 1680 865 soli
1693 837 1815 865 Creatori
1829 845 1881 865 suo

1086 872 1200 906 cognita.
1216 872 1254 899 Ex
1266 871 1306 899 his
1319 879 1384 906 ergo
1394 872 1517 900 omnibus
1532 880 1591 906 qua:
1608 872 1635 899 in
1651 880 1699 905 se,
1711 873 1762 900 hoc
1773 877 1814 900 est
1825 893 1833 906 ,
1853 874 1881 901 in

1085 914 1200 944 corpore
1221 907 1395 944 suqvisibilia
1413 907 1503 941 videt,
1523 907 1589 944 nihil
1610 914 1640 935 se
1658 915 1718 936 esse
1738 908 1781 935 vel
1800 916 1882 944 posse

1086 949 1147 970 esse
1158 942 1239 970 videt.
1260 943 1387 970 Secernat
1400 950 1463 977 ergo
1476 947 1504 970 et
1517 942 1618 970 dividat
1632 950 1663 970 se
1677 951 1724 977 per
1746 951 1775 970 se
1793 942 1828 971 ab
1846 951 1880 971 eo

1086 981 1153 1011 toto,
1169 977 1240 1013 quod
1255 978 1359 1005 visibile
1372 978 1446 1006 videt
1459 978 1543 1010 inse;
1556 982 1584 1006 et
1596 977 1754 1006 invisibilem
1770 979 1880 1007 omnino

1086 1020 1117 1041 se
1127 1020 1188 1041 esse
1201 1013 1272 1041 videt
1286 1013 1312 1040 in
1327 1020 1360 1041 eo
1371 1013 1441 1049 quod
1454 1013 1528 1041 videt
1541 1020 1571 1041 se
1582 1034 1590 1047 ,
1604 1019 1631 1041 et
1650 1018 1737 1041 tamen
1751 1014 1836 1042 videri
1851 1022 1881 1043 se

1086 1054 1140 1076 non
1160 1056 1238 1084 posse
1257 1049 1337 1076 videt.
1353 1049 1454 1076 Deinde
1466 1050 1552 1076 elevet
1570 1057 1600 1076 se
1614 1056 1693 1084 supra
1706 1057 1735 1077 se
1744 1071 1752 1083 ,
1765 1054 1793 1077 et
1807 1050 1835 1076 in
1847 1057 1881 1077 eo

1087 1084 1158 1147 ﬁtted
1172 1084 1285 1126 primum
1299 1089 1327 1125 et
1343 1084 1487 1126 principale
1507 1085 1643 1126 speculum
1658 1089 1706 1127 _est
1725 1085 1880 1126 speculandi

1127 1127 1153 1147 t.
1177 1120 1299 1147 tlhusoue
1320 1127 1427 1147 tmauntt
1447 1127 1478 1146 ac
1499 1120 1665 1147 snttthtudtnt
1687 1128 1840 1147 oroxrmum
1853 1124 1880 1147 et

1127 1119 1153 1152 i,
1177 1120 1299 1154 illiusque
1320 1120 1427 1154 imagini
1447 1127 1478 1146 ac
1499 1120 1665 1147 similitudini
1687 1121 1840 1155 proximum
1853 1124 1881 1148 et

1087 1160 1229 1190 cognatum
1241 1155 1325 1190 magis
1338 1155 1448 1189 factum,
1463 1155 1623 1183 invisibilent
1641 1156 1723 1183 Deum
1745 1156 1878 1191 inspiciat.

1089 1191 1145 1218 Iloc
1157 1195 1246 1218 autem
1258 1195 1299 1217 est
1311 1191 1366 1224 ipsa
1378 1191 1460 1223 ratio,
1471 1195 1497 1218 et
1512 1198 1588 1218 mens
1601 1192 1704 1218 ratione
1719 1196 1807 1225 utens,
1819 1199 1881 1226 qua:

1087 1225 1122 1253 ad
1134 1226 1245 1260 primam
1259 1226 1457 1254 sintilitudinem
1471 1226 1515 1253 Dei
1529 1225 1597 1254 facta
1613 1231 1669 1259 est,
1683 1231 1712 1253 ut
1727 1234 1774 1261 per
1787 1234 1817 1255 se
1829 1225 1879 1254 fin-

1088 1261 1181 1289 venire
1194 1262 1277 1296 possit
1295 1269 1356 1288 eum
1370 1269 1385 1288 a
1400 1269 1451 1297 qtto
1467 1261 1534 1289 facta
1556 1266 1598 1290 est
1608 1282 1614 1293 ,
1629 1266 1656 1289 et
1676 1263 1700 1289 in
1717 1262 1776 1296 ejus
1787 1269 1882 1290 amore

1088 1301 1167 1332 atque
1181 1297 1405 1331 contentplatione
1419 1296 1532 1324 dulciter
1551 1298 1725 1332 requiescere.
1744 1298 1781 1324 Ea
1803 1304 1882 1324 nam-

1088 1340 1140 1368 que
1151 1332 1291 1368 perfectius
1303 1339 1381 1360 suum
1396 1332 1522 1360 factorem
1534 1332 1699 1360 manifestam
1711 1354 1717 1364 ,
1735 1340 1794 1367 qua:
1808 1333 1880 1361 illius

1088 1368 1253 1396 similitudini
1273 1368 1385 1395 vicinius
1404 1368 1626 1403 appropinquant.
1647 1368 1707 1395 Haec
1727 1373 1817 1395 autem
1837 1371 1882 1396 est

1089 1404 1145 1439 ipsa
1168 1403 1304 1432 rationalis
1323 1409 1444 1431 creatura
1455 1424 1462 1436 ,
1484 1411 1543 1439 quae
1560 1407 1588 1431 et
1601 1403 1763 1431 excellenter
1777 1408 1806 1431 et
1818 1410 1882 1438 pro-

1107 1440 1146 1468 rie
1158 1440 1190 1467 ad
1210 1439 1280 1467 illius
1298 1439 1499 1466 similitudinem
1518 1438 1585 1466 facta
1602 1443 1644 1466 est
1658 1447 1665 1466 :
1679 1443 1707 1466 et
1724 1443 1787 1466 tunc
1802 1439 1882 1466 citius

1111 1480 1241 1503 reatorem
1255 1482 1347 1506 suum,
1361 1482 1441 1509 quem
1455 1482 1506 1501 non
1521 1475 1601 1507 videt,
1612 1474 1733 1509 agnoscit
1744 1479 1773 1502 et
1783 1474 1880 1510 diligit,

1089 1519 1150 1539 cum
1164 1518 1193 1539 se
1203 1510 1237 1538 ad
1251 1510 1322 1538 illitis
1335 1510 1477 1545 imaginem
1489 1511 1583 1537 iactam
1598 1509 1721 1545 intelligit
1737 1510 1756 1536 ί.

1124 1546 1198 1574 Mens
1211 1545 1349 1573 rationalis
1361 1544 1403 1573 est
1414 1566 1422 1579 ,
1433 1553 1492 1580 quae
1508 1553 1536 1572 se
1549 1544 1692 1579 cogitando
1705 1545 1843 1580 intelligit,
1854 1549 1882 1574 et

1089 1582 1229 1617 imaginent
1243 1588 1318 1617 suam
1338 1589 1371 1609 ex
1385 1588 1414 1609 se
1429 1586 1517 1608 natam
1532 1580 1627 1617 habet,
1648 1588 1708 1615 quin
1726 1581 1813 1616 imago
1824 1580 1883 1617 ejus

1090 1616 1201 1645 verbum
1216 1621 1266 1644 est.
1282 1616 1399 1644 Verbum
1411 1617 1481 1644 enim
1493 1616 1531 1644 rei
1549 1620 1590 1643 est
1603 1616 1658 1650 ipsa
1672 1616 1790 1651 cognitio
1801 1616 1834 1643 ad
1846 1616 1884 1643 si-

1089 1652 1265 1680 militudinem
1283 1652 1341 1687 cjus
1353 1660 1385 1679 ex
1398 1653 1525 1679 memoria
1540 1651 1662 1679 formata.
1681 1651 1738 1679 Hoc
1757 1651 1838 1679 modo
1852 1651 1884 1687 Ii-

1089 1689 1170 1724 qnido
1180 1692 1289 1723 apparet
1300 1686 1440 1715 summam
1456 1687 1619 1724 Sapientiam
1630 1708 1638 1720 ,
1652 1694 1714 1724 cunt
1726 1695 1756 1724 se
1768 1686 1884 1724 dicendo

1090 1722 1229 1759 intelligit.
1253 1723 1362 1766 gignere
1376 1722 1636 1766 ‘ctttt'substantialettt
1658 1722 1709 1766 sibi
1727 1722 1881 1766 similitudi-

1090 1768 1151 1787 nem
1164 1758 1249 1792 siiam,
1259 1758 1287 1786 id
1299 1763 1357 1792 est,
1376 1758 1490 1785 Verbum
1501 1766 1588 1785 suum.
1605 1758 1679 1785 Mens
1696 1762 1787 1785 tamen
1802 1758 1885 1784 ratio-

1089 1795 1167 1828 nalis,
1181 1795 1305 1830 quoniam
1315 1801 1368 1821 non
1382 1801 1412 1821 se
1421 1801 1528 1830 semper
1540 1793 1655 1830 cogitat,
1671 1794 1740 1821 sicut
1754 1793 1795 1820 sui
1809 1800 1884 1830 sctu-

1091 1838 1138 1866 per
1150 1828 1279 1866 meminit,
1294 1830 1377 1863 liquet
1386 1828 1455 1866 quia
1466 1836 1525 1866 cunt
1538 1835 1567 1856 se
1581 1829 1695 1866 cogitat,
1703 1829 1812 1866 verbum
1825 1828 1885 1862 ejus

1091 1864 1207 1893 nascitur
1227 1865 1261 1892 de
1280 1865 1419 1892 memoria.
1434 1864 1511 1892 Unde
1525 1868 1635 1899 apparet
1652 1865 1712 1899 quia
1733 1864 1755 1890 si
1775 1870 1885 1898 semper

1090 1909 1120 1929 se
1133 1901 1259 1936 cogitaret
1272 1921 1279 1933 ,
1291 1906 1398 1934 semper
1407 1900 1516 1936 verbum
1530 1900 1589 1934 ejus
1600 1899 1634 1927 de
1648 1899 1772 1927 memoria
1784 1906 1883 1936 nasce-

1090 1933 1180 1964 retur.‘
1190 1936 1226 1963 De
1244 1933 1423 1963 summa’vero
1435 1933 1571 1970 Sapientia
1583 1956 1590 1968 ,
1606 1942 1665 1970 que
1679 1941 1783 1969 semper
1796 1941 1827 1961 se
1839 1933 1884 1970 di-

1089 1972 1126 2001 cit
1143 1972 1181 1999 sic
1191 1992 1198 2005 ,
1221 1971 1288 1998 sicut
1309 1971 1348 1998 sui
1364 1969 1587 2005 scmper’ntemor
1599 1969 1641 1997 est
1651 1991 1659 2003 ,
1677 1970 1757 2005 liquet
1769 1970 1832 2005 quia
1846 1969 1884 1998 de

1090 2012 1189 2035 aeterna
1210 2007 1338 2034 memoria
1363 2011 1525 2034 coteternnm
1547 2005 1605 2041 ejus
1618 2005 1733 2034 Verbum
1751 2005 1882 2032 nascitur.

1090 2043 1164 2071 Sicut
1176 2043 1247 2070 enim
1259 2049 1363 2070 summa
1379 2041 1513 2076 Sapientia
1530 2045 1629 2069 interna
1649 2046 1706 2074 est,
1728 2041 1762 2068 ita
1782 2044 1885 2069 aeterne

1090 2079 1131 2106 sui
1145 2084 1247 2106 memor
1261 2082 1321 2109 est,
1336 2081 1364 2105 et
1383 2082 1483 2105 atterne
1497 2084 1527 2104 se
1547 2077 1683 2111 intelligit,
1701 2080 1728 2104 et
1741 2080 1843 2104 aeterne
1854 2083 1885 2104 se

1089 2113 1173 2145 dicit,
1194 2120 1254 2140 cum
1274 2113 1309 2140 sit
1330 2113 1366 2140 illi
1387 2112 1477 2140 dicere
1497 2112 1568 2147 quod
1591 2112 1738 2147 intelligere
1753 2116 1799 2139 :et
1822 2119 1886 2139 cum

1091 2153 1190 2176 :eteme
1209 2155 1239 2176 se
1258 2148 1345 2180 dicat,
1369 2153 1470 2175 aeterne
1487 2147 1604 2175 Verbum
1625 2148 1683 2182 ejus
1697 2147 1766 2182 apud
1787 2148 1883 2182 ipsam.

1091 2184 1164 2212 Meus
1184 2191 1248 2219 ergo
1269 2184 1404 2211 rationalis
1419 2183 1562 2219 quaeinter
1582 2181 1675 2210 omnes
1690 2181 1829 2210 creaturas
1849 2181 1884 2210 ad

1091 2219 1320 2255 investigationem
1333 2226 1444 2246 summa:
1456 2219 1592 2255 sapientia:
1612 2219 1668 2246 sola
1682 2225 1824 2255 assurgere
1836 2225 1885 2244 va-

1090 2255 1138 2288 let,
1153 2259 1181 2283 et
1191 2254 1367 2282 nihilominus
1380 2255 1413 2282 ad
1423 2254 1543 2289 ejusdem
1556 2254 1736 2281 inventionem
1751 2254 1808 2280 sola
1819 2260 1884 2288 pro-

1090 2290 1170 2318 licere
1179 2311 1186 2321 .
1200 2297 1308 2325 semper
1319 2290 1426 2318 studeat
1437 2290 1507 2317 illius
1520 2289 1673 2322 reminisci,
1690 2289 1761 2316 illam
1781 2289 1884 2325 intellig

1089 2333 1153 2361 gere
1171 2331 1197 2353 et
1214 2324 1305 2353 amare
1320 2335 1327 2352 :
1342 2326 1375 2353 ad
1395 2325 1447 2354 hoc
1460 2325 1527 2353 facta
1543 2329 1582 2352 est
1599 2329 1628 2352 ut
1643 2324 1850 2361 sempervivat,
1862 2324 1886 2351 si

1090 2360 1196 2396 semper
1209 2366 1280 2388 amet
1291 2368 1422 2389 summam
1436 2361 1515 2388 vitam
1526 2381 1533 2392 ,
1554 2367 1685 2387 summam
1704 2360 1862 2396 sapientiam
1875 2379 1884 2393 ,

1090 2395 1220 2438 smninam
1234 2398 1395 2438 essentiam,
1409 2397 1451 2437 cui
1461 2396 1554 2438 .debet
1567 2395 1617 2437 hoc
1629 2396 1716 2438 ipsum
1728 2395 1809 2438 quod
1831 2399 1883 2438 est.

1090 2433 1190 2460 Amare
1202 2438 1289 2460 autem
1300 2433 1402 2466 nequit,
1418 2432 1467 2459 nisi
1481 2432 1539 2466 ejus
1553 2431 1698 2464 reminisci,
1710 2436 1736 2458 et
1749 2438 1809 2458 eum
1823 2435 1883 2457 stu-

1090 2468 1177 2496 dnerit
1191 2468 1347 2502 intelligere.
1363 2467 1455 2495 Faciat
1467 2474 1532 2503 ergo
1545 2467 1596 2495 hoc
1607 2466 1641 2493 ad
1657 2466 1727 2502 quod
1740 2466 1810 2493 facta
1822 2470 1862 2493 est
1875 2485 1885 2499 ,

1090 2508 1119 2531 ut
1133 2503 1200 2531 bene
1217 2503 1296 2530 vivat.

1090 2508 1119 2531 ut
1133 2503 1200 2531 bene
1217 2503 1296 2530 vivat.

1125 2539 1239 2566 CAPUT
1265 2537 1345 2565 XLV.
1387 2537 1561 2565 Rationaliunt
1592 2542 1672 2565 status
1707 2537 1819 2572 triplex,
1840 2535 1885 2563 Vis

1089 2574 1182 2601 anime
1201 2573 1301 2608 triplex.
1318 2573 1395 2600 Amor
1415 2573 1477 2609 quid
1499 2574 1531 2600 sit
1559 2573 1607 2609 (ὁ).
1622 2573 1693 2601 Deus
1714 2572 1886 2606 omnipotens

1090 2610 1166 2645 cujus
1178 2609 1314 2637 beatitudo
1333 2616 1383 2636 nec
1395 2609 1484 2645 augeri
1499 2613 1586 2644 potest
1598 2629 1604 2642 ,
1617 2609 1677 2644 quia
1692 2609 1809 2643 perfecta
1823 2611 1864 2634 est
1876 2615 1884 2639 ;

1122 2679 1133 2711 ξ
1148 2680 1174 2701 In
1189 2679 1310 2711 "ss-.110“
1324 2680 1385 2711 sunt
1394 2681 1451 2708 «ιιω
1463 2679 1694 2711 ,εαιιιωιιιιτγιεειιυαὲ
1705 2672 1886 2711 διὶοευιέιβε

1089 2707 1134 2733 sed
1154 2706 1306 2742 eornmloco
1323 2708 1349 2732 in
1363 2705 1584 2742 ηἰιθᾴᾳιιάεῃειε

1089 2737 1282 2774 memorem
1301 2741 1421 2774 guttura
1431 2737 1572 2768 rationalis;
1588 2739 1611 2762 et
1796 2734 1886 2761 dicina

1422 2804 1533 2837 seeae,
1553 2806 1577 2837 I2-
1597 2798 1696 2837 δνηςξιτ·
1709 2797 1795 2837 θθξι⁷ς

1132 2828 1157 2867 bi
1169 2835 1237 2867 8989
1249 2828 1345 2862 news.
1364 2831 1411 2867 ωλ.
1426 2831 1438 2856 ί
1454 2828 1606 2867 desedera-
1616 2828 1694 2867 Ψεδῇ
1711 2828 1773 2867 et}:
1786 2834 1881 2867 eia-:-

1088 2861 1280 2928 gdiunione
1301 2861 1368 2895 corp.
1389 2865 1416 2888 et
1434 2861 1607 2894 sp'u'it..etde
1627 2861 1764 2887 substantia
