4094 6342
337 318 443 382 818

333 453 432 493 nec
452 435 618 492 minui
641 478 656 502 ,
689 436 812 508 quia
833 445 1032 494 {eterna
1051 446 1133 494 θεῖ
1161 453 1173 491 τ
1194 435 1308 494 sola
1331 433 1589 492 charitate
1604 478 1621 505 ,
1649 435 1801 508 nulla
1830 435 1910 492 sui

333 511 649 581 necessitate
680 507 963 581 rationales
983 509 1196 581 spiritus
1211 509 1442 581 ereavit,
1470 517 1526 581 ut
1547 523 1640 563 eos
1659 523 1769 562 suae
1789 507 1914 581 bea-

331 580 576 635 titudinis
601 578 884 650 participes
913 578 1130 635 faceret.
1162 579 1310 634 Alios
1332 594 1460 633 vero
1487 578 1536 632 in
1561 593 1653 633 sua
1685 579 1914 650 puritate

330 653 382 706 in
411 651 551 706 caelo
584 649 920 706 conﬁrmavit
948 669 960 704 :
993 651 1124 706 alios
1149 659 1324 704 autem
1363 661 1579 720 propter
1609 649 1912 720 superbiam

330 667 382 706 tu
411 665 551 706 cuitu
584 665 920 706 connrmavrt
948 669 960 704 :
993 665 1124 706 auos
1149 665 1324 704 autem
1400 665 1579 719 ropter
1609 665 1911 720 superbiam

275 733 280 746 ‘
327 724 379 776 in
410 721 672 777 infernum
705 721 1051 792 pracipitavit
1083 739 1096 776 :
1127 729 1284 792 atque
1314 665 1448 776 alios
1493 720 1556 774 ad
1585 720 1911 792 probandam

326 792 678 848 humilitatem
713 799 768 848 et
809 791 1162 847 obedientiam
1203 791 1268 846 in
1328 799 1536 846 terrena
1591 791 1914 846 habitatione

325 866 556 920 terrenis
571 863 882 933 corporibus
899 863 1137 928 sociavit,
1163 872 1218 916 ut
1246 862 1310 917 ad
1327 863 1450 918 vitxe
1476 875 1689 933 sensum
1719 859 1910 916 luteam

324 937 604 992 materiam
639 931 964 1004 vegetarent.
989 934 1195 990 Habent
1233 947 1460 994 namque
1487 933 1538 987 in
1578 931 1768 986 natura
1799 948 1911 1004 sua

321 1007 607 1078 quamdam
637 1003 1038 1078 mutabilitatem
1064 1048 1077 1072 ,
1103 1005 1393 1078 secundum
1416 1017 1574 1078 quam
1602 1003 1911 1078 curporibus

323 1072 1104 1158 viviticandis_appropinquant
1125 1117 1142 1144 ,
1169 1077 1220 1130 in
1265 1090 1367 1158 qua
1409 1072 1623 1158 quidem
1640 1145 1650 1156 ι
1669 1072 1909 1128 nonnihil

321 1165 434 1202 suae
464 1145 1024 1218 puritatis‘deponunt.
1047 1148 1186 1202 Cum
1214 1145 1356 1201 enim
1411 1145 1758 1218 delectatione
1787 1159 1910 1218 cor-

321 1215 832 1290 poris'al‘ticiuntur‘,
861 1219 1011 1290 quasi
1039 1218 1321 1288 quamdam
1360 1217 1765 1290 corpulentiam
1788 1215 1909 1290 inde

321 1285 560 1356 trahunt;
587 1303 704 1360 qua:
733 1285 995 1358 puriorem
1020 1285 1261 1343 naturam
1289 1285 1473 1360 eorum
1500 1287 1823 1360 corrumpit.
1842 1285 1911 1340 Et

321 1363 423 1432 hoc
451 1357 636 1414 vitium
662 1357 862 1430 quanto
886 1361 1043 1432 altius
1060 1361 1138 1432 eis
1157 1359 1209 1414 in
1236 1357 1548 1432 corporibus
1569 1357 1908 1432 manentibus

319 1431 627 1496 inhatserit,
677 1427 825 1484 tanto
869 1430 1137 1486 dinicilius
1183 1445 1276 1486 eos
1313 1427 1346 1483 a'
1373 1429 1684 1499 corporibus
1731 1427 1906 1499 disco-

319 1504 508 1558 dentes
553 1503 754 1556 deserit
783 1517 798 1554 :
827 1501 1076 1572 quoniatn
1125 1517 1231 1555 non
1278 1498 1486 1572 tollitur
1511 1500 1720 1572 passio»,
1748 1498 1907 1572 etiam

319 1589 442 1656 cum
471 1573 672 1655 tollitur
693 1567 859 1656 causa
875 1573 1170 1656 passionis,
1200 1572 1298 1625 nisi
1339 1570 1406 1656 ab
1441 1567 1700 1656 ejttsmo‘di
1742 1567 1907 1622 lmen-

318 1645 477 1698 lentia
513 1658 572 1698 se
608 1643 660 1696 in
707 1642 806 1697 hac
850 1638 956 1697 vita
997 1643 1253 1698 mundare
1278 1641 1593 1695 studuerint.
1631 1638 1738 1694 Nos
1779 1653 1906 1709 ergo

319 1717 407 1785 qui
435 1715 488 1769 in
513 1714 691 1769 medio
713 1714 970 1768 bonorum
1005 1723 1058 1768 et
1083 1713 1344 1785 malorum
1379 1712 1532 1785 positi
1554 1725 1908 1785 sumus,»ch-

319 1782 556 1840 siderare
594 1799 737 1854 saepe
761 1785 1018 1839 debemus
1047 1794 1100 1838 et
1128 1783 1376 1853 gaudium
1405 1782 1658 1854 illorum_,
1689 1789 1742 1854 et
1771 1783 1902 1854 isto-

317 1873 436 1912 rum
460 1851 800 1926 supplicium,
827 1865 984 1926 atque
1010 1851 1249 1909 nostram
1280 1853 1570 1926 miseriam.
1610 1851 1904 1926 Rationalis

319 1923 580 1998 siquidem
609 1936 691 1980 est
733 1923 914 1998 anima
933 1935 1122 1998 nostra
1145 1967 1158 1990 ,
1192 1933 1252 1979 ut
1274 1929 1408 1979 sciat
1434 1923 1740 1998 discernere
1767 1924 1906 1977 inter

315 1994 514 2053 bonum
553 2007 607 2052 et
649 1998 866 2052 malum.
906 1997 999 2052 Est
1041 1996 1200 2052 etiam
1259 1994 1686 2062 concupiscibilis
1747 2003 1905 2063 atque

314 2069 596 2124 irascibilis
621 2109 633 2128 .
667 2076 724 2140 ut
749 2068 919 2140 possit
957 2083 1138 2121 amare
1167 2067 1362 2120 bonum
1409 2075 1461 2119 et
1489 2065 1638 2140 odire
1682 2067 1900 2140 malum.

318 2140 391 2194 De
413 2135 916 2210 concupiscibilitate
946 2140 1178 2192 nascitur
1200 2152 1385 2210 arnor,
1421 2145 1473 2190 et
1498 2135 1565 2210 de
1595 2150 1776 2210 amore
1805 2135 1902 2210 dg-

315 2206 660 2266 siderium'et
687 2211 952 2280 gaudium.
986 2213 1151 2263 Amor
1179 2215 1262 2280 est
1289 2207 1577 2280 delectatio
1600 2206 1775 2280 cordis
1807 2206 1903 2260 ali-

247 2301 256 2306 ·
313 2282 466 2352 cujus
494 2281 559 2335 ad
585 2276 782 2351 aliquid
817 2294 1034 2352 propter
1062 2279 1279 2352 aliquid,
1313 2293 1409 2351 per
1432 2276 1751 2352 desiderium
1776 2292 1902 2352 cur-

312 2347 460 2420 rens,
486 2361 645 2422 atque
675 2347 768 2420 per
791 2347 1037 2422 gaudium
1065 2347 1423 2422 requiescens;
1457 2363 1550 2422 per
1579 2347 1899 2422 desiderium

311 2425 366 2478 itt
409 2417 704 2493 appet-endo
736 2417 831 2489 ,ἐι
875 2437 971 2493 per
1016 2421 1260 2491 gaudium
1309 2419 1361 2474 iu
1407 2418 1746 2493 perl'rttendo.
1795 2417 1904 2493 Nec

309 2489 532 2549 aliunde
555 2493 750 2548 bonum
778 2489 892 2559 est;
908 2494 951 2548 si
982 2489 1176 2547 bonum
1201 2501 1302 2551 est.
1331 2505 1426 2546 cor
1453 2492 1774 2554 humanum,
1798 2489 1902 2543 nisi

309 2566 454 2635 quod
481 2565 616 2621 bene
643 2575 781 2619 amat
799 2565 941 2635 quod
973 2565 1169 2635 bonum
1197 2571 1297 2635 est.
1324 2561 1432 2616 Nec
1460 2559 1674 2635 aliunde
1701 2561 1900 2635 malum

311 2631 394 2692 est
416 2678 430 2701 ,
458 2638 503 2691 si
535 2636 730 2692 malum
759 2631 841 2690 esi
861 2678 874 2701 ,
907 2635 1009 2690 nisi
1029 2634 1169 2704 quod
1197 2633 1334 2687 male
1358 2640 1500 2686 amat
1526 2631 1668 2704 quod
1700 2631 1896 2704 bonum

311 2719 418 2763 est.
443 2706 613 2763 Omne
637 2707 777 2762 enim
809 2706 948 2776 quod
979 2702 1081 2772 est,
1109 2705 1312 2776 bonum
1336 2711 1454 2776 est:
1475 2702 1735 2776 sedineo
1759 2702 1900 2772 quod

311 2778 452 2834 male
487 2787 697 2832 amatur
724 2773 928 2832 tantum
952 2776 1140 2830 vitium
1166 2783 1266 2829 est.
1300 2775 1376 2829 De
1415 2773 1778 2828 irascibilitate
1805 2788 1902 2827 na-

311 2850 479 2906 scitur
502 2849 704 2905 odium.
747 2849 833 2904 lra
871 2850 1012 2903 enim
1056 2854 1275 2918 generat
1318 2845 1498 2900 odium
1535 2861 1548 2897 :
1580 2853 1632 2898 et
1669 2843 1736 2898 de
1775 2844 1902 2918 odio

311 2921 466 2976 dolor
486 2930 542 2975 et
565 2921 744 2975 timor.
773 2921 907 2975 Cum
937 2915 1080 2973 enim
1118 2925 1302 2973 contra
1332 2923 1550 2985 peccata
1579 2923 1759 2968 nostra
1791 2915 1898 2968 ira-

309 2993 530 3057 scimur,
557 3001 613 3046 et
636 3007 696 3046 ea
727 2991 876 3046 odire
903 2991 1203 3060 incipimus,
1231 2987 1474 3042 dolemus
1495 2986 1618 3057 quia
1652 2986 1898 3054 peccavi-

309 3078 450 3127 mus,
481 3072 538 3117 et
563 3077 749 3131 poenas
779 3077 874 3130 pro
902 3059 1133 3131 ιιθοαιιίε
1158 3059 1426 3112 timemus.

405 3079 450 3127 Β,
481 3077 749 3190 θιᾶκιιιιθε
779 3077 874 3130 pro
902 3077 1133 3142 peccatis
1158 3077 1426 3140 ξιιιιθιιιιιδ.
1722 3127 1733 3137 ⁸

405 3133 542 3189 CAP
595 3133 635 3188 T
680 3131 864 3187 XLVI.
907 3131 1206 3186 Rationum
1245 3137 1492 3182 creatum
1529 3142 1640 3180 sors
1680 3125 1894 3180 diversa.

309 3205 510 3260 Anim
527 3213 745 3276 quatuor
765 3202 976 3276 aﬂ'cctus
1003 3202 1070 3276 qd
1099 3200 1220 3274 quid
1246 3198 1468 3253 dati.Ad
1491 3197 1614 3269 quid
1639 3198 1788 3250 ratio.
1814 3196 1901 3251 Sic

310 3273 802 3334 creator'omnium
849 3273 988 3329 Deus
1018 3273 1155 3326 inter
1194 3282 1384 3325 etetcra
1426 3279 1480 3324 et
1506 3282 1669 3337 super
1705 3276 1898 3322 cratera

311 3362 430 3417 qua:
449 3345 670 3413 creavit,
692 3345 1006 3400 rationalem
1021 3344 1273 3417 dignatus
1283 3350 1360 3395 est
1383 3337 1900 3417 ampliusillustrare

311 3409 578 3484 tiaturam,
605 3409 764 3488 quam
788 3427 842 3472 et
867 3431 963 3488 sua
1003 3409 1348 3488 similitudine
1377 3410 1502 3466 fecit
1525 3409 1810 3488 insignem,
1847 3418 1902 3464 et

312 3503 424 3544 sua:
451 3479 794 3544 beatitudinis
823 3487 989 3541 voluit
1006 3501 1127 3542 esse
1156 3483 1487 3555 participem.
1517 3479 1684 3555 Cujus
1721 3488 1899 3555 tamen

312 3560 588 3615 rationalis
615 3568 875 3614 creatura:
903 3557 1028 3612 licet
1045 3549 1239 3611 similis
1265 3549 1506 3608 videatur
1539 3549 1692 3622 origo
1717 3593 1730 3615 ,
1764 3549 1900 3622 facta

311 3640 396 3686 est
418 3631 632 3685 diversa
659 3629 914 3694 conditio;
942 3629 1070 3683 dum
1102 3643 1224 3697 pars
1244 3625 1362 3697 ejus
1385 3633 1468 3697 est
1485 3624 1536 3697 i_n
1561 3621 1758 3676 aeterna
1788 3621 1904 3697 feti-

313 3702 474 3758 citate
505 3703 732 3764 limata;
765 3693 1232 3770 pars’rudentibus
1257 3693 1741 3770 internidetracta,
1771 3693 1899 3770 etin

316 3780 573 3828 tartarum
610 3761 802 3826 tradita
846 3772 898 3825 in
923 3771 1188 3841 judicium
1221 3764 1508 3841 crucianda
1553 3772 1796 3841 servatur
1821 3761 1902 3841 (ll

318 3841 458 3914 Patr.
492 3859 551 3909 ιι,
577 3845 612 3898 4
639 3842 658 3914 )
685 3859 700 3908 ;
731 3855 853 3914 pars
879 3836 1040 3914 etiam
1071 3840 1226 3895 tertia
1251 3837 1476 3914 terrenis
1502 3837 1645 3914 unita
1663 3836 1904 3914 corpori-

315 3913 414 3969 bus
443 3905 620 3969 locum
639 3905 875 3968 medium
901 3913 1085 3968 sortita
1113 3908 1473 3979 cognoscitur.
1509 3906 1746 3979 Etprius
1776 3905 1866 3975 qui
1887 3933 1901 3942 -

314 3985 438 4040 dem
453 3985 640 4039 eadem
669 3984 841 4039 media
863 3983 1087 4038 summis
1112 3977 1342 4035 vicinior
1366 3979 1417 4031 in
1443 3977 1651 4030 deliciis
1671 3984 1787 4030 erat
1809 3991 1904 4043 po-

314 4056 414 4110 sita
443 4053 695 4126 paradisi;
728 4070 872 4126 nunc
890 4053 999 4124 jam
1027 4046 1612 4126 propinquiorjniimis,
1634 4062 1728 4126 p_ro
1755 4057 1904 4102 reatu

317 4119 691 4180 inohedientiai
709 4119 982 4180 humiliata
998 4119 1079 4178 est
1099 4123 1150 4176 in
1174 4121 1292 4175 loco
1312 4119 1632 4173 alﬂictionis.
1655 4120 1904 4173 Summus

315 4195 480 4267 igitur
508 4199 745 4252 omnium
789 4197 978 4250 horum
1010 4195 1158 4267 locus
1192 4192 1403 4267 plenam
1435 4189 1596 4267 habet
1621 4189 1900 4267 l_;etitia_t_n_,

318 4259 534 4323 intimus
559 4269 725 4322 solam
755 4267 1042 4322 tristitiam.
1077 4265 1148 4319 lbi
1167 4259 1310 4319 enim
1337 4262 1490 4330 plena
1513 4261 1734 4315 felicitas
1759 4277 1771 4311 :
1798 4259 1905 4313 illic

318 4341 430 4398 sola
459 4348 513 4393 et
541 4353 746 4392 summa
777 4339 992 4392 miseria
1015 4345 1116 4392 est.
1141 4335 1196 4390 ln
1213 4333 1391 4389 medio
1413 4347 1541 4388 sane
1561 4345 1768 4386 summa
1785 4345 1906 4398 spe-

319 4410 505 4476 randa,
534 4410 628 4464 sed
656 4409 1002 4464 nihilominus
1031 4407 1210 4461 inﬁma
1238 4413 1365 4460 sunt
1389 4402 1625 4476 timenda
1655 4419 1668 4455 :
1697 4412 1752 4456 et
1783 4399 1903 4476 ideo

320 4481 475 4536 nobis
492 4471 602 4550 jam
629 4480 856 4550 amplior
881 4480 1086 4550 timoris
1109 4492 1264 4550 causa
1296 4490 1452 4550 quam
1472 4473 1614 4550 spei,
1642 4487 1748 4543 quo
1776 4471 1906 4550 vici-

321 4543 510 4607 niores
523 4543 736 4607 eisdem
750 4551 947 4606 inﬁmis
967 4591 982 4617 ,
1007 4549 1202 4620 dejecti
1231 4547 1284 4602 in
1314 4543 1428 4616 ipsa
1453 4544 1696 4614 degimus
1716 4543 1904 4596 umbra

321 4624 528 4678 mortis.

389 4693 526 4760 Quia
569 4703 744 4754 tamen
782 4699 838 4746 et
863 4693 1008 4746 illius
1041 4687 1382 4760 beatitudinis
1403 4727 1420 4753 ,
1448 4685 1667 4760 et‘illius
1706 4682 1902 4760 nihilo-

321 4756 498 4820 minus
540 4764 895 4820 damnationis
923 4771 1136 4817 aeterna:
1183 4759 1467 4813 humanam
1511 4757 1647 4810 Deus
1671 4756 1902 4808 animam

323 4851 419 4904 pro
441 4850 666 4890 suorum
679 4834 930 4904 qualitate
945 4832 1270 4904 meritorum
1280 4829 1586 4900 participem
1603 4825 1904 4904 fieriposse

271 4947 277 4952 -
322 4895 608 4978 cognovit,
647 4895 1177 4978 naturalesatl‘ectus
1223 4895 1295 4956 ei'
1324 4895 1561 4978 quatuor
1603 4895 1822 4977 indidit;
1850 4904 1906 4950 ut

321 4966 544 5034 haberet
570 4966 710 5034 unde
738 4976 874 5031 bona
900 4976 987 5030 illa
1018 4982 1196 5044 posset
1225 4966 1410 5044 opta-re
1432 5013 1443 5034 ,
1469 4980 1523 5024 et
1551 4969 1604 5022 in
1630 4966 1708 5020 eis
1731 4982 1902 5044 quan-

320 5047 496 5118 doque
521 5045 708 5112 keta'ri;
729 5055 784 5102 et
801 5036 1174 5102 rursum-unde
1203 5036 1339 5118 mala
1358 5042 1464 5118 illa_
1475 5048 1731 5118 metuere,
1750 5036 1834 5094 vel
1849 5042 1906 5093 in

321 5111 587 5174 eis-etiam
608 5111 795 5173 dolere
820 5125 1076 5187 perpetuo
1096 5113 1415 5187 contristari.
1444 5111 1662 5187 Interim
1687 5124 1902 5187 saneea

319 5193 534 5261 gravior
557 5198 643 5247 est
667 5180 931 5261 ttioderna
945 5185 1200 5261 conditio,
1221 5183 1361 5261 quod
1391 5199 1496 5261 non
1513 5182 1672 5261 modo
1688 5180 1903 5261 exhibet

321 5251 590 5317 iristitiam
617 5269 674 5316 et
699 5259 1012 5314 modernam
1032 5251 1348 5318 molestiam;
1371 5255 1466 5309 sed
1489 5265 1543 5309 et
1568 5254 1724 5306 timor
1743 5251 1905 5305 habet

319 5347 534 5404 poenam
560 5375 575 5399 ,
599 5340 654 5386 et
701 5347 822 5404 spes
863 5333 975 5401 ipsa
1023 5343 1140 5399 qu:e
1169 5323 1899 5404 di_i_i‘_ertur_afﬂigitanimatn.

321 5393 603 5459 i’iissimus
629 5393 772 5458 enim
803 5393 953 5466 pater
980 5393 1306 5454 et'terribilis
1329 5396 1516 5466 judex,
1545 5393 1631 5466 qui
1665 5409 1786 5448 vera
1811 5393 1900 5466 illa

319 5484 373 5546 et
402 5484 659 5546 perpetua
685 5465 870 5546 gaudia
893 5472 1044 5546 ﬁliis,
1071 5469 1286 5526 dolores
1305 5465 1456 5546 teque
1484 5465 1767 5546 perpetuos
1793 5465 1900 5546 reis

319 5545 370 5600 in
402 5535 517 5602 iiné
551 5535 792 5616 paraiit,
825 5535 1085 5616 nonnulla
1123 5535 1515 5616 tatnettetiam
1547 5537 1602 5616 in
1641 5535 1900 5616 .prteseuti

319 5606 699 5688 experimenta
718 5606 909 5688 capere
933 5606 1318 5688 'voluitgaudii
1359 5608 1441 5688 vel
1485 5607 1686 5688 doloris
1710 5647 1728 5673 ,
1758 5606 1900 5666 unde

320 5678 407 5743 illa
433 5705 544 5744 non
576 5686 739 5742 modo
767 5678 967 5742 certius
991 5678 1174 5748 credi',
1205 5682 1298 5738 sed
1325 5678 1663 5734 affectuosius
1690 5692 1899 5746 quoque

319 5759 490 5830 optari
519 5759 738 5816 ualeant
758 5765 814 5812 et
836 5756 1034 5830 timeri.
1059 5755 1320 5810 Caeterum
1343 5749 1748 5830 necpraesentia
1771 5761 1900 5830 gat-t-

323 5819 404 5890 dia
425 5833 479 5890 in
501 5831 721 5890 illorum
747 5827 1145 5902 comparatione
1171 5834 1292 5881 sunt
1314 5819 1500 5894 gaudia
1520 5863 1536 5892 ,
1564 5837 1660 5876 nec
1685 5819 1894 5876 tristitia

1434 315 1635 373 LIBER
1677 317 1764 373 DE
1805 317 2071 375 SPIRI'I‘L’
2117 321 2200 376 ΕΤ
2240 319 2476 380 ΔΝΙΜΑ.

3495 317 3596 378 8M

2026 451 2261 508 praesens
2286 437 2336 492 in
2365 435 2504 508 illius
2530 433 2927 508 comparatione
2952 442 3036 489 est
3060 435 3291 494 tristitia.
3322 435 3431 496 Nec
3454 437 3604 500 desi.

2020 507 2128 578 piet
2167 509 2211 563 si
2241 508 2368 579 quis
2400 507 2611 561 interim
2638 521 3113 579 omnem_operam
3158 508 3288 566 dare
3317 511 3564 570 maluerit
3587 557 3602 579 ,

2019 577 2468 653 quemadmodum
2497 579 2580 653 illa
2605 577 2779 647 potius
2801 577 2974 653 valeat
2993 592 3370 653 concupiscere
3389 577 3604 653 gaudia,

2019 647 2140 703 illos
2173 649 2457 706 formidare
2487 647 2734 715 dolores,
2761 663 2919 717 quam
2956 647 3111 717 hujus
3141 647 3261 704 vita:
3289 647 3451 707 vitai-'e
3491 647 3604 709 mo;

2020 717 2202 776 lestias
2225 762 2242 786 ,
2269 725 2485 789 captare
2529 719 2788 774 lmtitiam.
2817 717 3199 775 Vemmtamen
3244 721 3480 776 invenire
3525 735 3606 780 est

2019 792 2179 863 etiam
2223 793 2274 846 in
2302 792 2555 863 praesenti
2584 790 2725 863 unde
2755 791 2952 846 utiliter
2975 790 3345 863 gaudeatquis
3368 835 3382 858 ,
3415 794 3498 847 vel
3519 811 3603 847 sa-

2019 861 2243 934 lubriter
2267 861 2630 934 contristetur.
2655 861 2709 914 Si
2732 863 2941 934 lauetur
2967 861 3034 916 de
3063 862 3334 934 beneﬁciis
3359 864 3468 918 suis
3492 880 3607 934 gra-

2019 931 2119 987 tias
2154 934 2262 988 Deo
2285 949 2465 1004 agens,
2498 941 2551 987 et
2574 932 2856 1005 devotione
2885 933 3000 1005 ejus
3023 931 3364 1005 exsultetiet
3391 931 3602 1005 propria

2017 1018 2110 1074 seu
2146 1001 2706 1074 etiam'proximorum
2737 1001 2928 1057 delicta
2961 1002 3221 1074 deploret.
3251 1001 3404 1062 Unde
3441 1001 3602 1061 etiam

2017 1073 2192 1128 divina
2218 1073 2565 1145 dispositione
2593 1073 2766 1145 media
2796 1076 2930 1127 inter
2955 1074 3170 1129 eosdem
3224 1074 3445 1132 allectus
3474 1093 3601 1131 con-

2015 1145 2195 1216 stituta
2228 1143 2538 1200 est—ratioiu
2573 1145 2729 1198 t'orde
2758 1143 3008 1210 luuuinis,
3035 1161 3129 1214 per
3162 1162 3317 1216 quam
3351 1149 3600 1202 nimirum

2015 1215 2318 1287 discernere
2335 1226 2388 1272 et
2408 1216 2696 1284 dijudicare
2714 1217 2878 1287 possit
2899 1216 3036 1271 unde
3051 1215 3277 1287 gaudeat
3293 1234 3386 1273 seu
3404 1217 3600 1286 doleat,

2015 1285 2124 1361 imo
2159 1289 2317 1341 etiam
2349 1287 2473 1357 quid
2517 1287 2692 1361 cupiat
2717 1285 2798 1361 vel
2829 1287 2951 1356 quid
2987 1285 3187 1361 timeat.
3210 1289 3348 1361 Sane
3377 1291 3466 1361 qui
3500 1285 3598 1344 tri?

2016 1357 2344 1438 plicemcsse
2372 1361 2477 1412 vim
2505 1358 3036 1438 anima:-docuerunt,
3068 1358 3381 1415 rationalem
3396 1357 3559 1438 illam
3583 1403 3598 1429 ,

2015 1427 2335 1483 irasu'bilem
2389 1441 2442 1484 et
2491 1427 2959 1498 concupiscihilem
3006 1437 3350 1496 asserentes,
3379 1427 3599 1486 allectus

2012 1499 2226 1567 quidem
2252 1501 2490 1555 diversos
2509 1539 2523 1566 ,
2551 1501 2643 1553 sed
2666 1499 2890 1570 quadam
2913 1499 3012 1554 sibi
3034 1500 3595 1570 cognatio‘nejunctos,

2012 1571 2111 1641 sub
2138 1571 2388 1628 irascihili
2413 1579 2611 1626 metum
2657 1579 2711 1625 et
2749 1569 3040 1635 tristitiam,
3071 1569 3170 1627 sub
3202 1569 3600 1641 concupiscibili

2012 1639 2334 1703 desiderium
2365 1651 2416 1697 et
2445 1641 2680 1696 laetitiam
2709 1641 3180 1710 comprehendisse
3215 1639 3484 1698 videniur.

2083 1711 2309 1768 CAPUT
2353 1711 2558 1768 XLVII.
2610 1711 2780 1766 Homo
2847 1715 2977 1768 inter
3036 1715 3278 1768 mundum
3318 1724 3365 1768 et
3414 1714 3592 1771 Deum.

2012 1779 2086 1852 (a)
2103 1782 2315 1839 Interim
2337 1799 2464 1854 ergo
2489 1783 2626 1838 inter
2645 1782 2867 1840 allectus
2887 1783 3062 1838 varios
3085 1785 3316 1840 humana
3334 1785 3597 1842 ﬂuctuans

2010 1854 2185 1909 anima
2207 1896 2222 1920 ,
2255 1869 2476 1910 necesse
2503 1865 2584 1908 est
2616 1864 2671 1908 ut
2699 1864 2898 1909 certam
2925 1854 3139 1909 domum
3169 1855 3252 1911 vel
3281 1855 3332 1909 in
3364 1857 3482 1911 imis
3510 1858 3594 1912 vel

2011 1922 2064 1977 in
2091 1925 2314 1997 summis
2347 1925 2613 1997 accipiens
2643 1927 2928 1980 stationem
2953 1968 2969 1992 ,
2998 1925 3046 1979 in
3084 1925 3203 1982 solo
3227 1925 3482 1997 deinceps
3512 1928 3596 1984 vel

2009 1996 2202 2119 gaudio
2223 1997 2307 2052 vel
2330 1996 2514 2052 dolore
2545 1998 2810 2067 persistat.
2845 1997 2989 2050 Deus
3004 2006 3084 2051 est
3109 1999 3161 2051 in
3182 1996 3597 2064 summoﬁnun-

2009 2083 2028 2118 ί
2048 2081 2108 2119 us
2131 2069 2180 2119 in
2212 2071 2338 2119 imo.
2370 2070 2506 2119 Deus
2527 2070 2579 2119 in
2609 2067 2797 2119 eodem
2820 2075 2959 2119 statu
2981 2069 3291 2119 aeternitatis
3312 2083 3422 2119 sum
3449 2085 3594 2119 sern-

2008 2067 2108 2121 dus
2131 2069 2180 2120 in
2212 2071 2338 2122 imo.
2370 2070 2506 2122 Deus
2527 2070 2579 2122 in
2609 2067 2797 2124 eodem
2820 2075 2959 2121 statu
2981 2069 3291 2124 aeternitatis
3312 2083 3422 2124 sua:
3449 2085 3594 2125 seru-

2009 2151 2103 2207 per
2145 2139 2405 2194 consistit.
2440 2139 2665 2194 Mundus
2696 2154 2853 2192 cursu
2895 2137 3264 2193 tnutahilitatis
3292 2155 3404 2194 suae
3448 2157 3593 2196 sem-

2008 2223 2104 2277 per
2141 2209 2403 2265 instabilis
2428 2209 2562 2264 ﬂuit.
2591 2209 2865 2264 llumanus
2893 2209 3104 2263 animus
3147 2211 3296 2277 quasi
3336 2211 3388 2274 in
3417 2211 3596 2268 medio

2007 2280 2298 2334 collocatus
2319 2282 2544 2350 quadam
2565 2279 2883 2335 conditionis
2904 2293 3015 2333 suae
3035 2279 3372 2346 excellentia.
3392 2291 3445 2335 et
3471 2282 3594 2336 huic

2006 2352 2343 2405 mutabilitati
2369 2367 2486 2476 quae
2507 2351 2758 2406 deor5um
2779 2359 2860 2404 est
2877 2350 3256 2418 supereminet,
3281 2361 3336 2407 et
3357 2351 3423 2406 ad
3450 2352 3595 2408 illam

2007 2437 2125 2476 (HNP.
2155 2430 2238 2476 est
2265 2438 2366 2476 anu
2437 2423 2623 2476 Deum.
2647 2436 2828 2476 veram
2859 2421 3341 2476 immutabilitatem
3370 2425 3594 2476 necdum

2007 2437 2125 2490 qute
2155 2430 2238 2476 est
2265 2421 2405 2491 apud
2437 2423 2623 2486 Deum,
2647 2436 2828 2476 veram
2859 2421 3341 2478 immutabilitatem
3370 2425 3594 2478 necdum

2009 2493 2276 2564 pertingit.
2309 2491 2363 2548 Si
2390 2509 2516 2547 vero
2559 2493 2613 2547 in
2654 2493 2719 2548 iis
2747 2508 2865 2561 quae
2904 2492 3154 2564 deorsum
3195 2501 3473 2548 transeunt
3496 2536 3510 2560 ,
3535 2511 3596 2551 se

2005 2578 2102 2634 per
2141 2563 2482 2634 cupiditatem
2512 2564 2866 2628 immerserit,
2896 2563 3074 2617 statim
3104 2579 3198 2634 per
3222 2565 3454 2620 inﬁnitas
3478 2567 3589 2621 dis-

2007 2633 2295 2705 tractionos
2312 2653 2365 2690 ra
2372 2636 2663 2705 pietur,ota
2675 2635 2961 2705 semetipso
2975 2633 3202 2703 quodam
3217 2635 3373 2689 modo
3393 2637 3595 2691 divisus

2005 2704 2380 2778 dissipabitur.
2400 2706 2452 2762 Si
2482 2721 2610 2762 vero
2647 2705 2716 2778 ah
2749 2704 2849 2778 hac
2879 2705 3080 2778 inﬁnita
3108 2705 3451 2778 distractione
3476 2724 3594 2778 qua:

2005 2775 2370 2842 deorsumest,
2393 2793 2450 2832 se
2472 2776 2722 2838 erexerit,
2744 2785 2798 2831 et
2820 2777 2935 2832 haec
2959 2776 3133 2831 inﬁma
3153 2775 3409 2832 deserens
3432 2775 3592 2845 atque

2006 2847 2258 2916 paulatim
2283 2849 2334 2902 in
2359 2864 2520 2902 unum
2541 2862 2598 2902 se
2626 2848 2884 2917 colligens
2910 2889 2924 2914 ,
2947 2863 3128 2902 secum
3158 2863 3277 2902 esse
3305 2849 3549 2904 didicerit
3575 2892 3588 2914 ,

2006 2927 2154 2972 tanto
2201 2920 2429 2988 amplius
2483 2919 2536 2991 in
2565 2935 2748 2991 unum
2796 2919 3115 2991 Colligetur,
3161 2929 3360 2988 quanto
3425 2923 3594 2991 magis

2004 2991 2324 3058 cogitatione
2367 2998 2422 3044 et
2465 2989 2730 3044 desiderio
2776 3004 2985 3044 sursum
3033 2990 3326 3044 elevabitur
3367 3007 3379 3041 :
3421 2989 3592 3046 donec

2007 3061 2218 3114 tandem
2250 3061 2470 3116 omnino
2499 3059 2845 3115 immutabilis
2867 3060 2935 3114 sit
2959 3101 2974 3125 ,
2999 3071 3051 3114 et
3073 3060 3140 3114 ad
3167 3062 3305 3113 illam
3332 3075 3512 3116 veram
3540 3074 3592 3116 et

2005 3132 2236 3197 unicam,
2266 3147 2383 3200 qua:
2409 3139 2492 3186 est
2512 3130 2651 3200 apud
2681 3131 2870 3195 Deum,
2899 3130 3380 3184 immutabilitatem
3406 3148 3592 3200 perve-

2004 3202 2137 3269 niat,
2155 3202 2240 3256 ubi
2270 3212 2526 3271 perpetuo
2563 3201 2680 3256 sine
2699 3201 2844 3255 omni
2879 3200 3246 3258 mutabilitalis
3268 3201 3588 3260 vicissitudi-

2004 3288 2072 3328 ne
2093 3273 2410 3342 requiescat.

2075 3343 2302 3401 CAPUT
2333 3342 2561 3398 XLVIII.
2597 3344 2893 3397 Animarum
2939 3342 3099 3413 origo.
3149 3344 3442 3403 Arbitrium.
3483 3346 3593 3400 Ele-

2005 3417 2124 3471 ctio.
2151 3414 2228 3486 (ὁ)
2249 3415 2530 3470 Credimus
2555 3415 2894 3486 animasnon
2913 3429 3036 3486 esse
3063 3413 3129 3467 ab
3155 3415 3303 3486 initio
3329 3432 3449 3470 cum
3478 3419 3593 3471 An-

2004 3483 2167 3558 gelis,
2187 3483 2285 3541 nec
2305 3486 2462 3542 simul
2488 3496 2716 3552 creatas,
2739 3485 2874 3540 sicut
2901 3483 3158 3558 Origenes
3181 3484 3356 3558 ﬁngit.
3372 3486 3479 3558 Nec
3500 3502 3595 3556 per

2005 3555 2202 3613 coitum
2225 3573 2344 3612 cum
2365 3557 2678 3628 corporibus
2701 3558 3052 3622 seminantur,
3074 3555 3214 3611 sicut
3233 3555 3549 3613 Luciferiani
3571 3558 3590 3589 ⁸

2006 3638 2061 3685 et
2083 3628 2311 3701 Cyrillus
2335 3638 2435 3701 ,ret
2463 3629 2623 3698 aliqui
2652 3628 2958 3701 Latinorum
2991 3640 3408 3698 pnesutnptores
3443 3631 3589 3684 al'lir-

2007 3699 2174 3756 munt.
2209 3699 2313 3756 Sed
2335 3700 2564 3756 dicimus
2591 3714 2774 3754 carum
2793 3713 2884 3754 cre
2903 3699 3120 3752 itionem
3149 3701 3320 3753 solum
3351 3701 3590 3755 omnium

2007 3773 2315 3827 Creatorem
2348 3786 2507 3826 nosse
2532 3789 2544 3825 :
2568 3785 2761 3840 corpus
2793 3778 2996 3824 tantum
3027 3783 3124 3838 per
3150 3771 3380 3840 conjugii
3424 3786 3591 3840 copu-

2009 3843 2112 3898 lam
2141 3843 2414 3906 seminari;
2445 3842 2540 3896 Dei
2573 3857 2703 3896 vero
2729 3840 2931 3909 judicio
2956 3842 3224 3909 coagulari
3257 3843 3308 3894 in
3336 3842 3512 3905 vulva,
3537 3851 3593 3897 et

2007 3911 2274 3982 compingi
2317 3923 2474 3981 atque
2528 3912 2741 3982 formari
2771 3930 2786 3974 ;
2815 3927 2878 3966 ac
2919 3912 3146 3982 formato
3177 3911 3286 3979 jam
3325 3927 3550 3981 corpore
3575 3955 3590 3976 ,

2007 3981 2239 4040 animam
2265 3984 2434 4038 creari
2459 3991 2514 4038 et
2544 3981 2745 4038 infundi
2776 4000 2791 4038 :
2817 3992 2872 4036 ut
2898 3981 3038 4036 vivat
3073 3982 3127 4035 in
3159 3993 3312 4038 utero
3341 3984 3502 4038 homo
3526 3999 3592 4040 ex

2009 4055 2182 4110 anima
2200 4064 2451 4108 constans
2467 4062 2522 4108 et
2535 4069 2780 4123 corpore,
2799 4062 2852 4108 et
2869 4053 3169 4123 egrediatur
3185 4055 3333 4107 vivus
3356 4069 3419 4108 ex
3443 4063 3595 4110 utero

2011 4127 2197 4198 plenus
2224 4125 2456 4198 humana
2481 4125 2796 4181 substantia.
2820 4123 3083 4198 Necduas
3108 4124 3313 4198 animas
3333 4140 3453 4181 esse
3471 4141 3595 4180 cre-

2009 4194 2186 4253 dimus
2207 4198 2258 4252 in
2283 4212 2386 4252 uno
2415 4195 2654 4263 homine,
2677 4198 2818 4252 sicut
2839 4196 2988 4249 multi
3018 4194 3273 4261 scribunt,
3299 4213 3456 4250 unam
3481 4199 3595 4251 ani-

2009 4269 2221 4331 malem,
2251 4284 2355 4338 qua
2377 4269 2638 4323 animetur
2666 4283 2879 4337 corpus,
2903 4276 3092 4336 etquae
3117 4268 3350 4322 immixta
3378 4267 3448 4321 sit
3473 4284 3596 4322 san-

2009 4341 2174 4412 guini;
2197 4349 2252 4396 et
2273 4341 2495 4394 alteram
2518 4339 2866 4412 spiritualem,
2889 4353 3008 4407 quae
3030 4339 3287 4412 rationem
3306 4339 3591 4412 miniszret.

2011 4409 2115 4468 Sed
2145 4412 2374 4467 dicimus
2409 4427 2569 4466 unam
2601 4409 2954 4477 eamdemque
2983 4423 3103 4463 esse
3134 4410 3365 4464 animam
3414 4413 3464 4463 in
3496 4411 3593 4464 Ito-

2010 4485 2181 4551 mine,
2207 4499 2325 4552 qua:
2353 4489 2408 4535 et
2431 4497 2626 4552 corpus
2647 4496 2741 4533 sua
2763 4480 3016 4552 societate
3047 4479 3297 4552 vivilicet.,
3316 4488 3369 4534 et
3391 4491 3592 4536 semet-

2012 4550 2326 4627 ipsanisua
2354 4553 2560 4627 ratione
2587 4551 2854 4627 disponat,
2885 4550 3089 4627 habens
3117 4550 3168 4604 in
3207 4566 3266 4627 se
3295 4552 3590 4627 libertatem

2009 4620 2213 4681 a’rbitrii
2239 4665 2254 4690 ,
2277 4632 2337 4677 ut
2359 4624 2411 4676 in
2441 4638 2550 4677 suzc
2575 4622 2886 4678 substantia:
2917 4621 3079 4692 eligat
3103 4623 3426 4692 cogitatione
3448 4620 3593 4692 quod

2011 4697 2139 4752 vult.
2168 4694 2424 4750 Libertati
2443 4693 2706 4762 siquidem
2726 4693 2929 4748 arbitrii
2950 4690 3032 4748 sui
3058 4690 3376 4748 commissus
3399 4702 3480 4746 est
3497 4690 3596 4746 ho-

2011 4785 2118 4824 mo.
2153 4766 2438 4833 Postquam
2469 4779 2596 4820 vero
2635 4763 2948 4820 seductione
2992 4765 3277 4833 serpentis,
3302 4779 3396 4832 per
3424 4762 3592 4817 Evam

2010 4837 2205 4920 cecidit
2234 4839 2254 4920 (
2285 4832 2412 4891 Gen.
2435 4853 2522 4900 ιιι,
2545 4836 2886 4920 ti_),'.naturaz
2913 4832 3109 4920 bonum
3155 4832 3416 4920 perdidit,
3447 4835 3592 4902 pari-

2013 4920 2091 4966 ter
2127 4919 2182 4966 et
2209 4903 2440 4979 vigorem
2489 4903 2734 4973 arbitrii;
2766 4923 2872 4961 non
2911 4915 3087 4979 tamen
3141 4903 3462 4979 elecdonem
3481 4943 3497 4969 ,
3527 4918 3602 4959 ne

2013 4999 2122 5037 non
2162 4973 2306 5036 esset
2341 4995 2494 5036 suum
2520 4980 2705 5051 ,quod
2735 4977 3055 5051 emendaret
3094 4981 3391 5051 peccatum.
3413 4973 3594 5051 _M_anet

2011 5055 2188 5124 itaque
2218 5052 2283 5107 ad
2308 5045 2653 5124 quaarenda'm
2672 5049 2897 5124 salutem
2921 5045 3126 5124 arbitrii
3149 5046 3386 5124 libertas,
3412 5045 3461 5124 id
3487 5056 3591 5124 est,

2011 5117 2232 5180 rationis
2258 5117 2531 5188 voluntas;
2561 5121 2658 5178 sed
2677 5121 3001 5175 admonente
3027 5117 3173 5186 prius
3202 5117 3389 5188 Deoiet
3426 5117 3594 5188 inspio

2011 5206 2164 5252 raute
2190 5195 2257 5250 ad
2284 5187 2530 5249 salutem.
2561 5192 2628 5248 Ut
2661 5207 2791 5262 ergo
2818 5190 3218 5262 acquiescamus
3256 5187 3478 5243 salutari
3515 5189 3592 5262 in:

2011 5268 2308 5336 spirationi,
2338 5275 2534 5320 nostra:
2563 5257 2961 5336 potestatisest;
2991 5257 3423 5336 utadipiscatnur
3449 5259 3592 5329 quod

2010 5329 2228 5408 adipisci
2273 5329 2862 5408 desideramusulivini
2907 5340 2990 5385 est
3040 5329 3344 5408 muneris}:
3370 5329 3593 5408 _Ut__non

2012 5399 2252 5465 labimur
2275 5408 2470 5480 adepto
2495 5399 2680 5480 salutis
2710 5418 2954 5480 munere,
2991 5409 3188 5480 nostra:
3215 5399 3589 5457 Sollicitudinis

2011 5491 2093 5538 est
2120 5491 2174 5536 et
2194 5473 2429 5536 ctelestis
2459 5479 2655 5549 pariter
2677 5474 2948 5545 adjutorii;
2981 5481 3035 5527 ut
3068 5473 3326 5541 labantur,
3361 5482 3590 5544 potesta-

2069 5600 2089 5629 ί
2123 5603 2244 5646 'n'es
2263 5591 2472 5644 Vaticani
2491 5597 2620 5649 Mss,
2643 5586 2828 5651 Lucifer
2844 5601 2859 5649 ;
2875 5585 2973 5646 alii,
3003 5584 3345 5651 Lucifcrs'auus.

2071 5661 2093 5690 ³
2150 5667 2230 5708 Ms.
2257 5654 2579 5717 Medardensis
2607 5647 2763 5717 addit,
2775 5657 2820 5700 et
2842 5647 3020 5717 partim
3037 5647 3374 5700 sollicitudinis
3397 5654 3592 5700 nostra.

2069 5723 2143 5782 (a)
2167 5727 2318 5782 nugo,
2346 5717 2430 5782 lib.
2452 5715 2500 5782 2,
2524 5715 2590 5782 de
2610 5713 2825 5762 vanitate
2844 5713 3025 5782 mundi.

2070 5723 2123 5782 (a
2167 5727 2318 5782 nugo,
2347 5723 2430 5768 lib.
2452 5723 2500 5772 ‘2.
2524 5723 2588 5765 de
2610 5723 2825 5762 vanitate
2844 5723 3025 5762 mundi.

2070 5723 2143 5848 (bi
2178 5781 2411 5841 Gennad.,
2456 5780 2540 5828 lib.
2563 5779 2627 5827 de
2651 5783 2866 5838 Dogmat.
2886 5776 3157 5828 Ecclesiast.
3182 5789 3286 5840 mp.
3317 5775 3392 5838 M,
3417 5777 3493 5836 l5,
3521 5773 3597 5836 16.
