4094 6342
478 279 588 342 815

477 398 551 454 tis
574 400 775 452 nostrae
803 398 887 449 est
925 396 981 447 et
1013 388 1259 461 ignaviae.
1284 385 1471 444 Solum
1498 385 1772 445 hominem
1796 385 2067 461 credimus

467 468 678 525 ’hahere
692 464 925 520 animam
942 460 1472 531 substantivam,qu;e
1492 468 1651 531 exuta
1668 473 1896 530 corpore
1916 460 2066 531 vivit,

468 531 537 596 ’et
562 551 755 593 sensus
797 550 926 591 suos
965 544 1125 605 atque
1170 530 1386 604 ingenia
1404 530 1660 605 vivaciter
1687 539 1854 587 tenet.
1885 530 2071 602 Neque

478 625 605 692 cunt
627 622 855 692 corpore
870 601 1127 692 .morit'ur,
1148 612 1209 692 ut
1232 601 1426 692 gratus
1451 601 1703 692 ‘Jasserit;
1730 601 2073 692 neqquost-

476 681 702 736 modum
728 673 1045 747 interitura,
1071 675 1210 732 sicut
1233 674 1419 730 Zenon
1460 673 1589 730 dicit
1616 674 1780 746 :quia
1820 673 2072 747 ’substan-

479 752 683 808 tialiter
718 751 870 805 vivit.
911 746 1234 805 Animalium
1260 761 1389 802 vero
1416 747 1610 801 animae
1652 761 1759 801 non
1786 754 1911 800 sunt
1945 746 2072 801 sub~

480 824 749 887 stantivae,
771 821 866 878 sed
886 835 1008 876 cum
1033 834 1194 876 carne
1220 818 1334 887 ipsa
1357 818 1533 873 carnis
1550 817 1833 872 vivacitate
1853 831 2072 887 nascun-

482 905 593 959 tur,
618 902 810 950 etcum
834 894 1010 948 carnis
1037 899 1206 945 morte
1224 886 1508 944 liniuntur:
1526 898 1583 944 et
1602 888 1723 944 ideo
1746 904 1844 944 nec
1863 886 2074 944 ratione

482 974 744 1036 reguntur
770 966 908 1023 sicut
935 964 1083 1036 Plato
1106 969 1161 1017 et
1189 959 1493 1036 Alexander
1515 968 1721 1036 putant;
1751 959 1850 1036 Sed
1865 959 1936 1013 ad
1958 974 2074 1015 om-

483 1030 574 1091 nia
624 1043 829 1091 natura:
868 1034 1211 1089 incitamenta
1252 1030 1538 1088 ducuntur.
1593 1031 1785 1086 Anima
1834 1030 2072 1086 humana

483 1122 597 1164 non
618 1122 739 1163 cum
767 1120 928 1162 carne
949 1104 1198 1167 moritur,
1230 1103 1352 1174 quia
1378 1118 1478 1174 nec
1502 1118 1624 1157 cum
1651 1116 1833 1168 carne,
1858 1102 2076 1158 utdixi-

483 1193 607 1236 mus
636 1178 880 1248 superius
904 1217 919 1243 ,
953 1172 1289 1248 seminatur:
1319 1172 1413 1248 sed
1442 1175 1670 1248 formato
1707 1174 1761 1229 in
1783 1183 1937 1248 utero
1963 1190 2077 1229 ina-

482 1250 582 1305 tris
605 1243 850 1319 corpore,
868 1248 965 1305 Dei
982 1246 1183 1319 judicio
1203 1246 1371 1300 creari
1388 1243 1663 1319 etinlundi
1683 1260 1801 1319 eam
1824 1244 2073 1319 diximus,

483 1330 546 1376 ut
574 1315 717 1375 vivat
742 1320 906 1374 homo
932 1315 1073 1373 intus
1099 1318 1153 1372 in
1177 1315 1502 1383 utero,etsic
1525 1316 1778 1385 procedat
1800 1316 2077 1371 nativitate

406 1386 415 1401 ¹
483 1392 540 1447 in
583 1390 867 1448 mundum.
909 1389 1097 1443 Anima
1127 1404 1157 1443 a
1184 1387 1436 1443 Creatore
1473 1387 1792 1457 principium
1833 1386 2073 1455 habens,

398 1473 422 1525 ζ
484 1477 555 1518 ex
579 1478 686 1533 quo
703 1471 789 1543 est
810 1503 827 1528 ,
856 1459 1093 1543 perlecta
1130 1468 1217 1543 est
1246 1458 1300 1543 in
1329 1473 1527 1542 genere
1553 1473 1651 1541 suo
1676 1476 1688 1514 :
1714 1457 1854 1513 unde
1878 1473 1941 1512 ex
1970 1473 2078 1541 quo

486 1527 1001 1607 est,'_sciret'o'm_nia
1027 1546 1145 1601 quae
1170 1530 1236 1607 a_b
1270 1527 1487 1607 homine
1516 1527 1640 1607 sciri
1682 1538 1943 1607 possunt,
1974 1527 2077 1584 nisi

486 1604 722 1683 gravitas
770 1603 1146 1683 carnisjessel.
1170 1601 1327 1683 Quod
1374 1616 1483 1683 per.
1503 1602 1732 1671 primum
1761 1600 2035 1683 hominem
2059 1640 2076 1667 ,

530 1677 581 1729 ui
608 1683 730 1730 ante
749 1674 1142 1743 corruptionem
1170 1671 1513 1727 humanitatis
1536 1715 1551 1738 ,
1572 1688 1641 1727 ex
1668 1687 1772 1743 quo
1800 1672 1917 1737 fuit,
1947 1688 2073 1743 per:

530 1691 581 1729 ui
608 1690 730 1730 ante
749 1690 1142 1743 corruptionem
1172 1690 1513 1727 humanitatis
1536 1715 1551 1738 ,
1572 1690 1641 1727 ex
1668 1690 1772 1740 quo
1800 1690 1917 1737 iuit,
1947 1690 2073 1743 per-

488 1690 629 1801 ?eete
654 1745 839 1799 habuit
860 1745 1135 1800 scientiam
1164 1743 1474 1805 humanam,
1510 1742 1721 1811 probari
1753 1752 1947 1811 potest.
1974 1742 2082 1798 Sed

494 1818 657 1874 modo
680 1825 929 1887 corrupta
972 1821 1299 1887 humanitate
1321 1856 1337 1883 ,
1364 1830 1432 1871 ex
1458 1829 1563 1885 quo
1588 1820 1928 1886 coniungitur
1953 1827 2077 1869 cor-

495 1890 727 1959 ruptioni
751 1931 767 1957 ,
796 1886 1173 1966 corrumpitur.
1205 1886 1314 1943 Nec
1346 1888 1699 1966 proprietates
1736 1900 1870 1966 suas
1904 1891 2080 1966 potest

495 1954 773 2027 exercere,
796 1960 968 2015 donec
986 1954 1086 2014 usu
1106 1968 1160 2014 et
1178 1954 1501 2028 experientia
1523 1966 1578 2012 et
1598 1955 1820 2027 alicujus
1838 1954 2081 2028 doctrina

497 2031 713 2086 incitata
742 2024 927 2100 incipit
952 2024 1286 2095 discernere;
1319 2030 1479 2084 veluti
1508 2028 1554 2100 si
1589 2030 1710 2100 quis
1732 2024 1855 2081 cum
1898 2024 2082 2100 subtili

404 2140 405 2143 η
497 2104 620 2156 licet
661 2102 774 2156 acie
812 2095 1084 2156 oculorum
1131 2103 1182 2155 in
1213 2100 1489 2155 tenebrosa
1519 2095 1868 2163 detrudatur,
1898 2095 2081 2152 videre

490 2177 672 2225 tamen
693 2178 802 2224 non
830 2176 1007 2239 potest
1031 2170 1103 2223 ibi
1128 2211 1143 2237 ,
1170 2168 1275 2239 nisi
1300 2167 1449 2238 prius
1488 2176 1764 2239 assuescat
1796 2170 2035 2226 tenebris
2061 2210 2079 2238 ,

488 2240 578 2296 vel
605 2240 787 2296 lumen
816 2238 1156 2296 accendatur.
1189 2238 1342 2294 Unde
1372 2238 1657 2305 Virgilius:

740 2317 977 2373 Quantum
999 2323 1097 2373 non
1123 2310 1499 2373 noxiaueotpora
1528 2308 1735 2373 tardant.

1012 2369 1220 2434 (add.
1247 2369 1331 2419 tib.
1354 2369 1404 2429 6;
1427 2381 1551 2420 vers.
1575 2371 1717 2432 731.)

489 2434 562 2491 Et
587 2434 715 2491 licet
749 2433 870 2489 alia:
903 2432 1031 2489 sint
1055 2435 1292 2489 actiones
1334 2434 1577 2502 corporis
1600 2473 1615 2498 ,
1640 2443 1695 2488 et
1731 2433 1853 2489 alia)
1890 2432 2085 2488 animai

489 2506 768 2570 actiones;
799 2516 974 2560 tamen
1017 2505 1259 2575 corporis
1287 2504 1416 2575 vitia
1464 2503 1550 2575 vel
1590 2504 1812 2559 virtutes
1855 2510 2083 2573 pessuiit

489 2590 614 2633 esse
657 2578 870 2631 animae.
907 2576 1038 2630 Cum
1069 2574 1211 2631 enim
1241 2574 1307 2629 ad
1349 2574 1451 2629 hoc
1485 2574 1557 2627 sit
1600 2576 1777 2630 anima
1822 2575 1943 2630 data
1968 2616 1985 2641 ,
2028 2582 2088 2631 ut

488 2648 707 2704 illicitos
735 2648 911 2703 carnis
940 2655 1121 2702 motus
1146 2646 1377 2716 corrigat
1402 2687 1417 2711 ,
1443 2645 1740 2715 ignorantia
1782 2645 1926 2701 illius
1951 2661 2085 2701 con-

489 2720 703 2790 tingunt
742 2720 827 2775 vel
868 2719 1211 2790 negligentia.
1249 2716 1411 2790 Sicut
1435 2718 1489 2790 _si
1518 2716 1931 2790 v_el_discipulus
1961 2719 1982 2750 ⁸
2002 2717 2087 2774 vel

488 2787 680 2846 servus
706 2787 1035 2861 negligentia
1059 2788 1291 2844 doctoris
1311 2788 1397 2843 vel
1417 2787 1625 2841 domini
1678 2799 1884 2858 peccat,
1914 2790 2086 2913 magi-

492 2871 610 2913 ster
631 2860 716 2913 vel
742 2861 992 2913 dominus
1017 2869 1166 2913 extra
1187 2860 1397 2913 cuinam
1424 2873 1532 2912 non
1553 2866 1658 2913 est:
1678 2860 1755 2913 sic
1780 2860 1957 2913 anima
1981 2860 1996 2913 i
2023 2861 2086 2913 lis

492 2871 610 2917 ster
631 2860 716 2916 vel
742 2860 992 2916 dominus
1017 2869 1166 2915 extra
1187 2860 1397 2928 culpam
1424 2873 1532 2912 non
1553 2866 1658 2924 est;
1678 2860 1755 2914 sic
1780 2860 1957 2914 anima
1981 2860 2087 2915 illis

490 2933 925 3002 contingentibus
950 2938 1099 2987 extra
1124 2931 1336 3001 culpam
1357 2944 1466 2986 non
1484 2937 1587 2999 est,
1614 2944 1736 2986 cum
1765 2931 1865 2986 ista
1892 2930 2087 2987 debeat

491 3003 779 3066 imperare,
809 3012 863 3057 et
886 3004 974 3057 illa
1004 3002 1247 3058 obedire.
1390 3018 1415 3027 ··

606 3074 785 3131 APUT
815 3072 995 3128 XLIX.
1044 3073 1238 3129 Sensus
1278 3081 1326 3126 et
1366 3073 1420 3127 in
1447 3073 1675 3127 interiori
1715 3072 1935 3128 homine.
1974 3071 2088 3129 Me-

489 3146 723 3200 ditatiom'
741 3145 1045 3199 incumbere.
1072 3144 1147 3216 (a)
1171 3144 1385 3199 Duabus
1407 3144 1716 3200 substantiis
1737 3154 1939 3200 tantum
1957 3160 2088 3201 con-

490 3226 598 3272 stat
621 3216 804 3284 homo,
827 3217 1004 3271 anima
1023 3225 1078 3271 et
1097 3218 1259 3271 carne
1284 3234 1298 3270 :
1319 3216 1493 3270 anima
1514 3231 1636 3271 cum
1662 3216 1870 3272 ratione
1889 3231 2004 3283 sua,
2031 3225 2088 3273 et

491 3304 657 3344 carne
684 3302 808 3342 cum
842 3288 1086 3343 sensibus
1113 3289 1242 3343 suis.
1274 3287 1420 3355 Quos
1450 3295 1628 3342 tamen
1655 3301 1845 3343 sensus
1883 3289 2087 3358 absque

490 3360 686 3415 animae
715 3359 969 3415 societate
997 3374 1103 3413 non
1134 3368 1314 3414 movet
1339 3372 1465 3413 caro
1483 3399 1498 3424 ,
1527 3358 1703 3412 anima
1730 3373 1861 3413 vero
1885 3369 1940 3414 et
1968 3364 2087 3417 sine

490 3446 656 3486 carne
694 3431 954 3486 rationale
980 3446 1136 3485 suum
1176 3437 1342 3485 tenet.
1372 3428 1676 3483 Notandum
1721 3437 1901 3485 tamen
1943 3429 2087 3498 quod

490 3501 780 3573 iidemipsi
808 3517 1019 3569 sensus,
1047 3502 1136 3573 qui
1163 3501 1215 3573 in
1246 3499 1500 3573 exteriori
1523 3499 1740 3555 homine
1760 3500 2086 3573 describung

490 3582 601 3641 tur,
630 3572 792 3627 simili
819 3574 978 3627 modo
1005 3571 1298 3629 secundum
1328 3571 1543 3627 modum
1572 3586 1725 3626 suum
1755 3572 1809 3625 in
1841 3572 2084 3627 interiori

491 3659 611 3699 esse
637 3641 1080 3710 manilestantur;
1109 3644 1230 3713 quia
1256 3643 1557 3713 spirituales
1582 3657 1671 3713 res
1698 3658 1806 3697 non
1832 3656 2087 3713 corpora-

492 3659 611 3699 esse
637 3657 1080 3710 maniteStantur;
1109 3659 1230 3713 quia
1256 3657 1557 3713 spirituaies
1582 3657 1669 3697 res
1698 3658 1806 3697 non
1832 3657 1927 3697 cor
2000 3658 2086 3698 ra-

492 3715 635 3769 libus
661 3715 927 3777 sensibus,
956 3716 1049 3769 sed
1079 3714 1445 3784 spiritualibus
1469 3712 1727 3784 rimandae
1756 3722 1898 3767 sunt.
1928 3657 2086 3769 bime

491 3785 669 3840 divina
699 3800 805 3840 vox
834 3786 886 3840 in
916 3782 1329 3841 DeuterOnomio
1364 3784 1475 3837 ait:
1514 3782 1687 3837 Videte
1720 3784 1968 3855 quoniam
1994 3800 2085 3855 ego

491 3874 605 3912 sum
640 3855 781 3910 Deus
805 3900 820 3923 ,
852 3867 898 3910 et
936 3874 1037 3911 non
1070 3865 1145 3911 est
1179 3857 1313 3910 alius
1357 3861 1541 3925 praeter
1578 3869 1658 3908 me
1683 3853 1861 3927 (Deut.
1889 3853 2043 3927 xxxii
2068 3897 2083 3923 ,

493 3928 607 3995 59).
639 3928 711 4000 Et
736 3929 855 4000 in‘A
866 3928 1135 4000 pocalypsi
1162 3945 1177 3981 :
1210 3927 1323 4000 Qui
1339 3926 1487 4000 habet
1511 3941 1657 4000 (iure:
1681 3925 1975 4000 audiendi,
1992 3943 2086 4000 att-

493 3999 601 4050 diat
631 3999 751 4065 quid
782 3997 1007 4067 Spiritus
1022 3996 1170 4051 dicat
1202 3998 1439 4051 Ecclesiis
1468 3996 1653 4066 (Apoc.
1683 4012 1752 4062 tt,
1934 3997 2002 4052 Et
2031 3998 2086 4053 in

486 4067 757 4137 Pszilterio
782 4087 793 4120 :
827 4068 1055 4132 Gustare,
1088 4078 1135 4121 et
1161 4069 1321 4123 videte
1344 4068 1587 4137 quoniam
1611 4067 1782 4137 suauia
1807 4078 1879 4122 est
1906 4067 2087 4123 Domi-

491 4154 591 4211 mts
619 4136 792 4211 (Psal.
841 4154 1045 4211 xxxiii,
1078 4138 1174 4211 β).
1218 4139 1283 4211 Et
1321 4135 1646 4206 Apostolus:
1673 4135 1881 4211 Christi
1923 4138 2087 4211 bonus

494 4208 639 4279 odor
666 4225 859 4279 sumus,
886 4216 933 4262 et
977 4209 1027 4261 in
1071 4208 1133 4259 iis
1174 4210 1258 4277 qui
1299 4217 1542 4279 pereunt,
1568 4216 1641 4279 et
1665 4208 1719 4279 in
1745 4208 1809 4261 iis
1850 4210 1933 4279 qui
1961 4210 2087 4263 salvi

493 4277 627 4405 funt
655 4278 722 4353 (11
749 4279 866 4333 Cor.
898 4295 969 4343 ll,
1015 4280 1127 4347 15).
1164 4279 1227 4332 Et
1266 4277 1318 4332 in
1352 4278 1637 4349 Evangelia
1669 4277 1923 4333 Dominus
1963 4296 2085 4335 mu-

515 4351 680 4405 ierem
708 4349 813 4405 ﬁde
841 4365 900 4405 se
930 4350 1168 4405 tetittisse
1196 4350 1362 4405 magis
1391 4366 1550 4405 quam
1577 4364 1804 4405 corpore
1829 4351 2083 4405 ostendit.

515 4349 680 4406 ierem
708 4349 813 4421 ﬁde
841 4365 900 4405 se
930 4350 1168 4419 tetigisse
1196 4350 1362 4421 magis
1391 4366 1550 4419 quam
1577 4364 1804 4418 corpore
1829 4351 2083 4419 ostendit,

492 4421 681 4476 dicens
712 4439 727 4475 :
759 4419 943 4492 Tetigit
982 4438 1061 4476 me
1086 4419 1304 4492 aliquis;
1339 4439 1456 4473 nam
1483 4431 1533 4475 et
1569 4438 1662 4492 ego
1687 4422 1819 4475 sensi
1856 4421 2087 4476 virtutem

494 4492 559 4545 de
586 4509 666 4545 me
703 4492 863 4545 enim
890 4490 1037 4561 (Luc.
1072 4490 1192 4555 vni,
1222 4493 1334 4559 46).
1362 4493 1451 4547 Sic
1478 4490 1613 4563 ergo
1629 4506 1750 4546 eum
1779 4493 1923 4547 omni
1953 4508 2085 4548 cau-

495 4563 604 4634 tela
632 4563 1021 4617 observandum
1046 4572 1129 4617 est
1149 4564 1271 4634 quid
1300 4563 1365 4617 ad
1390 4564 1630 4633 corporis
1655 4578 1861 4634 sensus,
1886 4571 1940 4619 et
1958 4564 2086 4634 quid

494 4633 561 4689 ad
611 4634 804 4689 anima:
851 4635 1113 4703 pertineat
1150 4633 1493 4704 dignitatem;
1538 4650 1605 4689 ne
1652 4633 1791 4689 lorte
1834 4633 2087 4691 confusus

495 4705 631 4776 ordo
659 4713 712 4759 et
746 4706 1125 4776 irratiOnabilis
1153 4706 1435 4760 aestimatio
1461 4705 1656 4760 alicubi
1681 4720 1977 4776 repugnare
2001 4707 2085 4761 vi-

495 4775 689 4831 deatur
716 4776 942 4831 veritati.
974 4775 1088 4831 Non
1114 4786 1197 4831 est
1227 4777 1413 4831 tertius
1454 4777 1506 4830 in
1537 4776 1765 4841 hominis
1793 4777 2085 4833 substantia

496 4848 731 4916 spiritus,
767 4856 821 4901 ιιι
851 4847 1105 4918 Didymus
1140 4847 1444 4913 contendit;
1473 4848 1564 4901 sed
1601 4847 1821 4917 spiritus
1860 4848 1973 4914 ipsa
2002 4857 2085 4918 est

493 4919 670 4973 anima
698 4937 711 4972 :
740 4935 857 4989 qua:
882 4917 964 4973 vel
992 4935 1087 4988 pro
1113 4918 1371 4988 Spirituali
1401 4926 1609 4982 natura,
1632 4919 1718 4973 vel
1742 4934 1837 4987 pro
1854 4932 1919 4973 eo
1944 4917 2088 4989 quod

496 4990 662 5059 spiret
692 4991 744 5043 in
772 5005 1017 5060 corpore,
1050 4991 1267 5057 spiritus
1292 4990 1611 5060 appellatur.
1645 4990 1829 5060 Anima
1854 5003 1983 5044 vero
2011 5004 2079 5044 ex

496 5076 561 5116 eo
587 5069 841 5127 vocatur,
870 5058 1009 5131 quod
1036 5060 1102 5114 ad
1129 5058 1410 5115 vivendum
1440 5061 1523 5131 vel
1552 5058 1921 5131 vivilicandum
1967 5062 2084 5114 ani-

495 5142 606 5187 inet
646 5148 860 5203 corpus.
891 5129 1143 5203 ’Tertiuni
1186 5148 1354 5200 vero,
1402 5130 1491 5201 qui
1539 5130 1606 5185 ab
1628 5129 1908 5203 ΔλΑ-υιιδιυιο
1961 5146 2084 5203 cum

493 5205 674 5258 anima
698 5200 758 5257 et
782 5217 1008 5272 corpore
1032 5202 1315 5268 inducitur,
1346 5200 1588 5270 spiritum
1615 5200 1658 5271 (l
1678 5200 1856 5255 Thess.
1883 5214 1938 5269 v,
1966 5200 2082 5274 23),

493 5275 718 5354 gratiam
748 5274 917 5354 sancti
944 5274 1174 5343 Spiritus
1200 5274 1594 5354 intelligamus:
1617 5285 1776 5341 quam
1803 5280 1918 5354 orat
1943 5274 2086 5354 Apo-

496 5342 685 5417 stolus,
716 5354 775 5400 ut
799 5342 1005 5417 integra
1033 5352 1341 5417 perseveret
1366 5342 1931 5417 in_nobis,_ne_nos_tro
1955 5342 2087 5400 vitio

493 5423 589 5471 aut
613 5409 900 5481 minuatur,
913 5409 1264 5488 'aut'lugetur
1284 5430 1314 5469 a
1343 5414 1533 5481 nobis;
1560 5411 1683 5485 quia
1709 5409 1936 5483 Spiritus
1960 5429 2085 5469 san-

559 5507 579 5569 ?
614 5511 723 5557 llas.
745 5505 863 5568 duo,
887 5506 1058 5559 Arabs.
1086 5504 1233 5569 Alius,
1258 5505 1456 5558 Arabas.

557 5564 861 5643 ter-.msdl
887 5576 1007 5643 ven-
1033 5564 1239 5643 εξισιρνίε
1262 5574 1525 5643 seuseu!"
1870 5573 1951 5643 3!-

559 5628 635 5694 (α)
668 5634 736 5696 3.x
759 5627 993 5696 689M»
1037 5631 1104 5696 de
1137 5639 1357 5696 W-
1384 5627 1823 5696 Εθθιθξίθθὲίωρρῑ
1864 5628 1942 5696 1.9!
1988 5627 2081 5696 mi

490 5691 658 5767 lingu,
675 5691 743 5767 de
762 5691 1083 5767 lodo
1099 5728 1115 5756 ,
1272 5694 1298 5744 1
1345 5702 1456 5767 Haec
1470 5693 1617 5745 etiam
1915 5691 2079 5743 Medit.

490 5755 523 5805 7
544 5755 678 5819 {qua
700 5756 751 5805 in
772 5755 1089 5808 meditatione
1102 5755 1223 5810 'sun‘t
1260 5756 1483 5822 quadam
1504 5770 1615 5822 quae
1637 5756 1763 5821 apud
1805 5762 2080 5821 nugonem,

492 5815 583 5870 tib.
599 5818 667 5872 de
686 5817 835 5872 arma
849 5817 1041 5871 animae.

1955 264 2325 327 APPENDIX.

3661 274 3773 330 διδ

2179 398 2292 445 ctua
2326 387 2532 463 eiugiet
2555 388 2727 463 ﬂetum
2742 427 2759 463 ,_
2775 392 2834 463 _et
2857 389 3060 463 auferet
3088 401 3144 445 te
3163 401 3199 443 α
3237 386 3625 462 cogitationibus
3657 406 3775 463 quc

2177 470 2296 544 sunt
2324 458 2714 544 sine'intelleetu
2734 458 2896 544 iSap.
2925 458 2978 544 ι,
3010 460 3091 530 5).

2248 531 2369 603 Jugi
2384 547 2511 607 ergo
2531 531 2872 607 meditatione
2886 532 3122 588 animum
3144 541 3383 607 nostrum
3399 548 3773 607 exerceamus,

2178 611 2235 674 et
2260 603 2657 660 consideremus
2681 604 2925 660 miserias
2951 614 3007 661 et
3035 606 3384 662 necessitates
3408 616 3620 662 nostras
3643 650 3659 674 ,
3690 603 3776 664 la;

2179 673 2337 748 bores
2362 682 2417 731 et
2441 675 2672 748 dolores.
2697 674 2962 748 Lugentes
2997 676 3139 732 enim
3164 676 3217 733 in
3249 676 3387 734 hanc
3413 680 3578 734 vitam
3601 673 3776 735 intra-

2179 746 2373 811 vimus.
2416 763 2541 802 cum
2585 746 3054 813 labore'vivimus,
3096 762 3218 804 cum
3260 748 3449 807 dolore
3486 758 3542 806 et
3579 750 3779 808 timore

2180 818 2373 873 exituri
2409 832 2614 875 sumus.
2651 816 2965 892 Cogitemus
2991 833 3122 891 ergo
3163 835 3323 892 quam
3350 821 3420 876 sit
3458 820 3639 879 brevis
3666 823 3778 878 vita

2180 898 2361 961 nostra
2382 930 2398 956 ,
2432 905 2589 961 quam
2612 889 2699 961 via
2728 890 2929 947 lubrica
2947 932 2961 956 ,
2989 889 3147 961 quam
3173 889 3320 947 mors
3346 902 3528 960 certa,
3555 901 3614 949 et
3641 893 3779 951 liora

2180 959 2368 1032 mortis
2398 959 2619 1027 incerta.
2644 959 2953 1032 Cogitemus
2976 959 3191 1032 quantis
3211 962 3655 1020 amaritudinibus
3682 965 3780 1021 ad-

2180 1031 2408 1107 mixtum
2433 1033 2536 1101 sit,
2564 1034 2608 1089 si
2634 1031 2761 1104 quid
2783 1032 2955 1107 dulce
2970 1031 3059 1107 aut
3094 1032 3401 1107 jucundum,
3421 1034 3476 1091 in
3504 1035 3589 1090 via
3618 1035 3782 1107 hujus

2181 1103 2305 1159 vitae
2331 1118 2557 1160 occursu
2583 1103 2681 1177 suo
2708 1104 2862 1177 nobis
2889 1103 3107 1170 alludit;
3136 1121 3301 1177 quam
3317 1106 3476 1162 fallax
3500 1116 3558 1162 et
3582 1103 3779 1177 suspe-

2181 1182 2359 1250 ctum,
2402 1191 2561 1250 quam
2590 1175 2836 1231 instabile
2881 1185 2946 1250 et
2983 1175 3343 1250 transitorium
3381 1186 3465 1250 est
3516 1175 3780 1250 quidquid

2182 1244 2339 1320 hujus
2363 1244 2547 1320 mundi
2572 1247 2994 1320 amortparturit,
3019 1246 3275 1320 quidquid
3300 1249 3510 1320 species
3536 1244 3629 1305 aut
3654 1244 3779 1320 pul-

2183 1317 2429 1373 chritudo
2471 1318 2778 1389 temporalis
2821 1317 3100 1389 promittit.
3150 1317 3565 1376 Consideremus
3612 1317 3780 1378 etiam

2182 1402 2301 1514 quae
2338 1390 2408 1443 sit
2445 1388 2632 1460 patria:
2662 1388 2897 1445 caelestis
2940 1388 3298 1459 pulchritudo,
3340 1392 3574 1473 suavitas
3616 1401 3782 1475 atque

2222 1460 2430 1514 ulcedo.
2454 1459 2804 1514 Attendamus
2823 1471 2877 1514 et
2892 1462 3287 1514 perpendamus
3304 1461 3446 1514 unde
3460 1461 3776 1514 cecidimus-

2222 1460 2430 1532 ulcedo.
2450 1459 2804 1523 Attendamus
2823 1471 2877 1515 et
2892 1462 3287 1532 perpendamus
3304 1461 3446 1517 unde
3460 1459 3776 1532 cecidimus,

2184 1540 2241 1587 et
2265 1531 2354 1587 ubi
2377 1530 2654 1602 iacemus;
2681 1532 2808 1602 quid
2834 1531 3186 1601 perdidimus,
3212 1533 3415 1604 etquid
3440 1530 3776 1591 invenimus:

2183 1609 2245 1657 ut
2286 1619 2354 1675 ex
2403 1612 2629 1675 utroque
2674 1604 3029 1673 intelligamus
3070 1612 3325 1675 quantum
3373 1605 3528 1660 nobis
3556 1605 3631 1675 in
3678 1606 3781 1662 hoc

2185 1674 2374 1746 exsilio
2403 1672 2690 1746 lugendum
2736 1675 2823 1741 sit.
2850 1672 3006 1731 ’Hinc
3047 1672 3190 1730 enim
3220 1676 3474 1746 Salomon
3516 1674 3630 1730 ait:
3680 1678 3781 1746 Qui

2185 1745 2398 1815 apponit
2440 1745 2699 1800 scientiam
2722 1788 2737 1811 ,
2769 1763 2801 1799 a
2840 1746 2979 1816 ponit
3006 1755 3055 1801 et
3090 1747 3317 1801 dolorem
3342 1745 3541 1816 (Eccle.
3568 1764 3622 1814 t,
3659 1749 3776 1818 18).

2185 1815 2319 1871 Ouia
2361 1826 2559 1871 auanto
2605 1818 2773 1871 magis
2803 1763 2968 1871 fiomo
3007 1832 3103 1871 sua
3140 1818 3279 1871 mala
3319 1818 3585 1871 intelligit.
3632 1826 3776 1871 tanto

2185 1815 2324 1889 Quia
2336 1826 2579 1889 quanto
2605 1818 2773 1887 magis
2807 1815 2968 1889 homo
3007 1832 3103 1873 sua
3140 1818 3279 1873 mala
3319 1815 3585 1889 intelligit,
3632 1815 3780 1875 tanto

2187 1887 2416 1958 amiilius
2439 1888 2671 1958 suspirat
2694 1899 2747 1942 et
2771 1888 2958 1958 gemit.

2302 1957 2483 2032 Αιξυτ
2519 1957 2592 2032 _L.
2646 1957 2964 2032 _Metlitatio_
2998 1960 3141 2029 quid.
3201 1960 3447 2016 Scientia.
3518 1961 3778 2032 Compan-

2187 2028 2306 2083 ctio.
2349 2028 2828 2103 Devotiotoratio.
2869 2028 3114 2103 Affectus.
3146 2031 3225 2103 (a)
3275 2032 3500 2087 Scienlia
3541 2035 3623 2087 sui
3645 2028 3780 2088 'aliis

2190 2101 2551 2173 praeponenda.
2576 2101 2846 2158 Meditatio
2859 2101 3120 2171 siquidem
3142 2101 3276 2171 parit
3289 2103 3588 2171 scientiam,
3602 2105 3779 2160 scien-

2188 2172 2260 2226 tia
2286 2174 2775 2241 compunctionem,
2805 2174 3144 2241 compunctio
3170 2174 3533 2239 devotionem,
3565 2176 3784 2233 devotio

2187 2242 2397 2316 perlicit
2423 2244 2739 2299 orationem.
2770 2243 3042 2316 Meditatio
3081 2254 3166 2300 est
3192 2244 3446 2315 frequens
3483 2248 3737 2316 cogitatio
3758 2288 3777 2314 ,

2187 2313 2399 2386 curiosa
2436 2323 2490 2369 et
2532 2329 2693 2384 sagax
2736 2314 2961 2370 obscura
3001 2313 3342 2386 investigare,
3372 2326 3428 2371 et
3466 2313 3677 2373 occulta
3713 2313 3787 2374 ad

2189 2384 2432 2463 notitiam
2461 2386 2694 2463 trahere.
2722 2386 2954 2463 Scicittia
2978 2394 3059 2463 est
3082 2384 3306 2463 quando
3321 2387 3482 2444 homo
3508 2388 3573 2463 a_d
3598 2391 3788 2463 cogni-

2191 2453 2392 2530 tionem
2420 2457 2501 2510 sui
2527 2456 2739 2530 assidua
2766 2453 3113 2530 meditatione
3141 2459 3485 2514 illmninatur.
3508 2453 3785 2530 Campano

2190 2526 2296 2581 ctio
2326 2535 2407 2581 est
2432 2527 2646 2596 quando
2683 2544 2753 2585 ex
2786 2528 3212 2585 consideratione
3253 2530 3508 2585 malorum
3555 2526 3787 2588 suorum

2190 2598 2521 2672 cortinteurno
2548 2598 2735 2672 dolore
2777 2600 3025 2672 tangitur.
3058 2600 3276 2672 Devotio
3298 2609 3380 2654 est
3411 2602 3541 2672 pius,
3573 2610 3628 2655 et
3673 2601 3786 2657 hu-

2191 2667 2332 2722 milis
2359 2668 2579 2725 all'ectus
2615 2670 2669 2724 in
2700 2667 2906 2735 Deum';
2933 2670 3147 2727 humilis
3169 2687 3233 2727 ex
3261 2667 3583 2726 conscientia
3625 2672 3787 2727 inlir-

2193 2740 2393 2813 mitatis
2407 2742 2653 2813 propriae,
2672 2742 2789 2813 pius
2808 2758 2875 2801 ex
2894 2741 3316 2798 consideratione
3333 2742 3525 2797 divina:
3543 2743 3789 2799 clemen—

2194 2810 2299 2864 tite.
2327 2810 2518 2867 Oratio
2550 2822 2633 2868 est
2672 2810 2871 2869 mentis
2897 2813 3145 2880 devotio,
3174 2813 3225 2868 id
3256 2821 3370 2879 est,
3416 2815 3697 2870 conversio
3728 2816 3786 2870 in

2192 2880 2359 2937 Deum
2400 2898 2496 2953 per
2542 2885 2687 2954 pium
2734 2894 2788 2941 et
2822 2884 3079 2940 humilem
3116 2883 3388 2940 al'l‘ectum.
3421 2886 3659 2941 Allectus
3700 2896 3787 2941 est

2192 2962 2484 3022 spontanca
2529 2956 2769 3023 quaedam
2797 2972 2861 3011 ac
2897 2956 3070 3011 dulcis
3100 2955 3265 3023 ipsius
3301 2956 3466 3011 animi
3503 2958 3570 3013 ad
3618 2957 3785 3012 Deum

2192 2971 2484 3036 spontanea
2513 2971 2769 3079 Iquaedam
2797 2972 2861 3011 ac
2897 2971 3070 3011 unicis
3100 2971 3265 3037 ipsms
3301 2971 3466 3011 animi
3503 2971 3570 3013 ad
3620 2971 3785 3012 Deum

2191 3026 2485 3080 inclinatio.
2561 3028 2597 3082 il
2626 3028 2769 3082 enim
2797 3028 2867 3082 ita
2900 3027 3064 3082 Deum
3099 3026 3322 3082 inclinat
3356 3027 3425 3082 ad
3460 3028 3708 3097 pietatem
3728 3037 3789 3084 et

2190 3096 2634 3159 misericordiam,
2657 3098 3102 3168 quemadmodum
3130 3112 3295 3167 purus
3319 3096 3517 3155 mentis
3538 3100 3783 3156 aliectus.

2262 3168 2550 3224 Scientiam
2579 3170 2877 3225 caelestium
2907 3178 2963 3225 et
2993 3172 3322 3225 terrestrium
3362 3186 3540 3225 rerum
3562 3170 3788 3227 laudaro

2191 3246 2350 3310 atque
2394 3256 2576 3296 amare
2626 3242 2803 3297 solent
2848 3240 3127 3306 homines;
3174 3241 3271 3298 sed
3320 3242 3490 3297 multo
3535 3242 3788 3298 meliores

2190 3320 2335 3383 sunt,
2359 3315 2446 3381 qui
2470 3311 2591 3367 huic
2611 3313 2850 3368 scicntia:
2865 3321 3182 3383 praeponunt
3202 3328 3426 3368 noscere
3445 3314 3784 3383 semetipsos.

2190 3380 2533 3437 Laudabilior
2554 3383 2814 3466 siquidem
2843 3380 3052 3439 animus
3072 3391 3176 3466 est,
3201 3383 3292 3465 cui
3315 3392 3438 3466 nota
3462 3393 3547 3439 est
3571 3380 3788 3440 miseria

2192 3466 2320 3521 sua,
2351 3468 2510 3525 quam
2536 3454 2629 3524 qui
2653 3470 2717 3511 ea
2744 3470 2851 3511 non
2880 3463 3121 3524 respeeta
3145 3496 3163 3521 ,
3195 3455 3307 3510 vias
3336 3454 3573 3510 siderum
3601 3466 3660 3512 et
3688 3471 3787 3510 na-

2191 3532 2339 3579 turas
2379 3540 2556 3581 rerum
2583 3535 2866 3582 scrutatur.
2905 3526 3005 3592 Qui
3037 3541 3167 3582 vero
3188 3525 3301 3595 jam
3332 3526 3388 3581 in
3418 3526 3585 3581 Deum
3617 3525 3782 3594 evigi-

2191 3595 2318 3650 lavit
2356 3596 2586 3666 Spiritus
2628 3598 2799 3653 sancti
2827 3597 3007 3654 calore
3046 3596 3341 3663 excitatus,
3371 3606 3531 3667 atque
3573 3598 3630 3651 in
3671 3598 3790 3667 ejus

2190 3679 2376 3721 amore
2403 3681 2584 3721 coram
2613 3681 2672 3723 se
2691 3669 2874 3733 viluit,
2900 3669 2966 3723 ad
2992 3682 3222 3733 eumque
3250 3669 3450 3725 intrare
3480 3668 3664 3723 volens
3688 3683 3787 3724 nec

2191 3737 2395 3799 valens,
2420 3752 2591 3807 eoque
2609 3739 2708 3794 sibi
2738 3741 2946 3794 lucente
2968 3737 3194 3796 attendit
3216 3738 3267 3793 in
3292 3754 3352 3794 se
3370 3780 3387 3803 ,
3406 3748 3461 3793 et
3480 3739 3681 3794 invenit
3702 3754 3783 3805 se,

2190 3822 2448 3879 suamque
2458 3809 2825 3879 iegritudinem
2841 3809 2978 3864 illius
2991 3810 3262 3864 munditia:
3275 3810 3659 3878 contemperari
3674 3825 3784 3865 non

2191 3893 2349 3948 posse
2374 3880 2679 3949 cognoscit;
2703 3881 2857 3936 dulce
2877 3880 3037 3935 habet
3057 3879 3209 3946 itere,
3232 3895 3457 3949 eumque
3477 3880 3705 3949 precari,
3726 3888 3787 3935 ut

2191 3949 2275 4022 sui
2305 3951 2619 4006 misereatur
2639 3991 2656 4018 ,
2683 3960 2954 4022 totamque
2977 3953 3095 4020 ejus
3131 3953 3398 4007 miseriam
3424 3960 3601 4006 exuat.
3631 3951 3786 4006 llunc

2192 4020 2371 4093 itaque
2398 4031 2642 4093 egentem
2669 4032 2727 4079 et
2751 4020 3016 4078 dolentem
3045 4022 3265 4078 scientia
3292 4038 3397 4078 non
3442 4021 3589 4076 inﬂat
3607 4063 3624 4086 ,
3663 4024 3787 4092 quia

2190 4090 2691 4164 etia'ritasfaidilicat.
2719 4094 3019 4164 Prmposuit
3046 4094 3190 4147 enim
3215 4094 3491 4148 scientiam
3522 4090 3784 4160 scientiae,

2191 4161 2243 4217 id
2256 4172 2358 4235 est,
2375 4163 2515 4221 scire
2531 4180 2589 4221 se
2605 4166 2776 4235 ipsum
2790 4161 2854 4220 et
2868 4164 3224 4221 inﬁrmitatem
3237 4178 3410 4226 suam.
3432 4164 3602 4234 magis
3625 4180 3786 4235 quam

2190 4234 2330 4289 scire
2358 4235 2498 4291 vires
2524 4234 2832 4304 herbarum,
2858 4247 2914 4291 et
2937 4245 3154 4291 naturas
3178 4236 3486 4290 animalium
3510 4252 3526 4288 :
3557 4245 3613 4290 et
3642 4234 3782 4291 hanc

2190 4306 2508 4374 apponendo
2532 4309 2809 4364 scientiam
2832 4349 2850 4374 ,
2890 4307 3137 4376 apposuit
3160 4315 3215 4361 et
3238 4305 3481 4362 dolorem
3498 4348 3516 4372 ,
3543 4306 3783 4362 dolorem

2190 4377 2393 4449 scilicet
2421 4379 2860 4449 peregrinationis
2880 4393 2992 4435 sua:
3019 4379 3036 4409 ί
3057 4393 3124 4433 ex
3146 4377 3415 4449 desiderio
3440 4378 3627 4447 patriae
3648 4394 3780 4442 suae,

2190 4457 2245 4502 et
2272 4448 2493 4520 visionis
2522 4448 2637 4515 Dei,
2665 4466 2820 4520 quem
2845 4464 3069 4520 cernere
3093 4448 3215 4502 ﬁnis
3239 4450 3260 4479 '
3285 4449 3412 4520 :cui
3436 4458 3517 4502 est
3540 4450 3708 4520 gloria
3731 4449 3783 4502 in

2190 4519 2384 4573 saecula
2410 4519 2749 4576 saeculorum.
2780 4522 2951 4576 Amen
2981 4520 3022 4573 ³.
3053 4519 3206 4574 Dolet
3227 4519 3319 4589 qui
3339 4528 3551 4575 tenetur
3569 4519 3781 4585 exsilio,

2191 4590 2314 4659 quia
2339 4589 2580 4663 diliertur
2604 4606 2634 4663 a
2677 4607 2863 4663 regno.
2912 4591 3068 4646 Dolet
3092 4590 3219 4663 dum
3250 4589 3561 4663 recordatur
3583 4606 3708 4661 qua:
3731 4598 3780 4646 et

2190 4671 2386 4785 quanta
2413 4662 2552 4716 mala
2597 4661 2760 4745 fecit,
2789 4672 2846 4719 et
2868 4678 3028 4734 quam
3063 4661 3428 4719 intolerabiles
3469 4675 3659 4733 ptuias
3688 4674 3786 4732 pro

2191 4747 2207 4785 i
2232 4732 2296 4785 lis
2324 4747 2575 4785 passurus
2599 4742 2689 4785 sit.
3278 4778 3281 4783 .

2191 4730 2296 4786 illis
2324 4747 2575 4799 passurus
2599 4735 2689 4788 sit.
2744 4730 2747 4731 ⁷
2885 4730 2902 4734 ⁷
3278 4778 3281 4783 .

2261 4801 2486 4860 CAPUT
2507 4804 2593 4859 Ll.
2628 4805 2850 4859 Attentio
2884 4821 2946 4859 ac
2964 4802 3352 4859 discussiosui.
3392 4801 3781 4860 Concidet-clior

2190 4890 2278 4929 ne:
2329 4875 2520 4930 vitione
2541 4876 2642 4945 (ὁ).
2671 4876 2802 4931 Cum
2832 4877 2978 4931 nulla
3006 4875 3230 4931 scientia
3256 4875 3449 4930 melior
3462 4874 3543 4930 sit
3566 4874 3661 4930 illa
3680 4889 3785 4947 qua

2255 4988 2274 5019 ι
2308 4992 2382 5036 Er.
2406 4986 2700 5051 Lugd._ven.
2725 4994 2834 5037 nov.
2870 4987 2942 5038 sic
2964 4986 3305 5051 legunt‘httnc
3340 4985 3501 5051 10mm
3523 4997 3538 5035 :
3564 4989 3639 5051 ﬂ
3659 4983 3791 5036 hanc

2188 5046 2497 5121 opponendo:
2511 5046 3041 5121 scientiam,_opposuit
3074 5048 3307 5112 dolorem,
3340 5048 3397 5101 id
3438 5052 3513 5102 at
3538 5046 3789 5113 defectam

2609 5124 2727 5163 sua.
2791 5118 2848 5161 ll.

2254 5174 2275 5206 ⁸
2307 5174 2391 5222 Hic
2423 5172 2659 5245 clanditnr
2682 5175 2809 5225 liber
2844 5176 2905 5245 in,
2916 5175 3145 5226 omnibus
3169 5177 3351 5245 nostris
3384 5178 3515 5234 195.,
3541 5172 3673 5245 apud
3693 5178 3784 5222 Bu-

2188 5248 2369 5301 gonem
2391 5243 2445 5285 et.
2466 5233 2738 5287 Alcherum.
2763 5245 2878 5297 Quae
2894 5244 3061 5288 tamen
3094 5244 3364 5301 supersunt
3390 5233 3672 5288 non’aliiu
3711 5248 3784 5284 in-

2189 5304 2344 5348 nuunt
2375 5304 2639 5349 auctorem.
3404 5352 3407 5353 ν

2224 5359 2275 5429 ,³
2292 5364 2379 5431 .FJ‘.
2408 5367 2460 5410 et
2475 5366 2594 5431 ven.
2620 5362 2864 5431 omittunt,
2901 5374 3046 5426 qvam
3077 5373 3275 5431 cernere
3295 5359 3423 5431 ﬁnis
3450 5372 3468 5410 :
3483 5357 3571 5431 _cui
3591 5363 3665 5410 est
3686 5357 3784 5431 glo-

2188 5420 2539 5487 riainsazcuia
2556 5420 2865 5487 seculorum.
2912 5420 3075 5487 then.
3120 5423 3253 5487 Apud
3294 5420 3447 5487 Lugd,
3483 5421 3594 5487 haec
3632 5420 3784 5471 ve'rba

2187 5484 2341 5548 uncis
2369 5483 2739 5548 concluduntur,
2783 5499 2893 5538 cum
2941 5482 3253 5548 adnotatione
3295 5482 3550 5548 ma'rgiuali
3591 5496 3606 5533 :
3661 5488 3784 5531 ιιω

2194 5561 2220 5593 ι
2241 5546 2410 5620 tertiis
2442 5544 2677 5620 ﬁnissent
2698 5544 2777 5599 hic
2798 5554 2971 5620 ῑεειθτὲ
2994 5546 3364 5620 exemplaria-'3
3404 5544 3492 5620 5“.-

2187 5606 2327 5720 39(a)
2359 5615 2472 5659 Haec
2493 5609 2617 5689 etin
2638 5610 2915 5673 Appendlce
2937 5606 3165 5661 Bernardi
3182 5643 3199 5673 ,
3230 5607 3296 5660 de
3316 5607 3650 5669 (medentia,
3674 5617 3779 5669 cap.

2250 5707 2323 5796 ib)
2344 5734 2447 5809 vid;
2471 5731 2558 5809 tu).
2578 5735 2661 5809 cit.
2685 5734 2751 5787 de
2771 5734 3318 5809 conscientia,(:ip.45;
3341 5732 3441 5809 nit.
3472 5742 3622 5793 cinia
3648 5744 3746 5790 le-

2188 5795 2325 5861 capp.
2349 5795 2476 5863 6,5;
2509 5806 2563 5852 et
2602 5808 2747 5864 Heg,
2789 5799 2855 5850 de
2878 5798 3029 5850 tnstit.
3058 5795 3239 5861 me,
3271 5810 3381 5862 cap.
3398 5797 3450 5848 9.
