4094 6342
362 409 468 470 81⁸1

359 524 640 599 cognoscit
657 524 821 584 homo
837 525 1207 599 semetipsum,
1226 524 1572 599 discutiamus
1583 527 1956 599 cogitationes,

363 598 663 655 locutiones
684 607 842 669 atque
858 598 1261 667 opera’nostra.
1281 598 1419 667 Quid
1445 599 1588 654 enim
1613 598 1833 670 prodest
1855 616 1957 657 no-

363 671 466 736 bis,
509 670 557 728 si
601 686 781 743 rerum
828 670 1065 727 omnium
1106 678 1320 743 naturas
1363 670 1628 726 subtiliter
1668 670 1956 743 investige-

362 756 485 799 mus
506 782 523 809 ,
571 739 862 798 efﬁcaciter
905 740 1453 810 comprehendamus,
1501 749 1558 797 et
1598 739 1956 812 nosmetipsos

361 828 471 870 non
515 812 914 885 intelligamus?
957 812 1337 885 Examinemus
1386 827 1517 885 ergo
1558 828 1676 884 qua:
1728 812 1956 885 fecimus

360 899 496 952 nos,
549 884 598 939 si
642 881 938 940 secundum
985 882 1128 954 quod
1167 881 1479 951 debuimus,
1518 881 1590 940 ea'
1627 884 1951 941 fecerimus:

360 954 765 1012 consideremus
814 969 880 1011 ea
935 952 1056 1024 quin
1103 952 1292 1009 facturi
1336 970 1558 1019 sumus,
1615 956 1662 1010 si
1709 955 1816 1010 sint
1863 971 1953 1012 se-

359 1026 599 1082 cundum
628 1026 819 1083 Deum.
860 1025 1023 1081 Valde
1049 1025 1313 1096 siquidem
1350 1034 1435 1081 est
1470 1027 1770 1082 necessaria
1799 1027 1953 1084 nobis

358 1096 771 1168 circumSpectio
822 1096 1269 1168 examinationis;
1324 1106 1587 1168 quatenus
1634 1112 1729 1166 per
1782 1111 1951 1168 expe-

361 1167 612 1226 rientiam
652 1183 839 1225 eorum
882 1183 1002 1240 quae
1054 1167 1306 1240 fecimus,
1353 1167 1421 1223 ad
1470 1183 1533 1225 ea
1583 1184 1704 1240 qua:
1745 1167 1950 1239 agenda

361 1249 488 1323 ξυηι
528 1239 792 1323 sane?!“
829 1238 1134 1323 redeam"!-
1160 1239 1315 1323 saepe
1355 1238 1952 1323 nam‘erusjqupd

362 1311 502 1366 bona
530 1310 826 1366 intentione
854 1310 1095 1366 inchoari
1119 1310 1407 1377 credimus,
1433 1310 1579 1367 tanto
1602 1310 1763 1367 citius
1780 1310 1837 1366 in
1854 1311 1952 1367 de-

361 1383 625 1453 ceptionis
667 1382 915 1453 laqueum
945 1397 1043 1437 nos
1082 1383 1374 1451 praecipitat
1398 1424 1413 1446 ,
1453 1390 1654 1453 quanto
1679 1383 1746 1438 de
1771 1383 1950 1439 inten-

364 1452 526 1509 tionis
550 1464 746 1508 nostrm
777 1452 1036 1523 principio
1061 1453 1237 1508 securi
1267 1453 1427 1509 linem
1466 1452 1692 1509 actionis
1718 1469 1825 1509 non
1855 1455 1953 1510 ob-

362 1540 641 1581 servamus
666 1542 680 1579 :
706 1533 760 1579 et
790 1524 1154 1595 imprudentes
1181 1524 1332 1594 quasi
1354 1525 1435 1578 via
1463 1525 1617 1593 plana
1642 1525 1711 1580 ad
1740 1524 1948 1581 foveam

360 1600 656 1659 currimus;
685 1596 804 1666 quia
823 1597 1063 1650 videmus
1081 1596 1206 1665 quid
1222 1595 1466 1661 facimus,
1489 1596 1584 1651 sed
1601 1595 1728 1665 quid
1750 1595 1910 1652 linem
1929 1598 1947 1629 ¹

363 1678 604 1723 nostrum
635 1668 783 1736 sequi
812 1666 1022 1730 debeat,
1054 1683 1159 1721 non
1188 1666 1534 1722 attendimus.
1559 1667 1634 1721 Ita
1663 1668 1803 1723 enim
1830 1683 1947 1723 am-

362 1737 551 1807 biguus
570 1747 655 1794 est
678 1738 840 1793 animi
866 1737 1107 1804 aﬂ‘ectus,
1133 1747 1193 1793 ut
1221 1738 1323 1793 nisi
1348 1753 1414 1793 ex
1444 1737 1552 1794 ﬁne
1579 1739 1757 1807 operis
1779 1739 1949 1807 quali-

362 1817 524 1865 tatem
553 1809 859 1865 intentionis
878 1809 994 1877 ejus
1018 1808 1324 1865 discernere
1348 1824 1454 1864 non
1484 1809 1775 1864 valeamus.
1807 1810 1948 1866 Prte-

364 1889 507 1935 terea
537 1896 756 1936 necesse
782 1889 864 1935 est
903 1890 955 1934 ut
986 1895 1077 1951 per
1106 1881 1339 1950 singulos
1365 1879 1481 1941 dies
1515 1881 1675 1935 vitam
1709 1889 1947 1937 nostram

360 1953 426 2006 ad
451 1952 708 2022 judicium
742 1966 991 2006 vocemus
1014 1993 1029 2013 .
1058 1961 1112 2006 et
1136 1952 1262 2021 quid
1289 1952 1495 2019 egimus
1520 1967 1615 2021 per
1653 1961 1863 2007 noctem
1892 1960 1949 2007 et

362 2023 524 2085 diem,
552 2024 916 2077 examincmus
938 2040 953 2087 ;
975 2032 1029 2078 et
1054 2032 1252 2093 quanto
1280 2023 1345 2077 ad
1367 2023 1504 2077 bona
1524 2023 1763 2079 facienda
1790 2023 1947 2079 solito

359 2095 667 2153 alacriores.
690 2104 745 2148 et
763 2102 962 2163 quanto
985 2094 1051 2149 ad
1075 2094 1212 2148 mala
1238 2094 1494 2148 vincenda
1519 2094 1676 2149 solito
1696 2106 1948 2150 constan-

363 2168 561 2229 tiores;
591 2164 639 2220 si
662 2165 716 2220 in
742 2165 918 2236 aliquo
942 2180 1104 2234 opere
1130 2175 1313 2220 nostro
1342 2165 1546 2220 insidiis
1582 2166 1778 2221 inimici
1817 2182 1945 2234 sup-

361 2237 579 2306 plantati
603 2237 803 2302 simus;
835 2236 1061 2306 qualiter
1082 2236 1295 2291 demum
1323 2251 1419 2306 per
1447 2237 1695 2291 indicium
1726 2240 1746 2268 ³³
1770 2246 1945 2292 trans-

358 2318 493 2363 actze
551 2307 880 2377 deceptionis
945 2306 1174 2363 futuram
1243 2307 1382 2363 illius
1443 2306 1683 2362 fraudem
1752 2322 1944 2364 cavere

360 2379 949 2449 valeamuszquatenus
996 2394 1096 2434 nec
1137 2379 1517 2449 superveniens
1580 2379 1803 2434 teutatio
1848 2393 1946 2434 nos

360 2449 681 2519 improvisos
710 2448 779 2502 ad
810 2450 1006 2505 malum
1051 2465 1183 2520 Opus
1208 2448 1453 2518 dejiciat,
1484 2462 1605 2520 ηερε
1628 2450 1944 2506 indiscretos

360 2520 417 2575 in
456 2535 619 2589 opere
656 2521 797 2575 bono
839 2519 1101 2592 praesens
1126 2521 1440 2589 negligentia
1484 2519 1648 2575 fallat.
1695 2520 1945 2590 Quisquis

360 2592 564 2646 scilicet
590 2607 684 2645 cor
705 2606 861 2646 suum
891 2594 940 2645 in
973 2592 1274 2656 hujusmodi
1302 2592 1479 2646 studio
1507 2603 1741 2655 exercet,
1765 2592 1946 2646 audiat

359 2662 484 2732 quid
515 2664 726 2732 quidam
768 2664 979 2732 sapiens
1015 2664 1193 2718 dicat:
1230 2681 1250 2715 ι
1279 2662 1426 2717 Scito
1452 2673 1503 2718 te
1527 2663 1718 2733 ipsum.
1750 2681 1769 2715 ι
1799 2661 1945 2717 Scito

362 2734 498 2789 unde
542 2735 764 2801 venisti,
795 2744 886 2788 aut
916 2750 1021 2802 quo
1052 2734 1240 2799 vadis;
1269 2733 1701 2804 quomodovivis
1721 2776 1736 2799 ,
1769 2747 1942 2803 quan-

361 2814 471 2859 tum
515 2806 727 2874 proficis
767 2806 851 2859 vel
874 2804 1092 2867 deficis,
1132 2821 1293 2875 quam
1329 2806 1485 2875 longe
1530 2820 1591 2860 es
1632 2821 1660 2857 a
1692 2805 1834 2869 Deo,
1861 2804 1943 2859 vel

359 2891 518 2945 quam
546 2892 730 2945 prope,
752 2892 857 2931 non
882 2877 1175 2931 intervallis
1194 2877 1455 2941 locorum,
1483 2876 1576 2929 sed
1599 2875 1944 2931 similitudine

359 2947 444 3001 vel
469 2948 903 3002 dissimilitudine
932 2963 1161 3002 morum.
1194 2946 1338 3003 Scito
1366 2946 1634 3017 quomodo
1662 2947 1822 3000 homo
1845 2961 1906 3002 es
1924 2985 1940 3014 ,

359 3018 511 3087 cujus
550 3019 841 3089 conceptio,
870 3019 1044 3088 culpa,
1075 3019 1221 3073 nasci
1262 3018 1499 3083 miseria,
1535 3020 1712 3073 vivere
1755 3031 1941 3088 pmna,

358 3090 495 3144 mori
525 3104 765 3145 necesse.
815 3088 1027 3145 Certum
1055 3099 1138 3145 est
1160 3089 1289 3161 quia
1324 3089 1601 3161 morieris;
1631 3089 1727 3161 sed
1766 3089 1943 3143 incer-

361 3170 470 3215 tum
511 3161 799 3230 quomodo,
832 3161 912 3214 vel
950 3158 1297 3231 quando'vel
1338 3161 1448 3215 ubi.
1488 3158 1752 3231 Quoniam
1789 3174 1945 3231 mors

359 3229 555 3303 ubique
597 3242 649 3287 te
693 3229 985 3300 exspectat,
1021 3242 1076 3287 et
1104 3241 1159 3286 tu
1201 3232 1247 3286 si
1284 3231 1496 3303 sapiens
1534 3230 1719 3303 fueris,
1750 3229 1946 3303 ubique

502 3299 862 3385 exspectabis.
894 3304 1124 3385 Attende
1154 3317 1283 3385 ergo
1294 3299 1529 3385 sollicite
1556 3301 1685 3385 quid
1706 3316 1832 3385 agas
1858 3299 1944 3385 vel

358 3373 484 3445 quid
512 3389 671 3444 agere
695 3373 928 3445 debeas;
964 3375 1017 3445 si
1043 3374 1184 3445 quod
1211 3372 1507 3428 faciendum
1546 3382 1631 3427 est
1658 3372 1856 3445 facias;
1895 3372 1944 3429 si

358 3443 502 3502 bono
527 3443 678 3516 operi
703 3444 901 3499 malum
925 3443 1138 3514 aliquod
1167 3459 1275 3499 non
1301 3445 1635 3516 admisceas;
1668 3444 1723 3516 si
1742 3443 1944 3516 bonum

358 3516 499 3586 quod
539 3513 675 3587 agis,
716 3525 912 3587 quanta
956 3513 1168 3587 oportet
1206 3516 1488 3571 devotione
1532 3514 1853 3587 adimpleas;
1897 3513 1945 3570 si

355 3585 596 3651 alterius,
623 3596 681 3642 ut
705 3585 873 3649 tuum,
900 3585 1095 3642 bonum
1116 3587 1334 3657 diligas;
1357 3586 1402 3642 si
1428 3594 1597 3647 tuum,
1620 3594 1678 3640 ut
1702 3585 1941 3657 alterius,

358 3658 556 3713 malum
585 3657 978 3726 reprehendas;
1010 3658 1054 3712 si
1085 3659 1163 3714 sic
1186 3656 1423 3714 declinas
1441 3673 1473 3713 a
1500 3657 1662 3722 malo,
1696 3665 1753 3711 ut
1780 3656 1945 3713 facias

357 3728 579 3784 bonum.
612 3728 748 3784 Sunt
782 3728 922 3784 enim
943 3728 1158 3799 quidam
1187 3737 1393 3785 tantum
1428 3728 1766 3785 attendentes
1804 3727 1943 3784 mala

357 3815 477 3869 quae
502 3816 608 3855 non
647 3799 846 3855 faciunt
876 3817 891 3854 :
934 3798 1068 3855 istos
1092 3800 1500 3869 pusillanimitas
1528 3815 1557 3853 a
1600 3800 1739 3854 hono
1776 3812 1945 3870 opere

360 3880 613 3942 revocat,
638 3886 706 3926 ne
730 3871 1227 3942 malumsuhripiat.
1258 3870 1584 3942 Sunt‘aliqui
1608 3869 1944 3942 attendentes

361 3950 565 3997 tantum
603 3941 738 3996 bona
764 3957 883 4012 quae
925 3940 1160 3996 faciunt:
1191 3943 1265 3996 illi
1295 3944 1373 3999 sic
1406 3940 1565 3996 sibi'a
1604 3941 1756 4012 bono
1781 3955 1945 4009 Opere

358 4014 691 4083 complaeent
708 4021 763 4067 et
782 4010 1141 4083 blandiuntur,
1166 4022 1223 4066 ut
1240 4012 1309 4067 de
1330 4012 1600 4083 pravitatis
1619 4010 1945 4083 admixtione

358 4082 579 4154 minime
596 4093 912 4154 terreantur.
937 4082 1071 4139 Sunt
1088 4083 1177 4138 alii
1198 4085 1465 4154 sapientes
1483 4090 1543 4137 ut
1565 4082 1762 4137 faciant
1780 4082 1940 4151 mala,

360 4153 498 4209 bona
539 4164 716 4209 autem
761 4153 936 4209 facere
982 4155 1225 4209 nesciunt
1248 4153 1272 4207 ί
1312 4153 1403 4209 isti
1443 4154 1657 4222 pessimi
1704 4154 1944 4210 omnium

358 4225 608 4281 lmtantur
626 4241 747 4280 cum
771 4225 907 4280 male
932 4225 1173 4292 fecerint,
1201 4234 1257 4280 et
1279 4224 1544 4280 exsultant
1565 4224 1616 4278 in
1640 4224 1800 4280 rebus
1824 4239 1944 4294 pes-

357 4295 526 4351 simis.
559 4297 692 4352 Sunt
714 4296 805 4350 alii
833 4304 1135 4365 quaarentes
1158 4297 1322 4351 Deum
1355 4311 1451 4365 per
1476 4295 1758 4361 exteriora,
1787 4295 1945 4352 desc-

359 4376 536 4423 rentes
567 4367 816 4422 interiora
843 4382 960 4436 sua,
987 4367 1179 4436 quibus
1209 4368 1352 4421 Deus
1376 4366 1596 4421 interior
1623 4375 1726 4422 est.

426 4437 655 4521 (ii-PU?
690 4437 809 4521 ως..
844 4435 1514 4521 cognitienistrengradus.
1547 4436 1946 4521 gentisidilata-

358 4510 447 4563 tio.
480 4508 666 4563 Mentis
694 4507 988 4563 sublevatio.
1018 4508 1203 4563 Mentis
1247 4507 1506 4563 alienatio.
1540 4507 1686 4563 Mens
1729 4509 1945 4566 hominis

356 4581 636 4651 speculum,
664 4580 751 4651 sed
795 4588 996 4651 peccato
1043 4580 1378 4634 obscuratum.
1433 4578 1698 4644 Quomodo
1746 4590 1943 4651 tergen-

393 4668 495 4705 um.
528 4650 604 4723 (a)
638 4650 938 4723 Redeamus
960 4666 1096 4723 ergo
1117 4650 1186 4705 ad
1213 4665 1310 4705 nos
1332 4691 1347 4715 ,
1377 4659 1435 4704 ut
1463 4650 1727 4723 possimus
1751 4650 1944 4723 ascen-

356 4721 484 4777 dere
520 4720 592 4792 ad
619 4737 737 4777 nos.
765 4721 897 4776 Tres
924 4720 1188 4792 siquidem
1213 4735 1471 4775 ascensus
1512 4729 1654 4792 sunt.
1685 4720 1741 4792 In
1772 4722 1945 4790 primo

356 4791 697 4848 ascendimus
740 4792 809 4846 ab
834 4792 951 4847 istis
993 4790 1352 4847 exterioribus
1390 4800 1446 4847 et
1491 4790 1831 4846 inferioribus
1876 4792 1943 4848 ad

356 4878 475 4918 nos.
528 4863 589 4936 ln
631 4862 868 4919 secundo
917 4863 1256 4918 ascendimus
1296 4862 1372 4936 ad
1409 4877 1507 4918 cor
1533 4862 1714 4936 altum
1754 4860 1941 4936 (Psal.

356 4949 510 4999 uin,
543 4934 639 5004 7):
671 4944 872 5005 quanto
900 4949 1130 5005 namque
1168 4934 1396 5005 amplius
1421 4932 1775 5005 proficimus,
1797 4942 1944 4990 tanto

356 5006 583 5076 amplius
608 5004 966 5061 ascendimus.
998 5004 1099 5070 Qui
1125 5004 1269 5076 enim
1300 5020 1405 5060 non
1429 5004 1686 5069 ascendit,
1714 5004 1943 5061 descen-

355 5075 517 5140 dit;et
535 5078 627 5147 qui
651 5091 754 5131 non
781 5076 1007 5147 proficit,
1029 5076 1226 5131 deficit.
1251 5075 1308 5131 ln
1330 5077 1486 5132 tertio
1505 5090 1727 5147 ascensu
1758 5090 1944 5132 ascen-

355 5147 532 5202 dimus
554 5146 628 5203 ad
656 5147 845 5203 Deum.
886 5146 1093 5202 Primus
1122 5162 1377 5202 ascensus
1418 5148 1477 5202 fit
1516 5146 1943 5204 consideratione

357 5219 575 5285 mundi,
620 5226 676 5273 et
710 5226 1040 5288 contemptu.
1087 5217 1487 5273 Considerando
1527 5234 1755 5289 namque
1783 5234 1943 5289 quam

357 5290 555 5345 caduca
583 5299 639 5345 et
669 5289 973 5344 transitoria
1002 5289 1110 5343 sint
1135 5292 1234 5344 ista
1276 5298 1510 5356 terrena,
1550 5290 1941 5345 contemnimus

355 5375 447 5426 ea,
477 5370 533 5416 et
560 5360 799 5417 redimus
841 5360 909 5415 ad
934 5375 1053 5416 nos.
1080 5360 1356 5432 seeuudus
1382 5374 1637 5432 ascensus
1665 5362 1724 5417 fit
1752 5361 1941 5432 cogni-

358 5434 504 5487 tione
538 5441 594 5487 et
619 5440 930 5504 contemptu
970 5431 1163 5504 nostri.
1205 5429 1339 5486 Cum
1385 5431 1528 5486 enim
1570 5429 1941 5504 cognoscimus

353 5518 514 5574 quam
557 5503 713 5574 proni
756 5503 924 5557 simus
951 5502 1020 5558 ad
1062 5502 1292 5563 malum.
1337 5512 1390 5558 et
1418 5517 1576 5573 quam
1616 5502 1834 5559 invalidi
1873 5502 1942 5560 ad

356 5572 584 5641 bonum;
624 5574 1060 5641 contemnimus,
1107 5583 1162 5629 et
1209 5572 1547 5630 ascendimus
1601 5589 1760 5642 supra
1818 5589 1937 5630 nos.

357 5643 569 5703 Tertius
605 5661 859 5704 ascensus
902 5645 963 5701 ﬁt
1000 5645 1302 5718 cognitione
1344 5652 1400 5702 et
1443 5658 1628 5701 amore
1670 5643 1790 5703 Dei.
1835 5643 1943 5703 iste

358 5852 363 5857 ,
418 5801 441 5896 ξ
471 5802 894 5927 ﬁmi!ng
916 5802 1114 5865 [αοιιιηι.

421 5926 495 5991 (a)
527 5922 751 5991 sx'nug.
774 5930 917 5994 vice,
938 5927 1005 5982 de
1036 5935 1151 5981 arca
1177 5923 1368 5989 uocati.
1389 5922 1476 5978 lib.
1497 5922 1549 5988 ὃν
1571 5935 1679 5988 ανδ
1700 5922 1753 5976 ϐο

1476 404 1685 465 LIBER
1720 405 1812 468 DE
1849 406 2250 470 SPIRI'I'U.ET
2287 407 2521 469 ANIMA.

3546 423 3655 485 8l8

2069 528 2260 611 tertius
2299 543 2555 611 ascensus
2574 528 2848 611 iumentis
2872 531 3309 611 dilatatione,get
3324 541 3523 599 mentis
3562 555 3657 601 su.

2064 598 2384 681 blevatio_ne,
2414 610 2469 659 et
2491 603 2686 681 mentis
2708 603 3047 681 alienatione.
3070 598 3262 665 Mentis
3280 598 3519 669 dilatatio
3541 598 3650 681 est,

2063 685 2194 751 curn
2223 671 2323 751 sub
2347 687 2455 751 uno
2481 674 2682 751 mentis
2713 684 2932 751 aspectu
2974 678 3122 747 plura
3146 682 3532 751 conspicimus,
3563 671 3654 742 vei

2062 741 2131 818 de
2160 743 2254 818 Dei
2272 744 2534 818 sapientia
2554 744 2685 818 ,_vel
2710 741 2917 818 de'ejus
2944 741 3179 818 potentia
3199 792 3215 818 ,
3247 741 3332 807 vel
3358 752 3427 809 de
3454 741 3652 812 cuncta

2061 812 2543 895 bonitate._lntu_eri_
2558 812 2997 895 debemus'quam
3018 812 3265 895 potenter
3288 823 3430 879 Deus
3455 834 3651 883 cuncta

2060 884 2262 966 creavit
2304 884 2373 941 de
2415 886 2602 966 nihilo,
2649 904 2811 958 quam
2850 884 3120 966 sapienter
3154 894 3438 966 gubernat,
3484 910 3648 965 quam
3688 924 3697 933 -

2060 954 2288 1039 benigne
2312 967 2501 1039 cuncta
2535 954 2826 1029 dispensat.
2858 954 3052 1018 Totum
3090 954 3250 1019 istum
3278 954 3535 1021 mundum
3568 967 3648 1039 sic

2059 1036 2309 1107 ornatum
2336 1027 2459 1083 fecit
2487 1027 2705 1099 propter
2734 1046 2981 1107 corpora,
3025 1049 3252 1107 corpora
3280 1044 3496 1107 propter
3518 1037 3639 1092 ani-

2059 1112 2196 1177 mas,
2224 1099 2446 1177 animas.
2463 1112 2682 1172 propter
2708 1116 2786 1157 se.
2819 1099 2886 1163 Et
2912 1103 3033 1161 ideo
3061 1099 3342 1177 diligentér
3373 1099 3648 1166 custodire

2057 1167 2345 1245 debemus_
2362 1167 2581 1245 anilitas:
2610 1182 2821 1229 nostras
2839 1215 2855 1239 ,
2905 1167 3183 1245 quatenusv
3210 1192 3302 1234 eas
3332 1178 3557 1235 mundas
3585 1186 3644 1236 et

2056 1247 2271 1317 sanctas
2314 1240 2426 1297 Deo
2451 1242 2676 1317 reddere
2702 1240 2975 1317 valeamus
2999 1262 3030 1301 a
3057 1263 3163 1317 quo
3192 1257 3336 1304 tanta
3364 1250 3504 1304 bona
3547 1264 3641 1306 ac-

2055 1312 2296 1383 cepimus
2338 1327 2436 1383 pro
2482 1314 2579 1368 eis.
2608 1315 2798 1370 Mentis
2830 1312 3126 1373 sublevatio
3160 1330 3261 1383 est,
3305 1334 3424 1376 cum
3451 1320 3520 1375 de
3555 1321 3641 1375 vi-

2055 1381 2301 1461 sibilibus
2339 1381 2688 1461 'sublevamur
2724 1386 2792 1441 ad
2831 1387 3130 1461 invisibilia.
3160 1381 3380 1458 Quando
3409 1406 3641 1461 namque

2054 1453 2475 1528 consideramus,
2504 1455 2788 1511 humanam
2821 1453 3530 1528 dignitatemfadmiramur
3552 1453 3641 1517 di-

2053 1524 2360 1602 gnationem
2388 1526 2516 1602 Dei,
2543 1529 2632 1597 qui
2661 1537 2768 1583 tam
2799 1524 3109 1602 mirabiliter
3131 1526 3449 1586 rationalem
3478 1533 3642 1602 spiri-

2055 1603 2167 1671 tum
2202 1596 2621 1671 _ad_imag_inem
2678 1608 2731 1654 et
2776 1600 3175 1657 similitudinem
3223 1618 3371 1656 suam
3418 1596 3639 1659 creavit.

2053 1664 2246 1746 gentis
2270 1664 2520 1746 alienatio
2546 1668 2665 1736 est,
2696 1671 2909 1746 quando
2937 1687 3098 1746 mens
3117 1689 3277 1746 super
3310 1689 3374 1728 se
3415 1685 3639 1746 rapitur.

2052 1736 2139 1819 De_
2175 1737 2277 1820 hoe
2301 1739 2515 1820 .meutis
2544 1736 2826 1820 _excess_u,_
2867 1742 3027 1798 homo
3048 1736 3251 1820 doceri
3296 1761 3399 1820 neu
3434 1736 3638 1820 potest;

2051 1808 2175 1878 quia
2202 1807 2334 1862 nihil
2374 1809 2445 1864 ibi
2473 1810 2634 1866 habet
2660 1813 2764 1867 sui.
2793 1813 2869 1868 De
2897 1815 3092 1868 mentis
3120 1827 3298 1870 autem
3327 1807 3641 1872 dilatationo

2050 1888 2106 1934 et
2120 1879 2497 1955 _su_hlevatione
2540 1883 2731 1937 instrui
2756 1894 2960 1954 potest;
3000 1885 3122 1955 quia
3155 1886 3221 1939 ibi
3254 1887 3450 1954 aliquid
3482 1888 3641 1942 habet

2050 1950 2154 2025 sui.
2195 1949 2476 2025 Instruitur
2518 1962 2696 2009 autem
2739 1949 3034 2025 aliquando
3061 1957 3289 2010 humana
3339 1949 3637 2025 industria,

2050 2020 2333 2090 aliquando
2361 2022 2543 2097 divina
2572 2020 2896 2081 revelatioite
2944 2042 3037 2081 seu
3078 2028 3445 2097 inspiratione.
3491 2020 3640 2082 Non;

2050 2107 2319 2165 nunquam
2355 2109 2483 2149 vero
2513 2094 2566 2150 in
2594 2097 2807 2165 speculo
2835 2098 3013 2153 cordis
3038 2094 3233 2161 sui,'id
3260 2107 3363 2163 est,
3396 2100 3447 2152 in
3476 2099 3641 2153 ratio-

2049 2163 2374 2244 na|i_mente
2420 2180 2479 2220 se
2506 2163 2680 2244 ipsum
2719 2177 2774 2244 et
2804 2169 3253 2244 .Deum_inspicit.
3287 2169 3362 2244 ita
3411 2184 3642 2244 namque

2049 2233 2575 2309 conditumestcOr
2616 2237 2867 2304 hominis,
2901 2250 2956 2293 ut
2993 2239 3045 2293 in
3071 2233 3138 2294 eo
3166 2241 3316 2309 quasi
3344 2240 3397 2293 in
3440 2233 3641 2308 templo

2050 2303 2308 2379 Dominus
2336 2305 2654 2363 inhabitaret
2673 2349 2686 2369 ,
2715 2318 2769 2363 et
2798 2318 3047 2377 tanquam
3079 2311 3130 2363 in
3158 2303 3386 2379 quodam
3423 2303 3643 2378 speculo

2050 2390 2150 2448 suo
2176 2376 2476 2448 reluceret;
2502 2386 2562 2432 ut
2585 2380 2675 2448 qui
2700 2380 2752 2433 in
2780 2394 2839 2433 se
2863 2376 3026 2434 videri
3058 2395 3165 2434 non
3177 2376 3399 2448 poterat
3417 2420 3433 2445 ,
3455 2376 3518 2433 in
3545 2395 3643 2436 sua

2050 2446 2278 2520 imagine
2315 2447 2542 2503 visibilis
2577 2446 2879 2518 appareret.
2914 2449 3100 2519 Magna
3148 2446 3367 2520 prorsus
3412 2451 3642 2519 dignitas

2050 2516 2287 2591 hominis
2307 2528 2419 2583 est,
2455 2516 2667 2587 portare
2693 2520 2975 2591 imaginem
3004 2516 3117 2581 Dei.
3144 2516 3198 2575 et
3225 2522 3362 2575 illius
3392 2521 3443 2575 in
3470 2516 3531 2574 se
3556 2522 3643 2590 ju-

2047 2588 2183 2661 giter
2207 2589 2409 2644 vultum
2433 2591 2697 2660 aspicere,
2716 2588 2881 2661 atque
2906 2607 3030 2647 eum
3055 2607 3269 2661 semper
3293 2608 3387 2661 per
3398 2588 3643 2647 contem-

2050 2659 2336 2728 plationem
2355 2670 2669 2729 praesentem
2689 2659 2903 2718 habere.
2927 2663 3030 2717 Sed
3051 2659 3201 2732 postq
3211 2659 3327 2716 nam
3344 2663 3635 2718 delectatio

2048 2741 2431 2803 nemunostram
2455 2732 2505 2786 in
2542 2743 2741 2789 terram
2774 2733 3047 2803 peccando
3084 2736 3397 2803 sparsimus,
3438 2743 3639 2802 pet-catt

2049 2801 2222 2870 pulvis
2246 2803 2578 2872 superjcctus
2602 2812 2686 2858 est
2704 2801 2853 2858 cordi
2879 2813 3063 2859 nostro
3087 2801 3187 2858 :‘et
3213 2804 3333 2859 ideo
3358 2801 3540 2859 abillo
3562 2804 3641 2859 in-

2050 2880 2215 2927 terna
2259 2874 2727 2942 contemplationis
2770 2876 2986 2943 specqu
3032 2875 3051 2906 ί
3098 2884 3409 2931 corruentcs
3451 2876 3505 2929 in
3546 2875 3643 2933 has

2048 2943 2274 2998 miseras
2317 2946 2594 3013 pnesentis
2637 2945 2758 2999 vita:
2804 2947 3053 3002 tenebras
3104 2946 3350 3011 labimur,
3396 2947 3482 3001 ubi
3532 2946 3644 3002 Deo

2048 3013 2208 3083 digne
2234 3014 2540 3071 ministrare
2567 3031 2674 3070 non
2705 3016 2964 3082 valemus,
2993 3016 3117 3084 quia
3139 3018 3294 3071 sorde
3325 3016 3638 3085 iniquitatis,

2047 3085 2273 3167 caligine
2292 3086 2617 3167 ignorantia:
2642 3086 2896 3152 obvoluti,
2920 3087 3047 3157 quid
3072 3088 3338 3167 agendum
3362 3087 3642 3167 vel_vitan-

2047 3155 2177 3228 dum
2220 3155 2373 3211 nobis
2417 3157 2516 3223 sit,
2561 3173 2627 3212 ex
2661 3172 2853 3227 magna
2895 3155 3047 3228 parte
3083 3155 3194 3227 jam
3232 3172 3337 3212 non
3376 3158 3640 3213 videmus.

2048 3226 2342 3298 Tergamus
2370 3241 2498 3297 ergo
2523 3226 2799 3298 speculum
2842 3226 3095 3284 nostrum
3121 3229 3190 3284 ab
3215 3242 3399 3284 amore
3434 3228 3644 3284 vanita-

2049 3296 2136 3362 tis,
2158 3296 2222 3370 et
2262 3296 2331 3352 ab
2363 3296 2567 3370 amore'
2582 3299 2893 3369 iniquitatis,
2943 3300 2997 3354 id
3036 3307 3147 3366 est,
3198 3315 3229 3354 a
3273 3298 3492 3370 pulvere
3527 3308 3580 3356 et
3607 3314 3644 3356 ι

2048 3366 2246 3424 sorde:
2279 3377 2336 3423 ut
2363 3368 2421 3423 in
2447 3384 2514 3425 eo
2538 3366 2801 3441 inspicere
2824 3371 3099 3426 valeamus
3124 3379 3178 3425 et
3198 3366 3319 3437 nos,
3346 3380 3402 3427 et
3424 3371 3644 3427 Creato-

2000 3468 2003 3471 ν
2047 3453 2164 3494 rem
2188 3448 2466 3512 nostrum,
2493 3456 2651 3509 quem
2692 3441 2961 3511 peccando
3001 3451 3122 3512 post
3150 3450 3358 3512 tergum
3396 3451 3644 3499 nostrum

2047 3511 2344 3581 posuimus.
2388 3512 2580 3568 Aversi
2623 3512 2885 3583 siquidem
2924 3528 2956 3568 a
3004 3511 3115 3567 Deo
3156 3511 3376 3581 sumus;
3422 3520 3644 3583 peccata

2048 3590 2234 3638 nostra
2266 3590 2517 3655 separant
2547 3597 2647 3639 nos
2667 3583 2738 3641 ab
2761 3599 2849 3655 e9.
2879 3585 2948 3641 Et
2974 3583 3095 3639 ideo
3121 3598 3242 3639 cum
3268 3583 3526 3655 propheta
3555 3583 3641 3640 di-

2047 3665 2271 3709 camus:
2302 3653 2733 3727 gnarier-terras,
2780 3653 2937 3727 Deus
2965 3655 3223 3727 salutaris
3249 3653 3418 3711 uoster
3464 3653 3639 3727 (Psat.

2048 3738 2275 3797 cxxxiv,
2298 3724 2380 3796 5).
2403 3724 2460 3781 Si
2486 3725 2739 3783 mulieres
2761 3726 3039 3796 speculum
3063 3726 3240 3793 suum,
3273 3727 3329 3782 in
3349 3742 3456 3797 quo
3475 3724 3642 3784 facies

2048 3794 2367 3868 inspiciunt,
2409 3810 2531 3851 cum
2577 3794 2889 3864 amiserint,
2938 3797 3220 3867 diligenter
3266 3794 3535 3868 quaerunt.
3585 3804 3645 3855 et

2048 3865 2261 3949 curiose
2288 3875 2569 3949 tergunta
2588 3868 2818 3949 pul_vere_
2837 3875 2892 3949 et
2916 3865 3134 3949 a_surde
3164 3887 3177 3922 :
3208 3865 3379 3949 multo
3411 3868 3642 3949 ampliue

2047 3937 2323 4004 speculum
2362 3937 2631 3995 interioris
2676 3938 2908 3995 hominis
2942 3937 3199 3994 debemus
3237 3947 3292 3993 et
3319 3937 3560 3995 invenire
3585 3945 3646 3995 es

2049 4013 2256 4076 tergere
2280 4016 2334 4080 et
2363 4008 2667 4080 inspicere;
2694 4018 2753 4064 ut
2775 4009 2828 4064 in
2854 4024 2920 4065 eo
2950 4017 3113 4080 totam
3145 4009 3520 4080 turpitudinem
3545 4024 3645 4066 no-

2048 4085 2215 4133 stram
2245 4078 2516 4153 valeamus
2545 4079 2969 4153 deprehendere,
2992 4076 3141 4153 et
3166 4076 3260 4150 pei-
3282 4082 3642 4153 cognitionem

2048 4158 2284 4206 nostram
2315 4149 2381 4204 ad
2406 4151 2765 4220 cognitionem
2792 4151 2884 4206 Dei
2915 4149 3211 4220 pervenire.

2118 4220 2341 4277 CAPUT
2363 4220 2494 4276 Llll.
2520 4221 2599 4274 Ad
2624 4223 2853 4276 notitiam
2875 4223 2955 4277 sui
2999 4222 3098 4277 duo
3150 4223 3449 4278 necessaria.
3470 4222 3644 4280 Homo

2049 4289 2213 4360 pulvis
2243 4302 2287 4345 et
2316 4292 2461 4347 cinis.
2496 4290 2687 4347 Gratia:
2717 4292 2813 4348 Dei
2829 4301 3021 4361 quanta
3056 4292 3342 4349 debeamus.
3368 4292 3495 4350 Hatc
3509 4295 3646 4349 noti-

2048 4362 2120 4415 tia
2155 4362 2694 4437 paritultumilitatem,
2728 4365 3057 4431 charitatem,
3087 4373 3191 4419 etc.
3226 4365 3311 4437 (α)
3340 4366 3454 4437 Duo
3488 4365 3642 4422 nobis
3719 4418 3731 4427 .

2048 4433 2347 4507 necessaria
2382 4443 2601 4507 suntut
2637 4448 2736 4488 nos
2768 4448 3185 4507 cognoscamus,
3230 4433 3476 4507 videlicet
3511 4451 3642 4507 qua-

2048 4501 2127 4574 les
2150 4503 2318 4574 simus
2338 4502 2407 4557 ad
2426 4504 2646 4568 malum,
2668 4513 2725 4559 et
2741 4501 2925 4574 quales
2944 4504 3011 4560 ad
3036 4505 3256 4561 bonum.
3279 4506 3438 4562 Proni
3458 4501 3643 4564 sumus

2049 4572 2117 4627 ad
2142 4573 2364 4644 malum,
2393 4583 2447 4629 et
2472 4577 2521 4629 si
2548 4572 2913 4630 misericordia
2940 4575 3035 4633 Dei
3066 4592 3173 4632 non
3205 4586 3411 4633 teneret
3438 4592 3556 4644 nos,
3585 4578 3636 4633 in

2048 4643 2419 4717 omnevitium
2446 4659 2728 4717 possemus
2750 4645 2965 4716 cadere,
2992 4661 3093 4704 nec
3115 4647 3239 4703 inde
3264 4663 3502 4717 surgere,
3537 4646 3639 4703 nisr

2049 4713 2416 4789 misericordia
2443 4713 2540 4771 Dei
2576 4713 3014 4789 subsequeretur,
3044 4735 3163 4789 qua:
3190 4735 3286 4773 nos
3316 4713 3641 4789 sublevaret.

2051 4785 2164 4859 Hoc
2186 4784 2704 4859 benecognoscebat
2726 4784 2983 4859 propheta
3002 4784 3124 4845 cum
3144 4789 3371 4855 dicebat,
3402 4787 3639 4859 Domine,

2048 4856 2394 4932 misericordia
2418 4867 2508 4913 tua
2528 4867 2645 4932 ante
2669 4856 2849 4932 oculei
2867 4877 3003 4915 meos
3033 4859 3215 4932 (Prol.
3244 4875 3372 4926 xxv,
3399 4856 3642 4932 3),_qu:e

2046 4942 2136 4983 me
2153 4928 2441 5001 custodiat;
2456 4937 2529 4997 et,
2548 4928 2903 4985 Misericordia
2923 4941 3011 4985 tua
3029 4928 3358 5001 subsequatur
3368 4928 3637 5001 me'(Psal.

2047 5014 2193 5065 xxn,
2224 4997 2464 5070 6),,quas
2492 5016 2577 5057 me
2604 5001 2789 5070 erigat.
2821 5001 3041 5057 invalidi
3077 4997 3261 5056 sumus
3295 5000 3364 5055 ad
3402 4997 3599 5055 bonum
3619 5043 3637 5070 ,

2047 5085 2151 5127 nec
2174 5070 2288 5125 sine
2319 5069 2417 5125 Dei
2448 5072 2617 5141 gratia
2645 5069 2843 5126 bonum
2871 5072 3066 5138 facere,
3099 5071 3184 5127 vel
3213 5071 3265 5125 in
3295 5072 3474 5142 aliquo
3496 5069 3639 5129 bono
3674 5094 3681 5101 ο
3720 5082 3724 5087 ’

2049 5152 2395 5212 perseverare
2420 5156 2722 5212 possumus.
2750 5142 2893 5197 Istud
2918 5142 3077 5197 etiam
3104 5142 3391 5210 Apostolus
3415 5142 3637 5212 sciebat,

2046 5226 2168 5267 cum
2188 5211 2428 5284 dicebat,
2446 5211 2624 5266 Gratia
2647 5212 2747 5267 Dei
2765 5213 3112 5284 sttmid_quod
3131 5229 3280 5284 sum;
3303 5220 3357 5265 et
3381 5213 3502 5283 quia
3522 5211 3640 5284 gra-

2049 5284 2119 5338 tia
2143 5284 2252 5354 ejus
2276 5283 2426 5337 inme
2450 5300 2608 5337 vacua
2635 5300 2736 5339 non
2759 5285 2852 5354 fuit
2876 5283 2920 5353 (i
2941 5282 3058 5337 Cor.
3085 5299 3175 5348 xv,
3203 5281 3312 5353 10),
3335 5281 3500 5354 gratia
3523 5281 3640 5353 ejus

2048 5355 2101 5410 in
2132 5369 2218 5410 me
2248 5363 2447 5409 manet.
2477 5355 2625 5410 lianc
2659 5354 2924 5423 geminam
2952 5354 3309 5423 cognitionem
3340 5356 3420 5409 sui
3454 5354 3640 5412 habuit

2047 5425 2317 5482 Abraham
2352 5440 2472 5496 cum
2506 5422 2709 5496 diceret
2737 5422 2985 5496 :hLoquar
3020 5422 3089 5478 ad
3101 5422 3405 5496 Dominum
3436 5442 3636 5496 meum,

2047 5514 2163 5552 cum
2185 5498 2282 5552 sim
2311 5495 2473 5568 pulvis
2497 5506 2545 5550 et
2573 5495 2698 5568 cinis
2727 5493 2877 5568 (Gen.
2906 5510 3060 5561 xvnt,
3088 5494 3202 5567 27).
3235 5495 3438 5552 Revera
3469 5493 3639 5568 pulvis

2047 5577 2129 5650 est
2148 5568 2329 5650 homo.
2353 5566 2505 5650 Sicut
2523 5567 2665 5650 enim
2690 5567 2862 5636 pulvis
2881 5581 2947 5650 εξ
2968 5566 3303 5650 quacumque
3322 5566 3483 5650 Parte
3494 5569 3638 5626 venti

2046 5639 2354 5711 impellitur,
2377 5646 2432 5693 et
2452 5636 2509 5694 in
2527 5637 2684 5694 aliam
2705 5652 2887 5694 aream
2908 5636 3170 5710 dejicitur,
3194 5636 3249 5696 et
3269 5636 3341 5695 ibi
3363 5650 3635 5698 remanet:

2110 5799 2130 5860 t
2162 5792 2297 5860 Apud
2318 5799 2585 5855 nugonem,
2618 5792 2711 5860 illa
2727 5830 2781 5860 .._.
2796 5796 3009 5860 specula.

2049 5853 2334 5987 αἱφέξάθ
2365 5853 2484 5921 “8-
2515 5855 2731 5917 00N035-
2753 5853 2923 5927 libla,
2946 5878 3053 5932 cap.
3076 5868 3127 5932 7;
3150 5866 3264 5920 vide
3302 5870 3356 5916 et
3396 5859 3609 5915 munde
