4094 6342
511 381 611 440 831
1686 381 1687 385 “
1959 381 2321 443 ΔΡΡΕΝΒῙΧ.

3648 392 3791 451 853

508 510 647 575 mus,
674 492 1122 575 sinehiatigatione
1146 484 1496 575 laudabimus.
1525 493 1633 575 sed
1658 503 1715 553 et
1736 494 1803 552 ad
1824 484 1948 567 tunc
1972 488 2111 567 quis'
2198 500 2345 575 mino
2362 504 2460 554 suo
2488 497 2702 575 (Metili.
2730 515 2859 575 xxv,
2891 500 3008 571 2t).
3049 496 3350 575 Sciatergo
3372 517 3567 561 servus
3583 504 3783 565 Christi

508 566 771 635 idoneus?
792 565 1097 649 Sirie'dubio
1117 567 1205 636 qui
1228 566 1399 649 ﬁdelis
1425 567 1725 649 invenietur
1744 565 1904 643 super
1923 565 2107 637 pauca
2199 584 2291 649 vnas
2316 565 2785 649 'suum'possidere
2824 565 2903 649 in"
2925 565 3343 649 sanctiﬁcatione
3378 586 3435 631 et
3478 575 3682 649 honore
3717 582 3738 649 (
3765 581 3783 637 I

506 653 627 707 qua:
654 637 860 707 accepit
888 637 1097 719 militiae
1122 652 1234 692 sua:
1256 646 1532 719 tempore;
1565 638 1616 693 id
1641 647 1749 704 est,
1780 637 1941 711 super
1963 653 2091 693 sen-
2200 640 2377 719 Thess.
2402 646 2493 719 iv;
2511 637 2547 697 ξι
2570 643 2618 715 );
2650 643 2987 719 eigloriﬁeet
3014 654 3069 700 et
3088 655 3265 717 portet
3283 647 3448 719 Deum
3477 648 3530 703 in
3556 637 3786 719 corpore

505 722 641 792 sus..-
661 722 821 777 super
848 717 1106 792 a_ctus,et
1130 723 1293 792 super
1318 709 1585 792 appetitus
1611 724 1740 792 suos
1762 720 1785 792 ε’
1808 709 2090 792 quoss’us-
2196 722 2294 792 suo
2319 712 2363 781 (Ι
2394 711 2513 768 Cor.
2546 709 2627 779 vt,
2655 709 2795 785 20}:
2827 723 3061 773 sectetur
3088 709 3275 789 pacem
3308 715 3496 790 (Hebr.
3539 735 3635 788 xu,
3656 709 3781 792 14).

504 779 665 863 cepit
684 779 968 849 regendos,
992 788 1050 835 ut
1079 781 1132 834 in
1154 778 1237 834 his
1258 781 1513 850 probetur
1531 796 1689 863 quam
1707 778 1876 871 ﬁdelis
1895 780 1964 836 sit
1983 780 2107 863 Do-i
2196 778 2393 838 Amen.
2616 778 2621 779 ί
2729 778 2741 785 '
2896 806 2899 811 λ
3088 778 3109 789 -
3316 778 3329 790 ι
3621 778 3633 788 ,
3737 778 3775 792 ,κ
3800 814 3805 819 η

505 912 3770 945 mw

1430 1009 1473 1049 ⁹
1550 1010 1553 1013 ’
1816 1004 2481 1093 ADMONITIO
2558 1006 2561 1009 ’

1321 1167 1408 1232 ΙΝ
1446 1167 2073 1245 SUBSEQUENTEM
2110 1168 2415 1233 LIBRUM
2453 1169 2562 1233 DE
2589 1169 2982 1234 AMICITIA.

1966 1318 2337 1374 ηψπ

573 1428 898 1517 opusculum
925 1446 1008 1494 est
1033 1438 1246 1495 Aelredi
1270 1437 1665 1495 Rhievallensis
1694 1438 1748 1495 in
1794 1436 1986 1510 Anglia
2023 1437 2261 1504 Abbatis,
2294 1436 2489 1511 dialogi
2536 1436 2709 1493 forma
2734 1437 3126 1509 conscriptum,
3174 1447 3231 1495 et
3270 1446 3383 1496 tres
3420 1439 3476 1497 in
3502 1439 3671 1498 libros
3700 1442 3769 1499 ab

496 1532 615 1604 ipso
642 1535 937 1605 digestum;
978 1533 1120 1605 quod
1149 1534 1367 1605 quidem
1395 1533 1535 1589 inter
1567 1532 1670 1588 alia
1716 1533 1832 1603 ejus
1856 1546 2021 1603 opera
2050 1532 2199 1603 prelo
2222 1532 2364 1588 edita
2401 1532 2670 1588 sincerum
2697 1531 2979 1588 exhibetur
3016 1541 3072 1588 et
3107 1532 3372 1605 integrum
3391 1573 3409 1600 ,
3454 1533 3542 1591 hic
3566 1551 3694 1593 vero
3722 1538 3777 1594 in

495 1626 765 1699 epitomen
791 1636 1117 1682 contractum
1150 1634 1233 1703 est
1258 1626 1328 1682 ab
1374 1626 1590 1682 homine
1629 1626 1802 1681 otioso
1821 1668 1837 1693 ,
1877 1626 1968 1697 qui
1997 1639 2104 1681 non
2144 1625 2304 1680 modo
2349 1625 2529 1681 stilum
2559 1626 2794 1681 auctoris
2823 1640 2886 1681 ac
2914 1625 3222 1682 methodum
3254 1642 3361 1682 non
3385 1630 3652 1697 servavit,
3682 1631 3780 1687 sed

494 1718 613 1787 ejus
639 1735 850 1790 quoque
878 1718 1171 1774 ‘sententias
1209 1719 1433 1774 mutavit
1454 1718 1657 1789 passim
1680 1725 1734 1773 et
1759 1716 2286 1793 insignitervitiavit.
2315 1716 2446 1772 Nam
2476 1731 2540 1773 ea
2564 1717 2831 1772 interdum
2860 1732 2980 1787 qua:
3009 1717 3269 1774 Aelredus
3293 1734 3360 1774 ex
3384 1719 3783 1780 interlocutoris

493 1825 727 1885 persona
752 1810 1039 1881 quaerendo
1067 1794 1351 1881 proponit,
1380 1823 1505 1866 mox
1544 1824 1576 1864 a
1621 1823 1683 1865 se
1710 1792 1815 1864 vel.
1839 1792 2150 1879 explicanda
2198 1808 2284 1865 vel
2326 1796 2651 1877 refellenda;
2699 1807 3044 1880 proferuntur
3079 1809 3167 1865 hic
3213 1809 3484 1877 absolute,
3514 1822 3569 1868 et
3594 1822 3786 1871 contra

492 1904 658 1977 ipsius
684 1886 916 1959 mentem
946 1910 1285 1959 asseruntur.
1316 1901 1404 1958 Sic
1426 1944 1440 1968 ,
1474 1902 1707 1973 exempli
1735 1916 1893 1957 causa
1918 1942 1935 1968 ,
1978 1902 2031 1956 in
2059 1901 2163 1957 line
2189 1900 2378 1970 capitis
2406 1900 2605 1971 primi,
2646 1900 2790 1971 quod
2818 1901 2979 1957 citata
3003 1901 3162 1957 Tullii
3190 1903 3456 1958 sententia
3477 1904 3784 1975 subjicitur,

503 2013 524 2049 ‹
557 1994 688 2063 Quis
719 1996 840 2073 huic
865 1995 1053 2075 gentili
1081 1988 1277 2075 fortem
1298 1994 1575 2075 charitatis
1610 1993 1857 2051 allectum
1896 1993 2389 2075 benevolentiaeque
2409 2007 2631 2064 operum
2656 1994 2962 2065 expressit?
2995 2013 3015 2047 ι
3046 1994 3185 2064 apud
3212 1996 3498 2051 Aelredutn
3524 2012 3595 2053 eo
3620 2007 3784 2069 pacto

492 2091 722 2161 positum
748 2072 852 2156 est,
870 2064 939 2144 ut
966 2064 1517 2152 interlocutorwdieat,
1551 2105 1571 2140 ι
1602 2085 1887 2143 Charitatis
1913 2066 1996 2142 vel
2026 2068 2416 2141 benevolentiae
2450 2084 2666 2142 nomine
2693 2064 2821 2157 quid
2851 2085 3095 2142 ethnicus
3138 2087 3230 2143 ille
3258 2087 3561 2159 signiﬁcare
3591 2064 3784 2162 voluit,

496 2198 517 2234 ι
551 2195 659 2236 non
695 2179 885 2247 video;
920 2198 941 2233 ι
974 2187 1084 2234 tum
1124 2178 1387 2235 Aelredus
1426 2179 1541 2250 ipse
1575 2178 1931 2249 respondeat,
1981 2196 2001 2231 ι
2033 2178 2195 2234 Forte
2225 2179 2441 2233 nomine
2468 2177 2779 2245 charitatis,
2828 2180 3022 2236 mentis
3058 2180 3353 2248 allectum;
3396 2183 3789 2243 benevolentiae

494 2292 515 2326 ι
551 2256 701 2347 vero,
733 2273 911 2344 operis
938 2274 1200 2343 expressit
1226 2272 1494 2327 etl‘ectum.
1532 2290 1551 2324 ι
1588 2271 1657 2326 Ει
1676 2271 1728 2325 in
1753 2272 1929 2341 capite
1952 2279 2142 2342 quarto
2172 2270 2321 2338 illud,
2358 2289 2376 2323 ι
2404 2270 2507 2328 Sed
2530 2271 2681 2326 multi
2704 2270 2996 2328 abutuntur
3014 2274 3295 2344 sapientia,
3328 2294 3347 2327 ι
3381 2274 3518 2331 adeo
3545 2278 3787 2336 alienum

487 2370 573 2426 est
594 2358 661 2424 ab
681 2367 897 2424 Aelredi
926 2367 1191 2436 doctrina,
1226 2375 1282 2422 ut
1307 2368 1424 2437 ipse
1453 2372 1660 2431 contra,
1708 2364 1913 2419 nullum
1953 2364 2215 2436 sapientia
2256 2363 2436 2431 abuti,
2478 2363 2678 2420 diserte
2706 2379 2767 2421 ac
2794 2366 3050 2436 praeclare
3092 2367 3300 2437 probet.
3330 2367 3515 2423 Melius
3542 2369 3786 2428 Aelredo

488 2474 620 2517 usus
646 2467 732 2515 est
755 2459 923 2529 ipsius
950 2473 1117 2530 prope
1148 2458 1367 2530 aequalis
1392 2457 1583 2513 Petrus
1608 2457 1899 2523 Blesensis,
1931 2456 1986 2512 in
2011 2472 2112 2513 suo
2141 2456 2209 2512 de
2237 2456 2487 2513 Amicitia
2512 2456 2800 2514 christiana
2831 2468 3077 2528 tractatu,
3108 2461 3199 2531 qui
3225 2460 3548 2519 Cassiodoro
3569 2463 3785 2523 adscri-

488 2564 611 2626 ptus
636 2554 922 2626 aliquando
942 2554 1057 2611 fuit.
1090 2554 1146 2609 In
1178 2553 1320 2610 hunc
1344 2554 1431 2609 ille
1458 2561 1742 2609 tractatum
1770 2551 2042 2607 transtulit
2068 2567 2135 2607 ex
2163 2550 2376 2607 Aelredi
2404 2550 2552 2607 libris
2577 2567 2685 2607 non
2711 2568 2900 2624 pauca,
2929 2554 3091 2610 tacito
3111 2555 3325 2626 quidem
3351 2556 3517 2628 ipsius
3539 2558 3782 2631 nomine,

486 2649 585 2706 sed
614 2657 791 2705 tamen
822 2648 1089 2705 luculenta
1129 2648 1184 2704 in
1210 2648 1437 2718 Prologo
1471 2646 1836 2703 admonitione
1873 2645 2154 2700 consilium
2184 2644 2488 2716 factumque
2528 2660 2681 2701 suum
2713 2646 2981 2717 professus
3006 2646 3090 2703 his
3117 2649 3333 2704 verbis:
3369 2669 3389 2702 ι
3424 2650 3501 2707 De
3530 2651 3781 2723 diversis,

493 2760 513 2794 ι
549 2743 736 2813 inquit,
764 2743 1115 2813 scriptoribus
1140 2741 1293 2813 quasi
1326 2741 1487 2797 ﬂores
1512 2740 1807 2810 excipiens,
1834 2747 1894 2795 ut
1920 2737 2282 2795 melliﬁcarem
2310 2738 2441 2793 mihi
2460 2778 2477 2803 ,
2514 2740 2747 2810 plurium
2778 2751 2881 2796 tam
2905 2752 3166 2809 veterum,
3202 2760 3363 2815 quam
3392 2745 3780 2803 medernorum
3814 2726 3821 2737 ’

496 2852 515 2887 ι
548 2835 841 2890 sententias
862 2834 931 2892 de
959 2834 1192 2891 amicitia
1219 2843 1273 2890 et
1300 2834 1589 2890 dilectione
1616 2833 1711 2888 Dei
1733 2846 1796 2887 ac
1827 2831 2055 2902 proximi
2085 2832 2141 2887 in
2164 2848 2327 2887 unum
2355 2833 2748 2903 compendiosas
2782 2834 3025 2892 lectionis
3055 2838 3388 2893 involucrum
3418 2841 3710 2896 coarctavi.
3751 2859 3772 2894 ι

487 2926 671 2999 Neque
698 2928 907 2985 silentio
936 2928 1365 3001 praetereundum
1395 2937 1513 2997 est,
1540 2927 1717 2985 locum
1761 2942 1792 2981 a
1828 2926 1991 2982 Petro
2032 2925 2269 2983 Blesensi
2307 2926 2522 2981 laudato
2549 2927 2861 2983 nominatim
2891 2930 3187 3000 Augustino
3223 2932 3444 2987 citatum
3483 2933 3536 2988 in
3565 2948 3686 3006 cap.
3714 2934 3773 3003 8,

489 3035 598 3076 non
623 3019 1000 3092 subsequentis
1025 3022 1146 3078 libri
1174 3022 1243 3078 de
1284 3020 1531 3077 Amicitia
1550 3063 1566 3088 ,
1598 3021 1673 3075 uti
1698 3018 1768 3075 ad
1793 3034 1944 3075 oram
1970 3018 2090 3075 libri
2120 3019 2174 3075 in
2205 3018 2349 3079 Petri
2387 3018 2655 3076 Blesensis
2684 3029 2955 3092 postrema
2985 3022 3218 3081 editione
3242 3024 3385 3081 male
3410 3035 3646 3096 notatur,
3677 3027 3780 3086 sed

489 3129 611 3170 esse
644 3114 766 3170 libri
804 3116 981 3188 quarti
1004 3113 1433 3187 Confessionum,
1460 3129 1579 3185 cap.
1612 3113 1666 3168 8.
1690 3112 2029 3169 Contulimus
2053 3111 2259 3183 singula
2293 3112 2458 3168 verba
2492 3126 2615 3169 cum
2642 3114 2890 3185 genuinis
2913 3129 2979 3171 ac
3014 3116 3239 3174 sinceris
3268 3118 3486 3175 Aelredi
3512 3118 3688 3192 libris,
3713 3128 3776 3179 et

490 3207 577 3261 ubi
606 3207 804 3283 aliquid
833 3217 1093 3266 mutatum
1112 3214 1209 3265 aut
1229 3208 1597 3279 depravatum,
1621 3215 1879 3263 annotare
1905 3206 2215 3277 selegimus.

1520 3402 1527 3411 ί
1567 3430 1814 3581 DE
1863 3428 2684 3567 AMICITIA

1649 3635 2127 3783 LIBER
2184 3638 2388 3749 ΠΝ
2401 3641 2611 3749 US.

1904 3818 2380 3877 W

490 3340 3768 3370 ww

556 3932 781 3993 CAPUT
832 3932 1114 3991 PRIMUM.
1168 3931 1311 3989 Libri
1366 3933 1517 4005 hujus
1558 3931 1805 3990 scribendi
1854 3934 2075 3993 occasio.

485 4007 620 4063 Cum
648 4020 823 4061 essem
848 4006 1023 4060 adhuc
1052 4020 1179 4074 puer
1218 4006 1273 4060 in
1306 4005 1531 4071 scholis,
1562 4014 1618 4060 et
1644 4005 1912 4060 sociorum
1937 4021 2079 4062 meo-

487 4093 607 4135 rum
650 4092 736 4131 me
778 4077 948 4144 gratia
977 4075 1263 4144 plurimum
1302 4076 1612 4140 delectaret,
1654 4075 1791 4130 inter
1815 4090 1994 4131 mores
2024 4088 2080 4134 et

488 4149 615 4204 vitia
639 4147 831 4217 quibus
874 4146 965 4217 illa
995 4154 1126 4217 aetas
1153 4146 1439 4217 periclitari
1479 4146 1637 4217 solet,
1673 4155 1781 4200 tota
1826 4162 1887 4202 se
1924 4163 2079 4203 mens

489 4234 609 4274 mea
658 4215 806 4273 dedit
844 4215 1076 4279 aﬂ'ectui,
1127 4224 1181 4271 et
1221 4215 1435 4271 devovit
1475 4216 1645 4271 amori
1676 4233 1688 4269 :
1715 4218 1787 4271 ita
1834 4228 1892 4272 ut
1945 4217 2078 4274 nihil

489 4288 622 4345 mihi
668 4287 896 4353 dulcius,
947 4286 1082 4358 nihil
1124 4287 1431 4356 jucundius,
1482 4286 1615 4358 nihil
1664 4287 1864 4358 utilius,
1916 4304 2077 4358 quam

489 4359 659 4416 amari
679 4368 734 4416 et
758 4372 939 4414 amare
967 4356 1255 4429 videretur.
1288 4358 1468 4429 Itaque
1489 4356 1629 4429 inter
1653 4356 1893 4414 diversos
1923 4356 2077 4415 amo-

446 4480 449 4485 .
492 4448 579 4487 l‘t‘S
625 4441 679 4485 et
726 4429 985 4484 amicitias
1028 4427 1313 4494 ﬂuctuans,
1360 4427 1663 4498 rapiebatur
1712 4429 1924 4485 animus
1972 4430 2077 4489 huc

490 4512 651 4571 atque
698 4501 852 4563 illuc;
899 4508 955 4572 et
995 4514 1141 4572 verte
1167 4500 1610 4572 amicititelegem
1654 4500 1934 4572 ignorans,
1958 4501 2077 4572 ejus

490 4568 634 4643 stupe
668 4569 1017 4627 similitudine
1054 4568 1355 4643 fallebatur.
1380 4568 1622 4643 Tandem
1664 4568 1811 4626 venit
1847 4568 2077 4628 mihi'in

488 4640 680 4699 manus
717 4643 851 4697 liber
892 4656 1048 4712 quem
1079 4640 1146 4695 de
1181 4641 1423 4696 Amicitia
1470 4642 1672 4697 Tullius
1709 4643 1942 4713 scripsit,
1985 4643 2076 4713 qui

490 4659 680 4699 manus
717 4659 851 4697 uuer
892 4659 1048 4712 quem
1079 4659 1146 4695 ue
1181 4659 1423 4696 amicitia
1471 4659 1672 4697 'llllllllS
1709 4659 1942 4713 scrtpsn,
1985 4659 2076 4767 qui

490 4716 670 4769 statim
700 4712 830 4768 mihi
873 4722 925 4767 et
964 4712 1343 4768 sententiarum
1372 4714 1632 4783 gravitate
1678 4714 1839 4778 utilis,
1871 4723 1925 4769 et
1964 4728 1994 4767 e
2019 4730 2076 4766 ο-

528 4786 722 4840 υθῐιιίω
764 4784 1027 4839 suavitate
1053 4782 1221 4837 dulcis
1246 4782 1554 4853 apparebat.
1582 4784 1673 4853 ,Et
1711 4783 1833 4839 licet
1874 4800 1973 4838 nec
2007 4783 2075 4840 ad

528 4802 722 4840 uentta:
764 4802 1027 4839 suavuate
1053 4802 1221 4837 UUICIS
1246 4802 1554 4853 apparebat.
1607 4802 1673 4838 LI.
1711 4802 1833 4839 “CCI.
1874 4802 1973 4838 nec
2007 4802 2075 4840 aa

489 4802 618 4910 iilud
648 4853 895 4910 amicitia:
934 4868 1102 4926 genus
1143 4870 1228 4909 tne
1254 4854 1499 4926 videbam
1542 4852 1812 4926 idoneum.
1841 4855 2075 4926 gratula-

489 4926 586 4981 bar
628 4936 803 4982 tamen
848 4925 1132 4995 quamdam
1173 4924 1547 4996 meganiicitiaa
1589 4924 1870 4980 formulam
1914 4940 2075 4996 repe-

490 4998 645 5062 risse,
688 4996 754 5051 ad
782 4994 941 5066 quam
986 4996 1148 5066 animi
1187 4994 1321 5049 mei‘
1361 5005 1416 5050 et
1456 4994 1796 5066 allectionum
1838 4994 2075 5054 valerem

489 5082 746 5123 revocare
773 5063 1066 5123 discursus.
1106 5063 1237 5121 Cum
1278 5080 1405 5120 vero
1444 5067 1638 5135 placuit
1677 5065 1817 5120 bono
1849 5067 2074 5125 Domino

488 5155 610 5194 meo
640 5139 907 5209 corrigere
940 5138 1174 5203 devium,
1218 5137 1407 5192 elisum
1435 5137 1661 5204 erigere,
1704 5137 1903 5209 salubri
1946 5153 2075 5194 con-

491 5218 634 5265 tactu
672 5208 928 5264 mundare
964 5209 1250 5278 leprosum,
1281 5209 1464 5263 relicta
1502 5223 1605 5279 spe
1633 5208 1833 5279 saeculi,
1863 5209 2072 5279 ingres-

487 5295 579 5337 sus
608 5280 1133 5336 summonasterium
1161 5297 1171 5331 :
1205 5288 1259 5334 et
1296 5280 1473 5333 statim
1502 5278 1739 5348 legendis
1767 5278 1939 5333 sacris
1958 5280 2072 5335 Lit-

489 5354 617 5407 teris
667 5367 887 5422 operam
938 5351 1093 5416 dedi,
1147 5349 1234 5422 ubi
1276 5348 1586 5422 mellilluum
1636 5350 1830 5422 Christi
1878 5366 2072 5406 nomen

489 5419 811 5494 meutnsibi
853 5430 1019 5476 totum
1061 5421 1352 5494 vindicavit
1392 5421 1637 5476 allectum
1665 5419 1744 5494 (ii)
1772 5438 1784 5473 ε
1815 5422 1884 5494 ita
1928 5423 2073 5494 quod

493 5494 623 5548 nihil
649 5493 793 5547 aliud
823 5502 998 5562 potest
1025 5493 1153 5547 mihi
1183 5492 1423 5562 sapidum
1450 5507 1569 5546 esse
1598 5492 1682 5549 vel
1709 5492 1960 5547 lucidum;

557 5562 786 5620 CAPUT
829 5562 894 5619 ll.
944 5562 1087 5618 Inter
1123 5579 1248 5633 quos
1288 5563 1354 5619 sit
1394 5563 1620 5619 amicitia
1663 5580 1799 5619 vera.
1852 5563 2073 5620 Constat

551 5744 571 5807 ⁸
605 5742 741 5807 Apud
761 5740 1037 5802 Aelredum.
1060 5756 1280 5807 mum
1300 5756 1531 5807 morm

549 5804 756 5872 (a)__'ttuc
792 5818 950 5872 usque
971 5818 1034 5872 ex
1060 5806 1259 5872 prologo
1296 5806 1522 5871 aelrcdi;
1558 5804 1792 5870 deinceps
1828 5818 1985 5872 usque
2007 5805 2069 5857 ad

484 5867 669 5936 eam}.
700 5882 766 5923 ex
789 5867 947 5933 primo
964 5867 1074 5934 ejus
1092 5867 1234 5921 libro.

2181 3939 2335 4022 mihi,
2356 3939 2586 4022 Tullium
2613 3957 2755 4022 vera:
2778 3943 3321 4022 amicitiaiignorasse
3343 3948 3616 4022 virtutem,
3640 3966 3770 4011 cum

2181 4013 2647 4094 ejusprineipium
2688 4015 2957 4094 tinemque
2998 4013 3272 4094 Cliristum
3306 4021 3514 4094 penitus
3552 4013 3771 4094 ignora-

2180 4083 2361 4162 verit_:
2393 4083 2610 4162 quiest
2651 4086 2831 4162 alplia‘
2847 4083 3143 4162 c__t_omega,
3188 4083 3512 4162 Vltrin'cipiunt
3551 4083 3607 4149 ἑὶ
3651 4098 3773 4153 linis

2183 4154 2422 4225 omnium
2466 4154 2751 4211 bonorum.
2797 4156 2933 4225 Quid
2969 4154 3608 4221 est'ami'citiaTTullius
3649 4168 3765 4223 ait:

2181 4223 2416 4278 Amicitia
2444 4235 2516 4279 cst
2544 4244 2711 4281 rerum
2736 4223 3070 4285 humanarum
3098 4241 3143 4284 et
3168 4232 3451 4289 divinarum
3480 4253 3595 4290 cum
3626 4238 3772 4293 bene-

2179 4294 2396 4376 volentia
2413 4307 2467 4376 et
2492 4297 2737 4376 cbarimte
2760 4316 3047 4376 Comenses.
3072 4301 3201 4376 Quis
3224 4305 3346 4360 huic
3373 4308 3553 4376 gentili
3581 4310 3768 4366 fortem

2179 4364 2459 4450 charitaiis
2484 4366 2752 4437 aﬂ‘ectum,
2780 4364 3268 4450 benevolentiarque
3297 4364 3519 4450 operum
3541 4364 3766 4450 expres;

2181 4436 2286 4518 sit}
2310 4436 2414 4518 sed
2444 4436 2711 4518 ἤλιτες-γεω
2740 4436 2981 4518 amicitia
3021 4460 3127 4498 non
3159 4436 3475 4514 potest'esse
3505 4436 3645 4503 inte'r
3668 4466 3763 4506 eos

2179 4507 2283 4588 qui
2314 4507 2674 4588 sineUChristo
2700 4521 2857 4588 sunt.
2907 4513 2988 4569 Ab
3017 4507 3221 4588 amore,
3257 4525 3328 4588 iit
3368 4518 3502 4573 mihi
3533 4520 3765 4588 videtur,

2178 4578 2382 4672 amicus
2398 4580 2642 4672 dicitur:
2665 4582 2946 4672 abnam‘ico,
2968 4578 3221 4641 amicitia.
3252 4586 3349 4669 list
3371 4604 3525 4672 amor
3547 4578 3765 4672 quidam

2177 4650 2372 4730 animae
2395 4652 2672 4730 rationalis
2700 4650 3064 4730 all'ectus,_per
3082 4672 3243 4730 quem
3273 4658 3385 4728 ipsa
3419 4650 3620 4730 aliquid
3642 4677 3763 4718 cum

2178 4719 2444 4802 desiderio
2469 4723 2657 4793 quierit
2700 4733 2754 4779 et
2791 4719 2992 4802 appetit
3031 4719 3404 4802 adifrueudum
3432 4749 3444 4783 :
3476 4719 3569 4800 pér
3606 4749 3766 4802 quem

2178 4799 2244 4871 et_
2260 4791 2451 4848 fruitur
2478 4791 2544 4848 eo
2569 4809 2689 4849 cum
2712 4791 2939 4871 quadam
2966 4800 3223 4871 suavitate
3263 4791 3522 4863 interiori,
3553 4791 3766 4871 aniple-

2178 4863 2344 4944 ctitur_
2387 4871 2441 4918 et
2472 4863 2788 4944 _e_on_servat_
2822 4867 3315 4944 adeptum.__Porro
3364 4874 3569 4928 amicus
3608 4863 3763 4944 quasi

2177 4936 2376 5005 amoris
2403 4934 2487 4990 vel
2514 4935 2866 5013 ipsius_animi
2888 4934 3067 5013 custos
3088 4940 3280 5013 dicitur
3303 4960 3318 4997 :
3345 4945 3598 5013 quoniam
3627 4934 3758 5000 ami-

2177 5017 2298 5086 cum
2323 5021 2501 5061 meum
2532 5007 2729 5086 amoris
2757 5010 2946 5074 mutui,
2967 5012 3059 5086 vel
3080 5011 3252 5086 ipsius
3272 5007 3433 5069 animi
3465 5017 3569 5086 mei
3600 5030 3763 5086 opor-

2180 5084 2256 5151 tet
2277 5092 2398 5132 esse
2425 5077 2811 5151 custod_em,ut
2834 5082 3013 5151 omnia
3040 5077 3157 5151 ejus
3185 5098 3390 5140 secreta
3423 5085 3569 5141 ﬁdeli
3596 5077 3762 5142 si'len.

2180 5146 2253 5227 tio
2281 5158 2491 5208 servet;
2524 5148 2787 5227 quidquid
2833 5150 2885 5227 in
2930 5146 3275 5227 eo_vitiosuni
3311 5155 3521 5222 viderit,
3561 5173 3661 5227 pro
3691 5159 3762 5214 vi-

2176 5216 2326 5299 ribus
2344 5216 2616 5299 caveat'et
2634 5216 2832 5299 deleat
2850 5222 2902 5282 ¹;
2930 5224 3016 5278 cui
3046 5234 3100 5299 et
3131 5226 3380 5294 gaudenti
3410 5216 3766 5299 congaudeat.

2178 5297 2231 5343 et
2271 5288 2473 5370 dolenti
2498 5290 2811 5371 condoleat,
2838 5296 3097 5371 et_omt_tia
3123 5288 3218 5371 sua
3246 5288 3601 5364 consentiant,
3633 5288 3764 5371 quii

2180 5360 2511 5440 amicinsunt
2530 5400 2544 5414 .
2573 5362 2815 5440 A__t_nicitia
2836 5364 3145 5440 _igi_tur_ipsa
3170 5368 3341 5424 virtus
3370 5380 3472 5438 est,
3503 5360 3769 5440 quasialia

2177 5428 2470 5512 dulcedinis
2483 5448 2553 5512 ac
2579 5428 2889 5512 dilectionis
2909 5428 3115 5512 findere
3138 5439 3239 5512 ipsi
3262 5442 3435 5497 amico
3453 5428 3758 5512 copulatur,

2180 5511 2235 5557 ut
2274 5517 2437 5558 unum
2477 5504 2567 5560 liat
2619 5504 2686 5561 de
2730 5505 3027 5577 pluribus'.
3074 5504 3224 5566 Unde
3262 5513 3434 5585 ipsam
3476 5504 3768 5571 amicitiam

2239 5615 2259 5648 ί
2293 5615 2425 5678 Apud
2447 5615 2722 5677 Aelrecum,
2745 5623 2882 5669 curet
2904 5624 2951 5671 et
2968 5619 3153 5673 toleret.

2239 5679 2260 5752 ἶ
2291 5680 2422 5752 ᾼνυίὲ
2444 5679 2722 5752 “Pedum
2761 5687 2809 5731 ει
3034 5697 3123 5752 sui!
3469 5701 3598 5752 qua

2176 5741 2716 5867 maiestate
2733 5756 2830 5797 θνα
2850 5758 2946 5809 ’να
2963 5758 3113 5801 πη
3135 5748 3480 5814 Wm‘
3499 5751 3770 5819 ‘W
