4094 6342
332 320 443 382 835

332 458 440 503 non
465 443 606 529 inter
632 441 847 529 fortuita
878 443 962 529 vel
992 443 1330 529 caduca-sed
1360 444 1665 529 interipsas
1689 446 1914 529 virtutes

331 532 452 601 quae
476 525 691 601 aeterna:
712 525 857 601 sunt,
885 517 1041 601 otiam
1072 515 1257 601 mundi
1282 515 1441 601 hujus
1456 515 1768 601 philosophi
1794 518 1914 601 col-

329 586 593 645 locarunt.
634 585 783 643 Unde
824 586 1078 643 Salomon
1120 589 1172 643 in
1217 585 1540 653 Proverbiis,
1587 585 1741 645 οηιήε
1785 599 1915 645 tem-

330 675 455 743 pore
480 658 648 729 diligit
670 657 759 729 qui
780 659 973 743 anticus
1000 666 1070 713 est
1098 655 1279 743 (Prov.
1308 657 1564 743 xvn,nl.7)
1590 677 1613 743 εΔ
1631 661 1915 743 manifeste

330 729 609 785 declarans
634 745 754 785 eam
778 738 1053 796 aeternam,
1080 729 1126 786 si
1155 744 1279 786 vera
1317 739 1417 786 est.
1448 730 1503 787 Si
1529 729 1709 788 autem
1740 731 1916 790 desie-

328 801 419 887 rit,
453 816 722 885 nunquam
761 814 885 858 vera
906 799 1030 887 .fu‘it.
1062 800 1175 887 μου
1201 802 1324 857 volo
1357 810 1410 858 te
1451 805 1610 886 scire,
1641 818 1914 887 nunquam

328 870 494 951 fuisse
531 870 782 951 amicum,
831 873 921 942 qui
963 870 1102 927 ltesit
1146 888 1267 928 eum
1314 889 1475 951 quem
1524 873 1580 929 iu
1624 870 1914 951 amicitiam

329 943 496 1016 semel
523 943 764 1016 recepit:
792 958 891 998 nec
910 959 1035 1016 eum
1070 959 1211 1016 verae
1240 943 1487 1000 amicitia:
1510 952 1750 1016 gustasse
1776 946 1914 1003 dell-

326 1014 462 1086 gias,
491 1015 580 1084 qui
603 1015 686 1070 vel
709 1014 871 1070 ltesus
892 1014 1050 1086 desiit
1073 1014 1293 1086 diligere
1313 1031 1471 1086 quem
1499 1014 1667 1072 semel
1688 1018 1909 1075 amavit.

324 1082 434 1172 Sed
461 1080 805 1172 si'arguatur,
850 1086 894 1140 si
928 1080 1452 1172 t'radatur'flaminis,
1477 1088 1522 1144 si
1550 1087 1909 1172 cruciafliga-

326 1163 434 1228 tur,
469 1156 614 1210 omni
644 1163 884 1228 tempore
922 1156 1091 1227 diligit
1130 1158 1217 1228 qui
1245 1158 1447 1214 amicus
1471 1168 1573 1215 cst.
1602 1158 1755 1216 Unde
1784 1156 1915 1218 dicit

328 1225 685 1302 Hieronymus
708 1244 722 1280 :
749 1225 984 1302 Amicitia
1011 1225 1399 1302 qum—desinere
1436 1239 1616 1301 potest,
1657 1248 1915 1302 nunquam

327 1313 445 1351 vera
497 1299 627 1368 fuit,
697 1314 811 1351 cum
872 1298 1105 1353 amicitia:
1162 1300 1393 1355 deberent
1437 1298 1558 1357 esse
1604 1298 1914 1359 immortales

327 1367 517 1441 (Epist.
540 1369 637 1441 Μ,
660 1368 728 1421 ad
752 1368 987 1440 Rulﬁu.).
1018 1370 1148 1425 Cum
1181 1380 1321 1426 tanta
1357 1372 1425 1426 sit
1449 1372 1501 1426 in
1527 1373 1757 1428 amicitia
1788 1390 1913 1431 vera

325 1438 623 1516 perfectio,
643 1455 746 1493 non
773 1438 856 1516 est
894 1438 1087 1516 mirum
1116 1442 1257 1512 quod
1301 1443 1420 1516 r_ari_
1446 1442 1642 1516 fuerint
1672 1444 1749 1506 hi,
1777 1459 1911 1516 quos

324 1525 483 1581 veros
520 1510 721 1567 amicos
752 1511 1037 1579 antiquitas
1052 1510 1467 1569 commendavit.
1499 1532 1517 1565 ι
1539 1511 1636 1569 Via:
1674 1510 1826 1581 enini,
1855 1526 1913 1571 ut

324 1582 393 1633 ait
424 1580 639 1655 Tullius,
672 1583 768 1634 tria
791 1581 870 1655 vel
893 1593 1109 1655 quatuor:
1128 1586 1405 1655 amicorum
1435 1586 1581 1655 paria
1605 1586 1657 1655 in
1685 1595 1757 1639 tot
1779 1580 1911 1643 retro

324 1652 523 1706 saeculis
544 1657 685 1730 fama
699 1653 1008 1730 concelebrat
1024 1674 1041 1730 ξ
1056 1652 1272 1730 (Libas
1294 1652 1455 1708 Amic.
1484 1654 1656 1728 n.15).
1684 1656 1911 1730 «Magna

323 1738 403 1799 ges
430 1732 521 1799 _est,
546 1723 626 1799 ait
649 1723 874 1792 quidam,
902 1723 1124 1799 etaiam
1141 1726 1157 1756 ί
1185 1726 1292 1799 ipse
1313 1735 1519 1799 conatus
1540 1723 1751 1799 magnus
1776 1723 1904 1787 est.»

324 1792 477 1867 Unde
516 1793 765 1867 virtuosa:
804 1795 996 1850 mentis
1024 1792 1387 1852 est.sublimia
1430 1792 1644 1867 semper
1669 1807 1722 1854 et
1746 1799 1910 1859 ardua

323 1864 588 1930 meditari,
620 1875 679 1919 ut
703 1865 1027 1942 adipiscatur
1051 1875 1251 1937 optata,
1278 1868 1362 1924 vel
1395 1864 1911 1942 lucidius_iutelligat

322 1943 377 1990 et
406 1946 694 2009 cognoscat
719 1936 947 2009 optanda
974 1954 986 1992 :
1019 1936 1138 1993 cum
1168 1954 1273 1994 non
1302 1954 1488 2009 parum
1511 1936 1910 1998 credendus'sit

319 2006 637 2091 profecisse,
673 2006 771 2091 qui;
791 2008 1000 2091 virtutis
1025 2006 1536 2091 cognitionéndidicit
1564 2014 1909 2091 quam_lo_nge

320 2077 447 2135 sita
482 2077 704 2152 virtute:
715 2078 914 2152 Nonne
948 2078 1175 2152 Pylades
1222 2091 1277 2137 et
1317 2081 1536 2138 Orestes
1564 2077 1751 2152 parati
1794 2077 1910 2140 fue-

320 2160 446 2222 ruut
470 2164 580 2222 _pro
620 2151 846 2222 invicem
893 2151 1061 2222 mori?
1098 2152 1202 2207 Sed
1243 2152 1436 2222 majori
1466 2151 1677 2208 virtutis
1722 2170 1906 2213 amore

320 2220 595 2290 pollebant
635 2221 703 2277 de
742 2221 932 2292 quibus
961 2221 1153 2291 legitur
1182 2240 1195 2277 :
1226 2220 1569 2278 Multitudinis
1598 2225 1908 2282 credentium

320 2301 426 2345 erat
459 2308 546 2346 cor
574 2308 751 2367 unum,
798 2292 1053 2367 et__anima
1075 2310 1189 2367 _una
1217 2292 1352 2367 (Act.
1382 2311 1454 2360 tv,
1496 2294 1609 2366 32).
1642 2296 1711 2351 Et
1736 2297 1907 2353 sancti

318 2363 978 2437 martyrcsprofratribus
1002 2363 1543 2437 animas'posuerunt,
1569 2363 1683 2437 non
1710 2383 1903 2437 peper-

316 2442 513 2488 cerunt
537 2435 825 2501 laboribus,
872 2449 978 2506 non
1005 2435 1246 2506 corporis
1277 2436 1618 2493 cruciatibus.
1666 2435 1906 2494 sed—mi-

317 2518 440 2558 rum
480 2515 709 2578 nonest
753 2504 1113 2578 quodmulto'
1153 2506 1334 2576 plures
1378 2509 1583 2578 gremio
1628 2509 1906 2566 charitatis

317 2589 478 2645 quam
506 2575 751 2632 amicitia:
780 2576 1110 2645 amplexibus
1149 2575 1489 2646 recipiendos
1527 2579 1703 2634 divina
1729 2582 1908 2636 sanxit

317 2647 629 2719 auctoritas,
661 2663 779 2719 qua:
819 2663 928 2702 non
953 2649 1122 2704 solum
1154 2650 1374 2719 amicos,
1404 2649 1497 2705 sed
1533 2652 1695 2706 etiam
1728 2651 1908 2707 inimi-

318 2731 411 2772 cos
438 2717 713 2794 citat-italis
740 2719 855 2794 lege
881 2720 1251 2794 complectitur
1277 2718 1491 2789 (Matth.
1524 2737 1579 2786 v,
1610 2720 1724 2794 44).
1756 2722 1907 2794 Ami-

317 2802 410 2862 cos
427 2791 580 2862 solos
596 2790 730 2862 illos
755 2789 1017 2857 dicimus,
1040 2791 1233 2861 quibus
1256 2806 1351 2845 cor
1378 2801 1640 2859 nostrum,
1671 2789 1725 2847 et
1752 2792 1906 2862 quid-

317 2859 444 2930 quid
493 2861 546 2915 in
592 2860 684 2916 illo
726 2869 826 2925 est,
875 2859 1210 2918 committere
1243 2878 1347 2916 non
1387 2859 1905 2929 formidamus—illis

320 2931 569 3005 vicissim
591 2933 745 2987 nobis
769 2931 956 2988 eadem
984 2932 1105 3005 fidei
1138 2933 1254 3005 lege
1281 2942 1335 2989 et
1361 2935 1646 2990 securitate
1671 2936 1906 2990 constri-

314 3003 436 3058 ctis.
481 3002 639 3058 Falso
679 3018 825 3073 ergo
853 3004 1166 3075 praeclarum
1198 3002 1410 3059 'nomen
1451 3005 1699 3061 amicitia:
1749 3020 1906 3062 assu-

316 3084 487 3147 munt,
518 3075 657 3130 inter
684 3089 817 3145 quos
837 3083 919 3147 est
943 3076 1315 3147 convenientia
1334 3076 1584 3130 vitiorum
1612 3095 1625 3131 :
1652 3077 1905 3147 quoniam

315 3146 404 3214 qui
435 3160 541 3199 non
566 3155 733 3206 amat,
767 3146 970 3199 amicus
1000 3161 1105 3200 non
1141 3155 1242 3200 est.
1274 3146 1386 3200 Non
1428 3156 1604 3201 autem
1632 3146 1776 3201 amat
1802 3146 1906 3203 ho-

315 3216 541 3283 minem,
572 3216 661 3287 qui
706 3215 878 3286 diligit
924 3216 1254 3287 iniquitatem
1284 3235 1297 3270 :
1327 3226 1381 3273 et
1425 3216 1510 3271 hic
1535 3217 1648 3273 odit
1674 3219 1906 3275 animam

314 3300 489 3352 suam,
536 3286 593 3342 et
628 3287 849 3358 alterius
878 3286 1060 3342 amare
1111 3304 1213 3343 non
1259 3288 1474 3358 poterit.
1518 3286 1649 3344 Cum
1682 3305 1810 3345 vero
1850 3289 1906 3345 iu

314 3358 408 3412 tali
436 3357 692 3424 amicitia,
722 3373 882 3428 quam
905 3360 990 3413 vel
1024 3358 1189 3415 libido
1210 3357 1584 3425 cOmmaculat,
1613 3360 1699 3414 vel
1726 3362 1905 3415 avari-

314 3428 385 3501 tia
432 3428 618 3501 ftedat,
668 3430 751 3501 vel
784 3429 1010 3485 incestat
1050 3429 1278 3495 luxuria,
1302 3438 1447 3485 tanta
1488 3430 1704 3501 ettalis
1744 3445 1908 3501 expe-

314 3500 484 3572 riatur
508 3499 764 3572 dulcedo;
806 3501 935 3556 libet
965 3501 1233 3572 conjicere
1260 3510 1515 3572 quantum
1557 3500 1751 3557 habeat
1784 3499 1908 3557 sua-

314 3571 496 3642 vitatis
536 3570 623 3625 illa
648 3612 664 3636 ,
707 3587 827 3641 qua:
874 3570 1077 3642 quanto
1108 3570 1382 3627 honestior
1408 3580 1512 3640 est,
1544 3580 1692 3627 tanto
1719 3580 1804 3628 est
1851 3582 1908 3628 et

314 3641 604 3715 securior;
637 3651 858 3715 quanto_
886 3641 1117 3715 castior;
1146 3650 1296 3699 tanto
1339 3643 1659 3714 jucundior;
1706 3652 1909 3715 quanto

315 3711 551 3777 liberior,
579 3711 728 3766 tanto
753 3723 807 3768 et
833 3712 1058 3768 felicior.

386 3782 613 3858 CAPUT
640 3781 726 3838 lll.
758 3782 995 3858 Amicitia
1012 3784 1482 3858 triplexmarnalis,
1503 3785 1915 3858 mundialisﬁpt':

314 3854 515 3926 rimatis
534 3862 579 3907 et
603 3867 740 3909 vera.
764 3855 1007 3910 Amicitia
1023 3854 1206 3926 itaque
1230 3856 1332 3912 alia
1348 3858 1593 3924 carnalis,
1626 3856 1728 3911 alia
1754 3854 1911 3913 mun-

315 3925 491 3991 dialis,
522 3926 624 3980 alia
666 3926 974 3996 spiritualis.
1001 3925 1282 3982 Carnalem
1309 3938 1456 3983 creat
1505 3929 1754 3982 vitiorum
1782 3943 1913 3985 con-

316 4010 505 4052 sensus
526 4038 541 4063 ,
557 3997 881 4052 mundialem
899 4012 1022 4067 Spes
1041 4007 1276 4067 qumstus
1292 3999 1561 4053 accendit:
1579 3999 1908 4066 Spiritualcm

316 4067 457 4138 inter
472 4067 639 4123 bonos
653 4070 797 4132 vitm,
813 4084 1042 4133 morum,
1057 4068 1461 4138 studiorumque
1478 4068 1768 4124 similitudo
1781 4086 1912 4126 con-

316 4137 565 4209 glutinat.
612 4138 906 4195 Exordium
948 4140 1175 4194 carnalis
1219 4136 1466 4195 amicitiae
1516 4140 1584 4195 ab
1624 4136 1907 4198 affectione

315 4210 591 4279 procedit,
616 4224 735 4280 qua:
764 4211 930 4267 instar
954 4210 1254 4266 meretricis
1290 4211 1549 4267 divaricat
1587 4212 1749 4281 pedes
1777 4226 1907 4269 suos

315 4280 462 4354 omni
490 4282 822 4354 transeunti,
872 4295 1102 4353 sequens
1143 4291 1398 4354 auresuet
1434 4280 1619 4338 oculos
1658 4297 1785 4337 suos
1808 4299 1911 4354 per

314 4352 461 4405 varia
484 4350 805 4424 fornicantes
830 4370 843 4406 :
875 4350 970 4423 per
995 4368 1217 4423 quorum
1247 4352 1422 4408 aditus
1447 4368 1613 4424 usque
1642 4354 1709 4409 ad
1736 4350 1909 4424 ipsam

316 4437 438 4477 men
446 4433 550 4477 tem

318 4506 497 4567 sarum
527 4493 750 4548 infertur
791 4495 986 4567 imago,
1028 4495 1220 4565 quibus
1262 4494 1329 4550 ad
1358 4494 1563 4551 libitum
1592 4494 1716 4561 frui,
1746 4493 1901 4567 putat

317 4577 439 4619 esse
478 4564 728 4628 beatum;
762 4565 857 4621 sed
891 4564 1006 4619 sine
1043 4564 1211 4632 socio,
1259 4567 1435 4621 minus
1475 4564 1909 4624 existimat'esse

313 4633 629 4708 jucundum.
662 4635 817 4708 Tunc
858 4647 1026 4703 motu,
1058 4645 1215 4703 nutu,
1243 4636 1443 4701 verbis,
1475 4637 1747 4708 obsequiis
1791 4639 1908 4692 ani-

315 4720 437 4778 mus
485 4706 553 4760 ab
602 4707 780 4761 animo
834 4708 1168 4778 captivatur;
1212 4715 1264 4762 et
1312 4706 1799 4778 accenditur'unus
1838 4708 1909 4764 ab

317 4776 507 4842 altero,
543 4786 596 4831 et
624 4776 1120 4833 conterminantur'
1153 4777 1207 4831 in
1237 4790 1419 4841 unum,
1452 4778 1679 4833 ut'inito
1702 4777 1908 4836 foedere

268 4854 274 4869 ‘
318 4847 631 4919 miserabili,
665 4848 919 4919 quidquid
948 4849 1187 4914 sceleris,
1220 4848 1477 4918 quidquid
1508 4849 1770 4919 sacrilegii
1800 4858 1903 4918 est,

316 4918 598 4990 alteragat
626 4918 689 4973 et
705 4918 936 4989 patiatur
959 4935 1057 4990 pro
1083 4920 1254 4975 altero
1283 4937 1295 4972 :
1324 4920 1560 4990 nihilque
1586 4918 1685 4973 hac
1708 4918 1902 4976 amici-

316 4990 391 5061 tia
404 4989 643 5061 dulcius
695 4989 1038 5055 arbitrantur,
1087 4992 1174 5046 vel
1209 4990 1453 5060 judicant
1481 4989 1711 5061 ’justius,
1761 4991 1905 5049 idem

316 5059 453 5133 velle
478 5070 533 5116 et
558 5060 697 5133 idem
725 5061 875 5133 nolle
894 5063 994 5116 sibi
1020 5059 1388 5133 existimantes
1427 5059 1676 5118 amicitiae
1700 5061 1905 5133 legibus

316 5128 588 5203 imperari.
606 5132 749 5203 Haec
774 5132 1010 5203 amicitia
1047 5148 1148 5188 nec
1174 5132 1562 5189 deliberatione
1590 5128 1900 5203 suscipitur,

315 5215 413 5255 nec
453 5201 654 5271 judicio
699 5202 976 5272 probatur,
1025 5217 1124 5258 nec
1159 5204 1359 5272 regitur
1396 5205 1638 5270 ratione;
1675 5201 1770 5260 sed
1808 5218 1903 5261 se-

313 5272 547 5328 cundum
577 5273 849 5346 impetum
894 5274 1190 5346 affectionis
1233 5288 1329 5345 per
1372 5274 1580 5330 diversa
1619 5283 1900 5346 raptatur:

313 5357 421 5398 non
466 5338 688 5415 moduni
731 5359 970 5407 servans,
1018 5338 1393 5400 no‘n‘bo’nesta
1436 5338 1751 5415 procurans,
1793 5362 1904 5403 non
1948 5380 1953 5385 -

313 5414 595 5487 commoda
637 5415 1040 5471 incommodave
1066 5414 1449 5487 fprospiciens;’
1478 5416 1571 5487 sed
1618 5417 1684 5471 ad
1720 5418 1902 5473 omnia

313 5482 731 5559 inconsiderate,
757 5482 1279 5559 indiscrete,"levit'er
1304 5486 1756 5559 immoderateque
1774 5503 1903 5558 pro-

313 5555 583 5628 grediens.
630 5557 833 5616 idcirco
875 5558 1067 5630 quibus
1112 5559 1307 5629 agitata
1350 5557 1503 5615 furiis
1545 5570 1577 5612 a
1614 5555 1903 5633 semetipsa

370 5780 394 5878 :
425 5780 1193 5910 issam
1213 5782 1284 5832 απ
1302 5777 1524 5846 σπη’
1545 5786 1711 5836 m

1613 322 1821 407 manu
1857 322 1949 409 ou
1984 323 2306 384 AMlClTlA.

629 4422 931 4496 ulchrorum
972 4422 1260 4496 corporum
1288 4425 1371 4496 vel
1400 4422 1923 4496 irem—mvoluptuo;

2024 447 2387 531 consumitur,
2407 448 2593 506 eadem
2624 449 2841 531 levitate
2868 454 3171 521 resolvitur,
3209 474 3313 531 qua
3338 467 3613 523 contrahi-

2024 526 2131 574 tur.
2178 519 2422 596 Amicitia
2476 521 2779 596 mundialis,
2821 540 2947 596 quae
2992 519 3172 583 rerum
3214 519 3296 587 vel
3351 519 3610 596 bonorum

2025 590 2397 677 temporalium
2442 593 2692 677 cupidine
2724 590 3038 677 partus-itur,
3086 613 3297 672 semper
3322 614 3410 660 'est
3442 590 3612 677 plena

2021 660 2221 717 fraudis
2251 672 2411 739 atque
2440 662 2696 730 fallaciae;
2725 660 2862 723 nihil
2888 668 2939 723 in
2965 660 3032 724 ea
3062 660 3291 739 certu'm,
3321 660 3612 737 nihilroon:

2020 742 2193 818 stans,
2237 733 2368 818 nihil
2397 749 2645 818 securum
2674 755 2687 789 :
2720 753 2935 818 semper
2972 756 3094 818 cum
3118 733 3610 818 fortunagmuta—tur,

2020 812 2077 859 et
2115 805 2360 876 sequitur
2403 808 2748 876 marsupium.
2803 805 2955 865 Unde
3008 811 3260 868 Salomon
3306 815 3477 872 dicit:
3511 805 3606 876 Esi

2020 875 2512 961 anticus‘secttndu'm
2536 875 2831 961 tempushet
2851 885 3281 961 nonpermanebit
3308 887 3361 941 in
3390 875 3614 961 tempore

2022 945 2360 1029 tribulationis
2446 947 2606 1003 Eccli.
2639 945 2829 1029 ’vt_,'8).
2858 945 3028 1029 _'_I‘olle
3066 970 3216 1029 spem
3250 945 3510 1029 quastus,
3533 945 3614 1018 et

2020 1017 2201 1073 statim
2220 1017 2430 1075 desinet
2457 1034 2575 1076 esse
2599 1017 2824 1078 amicus.
2858 1023 3013 1081 Unde
3031 1017 3248 1096 quidam
3267 1017 3290 1083 Ξ

2142 1138 2349 1213 Non
2359 1147 2611 1213 personae,
2639 1136 2730 1213 sed
2752 1140 3087 1213 prosperitatis
3109 1142 3296 1213 amicus

2204 1202 2355 1256 Quem
2378 1197 2567 1249 fortuna
2588 1206 2731 1251 tenet
2749 1197 2933 1263 dulcis,
2959 1203 3135 1253 acerba
3157 1203 3314 1269 fugat.

2090 1302 2338 1379 Amicitia
2386 1305 2705 1379 spiritualis,
2757 1324 2915 1379 quam
2963 1324 3149 1366 veram
3198 1310 3449 1379 dicimus,
3502 1329 3608 1371 non

2080 1324 2338 1387 ἰξῐηιςιιιιδ
2382 1324 2705 1388 βριηιυθιιε,
2750 1324 2915 1433 quam
2955 1324 3149 1391 _veram
3198 1324 3449 1379 dlCll‘llllS,
3502 1329 3608 1371 non

2018 1374 2259 1431 uttlttatts
2311 1390 2568 1449 cujusque
2621 1395 2746 1434 mun
2783 1379 2905 1454 _ialis
2954 1382 3166 1454 tutuitu,
3218 1398 3321 1436 non
3373 1384 3610 1454 qualibet

2018 1454 2168 1525 extra
2209 1456 2461 1525 nascente
2489 1464 2670 1525 causa,
2704 1451 2797 1525 sed
2839 1467 2903 1505 ex
2928 1451 3168 1525 propria:
3204 1451 3408 1508 naturai
3438 1456 3612 1525 digni-

2017 1524 2147 1590 tate,
2190 1526 2245 1573 et
2287 1518 2503 1590 humani
2545 1522 2778 1590 pectoris
2819 1518 2981 1577 sensu
3022 1522 3388 1588 desideratur;
3441 1518 3522 1579 ita
3556 1536 3614 1582 nt

2017 1585 2369 1666 fruotus‘ejus
2410 1585 2801 1666 praemiumque
2830 1609 2943 1666 _non
2960 1594 3067 1666 _sit
3104 1594 3247 1666 aliud
3273 1585 3431 1665 quam
3476 1597 3610 1666 ipsa.

2014 1654 2173 1737 Unde
2212 1654 2470 1737 Dominus
2511 1662 2565 1717 in
2600 1654 2919 1737 _Evangelio.
2951 1662 3114 1719 Ροεηὶ
3158 1682 3266 1737 vos,
3291 1654 3509 1737 'inquit:
3550 1675 3608 1721 ut

2015 1730 2162 1809 _eatis,
2210 1734 2509 1809 “fructum
2550 1730 2785 1809 triformis
2818 1734 2996 1805 (Joan.
3026 1751 3120 1801 xv,
3147 1730 3274 1809 16);
3322 1730 3519 1809 id'esl,
3550 1748 3609 1794 ut

2014 1799 2244 1877 invicem
2270 1799 2525 1877 diligatis.
2570 1799 2627 1859 ln
2666 1805 2779 1875 ipsa
2807 1799 3185 1877 namqueivera
3217 1799 3459 1862 amicitia
3501 1799 3609 1863 itur

2018 1871 2453 1946 proficiendo,’et
2478 1871 2917 1946 fructus—capitur
2940 1871 3280 1946 perfectionis
3316 1878 3471 1932 illius
3488 1878 3610 1933 dul-

2015 1942 2262 1999 cedinem
2300 1945 2602 2018 sentiendo.
2635 1942 2791 2002 Vera'
2812 1942 3046 2003 char'itas
3072 1948 3305 2003 amicitia
3334 1963 3617 2018 nuncupa-

2015 2024 2122 2079 tur,
2172 2023 2231 2070 ut
2266 2030 2425 2071 omne
2454 2017 2639 2072 vitium
2682 2018 3014 2074 excludatur.
3057 2018 3193 2075 Cum
3230 2018 3603 2075 benevolentia

2013 2084 2229 2160 dicitur,
2274 2087 2390 2156 ipse
2429 2090 2760 2144 consensus‘
2800 2090 3168 2157 amandi,‘qui
3210 2090 3604 2160 ct_t_m‘quadam

2013 2153 2324 2231 dulcedine
2333 2168 2602 2231 movetur,
2635 2160 2858 2231 interius
2883 2153 3218 2231 exprimitur.
3247 2157 3348 2215 Ubi
3381 2153 3499 2215 t'alis
3522 2171 3606 2216 est

2013 2226 2269 2295 amicitia,
2312 2227 2387 2283 ibi
2426 2229 2569 2284 idem
2611 2230 2769 2297 velle,
2812 2240 2870 2287 et
2897 2226 3035 2287 idom
3078 2232 3255 2294 nolle;
3304 2239 3452 2285 tanto
3481 2231 3602 2286 dul-

2013 2297 2149 2365 cius,
2185 2308 2384 2370 quanto
2408 2299 2701 2366 sincerius;
2740 2310 2888 2356 tanto
2926 2303 3161 2366 suavius,
3202 2312 3402 2370 quanto
3426 2317 3604 2357 sacra-

2015 2370 2151 2435 tius;
2188 2369 2285 2442 ubi
2313 2370 2395 2442 sic
2420 2379 2662 2442 amantes
2688 2371 2815 2426 nihil
2841 2380 3062 2442 possunt
3096 2369 3233 2426 velle
3266 2371 3408 2441 quod
3434 2371 3602 2427 dede-

2012 2447 2152 2511 ceat,
2213 2438 2541 2511 nihilhquod
2589 2438 2853 2511 expediat
2895 2443 3057 2498 nolle.
3113 2438 3602 2498 Hanc—amicitiam

2011 2510 2292 2580 prudentia
2317 2509 2535 2586 dirigit,
2576 2509 2782 2582 justitia
2828 2515 2987 2586 regit,
3037 2512 3295 2569 fortitudo
3347 2513 3601 2582 custodit,

2012 2581 2365 2650 temperantia
2404 2581 2734 2645 moderatur.

2082 2650 2312 2729 CAUUT
2351 2652 2440 2708 Ν.
2487 2654 2750 2729 Amicitiae
2773 2655 2916 2729 origo
2954 2664 3005 2729 et
3043 2668 3365 2729 prOgressus.
3405 2656 3604 2713 Amici-

2012 2722 2100 2778 tiae
2130 2724 2382 2796 primum,
2433 2733 2491 2779 ut
2539 2724 2669 2779 mihi
2702 2722 2933 2793 videtur,
2976 2722 3089 2796 ipsa
3121 2722 3309 2783 natura
3353 2727 3601 2784 humanis

2011 2793 2279 2849 mentibus
2300 2796 2571 2868 impressit
2584 2796 2851 2859 affectum,
2875 2793 3066 2853 deinde
3078 2799 3406 2868 experientia
3426 2800 3599 2866 auxit,

2011 2874 2285 2935 postremo
2308 2866 2441 2936 legis
2461 2868 2748 2922 auctoritas
2766 2867 3049 2922 ordinavit.
3069 2866 3213 2924 Deus
3228 2872 3369 2925 enim
3393 2885 3603 2925 summe

2010 2945 2223 3063 potens,
2266 2945 2325 2992 et
2347 2952 2556 2993 summe
2581 2937 2773 3005 bonus,
2803 2939 2906 2994 sibi
2934 2947 3019 2993 est
3052 2939 3153 3007 ipsi
3181 2940 3471 3007 sufficiens,
3510 2941 3603 3011 qui

2051 3022 2276 3063 onerum
2303 3016 2603 3063 nostrorum
2631 3024 2736 3063 non
2764 3017 2919 3063 eaet:
2949 3010 3118 3063 voluit
3147 3019 3205 3063 ut
3232 3026 3421 3063 omnes
3445 3027 3600 3063 crea~

2051 3022 2276 3075 onerum
2303 3016 2603 3063 nostrorum
2631 3024 2736 3063 non
2764 3017 2919 3079 eget;
2949 3010 3118 3064 voluit
3147 3019 3205 3065 ut
3232 3026 3421 3067 omnes
3445 3010 3600 3066 creo-

2012 3086 2161 3134 turas
2206 3093 2331 3134 suas
2370 3094 2472 3147 pax
2510 3088 2879 3147 componeret,
2925 3088 2979 3134 et
3019 3080 3197 3135 uniret
3239 3084 3491 3137 societas.
3523 3081 3602 3136 lta
3674 3084 3679 3087 ‘

2012 3158 2203 3204 natura
2225 3149 2491 3205 mentibus
2514 3150 2761 3205 humanis
2788 3150 2857 3205 ab
2886 3150 3002 3220 ipso
3024 3150 3247 3205 exordio
3272 3154 3520 3208 amicitiae
3543 3161 3600 3207 et

2013 3220 2287 3275 charitatis
2329 3220 2599 3290 impressit
2633 3220 2902 3287 affectum,
2937 3236 3095 3290 quem
3127 3221 3441 3278 interiorum
3484 3238 3603 3278 mo-

2010 3304 2131 3346 rum
2158 3304 2349 3346 sensus
2362 3293 2383 3323 ³
2401 3290 2613 3346 amandi
2638 3291 2870 3359 quodam
2888 3301 3044 3362 gustu
3069 3293 3344 3348 suavitatis
3358 3294 3595 3348 adauxit.

2013 3362 2352 3417 Manifestum
2395 3371 2480 3416 est
2505 3362 2795 3417 amicitiam
2843 3363 3140 3418 naturalem
3160 3366 3290 3419 ‘esse
3328 3365 3470 3419 sicut
3497 3364 3604 3418 vir-

2013 3441 2205 3499 tutem,
2232 3432 2373 3488 sicut
2395 3432 2705 3502 sapientiam
2725 3441 2781 3488 et
2799 3444 3023 3489 caeteras
3048 3434 3290 3489 virtutes.
3314 3435 3419 3490 Sed
3444 3435 3601 3490 multi

2013 3503 2304 3576 abutuntur
2351 3505 2633 3574 sapientia,
2668 3505 2760 3576 qui
2796 3519 2893 3573 pro
2931 3520 2993 3559 ea
3035 3506 3234 3575 aliquid
3264 3506 3386 3560 inde
3433 3504 3604 3559 susci-

2013 3574 2305 3646 piunt,ivel
2331 3575 2423 3645 qui,
2453 3590 2570 3630 eam
2612 3574 2883 3646 vendunt:
2915 3576 2993 3630 sic
3027 3574 3189 3646 aliqui
3213 3576 3354 3631 male
3381 3584 3603 3630 utuntur

2013 3643 2271 3712 amicitia,
2312 3643 2404 3716 qui
2433 3661 2531 3715 pro
2559 3658 2625 3701 ea
2653 3643 2848 3716 aliquid
2873 3643 3149 3715 appetunt,
3180 3648 3264 3701 vel
3291 3661 3410 3701 cum
3437 3661 3523 3701 ea.

2085 3716 2313 3773 CAPUT
2331 3714 2419 3789 ’νε
2436 3714 2519 3771 De
2537 3714 2772 3789 amicitiae
2799 3714 3063 3789 fructibus.
3094 3715 3169 3787 (a)
3194 3717 3331 3789 Quid
3358 3716 3602 3772 utilitatis

2014 3786 2230 3851 habeat,
2258 3803 2380 3843 eum
2410 3788 2463 3842 in
2491 3788 2653 3843 rebus
2678 3786 2928 3859 humanis
2960 3786 3353 3859 nihilsanctius
3379 3797 3600 3859 appeta-

2016 3868 2123 3925 tur,
2156 3859 2282 3914 nihil
2306 3868 2575 3929 quaeratur
2597 3858 2798 3925 utilius,
2824 3859 2954 3912 nihil
2972 3858 3247 3929 difficilius
3277 3858 3598 3919 inveniatur.

2016 3930 2150 3985 nihil
2184 3928 2494 3999 experiatur
2520 3930 2760 3995 dulcius,
2792 3929 2925 3983 nihil
2958 3928 3280 3985 fructuosius
3314 3937 3556 3984 teneatur
3577 3929 3603 3983 Ἰ

2016 4000 2188 4056 Habet
2226 4000 2369 4056 enim
2410 4000 2639 4055 fructum
2674 4001 2795 4055 vita:
2837 4001 3114 4069 prtesentis
3145 4009 3199 4055 et
3234 4002 3420 4054 futura:
3449 4016 3462 4052 :
3488 4003 3603 4069 ipsa

2015 4072 2161 4130 enim
2200 4087 2388 4127 omnes
2426 4071 2649 4127 virtutes
2690 4084 2785 4125 sua
2813 4070 2996 4125 condit
3031 4072 3309 4136 suavitate,
3335 4070 3460 4125 vitia
3504 4084 3602 4125 sua

2014 4146 2213 4199 virtute
2234 4142 2499 4209 confodit;
2530 4142 2750 4198 adversa
2776 4149 3057 4211 temperat,
3081 4142 3355 4210 componit
3378 4157 3593 4211 prospe-

2015 4231 2077 4272 ra
2109 4214 2218 4269 :ita
2250 4222 2308 4269 ut
2336 4213 2455 4269 sine
2492 4214 2664 4269 amico
2693 4214 2831 4268 inter
2862 4215 3114 4268 mortales
3140 4214 3268 4267 nihil
3300 4212 3411 4271 fere
3435 4212 3605 4281 possit

2015 4301 2136 4343 esse
2159 4285 2488 4355 jucundum;
2516 4294 2573 4340 et
2598 4285 2759 4339 homo
2782 4284 2966 4355 bestia:
2994 4293 3352 4353 comparetur,
3379 4299 3482 4355 non
3504 4282 3603 4355 ha-

2014 4354 2279 4427 heus’qui
2316 4370 2498 4412 secum
2526 4356 2824 4411 collactetur
2854 4354 2905 4408 in
2938 4356 3101 4427 rebus
3122 4355 3390 4419 secundis,
3420 4354 3473 4407 in
3504 4354 3599 4408 tri-

2014 4429 2186 4484 stibus
2210 4429 2581 4494 contristetur;
2629 4428 2714 4481 cui
2754 4434 3025 4494 evaporet,
3062 4426 3107 4479 si
3150 4427 3273 4496 quid
3312 4426 3600 4483 molestum

2013 4515 2170 4556 mens
2194 4499 2527 4568 conceperit;
2558 4498 2642 4553 cui
2662 4497 3040 4568 communicet,
3064 4498 3109 4550 si
3134 4497 3259 4568 quid
3289 4506 3484 4566 praeter
3508 4511 3602 4550 so-

2014 4570 2166 4626 litum
2195 4566 2426 4624 sublime
2450 4569 2534 4623 vel
2566 4570 2790 4623 livosum
2811 4567 2832 4598 ³
2861 4569 3166 4623 accesserit.
3209 4566 3294 4621 Vae
3317 4568 3414 4621 soli
3434 4606 3451 4632 ,
3481 4569 3603 4636 quia

2013 4658 2128 4718 eum
2152 4639 2405 4718 ceciderit,
2429 4656 2530 4693 non
2546 4638 2695 4718 habet
2715 4638 3053 4718 sublevantem
3078 4654 3133 4691 se
3162 4638 3352 4718 (βίοιο.
3385 4654 3455 4718 ιν,Ξ

2014 4712 2173 4769 Solus
2201 4711 2418 4765 omnino
2450 4721 2532 4765 est
2554 4752 2569 4777 ,
2597 4712 2684 4781 qui
2711 4713 2830 4766 sine
2856 4709 3029 4765 amico
3054 4705 3257 4781 est.'At
3282 4723 3403 4781 quae
3431 4705 3604 4760 felici-

2013 4793 2114 4849 tas,
2145 4798 2263 4854 qute
2298 4782 2586 4858 securitas,
2614 4777 2733 4858 quae
2765 4781 3067 4858 jucunditas
3090 4788 3205 4858 est,
3239 4777 3440 4858 habere
3476 4792 3602 4858 cum

2012 4870 2119 4925 quo
2152 4849 2304 4923 {eque
2331 4854 2529 4925 audeas
2560 4849 2740 4925 loqui,
2767 4849 2829 4908 ut
2860 4852 2981 4916 tibi;
3020 4851 3102 4905 cui
3123 4849 3369 4925 _confileri
3397 4862 3500 4925 non
3529 4849 3601 4900 ti-

2012 4917 2179 4987 meas,
2200 4917 2245 4978 si
2274 4924 2398 4994 quid
2427 4917 2744 4995 deliqueris;
2775 4925 2859 4979 cui
2891 4939 2996 4978 non
3023 4922 3307 4995 erubescas
3332 4917 3596 4995 revelare2

2011 4997 2065 5053 in
2112 4988 2476 5079 spiritualibus
2516 4988 2568 5050 si
2606 4996 2734 5079 quid
2793 4988 3601 5079 profeceris;Acoi‘cordisntu‘i

2011 5057 2190 5123 omnia
2229 5076 2432 5123 secreta
2475 5057 2812 5130 committas;
2857 5073 2912 5119 et
2949 5062 3290 5117 commendes
3333 5057 3600 5130 consilia?

2011 5139 2151 5210 Quid
2178 5138 2338 5209 igitur
2357 5138 2663 5212 jucundius,
2699 5128 2857 5212 quam
2884 5136 2955 5212 ita
2982 5133 3133 5187 unire
3161 5133 3395 5212 animum
3417 5128 3601 5212 falte-

2011 5203 2152 5275 rius,
2180 5203 2237 5265 et
2282 5203 2447 5264 unum
2474 5208 2692 5263 efficere
2713 5203 2781 5261 de
2823 5205 3062 5275 duobus,
3095 5213 3154 5258 ut
3184 5203 3328 5258 nulla
3346 5203 3602 5271 jactantia

2012 5274 2283 5348 timeatur,
2326 5280 2470 5334 nulla
2512 5278 2824 5334 formidetur
2867 5274 3130 5348 suspicio;
3182 5288 3280 5348 nec
3315 5279 3602 5348 correptus

2010 5352 2147 5426 alter
2173 5353 2240 5426 ab
2265 5343 2434 5426 altero
2461 5349 2672 5426 doleat;
2715 5364 2814 5404 nec
2857 5343 3162 5426 laudantem
3203 5344 3344 5426 alter
3355 5343 3603 5426 (altet'tml

2009 5423 2331 5480 adulationis
2377 5428 2531 5478 notet
2566 5413 2667 5477 vel»
2693 5420 2923 5491 arguat?
2956 5418 3193 5488 Amicus,
3241 5415 3318 5471 ait
3354 5413 3604 5485 Sapiens,

2071 5592 2725 5666 fulminum...
2888 5638 2889 5641 ~
3044 5636 3045 5639 ~

2071 5661 2097 5694 ³
2129 5656 2260 5721 Apud
2284 5652 2560 5721 aclrcdum,
2582 5652 2779 5707 interior
2799 5667 2916 5709 mox
2937 5670 3124 5711 senatu.

2072 5723 2098 5756 ³
2128 5717 2380 5777 Aelredus,
2404 5717 2703 5769 lmninosum.

2076 5786 2096 5847 ',
2129 5782 2264 5847 Apud
2590 5779 2770 5835 m-

2074 5844 2153 5911 (a)
2167 5840 2252 5897 ἐι
2269 5840 2464 5897 Aelredi
2486 5840 2614 5898 uno
2634 5845 2872 5899 sommo.
