4094 6342
479 316 585 378 835

482 432 902 486 medicamentum
923 435 998 481 est
1021 423 1139 480 vita
1167 421 1350 495 (Eccli.
1371 435 1448 495 vi,
1479 416 1593 492 l6).
1619 415 1736 495 Non
1763 417 1905 495 enim
1931 415 2062 495 vali—

481 503 601 558 dior
629 500 710 554 vel
754 497 1018 554 efﬁcacior
1058 504 1140 552 est
1174 486 1490 550 vulneribus
1526 486 1722 546 nostris
1762 486 2059 554 medicina,

481 587 640 644 quam
670 570 868 644 habere
893 569 980 638 qui
1010 567 1156 644 omni
1188 563 1524 620 incommodo
1563 569 1807 644 occnrrat
1845 573 2063 644 compa-

482 629 642 711 tiens,
677 642 822 697 omni
848 629 1131 695 commodo
1153 632 1827 711 occurratcongratulans;
1859 638 1917 711 ut
1939 629 2066 711 jun:

482 715 584 770 clis
599 701 710 796 suis
728 712 984 774 humeris,
1005 723 1177 803 onera!
1191 723 1284 790 sua
1317 701 1551 761 invicem
1573 705 1814 786 tolerent,
1841 701 2066 803 etﬂuod
2093 734 2098 738 -

487 785 849 854 unusquisque
867 772 1132 852 propriam
1163 779 1536 854 Ievius._quam
1560 775 1713 854 amici
1743 772 1952 854 portet:
1971 772 2066 854 in-

483 841 696 928 iuriam.
728 841 981 908 Ainicitia
1011 866 1139 928 ergo
1181 841 1441 928 secundas
1487 863 1573 902 res
1594 845 1718 900 facit
1745 841 2069 928 splendidio-

485 914 596 992 i‘es,
626 926 876 980 adversas
909 914 1683 993 partienscommunicansque
1699 914 1872 970 reddit
1899 914 2068 970 levio-

485 986 593 1054 res:
625 997 756 1052 Nam
787 1006 839 1050 et
869 986 1372 1064 philosophisetiam
1401 986 1614 1064 placuit.
1637 986 1752 1041 Non
1776 1001 1934 1064 aqua,
1963 999 2068 1064 non

488 1069 620 1130 sole,
656 1083 758 1121 non
783 1055 902 1136 igne
935 1055 1331 1136 pluribuslocis
1356 1055 1992 1136 utim_ur,_quam__am_ico;
2017 1055 2069 1110 in

486 1127 631 1192 omni
659 1127 877 1200 aclu,vin
905 1127 1046 1188 oirmi
1071 1133 1263 1196 studio,
1295 1133 1345 1186 iu
1367 1131 1549 1192 certis,
1572 1127 1843 1200 indubiis,
1868 1127 1921 1180 in
1941 1141 2072 1200 quo-

488 1209 614 1264 Iibet
645 1197 855 1271 eventu,
887 1207 936 1260 in
970 1207 1175 1258 fortuna
1203 1203 1452 1273 qualibet,
1478 1203 1528 1255 in
1560 1199 1864 1273 secreto,‘in
1898 1197 2071 1273 publi-

487 1294 571 1337 co.
599 1281 646 1333 in
672 1278 812 1331 mnni
836 1267 1242 1338 consultatione,
1268 1273 1410 1328 domi
1435 1273 1690 1340 forisque,
1716 1270 1912 1339 ubique
1935 1267 2072 1322 ami-

486 1349 606 1404 citia
635 1359 804 1418 grata,
826 1348 1029 1402 amicus
1061 1345 1410 1418 necessarius,
1433 1343 1578 1418 utilis
1597 1340 1765 1411 gratia
1780 1340 2068 1418 reperitur.

493 1438 512 1470 ι
537 1409 801 1487 Quocirca
819 1417 1098 1487 amici,ait
1125 1415 1351 1487 Tullius,
1379 1409 1707 1487 etabsentes
1731 1411 1923 1464 adsunt
1950 1409 2108 1487 sibi,’

489 1479 806 1558 t-tﬁegenles
847 1479 1134 1551 abundant,
1171 1483 1768 1558 etiimbecillesﬁvalent
1792 1499 1805 1534 :
1833 1479 2074 1558 et,_q_nod

489 1560 571 1614 dif
573 1551 758 1615 [icilius
776 1566 861 1613 est
878 1559 1041 1621 dictu,
1061 1557 1252 1610 mortui
1276 1557 1456 1627 vivunt
1481 1575 1499 1608 ι
1523 1553 1718 1627 (Cicero
1735 1552 1796 1604 de
1817 1551 2072 1627 Amicitiq,

489 1649 545 1687 ιι.
572 1630 690 1698 25).
716 1630 874 1700 Igitur
905 1628 1133 1682 amicitia
1164 1637 1245 1682 est
1271 1623 1644 1700 divitibus'pro
1672 1624 2011 1693 eIeemosyna
2028 1623 2072 1700 ξ,

489 1693 764 1756 exsulibus
793 1716 888 1768 pro
926 1699 1112 1768 patria,
1145 1698 1464 1768 pauperibus
1493 1711 1592 1768 pro
1623 1709 1823 1761 censu,
1864 1693 2077 1768 aegrotis

491 1786 588 1840 pro
619 1764 896 1834 medicina,
928 1764 1158 1824 mortuis
1188 1764 1284 1840 pro
1313 1769 1439 1827 vita,
1463 1764 1606 1820 sanis
1635 1780 1732 1834 pro
1762 1764 1948 1840 grati_a,
1974 1764 2078 1816 im-

492 1834 767 1897 hecillibus
807 1856 901 1911 pro
933 1841 1158 1906 virtute,
1192 1834 1433 1911 robustis
1463 1854 1558 1911 pro
1594 1836 1831 1911 prternio.
1865 1834 2078 1911 Tantus

489 1914 631 1968 enim
675 1905 876 1967 amicos
920 1912 1122 1976 honor,
1147 1905 1616 1975 tnemoria,’lans,
1649 1905 2079 1974 desideriumque

493 1985 850 2054 prosequitur.
880 1991 940 2037 ut
963 1991 1016 2037 et
1039 1997 1222 2054 eorum
1251 1983 1356 2054 vita
1384 1979 1684 2054 laudabilis,
1713 1987 1768 2032 et
1785 1991 1938 2054 _m_ors
1959 1991 2078 2054 pre-

483 2047 625 2109 tiosa
647 2047 915 2122 iudicetur
945 2071 959 2106 :
989 2061 1044 2109 et
1078 2052 1216 2122 quod
1261 2052 1341 2105 his
1380 2050 1636 2122 omnibus
1650 2048 1932 2122 excelsius,
1963 2047 2082 2122 qui-

491 2126 612 2180 dam
647 2118 848 2193 gradus
888 2135 971 2179 est
1013 2118 1242 2177 amicitia
1273 2123 1478 2193 vicinus
1515 2119 1838 2193 perfectioni
1866 2134 1984 2182 qua:
2026 2118 2078 2172 in

494 2197 586 2250 Dei
617 2187 902 2251 dilectione
943 2205 997 2250 et
1037 2192 1402 2264 cogitatione'
1443 2187 1706 2264 consistit,
1740 2199 1796 2264 n_t
1823 2187 2080 2264 homoex

489 2267 666 2322 cmico
697 2267 926 2320 hominis
967 2265 1058 2319 Dei
1102 2258 1364 2318 Efﬁciatur
1401 2263 1623 2317 amicus.
1665 2261 1718 2313 In
1748 2258 2078 2328 Evangelio:

492 2335 613 2390 lam
640 2354 740 2390 non
763 2337 927 2390 dicam
951 2351 1038 2390 vos
1063 2350 1250 2399 servos,
1281 2334 1369 2387 sed
1396 2334 1582 2386 anticos
1609 2348 1742 2385 meos
1772 2329 2078 2400 (Joan.xv,

495 2406 608 2478 15).
640 2406 695 2460 In
717 2407 946 2478 amicitia
970 2406 1166 2478 quippe
1197 2404 1327 2457 nihil
1359 2403 1706 2478 inhonestum
1728 2399 1831 2478 ρει,
1855 2399 1986 2453 nihil
2018 2399 2081 2478 (if

495 2471 660 2541 ctum,
691 2477 821 2531 nihil
843 2471 1146 2530 simulatum
1175 2493 1188 2529 :
1212 2485 1265 2530 et
1290 2474 1540 2544 quidquid
1563 2481 1664 2544 est,
1695 2471 1745 2526 id
1766 2479 2007 2544 sanctum
2031 2477 2084 2544 et

495 2549 852 2604 voluntarium
892 2556 945 2601 et
974 2563 1155 2601 verum
1197 2541 1319 2608 est;
1353 2541 1547 2600 ethoc
1587 2543 1759 2612 ipsum
1811 2541 2084 2596 charilatis

497 2621 770 2690 preprium
807 2628 908 2690 est.
961 2619 1017 2672 In
1063 2615 1723 2690 amicitia__conjnngunt_ur
1754 2613 2006 2690 honestas
2031 2622 2085 2666 et

497 2683 730 2744 suavitas
751 2733 763 2753 ,
798 2689 998 2744 veritas
1036 2699 1089 2742 et
1115 2683 1446 2756 jucunditas,
1477 2685 1702 2739 dulcedo
1736 2692 1787 2756 et
1817 2683 2081 2748 voluntas,

497 2762 720 2817 affectus
746 2760 768 2792 ⁸
791 2769 847 2816 et
883 2769 1050 2814 actus.
1092 2755 1220 2827 Quae
1251 2759 1424 2811 omnia
1445 2773 1474 2810 a
1503 2755 1720 2810 Christo
1745 2755 2082 2827 inchoantur,

499 2847 594 2900 per
629 2831 896 2887 Christum
940 2825 1334 2900 promoventur,
1372 2829 1425 2882 in
1462 2827 1674 2900 Christo
1717 2825 2083 2900 perﬁciuntur.

501 2895 679 2972 Itaque
705 2902 906 2956 anticus
938 2895 988 2955 in
1015 2901 1204 2970 spiritu
1227 2899 1424 2972 Christi
1450 2896 1729 2952 adhaerens
1754 2896 1948 2972 amico,
1970 2895 2087 2950 efﬁ-

498 2968 636 3028 citur
653 2989 772 3028 cum
799 2988 866 3028 eo
891 2987 984 3026 cor
1009 2968 1169 3026 unum
1197 2979 1251 3025 et
1277 2971 1452 3025 anima
1477 2985 1576 3022 una
1606 2987 1616 3021 :
1643 2977 1695 3022 et
1725 2968 1802 3022 sic
1827 2981 1918 3036 per
1939 2981 2089 3020 amo-

497 3045 574 3100 ris
599 3045 799 3099 cantica
826 3043 992 3113 gradu
1013 3043 1034 3075 '
1059 3043 1125 3096 ad
1153 3042 1350 3113 Christi
1384 3039 1747 3113 conscendens
1775 3037 2085 3113 amicitiam,

501 3131 637 3170 unus
657 3131 777 3170 cum
803 3107 868 3169 eo
889 3114 1108 3184 spiritus
1129 3112 1361 3184 efﬁcitur
1383 3113 1434 3166 in
1463 3112 1648 3184 oscqu
1668 3124 1791 3165 uno.
1821 3107 2090 3162 Occuletur

498 3203 597 3252 me,
630 3187 816 3253 inquit,
841 3179 1010 3239 osculo
1036 3185 1139 3239 oris
1163 3185 1242 3238 sui
1265 3183 1446 3256 ((Ῑίιηι.Δ
1465 3199 1504 3250 1,
1533 3179 1608 3256 l).

567 3248 906 3312 CAPUT—VI.
939 3255 1182 3310 Osculum
1209 3248 1474 3324 corporale
1491 3248 2085 3324 'qubndoradhibendum.

503 3327 745 3382 Osculum
772 3328 1054 3398 spirituale.
1089 3327 1180 3381 Est
1209 3321 1446 3398 osculum
1476 3321 1782 3393 corporale,
1813 3322 1955 3398 quod
1984 3321 2088 3374 im-

498 3399 775 3467 pressione
801 3391 867 3452 'ﬁt
900 3399 1186 3463 Iabiorum,
1225 3397 1366 3466 quod
1403 3411 1507 3451 non
1542 3391 1623 3450 est
1647 3391 2087 3467 ostendendum,

499 3462 598 3524 nisi
635 3471 796 3524 certis
830 3478 882 3524 et
917 3469 1154 3524 honestis
1175 3462 1366 3522 causis
1397 3485 1409 3519 :
1441 3477 1498 3520 nt
1528 3467 1578 3520 in
1613 3465 1820 3534 signum
1853 3462 2092 3517 reconci—

499 3539 762 3608 liationis,
793 3540 1004 3609 quando
1045 3541 1174 3593 liunl
1210 3538 1363 3592 amici
1401 3539 1488 3607 qui
1513 3533 1739 3609 fuerunt
1765 3533 1965 3609 inimici
1990 3534 2089 3609 ;_in

499 3611 708 3680 signum
737 3604 898 3680 pacis,
926 3611 1064 3665 sicut
1086 3604 1526 3680 communicaturi
1550 3607 1602 3662 in
1629 3606 1852 3680 ecclesia
1879 3604 2091 3680 interio-

499 3675 612 3735 re'm
648 3675 828 3749 pacem
869 3681 1121 3736 exteriori
1160 3679 1340 3735 osculo
1376 3679 1760 3749 demonstrant.
1795 3675 1848 3728 In
1880 3675 2088 3749 signum

498 3747 800 3807 dilectionis
823 3753 958 3806 inter
983 3766 1236 3820 sponsum
1260 3760 1313 3805 et
1336 3765 1584 3820 sponsam
1599 3747 1721 3820 ﬁeri
1743 3747 2086 3820 permittitur,

499 3823 583 3877 vel
612 3825 747 3878 sicut
774 3823 842 3877 ab
871 3817 1056 3877 amicis
1085 3839 1120 3894 p
1143 3831 1205 3876 -st
1232 3817 1532 3894 diuturnam
1563 3817 1856 3894 absentiam
1882 3825 1935 3894 e_t
1962 3829 2090 3894 por-

499 3893 688 3964 rigitur
707 3903 762 3947 et
786 3887 1168 3964 suscipiturfln
1197 3894 1404 3964 signum
1433 3889 1711 3964 catholica;
1731 3887 1970 3964 unitatis,
1995 3887 2092 3941 sie-

500 3959 640 4018 ut'ﬁt
664 3981 782 4018 cum
814 3959 1006 4032 hospes
1031 3959 1338 4032 suscipitur.
1365 3963 1467 4018 Sed
1499 3962 1634 4015 sicut
1667 3959 1902 4032 plerique
1929 3973 2087 4028 aqua,

501 4034 641 4104 igne,
674 4035 836 4100 ferro,
869 4030 988 4089 cibo
1022 4045 1076 4089 et
1110 4030 1252 4096 aere,
1283 4050 1402 4104 qute
1435 4032 1745 4104 naturaliter
1776 4030 1912 4104 bona
1943 4038 2087 4094 sunt,

499 4099 552 4159 in
589 4120 698 4159 sum
726 4099 1052 4159 crudelitatis
1089 4107 1170 4158 vel
1207 4099 1492 4174 voluptatis
1523 4101 1826 4157 satellitium
1860 4099 2090 4174 abutun-

501 4184 616 4239 tur;
648 4176 714 4230 ita
755 4177 988 4244 perversi
1017 4184 1070 4228 ct
1099 4184 1310 4242 turpes,
1337 4169 1397 4228 et
1430 4174 1708 4244 hoc'bono
1735 4186 1830 4244 sua
1859 4169 2090 4238 quodam

499 4246 662 4300 modo
695 4241 887 4314 flagitia
919 4245 1136 4300 condire
1173 4241 1437 4307 nituntur,
1474 4241 1646 4311 ipsum
1677 4241 1915 4314 osculum
1945 4247 2089 4314 tanta

501 4311 828 4386 turpitudine
867 4316 1158 4376 I'mdantes,
1198 4324 1256 4370 ut
1292 4316 1368 4370 sic
1405 4314 1632 4386 osculari
1671 4311 1804 4386 nihil
1841 4311 1913 4366 sit
1949 4311 2086 4386 aliud

499 4383 658 4459 quam
702 4387 1007 4441 aduilerari.
1061 4388 1225 4459 Porro
1271 4385 1511 4459 osculum
1558 4384 1830 4459 Spirituale
1879 4383 2091 4452 proprie

500 4455 792 4512 amicorum
835 4466 950 4524 est,
986 4459 1072 4524 qui
1110 4457 1209 4511 sub
1249 4472 1352 4511 una
1389 4457 1504 4526 lege
1537 4455 1792 4526 amicitia;
1818 4463 2086 4509 tenentur.

499 4528 614 4584 Non
660 4529 800 4584 enim
847 4529 904 4583 ﬁt
937 4523 1051 4582 oris
1095 4537 1320 4593 attactu,
1359 4523 1464 4582 sed
1492 4527 1685 4581 mentis
1718 4523 1944 4589 affectu;
1983 4540 2090 4580 non

498 4600 874 4668 conjunctione
917 4600 1171 4654 labiorum
1192 4641 1206 4666 ,
1239 4598 1333 4653 sed
1362 4599 1743 4654 eormuixtione
1780 4595 2086 4668 spirituum,

497 4667 826 4728 castiﬁcante
852 4671 1027 4724 omnia
1053 4670 1148 4723 Dei
1171 4670 1382 4738 spiritu,
1409 4679 1456 4725 cl
1485 4685 1548 4724 ex
1577 4668 1656 4723 sui
1687 4667 2090 4737 participatione

497 4742 771 4798 ccelestem
801 4742 1115 4796 immittente
1143 4756 1410 4811 saporem.
1437 4741 1565 4794 Nam
1598 4740 1711 4807 ipse
1738 4738 2083 4811 huncgsacra-A

499 4815 762 4868 tissitnum
804 4813 1025 4884 inspirat
1061 4808 1336 4884 allectum,
1373 4820 1437 4884 ut
1474 4809 1900 4884 videatur_alter_i
1937 4808 2089 4884 quasi

499 4899 656 4939 unam
685 4879 915 4939 animam
942 4883 1139 4938 habere
1166 4884 1220 4938 in
1249 4883 1473 4937 diversis
1502 4881 1834 4950 corporibus.
1867 4879 2087 4934 Psalmi-

497 4965 577 5009 sta
601 4973 614 5009 :
647 4953 774 5010 Ecce
797 4972 946 5025 quam
974 4955 1158 5009 bonum
1186 4963 1230 5008 et
1257 4971 1408 5024 quam
1422 4953 1709 5025 jucundum
1724 4951 1960 5025 habitare
1981 4955 2087 5025 ira:

497 5035 596 5079 tres
625 5025 677 5079 in
703 5020 860 5080 unum
889 5025 1070 5151 ἳΡεαι.
1099 5020 1318 5090 cxxxn,
1354 5020 1438 5095 l)I
1473 5025 1660 5078 Anima
1693 5022 1770 5075 sic
1803 5020 1988 5075 affecta
2020 5020 2084 5073 ad

497 5097 734 5151 osculum
767 5098 892 5151 intcl
919 5097 1123 5151 ectuale
1156 5096 1406 5151 susnirat.
1437 5104 1491 5149 et
1520 5109 1641 5148 cum
1679 5095 1911 5146 maxime
1939 5091 2084 5144 desi-

495 5097 734 5152 osculum
767 5091 1123 5152 intellectuale
1156 5091 1406 5164 snSpirat,
1437 5104 1491 5149 et
1520 5109 1641 5148 cum
1679 5095 1911 5164 maxian
1939 5091 2085 5164 desi-

495 5167 647 5222 derio
674 5169 910 5223 clamans
930 5211 945 5234 ,
981 5161 1262 5222 Osculetur'
1285 5181 1363 5219 me
1399 5167 1570 5219 osculo
1599 5165 1700 5218 oris
1729 5163 1806 5216 sui
1838 5178 1866 5234 :7
1889 5169 1948 5215 ut
1974 5161 2084 5230 jam

497 5241 724 5294 terrenis
750 5233 1028 5294 affectibus
1053 5237 1323 5308 mitigatis,
1351 5246 1406 5308 et
1428 5237 1676 5290 omnibus
1698 5252 1814 5308 qua:
1838 5233 1906 5308 de
1933 5247 2087 5308 mun-

492 5309 565 5365 do
593 5320 718 5366 sunt
742 5310 1152 5381 cogitationibus
1171 5304 1568 5378 desideriisque
1595 5304 1804 5376 sepitis,
1836 5304 1888 5359 in
1919 5304 2084 5359 solius

557 5507 574 5538 ‘
610 5505 740 5578 Αριιά
766 5505 1038 5576 “bellum:
1058 5515 1208 5578 σηενρ
1227 5515 1318 5578 sua
1569 5493 2081 5578 ‘Q‘EIEF‘L

493 5563 1338 5693 (miliatria,
1395 5575 1543 5628 quam
1596 5563 1743 5612 antici
1793 5563 1968 5625 portat.

555 5696 575 5726 ⁸
609 5687 739 5754 Apud
758 5687 1032 5754 aelredum,
1055 5687 1334 5754 cognitione.

554 5755 575 5785 ⁸
608 5747 670 5802 εὶ
697 5751 902 5805 Aclredo
924 5747 1097 5805 addita:
1111 5747 1280 5812 'voces,
1305 5751 1496 5810 veritas,
1522 5755 1593 5812 et,
1615 5747 1828 5812 allectus.

552 5818 574 5852 ⁵
610 5814 860 5878 Aelredus,
882 5813 1059 5866 amoris
1073 5815 1259 5876 gradus
1279 5817 1342 5868 ad

1929 297 2287 358 APPENDIX.

3659 297 3763 362 836

2175 414 2371 472 Christi
2400 413 2696 488 delectetur
2717 414 2922 483 osculo,
2952 424 3007 472 et
3028 415 3266 488 quiescat
3291 415 3560 488 amplexu,
3585 420 3761 473 exsul-

2175 486 2606 571 tan's‘e't'd'iceu's,
2631 487 2788 571 Lteva.
2809 489 2918 571 ejus
2943 486 3228 571 culi—capite
3257 505 3362 542 meo
3385 486 3559 571 μςιιηε.
3595 489 3762 571 ιι,

2243 556 2470 632 ΟᾼΡΗΤ
2676 556 2909 632 Amicitia
2949 560 3088 632 quid.
3127 556 3249 630 'Ego
3295 556 3580 632 amicitiam
3633 560 3763 617 nihil

2175 627 2503 710 alittdrcredo
2533 628 2636 702 (a),
2665 645 2824 710 quam
2854 627 2995 710 inter
3023 631 3157 686 duos
3187 627 3393 710 lautam
3432 631 3766 710 voluntatum

2175 701 2515 772 societatem,
2546 701 2600 754 ut
2630 701 2760 756 nihil
2791 701 2915 758 velit
2941 717 3105 763 unus,
3139 701 3280 772 quod
3309 703 3444 757 alter
3473 701 3638 765 nolit;
3671 701 3766 757 sed

2175 777 2318 824 tanta
2349 771 2418 826 sit
2444 771 2582 826 inter
2613 781 2865 842 utrosque
2895 775 2948 828 in
2979 773 3133 828 bonis
3157 771 3418 842 malisque
3444 772 3764 838 consensio,

2177 849 2234 895 nt
2259 856 2362 914 non
2387 843 2612 913 species,
2639 860 2743 899 non
2765 859 2978 908 census,
3003 860 3106 899 non
3130 845 3324 911 honor,
3347 860 3450 914 non
3473 844 3769 914 quidquam

2177 913 2315 987 quod
2347 915 2562 968 alterius
2598 915 2704 987 sit,
2735 915 2888 987 alteri
2917 915 3209 987 denegetur
3246 915 3310 968 ad
3350 913 3637 987 fruendum
3668 930 3770 987 pro

2176 983 2466 1065 voluntate,
2489 996 2536 1065 et
2563 986 2904 1065 adnutendum
2928 989 2944 1019 ί
2972 1005 2984 1040 :
3014 983 3083 1052 ιιι*
3097 987 3455 1065 unusquisque
3480 986 3618 1065 sicut
3631 983 3772 1065 erga

2177 1068 2236 1109 se
2261 1055 2453 1128 ipsum,
2469 1055 2543 1111 sic
2569 1057 2828 1112 afﬁciatur
2853 1072 2974 1128 erga
2999 1055 3319 1127 proximum,
3343 1057 3397 1128 in
3424 1059 3569 1112 omni
3589 1055 3774 1113 ofﬁcio

2177 1134 2233 1179 rt
2259 1127 2512 1198 obsequio
2541 1128 2681 1198 quod
2721 1127 3013 1198 rependant
3038 1129 3208 1183 vicem
3229 1171 3244 1192 ,
3280 1137 3333 1182 et
3367 1127 3636 1198 fugiantur
3667 1128 3772 1184 ho-

2175 1211 2200 1251 ι’
2216 1210 2356 1251 ores.
2389 1196 2530 1252 Inter
2557 1196 2727 1254 bonos
2752 1196 2880 1254 oriri
2910 1209 3085 1270 potest
3113 1198 3344 1253 amicitia
3363 1240 3378 1264 ,
3408 1196 3547 1254 inter
3576 1200 3772 1270 melio-

2176 1281 2265 1340 {es
2321 1273 2612 1337 prolicere,
2657 1269 3013 1325 consummari
3063 1279 3240 1326 autem
3291 1272 3430 1325 inter
3480 1269 3773 1340 perfectos.

2175 1337 2437 1411 Quamdiu
2465 1341 2604 1394 enim
2629 1357 2946 1411 quemquam
2973 1341 3024 1396 in
3048 1343 3068 1374 '
3095 1341 3270 1394 studio
3293 1337 3494 1394 malum
3515 1341 3774 1406 delectat,

2179 1417 2234 1463 ct
2260 1409 2539 1483 inhonesta
2570 1409 2821 1467 honestis
2841 1413 3120 1483 prteponit,
3147 1422 3202 1466 et
3228 1413 3276 1467 ei
3302 1413 3540 1483 voluptas
3569 1413 3778 1482 gratior

2179 1489 2262 1560 est
2299 1482 2525 1550 puritate
2546 1524 2558 1545 ,
2590 1481 2861 1560 temeritas
2895 1481 3257 1560 moderatione
3276 1525 3308 1560 ,_
3321 1481 3556 1538 adulatio
3579 1481 3771 1560 corre-

2181 1552 2396 1620 ptione;
2427 1554 2694 1623 quomodo
2722 1554 2788 1608 ad
2817 1553 3102 1609 amicitiam
3129 1570 3252 1608 eum
3283 1552 3362 1609 fas
3391 1562 3473 1609 est
3499 1553 3772 1624 aspirare,

2181 1633 2300 1674 eum
2331 1633 2478 1676 ortus
2507 1625 2622 1692 ejus
2652 1640 2716 1679 ex
2748 1626 2954 1679 virtutis
2986 1625 3236 1695 Opinione
3269 1625 3543 1694 procedit?
3571 1623 3776 1679 Foedus

2183 1702 2268 1772 est
2289 1707 2459 1772 amor,
2488 1710 2584 1772 nec
2612 1696 2858 1772 amicitia:
2887 1698 3102 1772 nomine
3129 1695 3339 1765 dignus,
3367 1711 3472 1764 quo
3497 1706 3651 1772 turpe
3675 1697 3776 1750 ali-

2180 1763 2308 1837 quid
2331 1765 2399 1818 ab
2421 1768 2594 1837 amico
2620 1767 2846 1837 exigitur
2873 1784 2887 1821 :
2913 1767 3053 1837 quod
3081 1763 3304 1822 necesse
3322 1763 3405 1822 est
3423 1782 3547 1821 eum
3572 1763 3774 1831 facere,

2181 1835 2271 1908 qui
2301 1836 2525 1908 necdum
2557 1835 2817 1892 vitiis-aut
2843 1835 3033 1908 sopitis
3059 1847 3150 1892 aut
3173 1837 3559 1908 depressis,iad
3589 1838 3779 1908 qua-Ii:-

2183 1902 2270 1958 bet
2301 1907 2478 1960 illicita
2514 1909 2596 1962 vel
2627 1908 2859 1970 iIIicitur,
2891 1902 2973 1963 vel
3003 1902 3360 1978 compellitur.
3388 1907 3542 1962 Nulla
3571 1902 3778 1978 péccati

2183 1984 2267 2029 est
2286 1979 2578 2046 excusatio,
2603 1979 2647 2033 si
2669 1978 2820 2034 amici
2846 1995 3004 2034 causa
3033 1980 3358 2049 peccaveris.
3381 1978 3624 2034 Ionadab
3644 1994 3779 2049 quo-

2184 2059 2288 2115 que
2316 2049 2520 2120 amicus
2553 2055 2775 2120 Ammon
2809 2051 3073 2106 salubrius
3106 2050 3457 2120 prohibuisset
3487 2051 3774 2116 incestum,

2184 2131 2342 2192 quam
2382 2119 2524 2190 quod
2547 2119 2569 2151 ⁸
2603 2122 2860 2192 potiretur
2895 2119 3115 2190 optato,
3146 2121 3459 2192 praebuisset
3493 2121 3778 2192 consilium

2187 2187 2265 2271 (ΙΙ.
2290 2187 2418 2271 Ιζεῃζ
2461 2207 2577 2271 ξιιι,
2603 2187 2682 2260 5).
2715 2191 2824 2271 Nos
2851 2187 3066 2271 bonum
3089 2187 3360 2271 hominem
3396 2191 3654 2271 dicimus.
3686 2191 3779 2263 qui

2186 2259 2368 2334 sobrie
2391 2271 2445 2334 et
2466 2262 2606 2330 jnstc
2633 2259 2686 2317 et
2717 2264 2800 2332 pie
2826 2264 2954 2316 vivit
2971 2264 3023 2318 in
3055 2263 3156 2318 hoc
3182 2263 3398 2325 saeculo,
3425 2263 3559 2318 nihil
3585 2279 3617 2317 a
3643 2259 3780 2334 quo-

2187 2328 2315 2405 libet
2356 2328 2904 2405 inhonestum-petit,
2947 2350 3046 2390 nec
3089 2345 3304 2405 rogatus
3344 2343 3603 2404 praestat:
3637 2328 3778 2390 inter

2189 2400 2322 2456 tales
2333 2403 2473 2464 ,oriri
2505 2414 2678 2464 potest
2701 2400 2756 2460 ei
2782 2407 3086 2461 conservari
3111 2400 3361 2460 amicitia:

2257 2472 2484 2528 CAPUT
2506 2472 2640 2530 VIII.
2671 2476 2915 2530 Amicitia:
2933 2486 3046 2532 sunt
3074 2487 3117 2530 et
3142 2479 3288 2532 nwvi.
3311 2476 3391 2530 An
3415 2476 3526 2531 ideo
3549 2476 3776 2530 abnuen-

2189 2541 2275 2595 da.
2317 2543 2539 2609 Quidam
2585 2547 2767 2601 dicunt
2810 2547 3098 2602 cavendam
3141 2563 3259 2603 esse
3300 2548 3622 2613 amicitiam,
3663 2562 3777 2602 rem

2189 2614 2401 2684 plenam
2429 2617 2798 2672 sollicitudinis
2824 2627 2984 2689 atque
3013 2634 3281 2685 curarum,
3313 2635 3413 2674 nec
3450 2619 3660 2689 ῑίιιιοτὶξ
3685 2633 3775 2673 va-

2189 2699 2363 2765 cuam,
2394 2695 2448 2742 et
2475 2690 2653 2742 multis
2682 2687 2964 2765 obnoxiam
2995 2692 3285 2765 doloribus,
3320 2690 3556 2765 nihilque
3581 2687 3776 2765 dif_li_ci7

2189 2755 2298 2837 lius
2327 2774 2486 2827 quam
2525 2760 2793 2837 custndire
2835 2777 3003 2833 usque
3042 2762 3108 2817 ad
3137 2755 3432 2837 extremum
3452 2755 3617 2837 diem.
3642 2761 3733 2817 Sic
3755 2760 3778 2792 ⁵

2185 2827 2429 2910 indicant
2457 2846 2590 2910 cum
2634 2831 2810 2888 Tullio
2851 2827 3070 2910 amare,
3119 2842 3178 2888 ut
3219 2832 3426 2903 possint
3463 2832 3616 2910 odire
3655 2847 3778 2910 eum

2189 2900 2358 2980 velint
2385 2918 2398 2954 ε
2427 2902 2504 2957 sic
2533 2903 2704 2973 placet
2741 2919 2920 2980 amare
2948 2903 3108 2980 hodie
3128 2947 3141 2970 ,
3167 2900 3238 2958 ιη’
3261 2917 3382 2980 cras
3416 2903 3628 2980 oderint
3661 2921 3674 2958 :
3703 2903 3780 2959 sic

2191 2974 2396 3027 amicus
2425 2989 2578 3041 esse,
2611 2984 2668 3028 ut
2704 2975 2831 3029 nulli
2871 2976 2941 3030 sit
2975 2975 3143 3043 ﬁdus,
3176 2991 3318 3030 nunc
3353 2974 3605 3041 laudans,
3639 2989 3781 3030 nunc

2191 3043 2517 3116 vituperans,
2543 3061 2683 3101 nunc
2707 3045 3005 3112 blandiens,
3034 3062 3174 3102 nunc
3197 3046 3478 3111 mordens;
3507 3045 3663 3101 hodie
3689 3061 3780 3116 pa-

2190 3115 2341 3195 ratus
2371 3115 2436 3169 ad
2471 3117 2651 3195 oscula
2670 3157 2686 3183 ,
2702 3133 2835 3195 Acras
2863 3117 2944 3195 ad_
2959 3119 3262 3195 Opprobria.
3295 3117 3670 3195 Amorhtalium
3699 3115 3780 3195 Ie-

2193 3187 2408 3241 vissima
2437 3189 2636 3242 recedit
2660 3188 2880 3242 offensa.
2913 3189 2987 3243 De
3014 3190 3096 3243 bis
3117 3188 3324 3244 Tullius
3354 3207 3366 3242 :
3401 3207 3421 3240 ‹
3453 3187 3669 3254 Solem,
3701 3188 3782 3242 in—

2191 3258 2326 3329 quit,
2357 3273 2388 3313 e
2416 3258 2616 3313 mundo
2645 3259 2830 3313 tollere
2858 3258 3122 3325 videntur,
3149 3261 3238 3329 qui
3267 3259 3558 3314 amicitiam
3581 3258 3650 3314 de
3675 3259 3781 3314 vita

2195 3328 2387 3399 tollunt
2405 3343 2544 3399 ;iqua
2572 3330 2701 3383 nihil
2729 3347 2758 3382 a
2786 3331 2894 3384 Deo
2920 3329 3111 3384 melius
3137 3328 3414 3393 habemus,
3443 3330 3576 3385 nihil
3598 3329 3785 3399 jucun-

2191 3398 2312 3473 dius
2341 3398 2487 3473 i_(De
2510 3399 2763 3473 Amicitia,
2787 3417 2848 3473 rt.
2869 3400 3191 3473 47)._Qualis
3212 3403 3470 3471 sapientia
3497 3409 3580 3456 est
3598 3398 3785 3457 audci-

2193 3471 2320 3524 tiam
2348 3471 2622 3536 detestari,
2653 3483 2708 3525 ut
2736 3471 3143 3526 sollicitudinem
3172 3487 3383 3536 caveas,
3405 3473 3550 3526 curis
3575 3488 3782 3541 careas,

2192 3542 2404 3597 cxuaris
2425 3543 2652 3596 timore?
2673 3541 2882 3611 quando
2903 3544 3069 3598 virtus
3089 3544 3230 3598 nulla
3257 3543 3374 3598 sine
3399 3543 3781 3613 sollicitudine,

2193 3622 2282 3684 aut
2312 3613 2591 3682 prudentia
2621 3626 2803 3668 contra
2831 3629 3075 3680 errores,
3107 3615 3189 3668 vel
3219 3615 3564 3684 temperantia
3594 3627 3784 3670 contra

2195 3683 2471 3751 libidines,
2505 3684 2590 3739 vel
2623 3685 2823 3754 iustitia
2853 3697 3038 3739 contra
3076 3683 3363 3749 malitiam}
3394 3693 3483 3739 aut
3521 3685 3784 3740 fortitudo

2193 3767 2375 3827 contra
2401 3755 2658 3826 ignaviam
2688 3765 2905 3827 pugnat.
2928 3757 3056 3823 Quis
3077 3771 3203 3827 ergo
3230 3756 3784 3827 hominutn._max_imo

2194 3824 2648 3893 adolescentium,
2690 3824 2804 3881 sine
2841 3827 3023 3882 dolore
3061 3824 3158 3884 aut
3189 3827 3372 3881 timore
3401 3824 3536 3880 tueri
3573 3824 3784 3894 pudici-

2195 3899 2344 4001 tiam,
2364 3899 2834 4001 chIas‘civientetn
2859 3899 3125 4001 refrenare
3141 3907 3322 4001 potest
3338 3894 3618 4001 aﬁeClllillll.?
3641 3898 3786 4001 Situb

2220 3987 2278 4001 nn
2328 3987 2374 4001 nn
2479 3987 2540 4001 nn
2570 3987 2626 4001 nc
2688 3987 2773 4001 "In
2815 3985 2880 4001 l|l\
2908 3981 2975 4001 nul
3006 3985 3119 4001 Ωιι-Λ
3187 3984 3310 4001 null-0
3342 3979 3387 4001 nl
3422 3983 3480 4001 cn
3527 3979 3668 4001 ΙηιΙιιι
3698 3985 3784 4001 "an

2195 3981 2280 4027 tus
2303 3973 2401 4026 fuit
2435 3970 2658 4036 Paulus,
2687 3972 2775 4041 qui
2813 3970 2981 4024 noluit
3005 3972 3119 4025 sine
3141 3968 3161 4001 ⁸
3186 3984 3312 4026 cura
3341 3979 3396 4023 et
3421 3968 3784 4026 sollicitudine

2194 4044 2407 4107 vivere,
2439 4042 2533 4096 sed
2567 4043 2758 4096 intuitu
2791 4041 3091 4105 charitatis,
3123 4057 3281 4110 quam
3319 4041 3567 4095 virtutem
3607 4042 3782 4098 maxi-

2195 4130 2333 4167 mam
2355 4113 2600 4179 credidit,
2622 4112 2987 4166 inﬁrmabatur
3007 4128 3126 4166 cum
3151 4112 3397 4172 infirmis,
3417 4120 3608 4166 etcum
3630 4127 3784 4166 scan-

2193 4183 2434 4238 dalizatis
2455 4186 2704 4238 urebatur
2731 4183 2794 4254 (II
2818 4183 2934 4238 Cor.
2958 4200 3033 4248 ιιι,
3061 4183 3132 4238 28
3155 4196 3200 4236 et
3221 4183 3348 4252 29)?
3370 4182 3475 4238 Sed
3497 4195 3550 4254 et
3570 4182 3780 4237 tristitia

2195 4256 2273 4311 illi
2305 4264 2422 4310 erat
2442 4299 2456 4322 ,
2489 4264 2543 4309 et
2570 4253 2852 4311 continuus
2877 4255 3032 4309 dolor
3059 4255 3205 4310 cordi
3246 4256 3362 4324 ejus
3402 4270 3496 4323 pro
3528 4253 3781 4308 fratribus

2193 4329 2304 4384 suis
2333 4327 2623 4381 secundum
2649 4343 2864 4382 carnem
2887 4325 3060 4398 (Rom.
3089 4342 3162 4390 ιιι,
3184 4325 3239 4398 2)
3256 4363 3270 4378 .
3291 4326 3406 4398 ligo
3425 4341 3520 4378 eos
3546 4340 3652 4378 non
3675 4335 3780 4378 tam

2195 4398 2440 4453 homines
2468 4414 2624 4469 quam
2653 4399 2846 4453 bestias
2873 4397 3119 4456 dixerim,
3145 4397 3232 4466 qui
3258 4397 3336 4452 sic
3355 4397 3536 4469 dicunt
3561 4410 3680 4449 esse
3707 4397 3780 4469 vi:

2193 4471 2455 4536 vendum,
2486 4467 2542 4524 ut
2572 4471 2702 4524 nulli
2733 4469 3080 4523 consolationi
3112 4469 3247 4531 sint,
3279 4468 3408 4521 nulli
3439 4467 3600 4521 etiam
3631 4467 3780 4521 oneri

2195 4542 2272 4623 vel
2283 4541 2462 4622 dolori
2481 4543 2604 4623 Equi
2627 4540 2765 4622 nihil.
2779 4539 3232 4623 delectationise;
3253 4539 3473 4592 alterius
3490 4538 3781 4623 bono'con-

2192 4614 2410 4681 cipianl,
2444 4607 2572 4666 nihil
2601 4611 2968 4667 amaritudinis
2999 4624 3092 4664 sua
3122 4607 3239 4664 aliis
3266 4607 3615 4679 perversitate
3644 4607 3780 4662 infc-

2193 4692 2330 4746 ranl,
2364 4699 2545 4737 amare
2570 4683 2791 4744 nullum,
2826 4683 2992 4736 amari
3020 4698 3048 4735 a
3079 4681 3224 4735 nullo
3254 4689 3524 4734 curantes.

2263 4755 2488 4810 CAPUT
2522 4753 2609 4808 IX.
2641 4753 2874 4806 Amicitia
2902 4753 3128 4822 puerilis.
3155 4751 3252 4822 Est
3276 4750 3507 4822 amicitia
3537 4749 3778 4822 puerilis,

2191 4842 2348 4895 quam
2376 4841 2540 4896 vagus
2566 4835 2620 4880 et
2648 4820 2930 4880 lasciviens
2957 4833 3101 4878 creat
3131 4820 3374 4896 allectus,
3401 4820 3524 4896 sine
3548 4821 3775 4896 ratione,

2190 4889 2305 4952 sine
2345 4889 2609 4967 pon'dere,
2645 4896 2761 4950 sine
2793 4909 3073 4960 mensura,
3105 4894 3221 4950 sine
3258 4892 3482 4964 alicujus
3508 4889 3779 4948 commodi

2167 4988 2252 5045 vel
2279 4986 2600 5048 incommodi
2631 4985 3074 5040 consideratione.
3103 4983 3229 5038 limo
3265 4982 3332 5038 ad
3353 4993 3562 5051 tempus
3596 4980 3765 5035 vehe-

2168 5087 2382 5136 menter
2405 5077 2569 5133 aflicit
2597 5087 2650 5134 et
2675 5077 2908 5149 stringit,
2930 5076 3176 5132 blandius
3207 5075 3390 5130 allicit.
3409 5073 3516 5130 Sed
3534 5073 3762 5129 allectus

2168 5173 2287 5228 sine
2313 5173 2542 5234 ratione,
2571 5178 2748 5226 motus
2776 5169 3013 5226 bestialis
3065 5181 3166 5236 est,
3213 5168 3279 5222 ad
3323 5183 3546 5240 qumque
3577 5167 3766 5223 illicita

2170 5279 2392 5337 pronus.
2427 5264 2494 5319 Et
2519 5263 2644 5320 licet
2681 5263 2970 5320 amicitiam
3001 5262 3350 5334 promoveat“
3373 5261 3624 5330 affectus,
3655 5273 3765 5316 non

2232 5488 2250 5521 ί
2285 5486 2538 5548 Aelredus,
2555 5485 2863 5540 abutendum.

2127 5590 2150 5600 ς
2229 5549 2250 5582 ³
2282 5547 2537 5610 Αθιιιθιιιιε,
2559 5563 2642 5600 ex.

2230 5611 2252 5675 ἒ
2283 5611 2519 5675 Aelredus
2539 5624 2649 5675 quo.

2229 5673 2252 5705 δ
2285 5673 2520 5724 Aelredus
2541 5669 2691 5734 addit,
2716 5671 2893 5734 tutius;
2916 5684 3011 5722 nec
3032 5671 3200 5732 habet,
3231 5683 3342 5721 cum
3369 5669 3534 5722 Tullio.

2227 5736 2250 5768 ⁸
2284 5736 2412 5785 Adde
2437 5749 2502 5786 ex
2527 5735 2748 5793 Aeli-edo,
2773 5733 2990 5785 alienun.

2229 5797 2249 5827 ⁸
2279 5796 2529 5860 Αθιζρᾱιιε,
2554 5795 2829 5860 prccveniat.

2228 5861 2300 5922 (α)
2335 5857 2480 5910 Aliter
2500 5857 2653 5911 sentit
2673 5872 2731 5910 ac
2745 5860 2902 5911 ct'edlt
2916 5857 3170 5910 Aelredus.
