4094 6342
282 431 370 477 est
394 417 718 492 sequendus,
744 420 846 478 nisi
875 433 997 477 eum
1023 418 1162 476 ratio
1183 418 1362 486 ducat,
1383 427 1438 476 et
1460 419 1714 475 honestas
1739 429 1869 476 tem—

287 501 469 564 peret,
500 501 554 548 et
585 502 735 564 regat
769 493 994 564 justitia.
1033 492 1089 548 In
1124 492 1300 564 pueris
1333 492 1501 564 magis
1535 501 1720 564 regnat
1753 492 1874 546 talis

286 563 531 620 electus.
557 563 792 620 All'ectus
807 567 826 596 ι
851 565 1042 620 infidus
1061 572 1114 618 et
1140 563 1399 634 instabilis
1418 572 1472 617 et
1495 563 1716 634 impuris
1738 564 1871 618 mix-

289 644 375 704 tus
395 651 610 703 semper
631 635 920 702 amoribus,
949 636 1015 691 ab
1038 636 1102 689 iis
1128 649 1263 704 quos
1287 633 1581 704 spiritualis
1603 651 1756 688 amor
1780 635 1872 690 dc-

289 703 452 762 lectat
475 713 764 769 caveatur;
796 722 918 761 nam
948 703 1213 760 venenum
1239 703 1339 760 est.

357 776 588 850 CAPUT?
605 775 673 832 Χ.
701 776 1254 850 ᾼωὶεξιῑαρρίνὶιιιςιιὶι.
1287 774 1439 850 Vera.
1465 776 1714 850 Amicitiae
1728 780 1868 850 fons.

293 848 488 903 Amoris
514 849 676 918 origo.
710 848 1006 903 Primordia
1047 846 1294 902 amicitia:
1315 847 1604 918 spiritualis
1641 846 1867 916 primum

289 919 602 974 lntentionis
625 919 852 989 habeant
876 919 1156 988 puritatem
1178 961 1191 982 ,
1213 920 1433 973 rationis
1473 920 1832 989 magisterium
1853 960 1868 984 ,

289 991 655 1062 temperantia:
681 988 890 1062 frenum
917 1007 929 1042 :
957 999 1011 1044 et
1036 989 1113 1044 sic
1137 991 1483 1062 suavissimus
1507 988 1768 1046 accedens
1793 990 1873 1042 af-

285 1057 480 1127 fectus,
510 1061 583 1115 ita
612 1060 851 1129 profecto
875 1063 1132 1115 sentietur
1155 1061 1346 1120 dulcis.
1371 1071 1428 1114 ut
1456 1075 1575 1115 esse
1603 1077 1870 1130 nunquam

285 1133 495 1188 desinat
520 1131 814 1186 ordinatus.
839 1131 973 1200 Quid
1001 1133 1067 1185 sit
1094 1145 1214 1184 vera
1239 1131 1490 1197 amicitia,
1517 1131 1749 1186 nondum
1778 1147 1874 1184 no-

285 1203 380 1268 vit,
412 1202 502 1273 qui
532 1203 689 1256 aliam
716 1202 826 1257 vult
853 1217 974 1258 esse
1002 1202 1304 1256 mercedem
1329 1217 1486 1272 quam
1519 1204 1705 1270 ipsam.
1738 1201 1870 1273 Nam

284 1289 404 1329 cum
435 1272 635 1329 multas
673 1282 726 1327 et
764 1288 981 1343 magnas
1012 1274 1262 1327 utilitates
1303 1273 1475 1340 pariat
1507 1273 1736 1327 amicitia
1769 1272 1871 1326 fida

285 1344 546 1400 bonorum
566 1387 581 1409 ,
613 1361 718 1398 non
752 1344 895 1398 illam
929 1353 1103 1398 tamen
1135 1344 1203 1398 ab
1229 1343 1377 1407 istis,
1407 1343 1500 1398 sed
1527 1344 1595 1398 ab
1631 1344 1714 1398 illa
1743 1345 1872 1397 istas

284 1415 576 1486 procedere
599 1429 703 1468 non
724 1414 1063 1484 ambigimus.
1088 1413 1218 1467 Cum
1241 1415 1293 1468 in
1317 1414 1471 1486 bonis
1497 1429 1710 1484 semper
1731 1430 1870 1486 prte-

283 1485 439 1542 oedat
465 1485 699 1540 amicitia
719 1527 734 1549 ,
766 1483 1022 1556 sequatur
1049 1486 1248 1540 utilitas
1278 1503 1290 1538 :
1326 1483 1562 1552 profecto
1590 1483 1693 1540 non
1721 1483 1826 1538 tam
1848 1488 1870 1520 ³

283 1567 432 1628 parta
471 1573 567 1628 per
601 1557 864 1621 amicum,
896 1572 1053 1627 quam
1091 1556 1247 1610 amici
1267 1571 1433 1628 amor
1469 1556 1582 1626 ipse
1622 1556 1867 1628 delectat.

281 1627 424 1682 Nihil
453 1626 535 1682 est
571 1627 869 1700 negandum
900 1626 1104 1700 amico;
1135 1626 1311 1700 omnia
1342 1641 1440 1696 pro
1465 1641 1530 1681 eo
1563 1627 1869 1700 sustinenda

282 1707 401 1752 sunt
450 1715 465 1754 :
504 1707 562 1754 et
596 1698 701 1752 vita
740 1699 982 1768 corporis
1024 1698 1267 1767 ponenda
1308 1705 1410 1768 est
1435 1712 1528 1767 pro
1566 1698 1772 1764 amico,
1813 1705 1872 1753 ut

280 1771 459 1824 sanxit
482 1770 658 1824 divina
687 1767 974 1824 auctoritas
1001 1768 1179 1840 (loaa.
1211 1783 1302 1834 xv,
1335 1767 1446 1840 l5).

352 1840 430 1908 (α)
458 1840 598 1896 Fons
617 1849 672 1894 et
690 1841 841 1912 origo
858 1839 1104 1912 amicitize
1119 1854 1280 1912 amor
1299 1847 1382 1894 est
1404 1839 1418 1892 ':
1444 1854 1565 1894 nam
1586 1853 1737 1893 amor
1754 1839 1871 1896 sine

279 1912 510 1967 amicitia
542 1927 662 1966 esse
697 1911 900 1982 potest,
932 1911 1162 1966 amicitia
1203 1912 1316 1982 sine
1355 1925 1538 1982 amore
1577 1925 1864 1980 nunquam.

279 1983 448 2036 Amor
475 1997 601 2038 vero
626 1980 924 2043 ett—natura,
957 1990 1048 2036 aut
1071 1997 1136 2035 ex
1161 1980 1358 2044 officio,
1389 1981 1470 2034 vel
1499 1983 1702 2036 ratione
1731 1983 1863 2049 sola,

279 2053 363 2106 vel
394 2053 511 2107 solo
540 2053 729 2108 all'ectu
750 2095 764 2118 ,
798 2067 1174 2120 nonnunquam
1206 2069 1269 2105 ex
1299 2061 1524 2121 utroque
1560 2053 1716 2106 simul
1749 2068 1865 2118 pro-

279 2124 440 2178 cedit.
471 2123 550 2178 Ex
578 2135 784 2188 natura,
807 2124 944 2178 sicut
970 2135 1139 2178 mater
1160 2122 1327 2191 diligit
1358 2123 1540 2177 lilium.
1569 2123 1644 2177 Ex
1671 2123 1867 2188 ol'licio,

278 2195 494 2263 quando
530 2211 593 2249 ex
635 2195 837 2248 ratione
874 2195 982 2248 dati
1021 2204 1070 2248 et
1112 2194 1347 2263 accepti,
1383 2193 1611 2263 quodam
1653 2194 1870 2261 speciali

277 2265 474 2323 aﬂ‘ectu
501 2266 912 2335 coniunguntur.
945 2266 1020 2319 Ex
1047 2265 1158 2318 sola
1185 2265 1411 2330 ratione,
1439 2265 1575 2317 sicut
1605 2265 1864 2329 inimicos,

279 2351 385 2390 non
415 2353 480 2391 ex
509 2347 798 2406 spontanea
824 2336 1018 2390 mentis
1047 2335 1386 2406 inclinatione
1403 2375 1423 2406 ,γ
1447 2335 1538 2406 sed
1569 2349 1632 2390 ex
1665 2350 1866 2406 praece-

277 2409 354 2478 ptl
379 2405 694 2462 necessitate
723 2407 992 2478 diligimus
1019 2405 1228 2478 (Matth.
1258 2422 1310 2472 v,
1342 2405 1454 2476 44).
1493 2405 1569 2460 Ex
1600 2406 1712 2458 solo
1737 2405 1868 2459 all‘e-

276 2477 647 2550 ctu,quaudo
678 2479 866 2550 aliquis
900 2477 970 2550 ob
1004 2492 1064 2550 ea
1105 2477 1215 2531 sola
1237 2492 1402 2550 ,_qu_:e
1435 2478 1865 2550 corporis‘sunt,

276 2549 429 2620 verbi
457 2546 672 2620 gratia,
716 2546 1161 2620 pulchritudinem
1186 2589 1201 2612 ,
1246 2547 1604 2620 fortitudinem
1627 2589 1640 2612 ,
1684 2546 1869 2620 facun-

277 2619 420 2674 diam
441 2663 453 2684 ,
479 2618 588 2674 'sibi
614 2619 966 2690 quorumdam
999 2620 1216 2673 inclinat
1253 2618 1516 2690 aﬂ'cclum.
1551 2618 1630 2690 lix
1662 2619 1869 2673 ratione

278 2691 435 2746 simul
461 2698 516 2746 et
542 2689 756 2758 aﬂ'ectu,
787 2691 999 2761 quando
1031 2690 1073 2744 is
1102 2704 1260 2760 quem
1288 2689 1358 2744 ob
1383 2689 1592 2742 virtutis
1618 2691 1866 2761 meritum

279 2763 415 2816 ratio
439 2763 627 2816 suadet
655 2760 960 2825 amandum,
991 2775 1196 2815 morum
1222 2761 1502 2824 suavitate,
1531 2768 1584 2813 et
1610 2762 1730 2813 vitae
1758 2760 1870 2813 lau-

279 2831 467 2888 dandas
503 2833 783 2887 dulcedine
819 2834 874 2886 in
911 2832 1132 2887 alterius
1173 2829 1343 2884 inlluit
1381 2831 1616 2885 animum
1651 2849 1664 2884 :
1698 2839 1754 2886 et
1790 2830 1869 2886 sic

280 2904 416 2976 ratio
437 2903 677 2976 jungitur
700 2903 940 2970 all'ectui,
971 2911 1026 2957 ut
1055 2916 1207 2956 amor
1229 2917 1293 2956 ex
1325 2902 1531 2956 ratione
1559 2911 1737 2956 castus
1767 2900 1864 2966 sit,

278 2973 453 3029 dulcis
474 2973 777 3029 exfaffectu.

350 3045 578 3102 CAPUT
603 3045 693 3100 XI.
726 3045 974 3099 Amicitia:
1008 3043 1410 3113 fundamentum.
1443 3040 1864 3097 Fundamentum

280 3117 542 3183 amicitiae,
572 3116 664 3174 Dei
685 3132 836 3170 amor
854 3125 955 3182 est,
977 3112 1042 3170 ad
1064 3129 1221 3185 quem
1247 3112 1445 3176 omnia,
1470 3127 1588 3185 qua:
1607 3113 1692 3167 vel
1715 3128 1869 3185 amor

277 3188 514 3258 suggerit
547 3187 631 3243 vel
670 3187 887 3242 affectus
907 3229 921 3250 ,
954 3184 1129 3258 omnia
1160 3201 1278 3258 qua:
1309 3185 1393 3239 vel
1427 3184 1640 3258 occulte
1655 3184 1868 3258 _aliqu_is

279 3253 513 3328 spiritus,
542 3259 630 3314 vel
654 3259 826 3328 palam
853 3257 1099 3326 quislibet
1124 3253 1314 3310 suadet
1336 3254 1558 3328 amicus,
1587 3253 1866 3328 referenda

279 3324 421 3383 sunt.
453 3324 742 3399 Diligenter
768 3324 1186 3399 inspiciendum,
1219 3334 1275 3399 ut
1301 3325 1553 3399 quidquid
1585 3324 1862 3399 aslruitur,

277 3396 623 3455 fundamento
646 3396 958 3463 conveniat;
984 3408 1036 3452 et
1062 3397 1313 3469 quidquid
1342 3396 1466 3469 illud
1493 3396 1754 3450 excedere
1773 3396 1867 3451 de-

280 3472 646 3541 prehenditur,
678 3471 742 3524 ad
771 3471 886 3541 ejus
913 3468 1139 3524 formam
1169 3468 1560 3533 revocandum,
1589 3475 1644 3541 et
1671 3479 1858 3522 secun-

281 3538 404 3668 ἕπερ
431 3543 550 3612 ejus
577 3538 884 3612 qualitatem
914 3541 1273 3596 omnimodam
1306 3538 1720 3593 convertendum
1758 3553 1864 3594 non

317 3629 348 3668 u
389 3624 507 3666 Ites.

317 3613 507 3668 ubites.

349 3683 575 3739 CAPUT
599 3683 715 3740 XIL
743 3683 976 3738 Delectas
994 3681 1160 3736 amici.
1187 3678 1294 3735 Nec
1319 3692 1506 3732 omnes
1530 3686 1706 3735 tamen
1728 3694 1864 3749 quos

282 3754 543 3825 diligimus
567 3795 582 3821 ,
633 3755 682 3808 in
731 3754 1016 3810 amicitiam
1064 3760 1187 3825 sunt
1229 3749 1556 3825 recipiendi;
1597 3750 1718 3825 quia
1767 3765 1863 3805 nec

283 3821 468 3882 omnes
495 3836 619 3880 sunt
645 3826 711 3879 ad
740 3825 843 3880 hoc
869 3825 1064 3880 idonei.
1089 3823 1220 3878 Nam
1249 3838 1368 3877 cum
1399 3822 1604 3876 amicus
1633 3821 1706 3874 tui
1737 3837 1866 3876 con-

281 3911 397 3952 sors
426 3896 496 3951 sit
527 3897 725 3962 animi,
756 3895 908 3965 cujus
933 3895 1141 3966 spiritui
1174 3903 1318 3966 tuum
1345 3892 1860 3966 _con_j_ungas_et_ap-

283 3969 467 4039 plices,
500 3977 555 4022 et
584 3969 652 4022 ita
681 3963 936 4039 misceas,
965 3963 1028 4039 ut
1051 3979 1216 4018 unum
1243 3963 1356 4039 lieri
1386 3963 1515 4039 velis
1542 3978 1606 4039 ex
1628 3963 1858 4039 duobus,

279 4032 366 4094 cui
397 4032 727 4109 te’tanquam
758 4037 854 4092 tibi
881 4037 1034 4092 alteri
1063 4035 1382 4109 committas,
1413 4032 1865 4109 cui_nih_il_occul-

281 4118 392 4174 tes,
431 4125 462 4163 a
489 4103 600 4180 quo
625 4109 754 4164 nihil
797 4109 1014 4172 timeas;
1047 4105 1272 4180 primum
1301 4113 1451 4180 certe
1477 4103 1754 4180 eligendus
1781 4113 1864 4180 est

315 4181 366 4236 ui
405 4181 472 4234 ad
504 4175 618 4235 haec
654 4191 810 4248 aptus
839 4175 1072 4248 putetur,
1103 4176 1296 4232 deinde
1337 4175 1669 4248 probandus,
1702 4184 1755 4228 et
1783 4175 1862 4248 sic

315 4266 498 4308 cntum
523 4246 902 4306 admittendus.
935 4248 1153 4304 Stabilis
1179 4248 1320 4303 enim
1346 4246 1506 4301 debet
1525 4260 1644 4300 esse
1671 4247 1860 4299 amici-

280 4323 370 4386 tia,
395 4331 450 4377 et
467 4322 752 4394 quamdam
779 4321 1089 4394 aeternitatis
1105 4320 1336 4394 speciem
1358 4318 1625 4394 pra_3ferre_,
1649 4331 1862 4386 semper

279 4389 628 4462 perseverans
655 4393 708 4446 in
735 4391 954 4454 affectu;
985 4406 1092 4445 non
1120 4389 1309 4462 puerili
1337 4389 1495 4462 modo
1515 4389 1716 4443 amicos
1736 4403 1858 4462 mu:

281 4458 394 4520 tare
421 4473 515 4519 aut
542 4463 736 4519 laedere
788 4462 956 4518 Nemo
981 4458 1156 4517 autem
1177 4461 1562 4526 detestabilior,
1587 4474 1745 4529 quam
1767 4458 1859 4529 qui

278 4537 508 4590 amicum
537 4535 784 4615 jusserit;
835 4533 1076 4615 pihilque
1126 4532 1296 4615 magis
1333 4532 1568 4615 animum
1616 4539 1854 4615 torquet,

279 4619 438 4676 quam
469 4607 556 4662 vel
584 4606 759 4661 deseri
801 4604 869 4676 ab
895 4600 1070 4676 amico
1094 4603 1200 4676 vel,
1221 4600 1515 4676 impugnari
1533 4600 1554 4631 ³
1581 4618 1594 4654 :
1623 4600 1713 4654 sed
1759 4600 1856 4654 eli-

277 4672 481 4746 gendus
501 4687 604 4741 est,
634 4687 687 4731 et
714 4675 1036 4747 probandus,
1059 4683 1113 4728 et
1135 4673 1456 4747 tolerantius.
1479 4672 1716 4739 Quatuor
1735 4679 1858 4747 sunt

277 4740 494 4817 gradus,
521 4740 727 4818 quibus"
749 4745 814 4818 ad
842 4746 1090 4818 amicitiae
1121 4743 1505 4818 perfectionem
1534 4740 1853 4818 conscendi—

281 4811 366 4872 ῖιιι·
387 4835 400 4871 :
425 4811 652 4888 quorum
681 4817 886 4888 primus
913 4826 994 4870 est
1019 4811 1245 4874 electio;
1275 4811 1557 4888 secundus,
1585 4811 1852 4888 probatio;

280 4881 497 4955 tertius,
531 4881 1106 4958 admissio;quartus.
1140 4883 1656 4958 rerumdivinarum
1675 4893 1729 4937 et
1758 4881 1857 4936 hu-

277 4953 556 5014 manarum
573 4975 694 5032 cum
714 4953 942 5032 quadam
963 4957 1221 5032 charitalc
1242 4963 1301 5032 et
1325 4953 1692 5032 benevolentia
1712 4969 1858 5032 sum-

279 5045 362 5084 ma
407 5024 892 5084 consensiofSunt
939 5029 1061 5082 vitia
1103 5027 1378 5097 quasdam,
1421 5024 1614 5097 quibus
1651 5024 1694 5076 si
1739 5025 1856 5093 quis

276 5099 436 5154 fuerit
466 5100 754 5164 involutus,
785 5116 890 5153 non
920 5098 1009 5153 diu
1039 5095 1184 5168 leges
1212 5095 1456 5151 amicitiai
1481 5095 1562 5168 vel
1591 5095 1706 5168 jura
1739 5109 1854 5168 ser-

275 5171 440 5226 vabit.
469 5170 585 5226 Non
615 5172 756 5226 enim
787 5169 853 5224 ad
879 5165 1162 5224 amicitiam
1190 5176 1312 5220 sunt
1339 5167 1512 5222 idonei
1553 5165 1712 5220 nimis
1748 5166 1853 5219 ira-

276 5241 458 5310 cundi,
480 5241 778 5307 instabiles,
807 5239 1106 5310 suSpiciosi,
1134 5238 1384 5310 verbosi”:
1407 5253 1525 5308 qua)
1550 5247 1777 5306 quatuor
1803 5235 1854 5290 in

275 5307 537 5368 electione
563 5313 718 5367 amici
761 5307 990 5366 notanda
1021 5318 1163 5363 sunt.
1189 5307 1409 5363 Difﬁcile
1427 5307 1520 5363 est
1545 5324 1666 5362 eum
1693 5323 1854 5377 quem

274 5395 419 5454 sape
449 5381 734 5439 iracundiae
764 5381 912 5454 furor
940 5381 1200 5454 exagitat,
1234 5394 1338 5454 non
1368 5379 1660 5454 aliquando
1683 5379 1854 5454 insurf

274 5449 401 5524 gere
434 5454 489 5509 in
513 5455 765 5509 amicum.
789 5451 942 5511 Unde
971 5449 1376 5524 Ecclesiasticus
1401 5467 1423 5524 :_
1440 5449 1532 5524 list
1558 5451 1749 5524 clinicus
1768 5449 1857 5524 qui

273 5520 452 5580 odium
492 5534 540 5581 et
580 5525 749 5580 rixam
771 5533 819 5580 et
853 5524 1079 5578 convicia
1103 5521 1378 5578 denudabit
1406 5520 1427 5593 (
1451 5520 1615 5576 Eccli.
1645 5537 1729 5587 vt,
1762 5520 1852 5591 9).

337 5637 356 5670 ⁸
387 5637 524 5688 Adde
552 5650 620 5690 ex
639 5635 863 5699 Aelredo,
885 5635 995 5688 talis
1021 5640 1090 5699 ut,

333 5699 358 5734 '
386 5699 522 5752 Adde
536 5700 616 5752 hic
635 5713 746 5752 mm
766 5696 986 5762 Aeli-edo,
1012 5696 1206 5752 utilitas.

335 5760 363 5828 ξ
389 5760 632 5828 elingui
651 5776 702 5828 se
723 5761 782 5813 ab
804 5761 957 5813 amico
978 5759 1268 5828 impugnari.

342 5776 360 5796 ·
389 5776 631 5881 magiam
651 5776 702 5814 se
723 5776 782 5813 ao
799 5776 957 5830 anaco
978 5776 1268 5828 mtpugnan.
1381 5823 1394 5836 υ

342 5824 418 5891 (at
449 5833 480 5875 tt
587 5837 649 5875 ua
669 5823 901 5886 decerpta
925 5831 1034 5875 sunt
1058 5839 1121 5875 ex
1148 5823 1339 5875 aelredi
1363 5822 1485 5874 ltbl‘O
1506 5828 1668 5873 tertio.

1571 301 1772 362 LIBER
1808 297 1898 362 DE
1935 298 2258 363 ΔΜΙϐΠΙΑ.

1988 417 2133 506 Aleti
2143 436 2250 506 esse
2273 422 2466 477 amicas
2486 421 2676 478 homini
2697 425 2976 506 iracundo,
2992 503 3001 506 Α
3015 446 3175 503 neque
3197 433 3422 506 ωηρκιω
3447 453 3564 492 cum

1981 493 2090 575 mro
2103 493 2325 575 iugasti:
2341 510 2402 547 tte
2416 511 2588 575 stratas
2600 499 2896 554 scandalum
2916 493 3102 575 auimai
3121 513 3220 558 tua:
3235 506 3252 570 (
3261 505 3413 559 Prov.
3431 523 3561 575 xxu,

1981 563 2080 627 24,
2105 563 2238 644 25).
2269 565 2402 644 _Sunt
2429 567 2642 644 quidam
2667 583 2736 644 ex
2767 573 2990 628 naturali
3032 563 3409 644 conspersione
3453 563 3562 635 ira:

1981 636 2279 718 (ξαρρψ...Ἷυί
2313 645 2489 718 tamen
2520 639 2654 718 hanc
2681 641 2750 696 ita
2781 646 3136 718 comprimere
3165 636 3230 700 'et
3263 657 3564 717 temperare

1981 706 2192 786 solliciti
2216 708 2232 740 ¹
2263 717 2380 761 sunt
2410 712 2729 786 passionem,
2750 722 2810 786 ut
2835 714 2886 768 in
2908 706 3176 786 "quinque,
3209 706 3400 786 quiluts
3428 731 3561 776 teste

1983 776 2256 844 Scriptura
2317 781 2546 862 amicitia
2600 776 2906 862 dissolvitur
2934 776 3112 856 'atque
3159 776 3554 857 corrumpitur,

1983 864 2250 918 nunquam
2285 851 2556 928 prosiliant
2579 870 2592 914 ;
2619 857 2862 928 quamvis
2899 851 3282 928 nonnunquam
3330 851 3554 916 anticum

1981 933 2248 982 sermone,
2281 922 2361 976 vel
2387 932 2524 986 actu,
2551 922 2776 980 vel‘zelo
2802 928 2964 982 nimio
2985 922 3273 984 offendant.
3296 930 3451 984 Tales
3483 940 3562 985 to-

1981 990 2183 1043 lerandi
2215 1001 2337 1045 sunt
2365 1009 2377 1044 :
2408 1003 2462 1046 et
2489 1009 2610 1048 cum
2643 997 2795 1051 nobis
2833 1008 3042 1054 constet
3077 1000 3144 1056 de
3184 1001 3377 1055 affectu
3403 1004 3563 1057 certi-

1981 1061 2128 1142 tudo,
2157 1062 2200 1143 si
2228 1064 2348 1187 quis
2375 1062 2534 1118 fuerit
2555 1065 2639 1120 vel
2655 1070 2916 1124 sermonis
2937 1072 3020 1125 vel
3042 1072 3268 1126 actionis
3287 1087 3558 1136 excessus,

1981 1146 2153 1186 amico
2175 1149 2226 1186 m
2269 1135 2552 1187 ulaendum
2583 1144 2693 1187 est:
2725 1140 2806 1187 vel
2833 1151 2981 1187 certe.
3007 1139 3122 1187 sine.
3148 1144 3325 1187 alimm
3348 1143 3552 1187 dolor»,

1980 1133 2552 1218 amicoiindulgendum
2583 1144 2693 1201 est;
2725 1140 2806 1193 vel
2833 1151 2985 1218 certe
3007 1139 3122 1196 sine
3148 1144 3325 1212 aliquo
3348 1133 3558 1218 dolore,

1975 1203 2472 1278 jucuudejtsuper,
2502 1207 2554 1278 in
2586 1223 2690 1278 quo
2720 1213 3011 1267 excesserit
3034 1203 3473 1270 commonendus.

2011 1289 2016 1294 ‘
2306 1276 2442 1330 XIII.
2489 1277 2566 1332 De
2586 1273 3104 1358 causisdissolvendte
3121 1285 3558 1358 amicitiae-Qui

1978 1351 2288 1398 conviciatur
2311 1358 2478 1401 autem
2515 1351 2697 1414 amico,
2729 1352 2952 1406 dissolvit
2993 1356 3284 1409 aluit-ilium.
3323 1356 3402 1410 Ad
3425 1359 3557 1410 auti-

1977 1429 2098 1498 cum
2119 1417 2163 1498 si
2180 1417 2472 1498 produxerit
2492 1421 2513 1452 ²
2530 1421 2778 1498 gladium,
2811 1441 2912 1498 non
2940 1425 3206 1496 desperes;
3231 1427 3274 1498 si
3297 1429 3558 1498 protulerit

1978 1502 2033 1539 os
2081 1491 2236 1550 triste,
2283 1503 2382 1541 non
2421 1491 2614 1544 timeas.
2648 1491 2739 1545 Est
2763 1496 2895 1548 enim
2938 1491 3152 1550 reversio
3199 1497 3268 1550 ad
3297 1491 3552 1551 amicum.

1977 1553 2206 1638 Elaeepto
2232 1559 2471 1638 convicio,
2500 1569 2546 1638 el
2570 1563 2894 1638 improperio,
2923 1575 2970 1619 et
2996 1566 3250 1634 superbia,
3293 1576 3340 1621 et
3368 1579 3558 1638 myste-

1976 1629 2040 1680 rii
2068 1629 2384 1708 revelalione,
2412 1639 2456 1683 et
2486 1629 2833 1708 plogadolosa
2845 1629 2950 1708 {in
2980 1629 3070 1690 his
3091 1629 3318 1692 omnibus
3349 1629 3557 1708 eﬂitgiet

1977 1699 2168 1778 amicus
2194 1699 2376 1778 (Eccli.
2411 1699 2545 1767 xxu,
2573 1699 2786 1778 ἢεῖ-27).
2830 1706 3139 1778 Convicium
3179 1699 3558 1778 quippenlanit

1977 1767 2532 1835 famam,'cbaritatem
2559 1767 2863 1840 exstinguit.
2900 1777 3067 1833 Tanta
3094 1788 3176 1833 est
3197 1767 3355 1834 'en'im
3387 1778 3556 1834 homi-

1976 1855 2111 1922 uum_
2150 1841 2367 1922 malitia,
2408 1852 2484 1922 _ut_
2518 1845 2770 1922 quidquid
2813 1850 2888 1902 ira
2941 1851 3226 1922 instigante
3271 1850 3340 1904 ab
3381 1851 3554 1904 amico

1971 1911 2260 1988 jaculatum
2291 1913 2442 1988 fuerit
2471 1911 2805 1988 in'ami'cum,
2833 1920 2982 1988 quasi
3010 1935 3037 1973 a
3068 1911 3404 1975 secretorum
3431 1935 3556 1974 suo-

1976 1997 2092 2057 rum
2119 1982 2142 2013 ³
2165 1985 2409 2057 conscio,
2443 1985 2486 2039 si
2520 2002 2625 2040 non
2661 1982 2928 2057 credatur,
2979 2004 3163 2045 verum
3210 2000 3385 2046 tamen
3433 2005 3555 2047 esse

1975 2052 2234 2132 clametur
2262 2071 2274 2132 ς
2307 2056 2453 2110 multi
2482 2057 2622 2132 cutim
2653 2059 2787 2132 sicut
2821 2052 3048 2129 propriis
3079 2061 3341 2123 laudibus,
3385 2062 3455 2115 ita
3500 2062 3553 2117 in

1975 2123 2199 2204 aliorum
2225 2126 2699 2204 vituperationilms
2727 2123 3076 2204 delectantur.
3117 2132 3553 2204 Quidscelestius

1977 2195 2339 2272 impr-operio?
2374 2198 2514 2272 quod
2544 2199 2703 2272 etiam
2742 2201 2868 2255 falsa
2918 2195 3218 2272 objectiohe
3255 2203 3554 2259 innocentis

1976 2263 2164 2346 faelem
2179 2263 2494 2346 miserando
2514 2263 3024 2346 rubore_perf_u_ndii.
3051 2275 3139 2346 _A_t
3159 2274 3404 2346 superbia
3424 2274 3552 2346 quid

1975 2336 2150 2409 minus
2176 2334 2490 2409 ferendum?
2513 2355 2630 2409 qua:
2654 2334 2824 2396 solum
2853 2343 2905 2396 id
2926 2343 3066 2409 quod
3106 2334 3286 2398 fracta:
3304 2342 3327 2374 ⁸
3371 2334 3556 2398 amici-

1975 2405 2054 2458 tiar
2115 2405 2747 2474 subveniendumfuerat,
2794 2405 3106 2468 humilitatis
3131 2423 3185 2468 et
3202 2409 3555 2468 confessionis

1974 2477 2206 2532 excludit
2247 2480 2565 2544 remedium,
2616 2483 2844 2538 reddens
2873 2483 3141 2538 hominem
3181 2484 3435 2538 audacem
3485 2483 3554 2539 ad

1974 2546 2242 2622 injuriam,
2269 2551 2526 2604 tumidum
2556 2552 2621 2606 ad
2651 2555 3061 2622 correptionem.
3093 2553 3432 2611 Secretorutu
3463 2570 3554 2611 re-

1975 2619 2194 2700 velatio,
2246 2635 2349 2700 qua
2391 2622 2520 2700 nihil
2574 2632 2655 2700 est
2695 2619 2920 2700 turpius,
2975 2625 3105 2700 nihil
3133 2625 3549 2700 exsecrabilius,

1974 2689 2116 2766 nihil
2146 2693 2342 2766 amoris
2373 2692 2454 2746 vel
2485 2694 2669 2766 gratim
2687 2689 3002 2766 relinquens
3029 2697 3167 2750 inter
3191 2697 3411 2762 amicos,
3455 2697 3550 2750 sed

1973 2761 2150 2814 omnia
2175 2762 2790 2836 replensamaritudine,
2834 2761 2887 2820 et
2913 2767 3307 2836 indignationis,
3339 2761 3548 2834 et'odii,

1974 2832 2354 2907 atquedoloris
2385 2833 2507 2888 felle
2527 2846 2728 2907 cuncta
2767 2832 3078 2907 aspergan.
3119 2832 3369 2891 Salomon
3401 2855 3416 2892 :
3452 2832 3552 2904 Qui

1973 2900 2198 2975 detrudat
2224 2920 2412 2956 arcana
2434 2905 2600 2966 antici,
2637 2908 2798 2975 perdit
2827 2900 2978 2975 ﬁdem
3001 2907 3044 2961 ⁸.
3089 2908 3224 2975 Quid
3247 2909 3387 2961 cnim
3419 2900 3554 2962 iule-

1973 2971 2126 3047 l_i_cius
2144 2973 2234 3047 illo
2250 2975 2336 3047 qui
2364 2976 2532 3043 perdit
2555 2971 2734 3042 fidem,
2753 2988 2805 3030 et
2827 2971 3208 3047 "desperatione
3236 2979 3548 3042 languescit?

1977 3041 2126 3119 Unde
2155 3041 2412 3119 depudnre
2433 3047 2583 3119 amici
2606 3041 2813 3119 arcana,
2846 3041 3128 3119 desperatio
3156 3058 3228 3102 est
3257 3041 3440 3102 auium
3472 3049 3552 3101 in-

1974 3114 2134 3189 [elicis
2180 3113 2288 3189 (Id.
2314 3129 2478 3189 xxvu,
2509 3116 2596 3179 l7,
2622 3116 2736 3189 24).
2782 3113 2945 3189 Plaga
2983 3119 3166 3173 dolosa
3219 3127 3303 3173 est
3342 3119 3552 3189 occulta

1971 3184 2267 3259 detractio;
2311 3186 2464 3259 plaga
2503 3184 2766 3259 serpentis
2795 3184 2964 3244 est'et
3014 3189 3214 3259 aspidis
3256 3188 3547 3259 mortifera.

1970 3253 2221 3328 Salomon
2257 3273 2269 3309 :
2301 3255 2362 3328 Si
2391 3253 2613 3310 mordeat
2637 3275 2840 3328 serpens
2862 3259 2917 3314 in
2957 3253 3173 3323 sileri—tio,
3214 3258 3346 3312 nihil
3379 3275 3436 3312 eo
3457 3261 3551 3312 mi-

1971 3341 2066 3378 nus
2089 3325 2820 3402 habetquioccalte(tetra/tit
2869 3329 3062 3402 (Eccle.
3109 3346 3163 3394 x,
3193 3331 3304 3399 Il).
3349 3330 3549 3402 Quem-

1970 3411 2196 3465 cumque
2245 3398 2295 3450 in
2352 3398 2434 3452 his
2472 3398 2612 3452 vitiis
2639 3398 2908 3454 assiduum
2946 3402 3234 3466 inveneris,
3267 3398 3548 3456 cavendus

1973 3466 2064 3520 tibi
2090 3476 2172 3522 est
2195 3467 2452 3540 illc.rnec,
2476 3469 2646 3524 donec
2671 3480 2906 3536 sanetur,
2937 3471 3215 3540 eligendus
3235 3480 3338 3525 est.
3383 3472 3541 3540 Abju-

1969 3553 2148 3591 remus
2173 3539 2431 3604 convicia,
2455 3555 2679 3610 quorum
2712 3542 2852 3596 ultor
2871 3551 2952 3597 est
2985 3539 3140 3596 Deus.
3171 3541 3346 3596 Semei
3378 3539 3542 3595 David

1968 3610 2240 3694 conviciis
2257 3610 2540 3694 impetens,
2561 3627 2592 3694 a_
2609 3612 2895 3694 Salomone
2921 3613 3129 3694 occisus
3146 3622 3228 3668 est
3248 3611 3337 3694 (ιιι
3364 3612 3489 3684 Reg.
3507 3627 3545 3675 ι.

1969 3679 2177 3748 44-46).
2222 3681 2403 3735 Infelix
2430 3681 2592 3736 Nabal
2621 3684 2886 3738 carmelus
2931 3684 3096 3738 David
3134 3679 3456 3738 servitutem'
3491 3692 3546 3738 et

1969 3748 2145 3826 frigell]
2176 3751 2562 3826 i_nlproperaus,
2596 3754 2880 3826 aﬂDomino
2907 3753 3334 3826 percutiimeruit
3361 3763 3415 3807 et
3452 3768 3544 3826 ρετ

1967 3821 2070 3875 cidi
2102 3821 2143 3894 (Ι
2169 3820 2294 3894 Reg.
2326 3839 2452 3886 xxv,
2479 3823 2588 3892 58).
2618 3825 2856 3879 Vitemus
2882 3820 2936 3879 et
2955 3825 3279 3894 superbiam,
3302 3835 3357 3879 et
3387 3824 3543 3879 amici

1967 3893 2188 3961 gratiam
2216 3893 2526 3948 humilitatis
2557 3896 2816 3950 beneflcio
2832 3893 3221 3964 praeveniamus
3247 3895 3286 3948 ⁸.
3309 3895 3392 3950 Ob
3413 3896 3548 3950 hanc

1967 3977 2179 4035 causam
2212 3966 2486 4033 populum,
2521 3975 2572 4019 et
2605 3968 2761 4020 urbes
2796 3967 3023 4020 filiorum
3054 3967 3299 4020 Ammon.
3343 3965 3548 4035 gladius

1966 4033 2130 4110 David
2155 4043 2208 4087 et
2237 4035 2369 4104 ignis
2398 4038 2729 4110 consumpsit
2759 4037 2822 4110 (II
2853 4036 2977 4108 Reg.
3009 4038 3092 4110 x):
3122 4033 3430 4110 Amicorum
3461 4052 3546 4090 re—

1967 4103 2146 4177 velare
2170 4103 2396 4170 seereta,
2430 4103 2776 4177 sacrilegium
2797 4117 2898 4171 est,
2931 4103 3036 4177 quo
3052 4103 3200 4161 'lldes
3220 4108 3478 4161 amittitur
3495 4116 3549 4162 et

1964 4175 2157 4249 animte
2198 4177 2477 4249 captivata}
2523 4175 2826 4249 desperatio
2852 4175 3202 4249 imponatur:
3233 4187 3292 4232 ut
3321 4187 3462 4248 patet
3491 4179 3542 4233 in

1965 4246 2283 4314 Acbitophel
2312 4247 2582 4319 proditore
2615 4247 2724 4319 (Id.
2761 4264 2875 4315 va,
2898 4246 3014 4315 23).
3041 4246 3332 4303 Detrahere
3351 4249 3543 4315 amico,

1965 4332 2230 4391 venenum
2249 4318 2495 4391 amicitia:
2514 4318 2780 4391 putemus,
2802 4321 2942 4388 quod
2963 4319 3140 4374 Marize
3158 4321 3360 4375 sororis
3377 4319 3546 4391 Moysi

1966 4401 2161 4460 corpus
2191 4389 2334 4460 lepra
2368 4389 2603 4460 undavit,
2655 4399 2711 4446 et
2737 4390 2906 4460 ejecta
2929 4401 3009 4446 est
3035 4401 3182 4446 extra
3224 4400 3400 4445 castra
3441 4389 3538 4445 sex
3586 4423 3592 4430 -

1963 4458 2149 4512 diebus
2179 4459 2369 4530 um.
2390 4459 2506 4530 xtl).
2768 4458 2780 4460 “
3021 4463 3024 4466 λ

2034 4529 2257 4584 CAPUT
2286 4529 2426 4585 XIV.
2472 4529 2579 4596 Qui
2602 4532 2768 4585 minus
2787 4531 2956 4586 idonei
2981 4531 3050 4584 ad
3103 4533 3395 4586 amicitiam.
3445 4531 3546 4586 Ca-

1961 4601 2118 4672 veudi
2146 4602 2467 4672 suntetiam
2512 4601 2787 4656 instabiles
2815 4612 2870 4658 et
2903 4604 3217 4672 suspiciosi;
3271 4603 3392 4671 quia
3423 4617 3544 4656 cum

1961 4669 2166 4744 fructus
2188 4670 2435 4744 amicitia:
2460 4672 2527 4726 sit
2553 4673 2833 4744 securitas,
2863 4669 3132 4744 quomodo
3160 4675 3180 4704 "
3208 4683 3262 4727 te
3289 4669 3461 4726 credis
3488 4681 3543 4727 et

1961 4742 2250 4797 committis
2269 4743 2462 4807 amico,
2513 4743 2780 4814 quomodo
2805 4746 2856 4798 in
2883 4742 3000 4814 ejus
3041 4758 3223 4799 amore
3249 4743 3424 4812 aliqua
3452 4757 3539 4810 po-

1963 4814 2100 4884 terit
2128 4829 2248 4867 esse
2287 4814 2545 4868 securitas
2565 4856 2578 4878 ,
2608 4816 2696 4884 qui
2740 4817 2886 4869 omni
2929 4814 3298 4870 circumfertur
3327 4822 3503 4884 iveuto
3524 4854 3538 4880 ,
3567 4865 3571 4874 ,

1961 4883 2107 4938 οηιηί
2151 4884 2438 4953 acquiescit
2488 4882 2731 4952 consilio,
2776 4888 2928 4954 cujus
2971 4885 3190 4940 affectus
3235 4883 3382 4937 molli
3431 4882 3542 4954 luto

1961 4965 2317 5023 comparatus,
2367 4954 2606 5012 diversas
2633 4967 2686 5012 et
2708 4953 3002 5012 contrarias
3034 4965 3142 5011 tota
3169 4954 3257 5008 die
3281 4968 3376 5022 pro
3400 4953 3535 5007 arbi-

1964 5025 2063 5079 trio
2091 5026 2444 5094 imprimentis
2470 5029 2691 5094 suscipit
2727 5037 2782 5082 et
2830 5031 3020 5082 format
3067 5024 3360 5095 imagines?
3403 5023 3540 5092 Quid

1962 5098 2125 5168 magis
2154 5098 2410 5166 competit
2449 5098 2714 5162 amicitiae,
2764 5113 2920 5166 quam
2961 5114 3060 5168 pax
3091 5107 3140 5151 et
3189 5095 3544 5168 tranquillitas

1961 5167 2157 5233 cordis,
2210 5170 2360 5236 cujus
2390 5185 2604 5237 sempor
2651 5165 2845 5237 expers
2873 5165 2975 5224 est'
2998 5167 3361 5238 suSpiciosus?
3398 5165 3540 5238 Nun-

1961 5253 2118 5306 quam
2142 5239 2282 5292 enim
2316 5238 2620 5309 requiescit.
2663 5238 2885 5309 Semper
2919 5255 3038 5293 eum
3066 5237 3350 5293 curiositas
3375 5237 3540 5309 cumi-

1962 5315 2124 5375 tatur,
2171 5325 2288 5378 qua:
2316 5307 2598 5364 continuos
2621 5307 2867 5364 stimulos
2893 5324 3110 5377 acuens,
3156 5307 3541 5380 inquietudinis

2024 5442 2042 5474 ι
2076 5437 2213 5499 Alias,
2239 5436 2379 5489 soliti.

2023 5504 2045 5536 ί
2077 5498 2329 5563 Aelredus,
2352 5499 2538 5563 etiamsi
2560 5498 2862 5563 produxerit.

2025 5567 2048 5598 ³
2077 5562 2252 5624 Supple
2276 5575 2338 5610 ex
2367 5560 2586 5620 Aelredo,
2611 5560 2866 5624 prolatam.

2023 5627 2046 5659 δ
2077 5624 2329 5685 Aclredus,
2355 5634 2446 5685 quo
2469 5628 2624 5673 taetre.
2673 5682 2684 5685 Α

2022 5658 2047 5722 ὁ
2077 5658 2719 5749 Ῑᾶἓῶἱιίἵέἴῖιῖἴιὲωε
2739 5685 2959 5749 quaedam
2987 5697 3052 5738 ex
3072 5685 3292 5745 Aelredot
