4094 6342
241 470 292 551 ί
342 470 443 502 οιιι
1619 470 1821 492 usuusu
1859 470 1928 492 νι

256 519 288 568 ’1
339 559 537 630 gradus
566 566 623 612 et
653 555 869 611 ordines
893 569 1029 630 quos
1060 553 1237 630 elegit,
1269 565 1386 630 esse
1417 560 1613 630 tantam
1643 554 1928 630 amicitiam

337 625 399 686 ἐι
425 630 735 684 charitalem
758 670 771 689 ,
804 636 862 681 ιιι
900 625 977 681 sic
1021 627 1242 695 quisque
1286 625 1468 693 diligat
1509 625 1668 677 alium
1711 626 1846 678 sicut
1874 640 1933 680 se

337 701 550 771 ipsum;
583 707 636 771 et
659 700 794 771 sicut
818 698 1176 771 unusquisque
1203 695 1270 771 d_e
1299 695 1508 771 propria
1527 695 1650 771 ,_sic
1672 695 1930 771 _de_alte_-

338 766 451 825 rius
477 769 728 824 felicitate
754 770 995 829 Izetetur;
1021 779 1072 819 et
1100 768 1165 820 ita
1193 767 1518 830 singulorum
1549 766 1837 829 beatitudo,
1862 768 1929 821 sit

334 842 613 901 omnium,
646 848 699 893 et
737 839 972 893 omnium
1005 838 1381 890 beatitudinum
1414 836 1726 891 universitas
1750 837 1928 902 singu-

334 911 530 966 lorum.
576 911 649 964 lbi
680 909 819 963 nulla
855 908 1231 977 cogitationum
1273 908 1588 970 occultatio,
1622 907 1763 974 nulla
1795 907 1925 962 aﬁ'e-

330 983 570 1039 ctionum
602 979 969 1035 dissimulatio.
1003 978 1125 1032 lltec
1149 988 1229 1031 est
1258 994 1382 1032 vera
1411 977 1664 1041 amicitia,
1696 992 1812 1047 qua:
1841 978 1927 1034 hic

331 1053 647 1116 inchoatur,
677 1050 746 1103 ibi
775 1049 1080 1118 perﬁcitur;
1122 1065 1240 1119 quae
1278 1048 1364 1103 hic
1393 1060 1473 1102 est
1499 1064 1786 1118 pauCorum
1809 1091 1823 1110 ,
1853 1050 1925 1105 ibi

328 1123 608 1186 omnium,
642 1121 730 1175 ubi
755 1135 941 1173 omnes
973 1119 1115 1173 boni.
1162 1120 1254 1173 llic
1282 1130 1363 1173 est
1393 1121 1689 1174 neces-Suria
1729 1120 1922 1188 proba-

327 1193 426 1254 tio,
464 1194 547 1246 ubi
579 1199 661 1245 est
689 1191 1004 1256 sapientium
1038 1200 1091 1244 et
1121 1190 1399 1244 stultorum
1429 1190 1754 1244 commixtio.

404 1261 631 1318 CAPUT
672 1261 857 1315 XXIII.
904 1260 1022 1314 Non
1053 1262 1241 1329 pariter
1263 1261 1561 1315 admittendi
1587 1277 1777 1314 omnes.
1805 1260 1923 1316 Ple-

328 1347 528 1402 rosque
572 1332 715 1387 omni
761 1330 949 1385 affectu
1000 1332 1400 1402 amplectimur,
1450 1347 1584 1402 quos
1630 1341 1804 1385 tamen
1853 1331 1920 1386 ad

323 1401 578 1458 amicitia:
606 1409 807 1458 secreta
853 1416 955 1454 non
984 1401 1340 1464 admittimus,
1368 1417 1466 1456 nec
1490 1401 1556 1455 ad
1579 1402 1919 1456 coasiliorum

322 1474 728 1528 revelationem.
756 1471 809 1524 In
833 1471 1122 1538 Evangelio
1141 1473 1383 1526 Christus
1406 1472 1472 1526 de
1492 1472 1764 1540 discipulis
1785 1473 1915 1538 suis,

327 1559 465 1613 quos
493 1543 560 1598 de
589 1543 756 1596 servis
785 1543 984 1613 amicos
1014 1541 1170 1608 fecit,
1198 1543 1272 1594 ait
1301 1561 1313 1596 :
1341 1540 1462 1595 1am
1501 1560 1601 1595 non
1639 1543 1803 1613 dicam
1832 1560 1918 1597 vos

324 1611 515 1680 servos,
544 1614 632 1667 sed
657 1613 844 1666 amicos
873 1611 1052 1682 (Joan.
1083 1629 1174 1672 xv,
1203 1613 1313 1678 15).
1344 1614 1652 1666 Ambrosius
1670 1612 1690 1644 ²
1722 1631 1734 1665 :
1766 1611 1917 1667 Dedit

324 1685 546 1754 formam
588 1683 823 1736 amicitia:
863 1700 1012 1752 quant
1048 1699 1346 1752 sequamur,
1375 1691 1429 1735 ut
1472 1683 1623 1754 amici
1668 1683 1916 1750 faciamus

324 1753 650 1815 uoluntatem,
682 1762 726 1806 et
755 1755 1042 1822 aperiamus
1071 1762 1260 1806 secreta
1289 1761 1456 1805 nostra
1485 1753 1562 1805 illi
1591 1769 1914 1823 qmecumque

323 1825 380 1878 in
407 1836 605 1892 pectore
633 1824 898 1886 habemus,
925 1832 970 1893 et
997 1825 1132 1877 illius
1159 1840 1346 1875 arcana
1373 1839 1471 1876 non
1499 1823 1784 1890 ignoremus
1813 1825 1916 1893 (De

323 1893 473 1965 0/ﬁc.
505 1896 590 1948 lib.
620 1896 672 1959 5,
704 1892 962 1965 cap.i2l).
993 1893 1132 1965 Nihil
1162 1894 1302 1948 enim
1338 1894 1566 1948 occultat
1593 1895 1794 1965 amicus
1824 1892 1836 1947 ὲ
1867 1895 1913 1950 si

319 1963 484 2020 verus
511 1974 626 2028 est,
667 1963 889 2019 eﬁ'undit
922 1963 1157 2018 aninmm
1202 1979 1389 2028 suum,
1435 1965 1572 2018 sicut
1611 1963 1912 2021 eﬁ'nndebat

318 2036 588 2107 mysteria
605 2036 778 2107 Ruris:
791 2035 882 2107 sui
902 2035 1163 2107 _Dominus
1193 2044 1373 2107 noster
1397 2034 1553 2107 Jesus
1576 2033 1836 2107 Christus.

391 2103 620 2161 CAPUT
658 2103 849 2158 XXIV.
894 2103 967 2158 De
991 2106 1129 2157 cultu
1157 2106 1409 2158 amicitiae.
1451 2105 1910 2173 Quemadmodum

316 2176 551 2232 amicitia
593 2177 663 2231 sit
704 2173 956 2240 colenda,
1002 2175 1292 2230 videamus.
1334 2174 1752 2230 Firmamentum
1781 2191 1910 2242 ergo

314 2247 622 2301 atabilitatis
649 2254 704 2300 et
733 2246 1043 2300 constantia:
1080 2247 1132 2300 in
1171 2247 1401 2300 amicitia
1441 2255 1524 2301 est
1567 2246 1698 2301 ﬁdes
1730 2264 1744 2300 :
1777 2247 1909 2301 nihil

314 2318 461 2372 enim
500 2327 582 2372 est
619 2316 808 2370 stabile
845 2316 986 2385 quod
1016 2316 1233 2371 infidum
1260 2325 1361 2370 est.
1396 2316 1514 2371 Non
1543 2316 1704 2370 ﬁdum
1737 2327 1910 2386 potest

317 2402 440 2442 esse
467 2387 741 2456 multiplex
763 2387 1030 2455 ingenium
1054 2395 1108 2441 et
1135 2395 1430 2441 tortuosum
1455 2404 1468 2440 :
1492 2402 1663 2456 neque
1687 2388 1776 2457 qui
1802 2402 1908 2443 non

316 2459 525 2512 eisdem
551 2459 708 2513 rebus
735 2467 1034 2520 moventur,
1068 2472 1164 2512 nec
1190 2457 1390 2512 eisdem
1418 2458 1775 2521 consentiunt,
1801 2466 1909 2512 sta-

314 2527 444 2583 bilis
483 2542 600 2582 esse
643 2535 867 2596 possunt
906 2527 1153 2582 amicitia:
1197 2537 1287 2582 aut
1329 2528 1469 2582 fidei.
1517 2528 1632 2582 Prze
1661 2527 1907 2584 omnibus

313 2597 554 2654 cavenda
599 2607 683 2653 est
729 2599 994 2667 suspicio,
1036 2613 1156 2667 qua:
1199 2606 1281 2652 est
1323 2597 1570 2652 amicitiae
1616 2613 1902 2654 venenum.

315 2667 434 2723 Non
467 2683 696 2738 unquam
726 2667 793 2722 de
817 2667 990 2722 amico
1017 2668 1151 2722 mala
1178 2667 1501 2735 sentiamus,
1531 2683 1630 2724 nec
1660 2670 1798 2724 mala
1826 2670 1909 2724 di-

312 2739 457 2794 centi
487 2739 790 2794 credamus.
817 2738 1052 2793 Accedat
1074 2738 1195 2792 hinc
1222 2739 1272 2792 in
1299 2754 1547 2794 sermone
1575 2739 1894 2808 iucunditas,

315 2809 557 2864 hilaritas
596 2810 651 2863 in
688 2809 866 2875 vultu,
905 2809 1136 2863 suavitas
1165 2809 1218 2863 in
1247 2809 1514 2874 moribus,
1547 2810 1600 2863 in
1631 2812 1904 2865 oculorum

315 2881 476 2935 etiam
506 2889 635 2934 nutu
661 2879 940 2935 serenitas.
969 2879 1202 2934 Tristitia
1233 2895 1460 2949 namque
1484 2889 1538 2934 et
1561 2882 1796 2936 severior
1825 2881 1906 2935 fa-

315 2951 423 3006 cies
455 2951 616 3006 habet
642 2949 924 3019 quamdam
950 2949 1226 3004 honestam
1253 2952 1564 3020 gravitatem
1596 2969 1608 3004 :
1643 2952 1736 3006 sed
1766 2952 1904 3006 ami-

313 3022 436 3075 citia
459 3021 611 3091 quasi
637 3021 914 3076 remissior
936 3020 1219 3090 aliquando
1241 3021 1399 3074 debet
1422 3035 1561 3087 esse,
1588 3030 1640 3076 et
1662 3022 1900 3088 liberior,

311 3101 368 3146 ct
391 3092 633 3155 dulcior,
667 3091 732 3145 ad
761 3092 1067 3145 comitatem
1107 3091 1518 3161 facilitatemque
1547 3091 1662 3146 sine
1688 3092 1905 3148 levitate

313 3171 368 3216 ct
392 3163 742 3217 dissolutione
769 3162 1071 3232 proclivior.
1115 3162 1210 3216 Est
1241 3171 1494 3232 prmterea
1518 3163 1607 3230 jus
1632 3163 1897 3229 amicitia),

311 3245 496 3301 parem
523 3248 642 3287 esse
679 3231 914 3286 inferiori
942 3231 1290 3298 superiorem.
1323 3232 1476 3302 Same
1512 3233 1724 3302 quidam
1766 3233 1902 3288 infe-

309 3302 470 3356 rioris
511 3303 704 3370 gradus
747 3312 802 3358 et
843 3302 1076 3362 ordinis.
1124 3302 1394 3372 dignitatis
1441 3312 1495 3358 et
1539 3304 1806 3370 scientiae,
1835 3305 1903 3359 ab

309 3373 780 3428 excellentiorihus
804 3382 1146 3427 assumuntur
1173 3375 1222 3426 in
1251 3373 1570 3438 amicitiam;
1602 3375 1670 3427 ita
1699 3383 1754 3428 ut
1779 3375 1903 3428 sub-

310 3441 451 3496 limis
479 3443 786 3510 descendat,
819 3443 1030 3497 humilis
1056 3445 1342 3506 ascendat,
1376 3444 1524 3498 dives
1551 3454 1734 3512 egeat,
1767 3460 1900 3514 pau-

309 3527 406 3582 per
429 3514 677 3578 ditescat,
709 3522 763 3567 et
792 3515 860 3566 ita
894 3517 1254 3583 unusquisque
1282 3515 1432 3568 alteri
1464 3530 1612 3569 suam
1640 3516 1902 3569 conditio-

307 3599 432 3638 nem
461 3586 838 3643 communicet.
870 3595 925 3636 ut
953 3584 1043 3636 ﬁat
1070 3586 1362 3652 aequalitas.
1395 3584 1546 3640 Unde
1575 3587 1659 3654 qui
1688 3587 1901 3639 multum

307 3654 504 3725 habuit,
536 3671 635 3707 non
665 3654 972 3717 abundavit;
1001 3665 1046 3707 et
1075 3656 1161 3725 qui
1189 3657 1472 3718 modicum,
1507 3673 1608 3709 non
1635 3657 1899 3710 minoravit

309 3724 384 3794 (11
404 3723 520 3778 Cor.
541 3741 664 3796 V‘lll,
688 3725 798 3793 15).
826 3723 1099 3796 Nunquam
1125 3735 1213 3778 tuo
1237 3735 1286 3780 te
1306 3726 1559 3796 praeferas
1581 3728 1784 3780 amico:
1805 3727 1899 3781 sed

307 3796 352 3849 si
382 3797 517 3850 l'ortc
548 3797 598 3849 in
626 3795 690 3848 iis
714 3812 831 3865 quze
859 3795 1087 3848 diximus
1115 3795 1358 3865 superior
1389 3797 1661 3863 inveniris,
1697 3807 1821 3852 tunc
1851 3809 1901 3854 te

308 3869 474 3935 magis
506 3867 678 3920 amico
707 3867 976 3920 submitte.
1015 3865 1129 3919 Non
1173 3868 1438 3921 cuucteris
1480 3877 1732 3935 praestare
1769 3883 1899 3923 con-

306 3936 602 4006 ﬁdentiam,
630 3937 892 3995 extollere
911 3936 1286 4001 verecundum,
1305 3947 1359 3991 et
1382 3947 1526 3992 tanto
1553 3939 1672 4006 plus
1695 3939 1744 3992 ei
1771 3955 1900 3992 con-

305 4005 448 4061 ferre
471 4010 688 4060 IIOIIOI'IS
710 4016 908 4076 quanto
943 4006 1118 4060 minus
1143 4009 1522 4061 coulereudum
1554 4005 1788 4062 Conditio
1818 4010 1898 4064 vel

345 4086 593 4146 aupertas
620 4078 933 4146 prmscribit.
963 4076 1218 4130 Jonathas
1252 4079 1393 4131 enim
1435 4077 1605 4133 fmdus
1635 4079 1752 4132 iniit
1775 4093 1896 4133 cum

345 4092 593 4146 aupertas
620 4092 933 4146 prarscrunt.
963 4092 1218 4130 Jonatnas
1252 4093 1393 4131 enim
1435 4092 1605 4133 uenus
1635 4092 1752 4132 tnut
1775 4093 1894 4133 cum

305 4092 474 4202 Bavid
495 4190 507 4208 ,
537 4158 591 4201 et
619 4149 889 4202 servulum
921 4147 1285 4218 inamicitiam
1326 4148 1612 4218 adaequans
1656 4148 1894 4217 domino,

303 4217 540 4288 fugatum
568 4234 596 4270 a
623 4229 794 4286 patre,
823 4218 900 4271 sic
925 4217 1279 4288 adjudicatum
1306 4217 1482 4280 morti,
1515 4219 1633 4272 neci
1659 4220 1896 4276 destina-

305 4287 450 4352 tum,
484 4289 582 4342 sibi
617 4289 877 4358 pra-tulit,
903 4304 962 4343 se
989 4287 1306 4354 humilians,
1338 4298 1392 4343 et
1431 4290 1578 4344 illum
1616 4291 1892 4344 exaltans:

303 4358 403 4424 Tn,
434 4361 624 4433 inquit,
653 4359 752 4433 eris
778 4374 884 4422 rex,
915 4368 1084 4433 et_ego_
1102 4375 1185 4412 ero
1213 4360 1460 4433 secundus
1490 4369 1599 4431 post
1625 4370 1670 4414 te
1699 4361 1739 4430 (1
1768 4362 1893 4433 Reg.

303 4446 439 4485 xxm
459 4473 473 4494 ,
505 4431 618 4500 17).
650 4430 837 4500 Sinon
867 4438 922 4483 ut
945 4429 1217 4484 dominum
1251 4431 1341 4485 tibi
1369 4429 1576 4485 videtur
1603 4429 1894 4500 praeferre”

302 4515 422 4554 eum
451 4499 606 4571 quem
634 4499 808 4570 diligis
827 4542 842 4564 ,
870 4500 954 4555 vel
987 4515 1166 4569 parem
1196 4501 1372 4556 facere
1403 4517 1526 4556 eum
1554 4499 1646 4558 tibi
1671 4519 1776 4557 non
1805 4518 1898 4558 ne-

301 4570 488 4643 gligas.
540 4570 656 4624 Non
701 4573 842 4624 enim
887 4571 1118 4625 amicitia
1161 4581 1307 4643 recte
1353 4572 1580 4636 colitur,
1630 4588 1658 4626 a
1703 4575 1896 4643 quibus

301 4642 580 4711 :equalitas
621 4656 725 4694 non
767 4649 1028 4696 servatur.
1077 4641 1232 4695 Defer
1258 4643 1430 4696 amico
1459 4650 1520 4696 ut
1545 4641 1764 4710 aequali,
1797 4659 1899 4699 nec

302 4719 355 4765 te
380 4713 580 4780 pudeat
603 4720 662 4766 ut
689 4714 982 4780 prmvenias
1011 4727 1130 4766 eum
1157 4711 1332 4766 ofﬁcio
1357 4713 1452 4782 (a).
1480 4712 1724 4767 Amicitia
1752 4716 1894 4768 enim

301 4785 473 4837 nescit
501 4783 829 4852 Superbiam.
860 4783 1057 4838 Fidelis
1081 4783 1278 4853 quippe
1305 4784 1508 4837 amicus
1538 4784 1896 4839 medicamen--

301 4860 413 4909 tum
440 4863 522 4908 est
547 4855 691 4906 vitae.

371 4923 598 4980 CAPUT
625 4923 792 4978 XXV.
835 4923 1081 4978 Amicitia:
1122 4924 1206 4979 lea:
1251 4924 1304 4978 in
1347 4924 1570 4990 petendis
1599 4932 1646 4978 et
1689 4925 1892 4981 dandis.

301 4992 426 5049 Ilzec
451 5007 537 5050 est
575 4995 736 5065 igitur
762 4995 842 5050 lex
883 4997 932 5049 iu
961 4995 1190 5050 amicitia
1216 5037 1231 5061 ,
1277 5003 1335 5049 ut
1363 4995 1431 5048 ab
1461 4995 1646 5049 amicis
1672 4995 1895 5052 honesta

301 5074 548 5134 petamus
569 5106 582 5129 ,
625 5075 676 5120 et
710 5082 806 5134 pro
828 5065 906 5119 eis
932 5066 1152 5120 honesta
1181 5065 1454 5131 faciamus,
1491 5081 1588 5120 nec
1615 5077 1893 5136 exspecte-

301 5151 420 5190 mus
461 5148 520 5190 nt
562 5150 850 5205 rogemur:
880 5137 1144 5190 cunctatio
1187 5151 1398 5204 semper
1436 5137 1612 5204 absit,
1661 5136 1892 5192 studium

299 5221 520 5278 semper
534 5207 699 5278 adsit.
728 5206 898 5278 ferite
921 5248 936 5271 ,
968 5207 1136 5275 inquit
1163 5206 1413 5278 Salomon
1439 5248 1452 5266 .
1483 5208 1747 5277 pecuniam
1772 5225 1894 5278 pro-

301 5285 410 5348 pter
437 5277 658 5329 auiicum
694 5275 883 5345 (Eccli.
923 5293 1044 5330 xxix
1067 5317 1081 5340 ,
1111 5277 1220 5347 15).
1269 5277 1322 5332 Si
1361 5275 1501 5331 enim
1527 5281 1745 5347 pecunia
1771 5275 1894 5348 per-

299 5347 472 5401 denda
499 5357 581 5402 est
609 5360 829 5416 propter
863 5351 1091 5401 amicum
1117 5389 1131 5412 ,
1169 5348 1336 5401 multo
1362 5349 1529 5418 magis
1559 5351 1712 5403 amici
1750 5347 1894 5404 utili-

301 5420 498 5472 tatibus
543 5417 628 5471 vel
672 5418 1075 5472 necessitatibus
1105 5417 1468 5473 canferenda.’
1499 5419 1586 5473 Sic
1617 5421 1774 5489 igitur
1799 5421 1895 5476 des

300 5491 493 5560 amico,
527 5497 585 5542 ut
611 5503 714 5542 non
735 5489 1096 5560 improperes,
1131 5505 1236 5542 non
1269 5490 1569 5543 mercedem
1593 5503 1889 5560 exspectes,

301 5573 406 5615 non
435 5559 668 5613 frontem
697 5559 949 5622 obducas,
980 5575 1085 5612 non
1106 5561 1308 5614 vultum
1335 5571 1566 5627 avertas,
1595 5559 1703 5615 non
1729 5562 1895 5631 depo-

330 5671 380 5782 iu‘
416 5670 834 5782 AgggﬂAgltgedum
864 5686 875 5721 :
909 5680 979 5722 De
1003 5670 1076 5723 his
1100 5673 1274 5736 verbis,
1289 5679 1343 5724 ut
1381 5680 1573 5726 sanctus
1604 5675 1673 5726 ait
1697 5676 1893 5728 Ambro-

373 5747 418 5782 s.
586 5767 602 5782 .
703 5771 713 5781 .

298 5733 418 5793 eius,
444 5733 602 5791 dedit,
617 5741 713 5782 etc.
1262 5733 1268 5736 ⁷

315 5855 328 5857 ᾼ
361 5797 381 5827 ³
415 5795 699 5857 Legendum
720 5808 732 5844 :
757 5794 808 5846 si
841 5796 1022 5847 durum
1059 5795 1146 5848 tibi
1166 5795 1355 5849 videtur
1387 5803 1439 5849 ut
1473 5797 1719 5852 dominum

301 5855 444 5986 hac;
471 5918 574 5970 vid.
601 5918 814 5970 Ambros.
841 5917 928 5970 lib.
952 5920 986 5970 5
1004 5919 1070 5969 de
1086 5921 1237 5983 Ome,
1261 5936 1369 5988 cap.
1393 5923 1471 5975 21.

545 6001 773 6068 Sacr.
822 6004 1104 6070 Aususr.
1145 6005 1255 6068 VI.

1761 5814 1892 5866 pra:-

1619 433 1821 492 LIBER
1859 434 1949 492 DE
1988 434 2313 494 AMICITIA.

3515 456 3624 516 842

2041 569 2138 636 pas
2166 556 2350 636 oculos
2374 572 2388 620 ;
2435 556 2528 636 sed
2557 570 2744 636 serena
2773 559 2906 617 facie
2924 605 2938 628 ,
2971 562 3124 620 hilari
3149 569 3296 624 vultu
3321 611 3335 635 ,
3363 585 3615 633 sermone

2033 627 2267 748 iucundo
2311 627 2563 682 intercide
2617 631 2774 685 verba
2818 636 3044 701 petentis
3073 659 3086 690 :
3116 627 3336 697 occurre
3375 627 3614 701 lit-neve:

2059 706 2218 748 culta.
2253 707 2310 748 ut
2336 713 2437 748 non
2461 711 2672 748 rogatus
2699 703 2929 748 videaris
2961 716 3210 748 mmmam
3237 713 3374 748 mma
3394 718 3590 748 ηοω..-

2059 697 2218 759 entia,
2253 707 2310 751 ut
2336 713 2437 779 non
2461 697 2929 782 rogatusvidearis
2961 716 3210 782 pratstare
3231 713 3374 782 quod
3394 697 3612 782 pelitur.

2036 765 2298 834 Ingenuus
2326 765 2534 853 animus
2563 771 2692 853 nihil
2725 776 2890 853 magis
2917 765 3608 853 erubescendum

2033 852 2190 923 quam
2217 855 2422 908 rogare.
2456 841 2590 923 Cum
2623 844 2778 923 igitur
2799 846 2892 899 tibi
2921 862 3040 923 cum
3063 851 3234 923 amico
3263 863 3351 905 tuo
3376 870 3493 910 esse
3523 841 3617 911 de:

2030 905 2155 988 beat
2182 905 2463 988 cor'unum
2497 921 2552 965 et
2580 905 2754 988 anima
2785 931 2887 988 una
2911 957 2926 980 ,
2956 917 3266 982 iniuriosum
3297 905 3490 986 estrsi‘
3505 905 3612 982 n—ovn

2031 981 2176 1061 sitat.
2206 981 2424 1061 pecunia
2463 997 2590 1061 una.
2631 983 2717 1061 Sic
2741 1000 2800 1038 se
2825 987 2922 1040 sibi
2949 981 3150 1061 suaque
3178 981 3521 1061 impendant,
3555 981 3612 1052 ut

2029 1050 2118 1135 qui
2145 1050 2272 1135 dat,
2299 1060 2475 1106 servet
2505 1051 2822 1110 hilaritatem
2847 1073 2862 1122 ;
2889 1059 2978 1128 qui
3007 1050 3236 1130 accipit,
3254 1050 3266 1061 ’
3286 1079 3391 1118 non
3423 1050 3611 1135 perdat

2028 1131 2197 1174 securi
2207 1131 2364 1175 tatem
2375 1161 2385 1172 .

2098 1191 2321 1266 CAPUT
2360 1191 2546 1266 XXVI.
2591 1193 2725 1261 Quid
2748 1197 2841 1250 sibi
2865 1199 3154 1266 impendere
3191 1203 3398 1259 debeant
3424 1207 3597 1262 amici.

2027 1259 2498 1346 Suutjnnamicitia
2521 1259 2692 1346 aliqua
2719 1267 2774 1346 iu
2814 1259 3004 1346 quibus
3032 1271 3146 1346 sibi
3164 1273 3352 1330 adesse
3377 1259 3600 1346 possunt

2025 1331 2201 1412 amici.
2226 1332 2459 1417 Primum
2489 1343 2544 1388 ut
2562 1331 2772 1417 solliciti
2797 1331 2901 1392 sint
2923 1341 3290 1417 pro_invicem,
3321 1331 3472 1402 orent

2024 1403 2286 1486 invicem,
2333 1404 2645 1486 er_ube_scan_t
2685 1408 2820 1462 alter
2851 1403 2947 1477 pro
2989 1412 3154 1486 altero
3175 1455 3196 1486 ,γ
3221 1403 3355 1471 alter
3377 1403 3606 1486 gaudeat

2024 1473 3084 1559 122°alteriuela'eltmmeum"
3114 1473 3312 1559 dele“!!-
3351 1473 3424 1559 (ξ)
3456 1473 3604 1559 [sua

2022 1541 2216 1597 dilecto
2245 1560 2370 1618 suus
2397 1546 2485 1618 ille
2509 1545 2596 1614 qui
2619 1547 2870 1618 diligitur.
2906 1550 3046 1607 Inter
3071 1541 3601 1615 variabiles‘ftir'tu'nﬁze

2020 1622 2255 1696 casusnet
2300 1616 2348 1668 in
2381 1615 2630 1696 varietate
2671 1615 3032 1696 mutabilium,
3074 1623 3204 1696 nihil
3250 1628 3428 1696 utique
3454 1645 3483 1683 a
3511 1645 3600 1684 sa-

2022 1684 2288 1758 pientibus
2335 1687 2544 1755 potius,
2603 1687 2920 1758 benignius,
2977 1684 3190 1748 suavius
3219 1711 3282 1750 ac
3323 1684 3599 1756 lionestius

2019 1754 2314 1837 insumatur
2337 1754 2366 1837 ,_
2398 1754 2777 1837 quam-veram
2807 1754 3089 1837 amicitiam
3134 1764 3391 1822 invenire.
3447 1754 3601 1837 Quod

2018 1830 2200 1878 tenere
2223 1825 2491 1896 diligimus
2513 1869 2526 1890 ,
2571 1827 2620 1882 id
2654 1829 2858 1884 videndi
2888 1831 3155 1888 desiderio
3182 1825 3491 1894 aestuamus:
3521 1825 3599 1897 Ea

2019 1908 2245 1976 namque
2273 1907 2356 1952 est
2383 1897 2459 1952 vis
2479 1899 2697 1976 amoris,
2732 1909 2786 1954 ut
2813 1903 2998 1976 oculus
3014 1907 3205 1958 mentis
3225 1907 3433 1970 offerat,
3454 1913 3596 1976 quod

2015 1965 2288 2045 ardentius
2317 1983 2470 2045 meus
2489 1968 2773 2045 desiderat.
2809 1971 3106 2045 Qccurrunt
3127 1976 3266 2028 enim
3294 1965 3433 2032 ηυιςιὲ
3465 1965 3589 2045 iure,

2014 2036 2302 2116 yerba__tua
2332 2038 2490 2092 melle
2527 2040 2780 2116 condita:
2811 2041 3049 2097 Occurrit
3080 2045 3313 2101 felicium
3359 2036 3595 2106 noctium

2009 2106 2333 2184 iucunditas,
2359 2124 2476 2178 qua:
2497 2124 2580 2184 me
2601 2111 2728 2184 mihi
2756 2110 3016 2180 furantur,
3035 2124 3090 2170 et
3107 2117 3301 2184 studio,
3328 2126 3383 2172 et
3400 2119 3592 2176 labori.

2014 2173 2072 2252 In
2097 2177 2267 2232 media
2302 2173 2530 2252 namque
2557 2180 2784 2252 lectione
2823 2191 2872 2236 te
2897 2173 3104 2239 somnio
3127 2227 3142 2252 ,
3174 2187 3225 2241 in
3257 2173 3593 2245 somnisam;

2013 2245 2214 2316 plector
2240 2257 2296 2320 te
2313 2249 2416 2320 ,Hin
2440 2245 2783 2320 amplexibus
2813 2262 2863 2306 te
2888 2253 3074 2309 amitto
3097 2295 3109 2320 ,
3129 2245 3208 2312 "et
3232 2267 3282 2313 te
3309 2267 3363 2312 et
3384 2263 3594 2316 somnio

2012 2330 2134 2397 cum
2164 2332 2256 2372 sua
2280 2318 2483 2397 fallacia
2512 2319 2838 2397 discedente.
2887 2318 3104 2397 Medere
3124 2341 3251 2397 ergo
3275 2329 3588 2395 desideriis,

2012 2387 2506 2468 medereabsentia}
2531 2404 2545 2453 ;
2576 2389 2881 2468 diligentem
2912 2400 2962 2468 ie
2987 2394 3143 2468 dilige
3162 2387 3387 2468 ,Vsitqne
3417 2387 3593 2455 reme;

2011 2455 2156 2510 dium
2187 2457 2445 2538 iduuostri
2475 2455 2710 2538 furoris',
2754 2470 2810 2538 ut
2853 2462 3021 2538 sciant
3046 2455 3137 2538 q'ui
3164 2455 3226 2522 te
3253 2455 3476 2538 diligunt
3505 2487 3591 2525 tne

2010 2540 2214 2601 amare.
2245 2529 2416 2601 Minus
2446 2531 2586 2583 enim
2613 2545 2762 2601 amor
2788 2531 2947 2586 habet
2971 2529 3171 2591 amoris
3191 2578 3204 2601 ,
3234 2538 3322 2592 ubi
3345 2529 3410 2594 se
3430 2543 3592 2596 sentit

2010 2597 2102 2667 qui
2127 2599 2294 2667 diligit
2329 2613 2432 2654 non
2471 2600 2656 2654 amari.
2700 2603 3006 2657 Amicorum
3040 2597 3292 2662 enimest
3315 2650 3328 2671 ,
3362 2609 3589 2667 invicem

2010 2683 2104 2723 sua
2134 2671 2353 2743 negotia
2372 2685 2662 2743 agnoscere
2685 2712 2700 2734 ,
2739 2680 2793 2726 et
2821 2673 2930 2727 suis
2959 2679 3440 2743 opportunitatibus
3469 2698 3590 2736 mu-

2011 2745 2154 2820 tuam
2181 2741 2596 2820 vicissitudinem
2626 2742 2953 2820 impendere.
2984 2741 3098 2820 Non
3128 2757 3208 2801 est
3230 2751 3462 2818 amicus,
3493 2754 3584 2820 qui

2010 2811 2182 2892 exilico
2213 2826 2318 2892 oon
2368 2811 2644 2876 subvenit;
2693 2811 2792 2892 uec
2817 2815 2976 2892 etiam
3022 2817 3190 2892 bonus
3234 2821 3412 2892 socius
3437 2811 3459 2887 ,’
3497 2811 3587 2892 qui

2010 2881 2140 2934 socii
2164 2881 2460 2955 adve_rsum__
2478 2897 2660 2955 parum
2694 2883 2888 2955 lugeat,
2920 2887 3136 2940 alterius
3159 2881 3449 2954 profectum
3482 2881 3588 2947 nim

2008 2965 2166 3004 suum
2190 2950 2461 3029 restitue”
2519 2953 2718 3020 Quibus
2744 2950 3178 3029 modisimpendi
3211 2961 3225 2990 ί
3255 2971 3460 3029 potest,
3483 2965 3590 3017 eri-

2007 3031 2096 3097 gat
2143 3021 2532 3097 pusillanimem
2563 3064 2579 3088 ,
2607 3025 2887 3097 suscipiat
2926 3021 3194 3081 inﬁrmum
3219 3071 3232 3090 ,
3255 3021 3587 3088 'consoletur

2007 3092 2237 3168 tristem,
2271 3093 2459 3168 iratum
2487 3093 2766 3168 sustineat.
2800 3094 2888 3168 Sic
2913 3097 3098 3150 oculos
3130 3110 3374 3153 vereatur
3399 3105 3577 3168 amici,

2008 3169 2068 3238 ut
2096 3162 2226 3238 nihii
2250 3163 2390 3238 quod
2437 3163 2772 3238 inhonestum
2813 3165 2882 3217 sit
2918 3181 3113 3238 agere,
3153 3169 3282 3222 nihil
3313 3173 3454 3238 quod
3485 3162 3584 3228 de;

2007 3231 2194 3313 deceat
2212 3232 2352 3300 loqui
2380 3242 2685 3313 pr:rsutnat.
2713 3233 2845 3288 Nam
2867 3231 3121 3306 quidquid
3147 3239 3258 3308 ipse
3279 3231 3583 3313 deliquerit,

2007 3301 2061 3356 in
2093 3303 2321 3356 amicum
2349 3304 2626 3357 redundat.

2079 3373 2302 3452 (.1:_\l’UT
2354 3373 2566 3452 XXYII.
2619 3373 2878 3452 Corueptio
2928 3378 3411 3452 amici._Quidqnid
3461 3400 3586 3440 sna-

2005 3443 2240 3516 dcudam
2268 3453 2349 3498 est
2369 3486 2385 3509 ,
2412 3445 2500 3516 ab
2527 3445 2698 3497 amico
2728 3445 2935 3500 facilius
2966 3443 3217 3516 recipitur
3241 3493 3254 3515 ,
3287 3443 3339 3506 et.
3377 3453 3584 3510 facilius

2005 3515 2265 3568 retinetur
2297 3533 2308 3567 :
2339 3515 2490 3583 cujus
2517 3531 2702 3584 magna
2726 3517 2884 3571 debet
2904 3534 3022 3572 esse
3045 3515 3094 3571 in
3113 3523 3585 3580 suadendoaucto-

2004 3585 2136 3638 ritas
2159 3627 2174 3650 ,
2217 3601 2336 3638 cum
2366 3600 2464 3639 nec
2493 3586 2622 3639 fides
2641 3587 2757 3651 ejus
2784 3589 2976 3650 dubia,
3013 3603 3109 3642 nec
3136 3591 3370 3647 adulatio
3399 3596 3467 3649 sit
3495 3613 3584 3650 su-

2004 3666 2204 3736 specta.
2240 3655 2352 3736 i‘ion
2381 3656 2552 3736 solum
2578 3659 2828 3736 argue-udi
2910 3669 3033 3713 sunt
3060 3661 3234 3736 amici,
3263 3665 3354 3717 sed
3381 3667 3422 3719 si
3451 3683 3586 3736 opus

2005 3723 2182 3790 fuerit,
2208 3726 2540 3794 objurgandi.
2573 3723 2946 3796 Olijurgandus
2974 3740 3056 3784 est
3087 3733 3288 3786 amicus
3315 3776 3330 3800 ,
3365 3736 3410 3789 si
3447 3723 3587 3791 veri-

2006 3804 2165 3869 tatem
2210 3807 2561 3869 aspernatur,
2589 3799 2964 3869 ﬁctiobscqttiis
3011 3810 3168 3869 atque
3213 3799 3484 3860 blanditiis
3531 3809 3584 3861 in

2003 3867 2205 3920 crimen
2235 3868 2546 3945 appellatur.
2579 3868 2684 3945 Sed
2706 3867 2925 3945 monitio
2950 3867 3258 3945 acerbitate,
3291 3876 3585 3945 objurgatio

2001 3938 2324 4013 contumelia
2371 3947 2589 4013 careat:
2627 3939 2984 4013 Ambrosius:
3037 3961 3055 3992 ι
3090 3942 3144 3996 Si
3193 3938 3317 4013 quid
3356 3938 3480 4000 vvitii
3531 3949 3582 4002 in

1989 4008 2177 4078 amico
2206 4007 2653 4076 deprehendi-ris,
2687 4011 2898 4078 corripe
2923 4013 3158 4078 occulte;
3203 4007 3246 4068 si
3279 4027 3328 4070 te
3357 4033 3460 4070 non
3491 4033 3588 4071 au-

2003 4075 2185 4156 dierit,
2217 4075 2424 4144 corripe
2452 4078 2624 4156 palam
2657 4097 2674 4129 ι
2713 4078 2811 4150 (οι
2965 4083 3051 4134 lib.
3081 4075 3280 4152 5,—cap.
3313 4086 3425 4156 ⁸21).
3451 4088 3588 4143 Sunt

2003 4147 2146 4226 enim
2169 4147 2810 4226 bona:_c0t'rcptioti_es,_et
2828 4147 3137 4222 plerumque
3155 4147 3400 4211 meliores
3425 4175 3584 4226 quam

2003 4218 2162 4292 tacita
2186 4219 2417 4292 amicitia
2447 4236 2474 4292 εξ
2493 4229 2549 4292 et
2572 4221 2614 4272 si
2647 4220 2765 4272 laedi
2792 4218 2850 4274 se
2878 4233 3027 4290 putet
3048 4218 3250 4280 amicus
3270 4267 3286 4292 ,
3331 4235 3384 4281 tu
3409 4218 3584 4283 tamen

2003 4289 2238 4367 corripe._
2267 4288 2807 4367 Tolerabiiioraﬁeuim
2831 4288 2952 4345 sunt
2973 4295 3127 4367 amici
3156 4288 3396 4362 vulnera,
3422 4316 3583 4367 quam

2003 4359 2332 4438 adulantium
2385 4360 2566 4438 oscula
2614 4359 2792 4438 (Prov.
2831 4379 3004 4438 xxvii,
3039 4365 3117 4438 6).
3179 4368 3341 4423 Debet
3385 4359 3586 4424 amicus

2003 4431 2177 4483 amico
2213 4432 2443 4508 compati
2491 4431 3030 4508 et_cond_cscendere,
3067 4431 3248 4491 vitium
3289 4439 3404 4508 ejus
3429 4456 3583 4494 suum

2001 4509 2189 4568 putare
2206 4541 2233 4579 ,_
2249 4501 2518 4579 corripere
2557 4500 2857 4565 humiliter,
2889 4509 3294 4579 compatieuter.
3318 4500 3589 4579 Corripiat

2002 4583 2126 4650 eum
2151 4571 2326 4650 vultus
2359 4571 2561 4624 tristior
2583 4612 2597 4633 ,
2639 4579 2693 4625 et
2720 4586 2899 4650 sermo
2925 4571 3200 4650 dejectior.
3240 4571 3582 4650 lntercipi'ant

2000 4640 2164 4693 verba
2207 4641 2489 4714 lacrymm,
2522 4650 2580 4694 ut
2607 4657 2712 4694 non
2736 4643 2909 4697 solum
2934 4640 3151 4714 videat,
3185 4650 3279 4704 sed
3305 4659 3359 4703 et
3387 4640 3582 4705 sentiat

2001 4711 2392 4788 c_orrept_ion_em
2419 4725 2484 4764 ex
2527 4727 2747 4788 amore,
2798 4725 2852 4769 et
2883 4731 2987 4788 non
3019 4734 3085 4773 ex
3129 4711 3348 4773 rancore
3389 4735 3583 4788 proce-

2001 4779 2152 4834 dere.
2180 4781 2420 4858 ‘Amicus
2447 4783 2619 4858 amici)
2646 4797 2704 4858 se
2733 4783 2805 4858 ita
2831 4786 3128 4844 conformet
3151 4830 3166 4854 ,
3216 4799 3271 4842 ut
3299 4779 3415 4858 ejus
3451 4805 3581 4844 con-

2000 4859 2153 4919 gruat
2179 4849 2199 4881 ³
2225 4851 2466 4921 qualitati
2501 4869 2512 4905 :
2546 4863 2599 4906 et
2619 4853 2705 4907 cui
2731 4855 2783 4909 in
2813 4858 3059 4911 exteriori
3082 4849 3402 4912 adversitate
3422 4860 3582 4914 debet

1999 4922 2218 4988 adesse,
2267 4923 2433 4976 multo
2474 4925 2640 4991 magis
2687 4927 2894 4994 spiritui
2931 4943 3235 4982 occurrere.
3294 4928 3494 4983 Moneri
3525 4940 3580 4984 et

2001 5007 2353 5067 mouerenon
2381 4995 2776 5067 repugnant_(_b)
2805 5037 2820 5062 ,
2873 5013 2976 5049 non
3006 4999 3299 5052 adulatorie
3321 5038 3334 5059 ,
3371 5015 3477 5053 non
3505 5002 3582 5054 si-

1999 5063 2284 5118 mulatorie
2306 5065 2447 5138 ,__sed
2480 5080 2624 5138 vere.
2674 5063 2806 5119 Nam
2831 5067 3095 5121 simulator
3129 5084 3215 5122 ore
3241 5069 3428 5138 decipit
3449 5071 3580 5124 ami-

1999 5133 2613 5206 causaecausae--9)-

2083 5203 2327 5276 CAPUT
2379 5203 2612 5259 XXVIII.
2688 5205 2954 5276 Epilogus.
3025 5208 3342 5265 Prmstemus
3414 5213 3586 5266 amico

2001 5273 2252 5350 quidquid
2284 5276 2612 5350 amorisest,
2641 5273 2892 5350 quidquid
2919 5279 3125 5350 gratiae,
3165 5282 3416 5350 quidquid
3461 5283 3583 5336 dul-

2000 5345 2224 5409 cedinis,
2251 5345 2499 5414 quidquid
2527 5345 2818 5400 charitatis.
2840 5349 3070 5402 Snbtiles
3094 5345 3322 5405 honores
3341 5352 3361 5382 ³
3379 5363 3430 5405 et
3451 5368 3584 5408 one-

2000 5430 2058 5468 ra
2079 5415 2192 5487 illis
2219 5431 2350 5484 quos
2375 5417 2760 5485 przescripserit
2788 5419 2940 5484 ratio,
2964 5421 3324 5487 imponamus:
3353 5422 3586 5478 scientes

2000 5485 2124 5556 quia
2153 5503 2421 5557 nunquam
2447 5503 2573 5542 vere
2592 5487 2780 5557 diligit,
2812 5489 2897 5542 cui
2923 5485 3124 5545 amiCus
3157 5491 3270 5562 ipse
3297 5510 3400 5548 non
3429 5494 3586 5550 sufﬁ-

2065 5623 2082 5654 ι
2118 5622 2334 5672 Abundat
2355 5623 2576 5684 verbum,
2599 5621 2832 5687 impendi,
2857 5639 2949 5677 nec
2973 5635 3049 5679 est
3071 5629 3120 5678 in
3147 5629 3369 5682 Aelredo.

2061 5685 2083 5716 ³
2117 5684 2264 5734 Acha.
2285 5684 2521 5734 monendi.

2063 5747 2084 5778 ³
2117 5719 2264 5806 Aeer
2286 5719 2521 5806 'c'ovngniil.

2061 5807 2084 5870 ξ
2113 5800 2262 5870 Aelia,
2297 5800 2475 5870 futiles.

2058 5868 2131 5994 Ea)
2155 5868 2535 5920 additamentum
2557 5870 2843 5924 collectoris.

2087 5929 2136 5994 b)
2163 5937 2310 5984 locus
2331 5941 2601 5998 corruptus.

2755 6023 3210 6108 (Vingt-sept.)
