4094 6342
487 358 596 416 843

488 473 582 538 cit,
617 472 714 527 nisi
743 470 858 527 lucc
877 469 1002 526 vilia
1018 479 1072 527 et
1086 470 1501 542 contemptibilia
1529 468 1784 540 abiecerit
1803 467 1842 521 ί.
1865 465 2074 542 Caven-

488 545 613 600 dum
647 554 726 597 est
753 559 819 596 ne
841 545 1073 597 tenerior
1095 541 1316 597 affectus
1347 544 1576 610 majores
1611 543 1862 594 utilitates
1903 541 2077 608 impe-

487 616 616 678 diat,
650 614 776 670 dum
801 628 895 667 eos
918 629 1051 681 quos
1085 615 1326 684 ampliori
1353 613 1611 666 cliaritate
1646 612 2074 684 complectimur,

425 753 428 756 λ
483 685 533 741 si
563 701 750 755 magna
781 700 904 754 spes
929 685 1128 738 fructus
1147 683 1409 756 ulterioris
1435 685 1626 756 elucet,
1648 683 2076 756 necabseutare,

491 753 761 819 volumus,
791 770 891 809 nec
919 769 1163 809 onerare.
1192 754 1318 809 Haec
1337 765 1419 808 est
1443 755 1587 808 enim
1616 754 1843 807 amicitia
1868 753 2080 807 ordina-

489 836 561 887 ta.
593 836 650 881 ut
673 828 808 880 ratio
828 837 979 895 regat
1003 825 1271 892 affectum,
1304 839 1402 879 nec
1432 835 1538 878 tam
1565 825 1690 894 quid
1714 825 1924 895 illorum
1951 838 2077 879 sua-

486 897 646 963 vitas,
677 913 836 967 quam
865 894 991 967 quid
1011 897 1296 950 multorum
1317 905 1456 967 petat
1473 895 1692 961 utilitas,
1715 894 2073 949 attendamus.

486 968 588 1038 Qui
619 966 963 1038 semetipsum
984 981 1092 1022 non
1111 975 1294 1038 amat,
1331 966 1493 1020 alium
1523 981 1703 1038 amare
1732 980 1856 1038 non
1881 973 2073 1036 petest.

485 1042 560 1094 b‘e
604 1048 782 1094 autem
815 1037 931 1092 ’non
977 1037 1166 1106 diligit,
1195 1039 1281 1105 qui
1313 1045 1469 1107 turpe
1493 1037 1690 1106 aliquid
1718 1037 1803 1091 vel
1848 1037 2074 1092 inhone-

487 1119 652 1173 stum,
677 1110 761 1164 vel
789 1124 817 1162 a
849 1124 907 1164 se
945 1111 1126 1178 exigit,
1156 1109 1240 1162 vel
1271 1108 1372 1162 sibi
1401 1109 1654 1178 impertit.
1678 1107 1917 1178 Primum
1946 1121 2074 1177 ergo

489 1190 593 1243 est,
623 1190 683 1235 ut
713 1177 1058 1249 semetipsum
1100 1179 1325 1248 quisque
1368 1177 1644 1249 castificet,
1677 1177 1808 1249 nihil
1862 1178 2078 1232 sibimet

488 1251 772 1320 indulgens
801 1247 943 1320 quod
975 1247 1255 1304 indeCens’
1281 1249 1369 1314 sit,
1395 1248 1526 1302 nihil
1567 1247 1889 1320 subtrahens
1936 1249 2077 1317 quod

487 1322 619 1376 utile
643 1317 733 1376 sit.
785 1317 892 1376 Sed
919 1321 1040 1390 quia
1073 1320 1158 1373 liic
1186 1334 1338 1374 amor
1377 1320 1574 1372 multos
1599 1317 1824 1390 diligit”,
1857 1333 1924 1390 ex
1949 1320 2076 1390 ipsis

483 1392 646 1460 eligat
671 1407 827 1462 quem
852 1389 1214 1444 ad’ainicitia:
1265 1397 1470 1444 secreta
1521 1390 1636 1462 lege
1684 1389 1930 1462 familiari
1981 1389 2078 1443 ad-

485 1459 700 1528 mittat,
746 1463 798 1518 in
851 1477 1010 1530 quem
1057 1462 1272 1530 cepiose
1315 1475 1470 1514 suum
1509 1459 1763 1530 infundat
1805 1459 2072 1526 affectum,

485 1532 765 1587 denudans
813 1529 999 1603 peetus
1053 1546 1208 1586 suum
1265 1545 1434 1603 usque
1459 1529 1524 1584 ad
1567 1530 1953 1603 inspectionem
1993 1531 2076 1584 vi-

487 1618 738 1668 scerum,
787 1601 1176 1667 medullarum,
1221 1601 1545 1670 cogitatuum
1602 1610 1656 1655 et
1719 1602 2076 1656 intentionum

490 1673 690 1727 cordis.
719 1672 836 1728 Non
866 1674 1089 1744 eligatur
1117 1673 1410 1744 secundum
1440 1670 1756 1744 affectionis,
1781 1671 2072 1744 lasciviam,

490 1744 586 1799 sed
639 1742 958 1799 secundum‘
982 1743 1362 1812 perspicaciam
1401 1743 1635 1812 rationis,
1671 1742 2075 1798 similitudinem

483 1827 718 1880 morum,
733 1825 785 1868 et
803 1811 1305 1883 contemplationem
1319 1812 1594 1883 virtutum.
1615 1811 1706 1867 Sic
1730 1828 1788 1867 se
1803 1812 2078 1882 impendat

482 1886 678 1951 amico,
707 1894 764 1938 ut
791 1885 974 1938 levitas
1000 1882 1174 1938 omnis
1189 1883 1347 1950 absit,
1372 1882 1678 1954 iucunditas
1698 1883 1854 1948 adsit,
1871 1899 1972 1938 nec
1989 1899 2078 1939 or-

483 1955 668 2024 dinata
705 1954 883 2010 desmt
909 1955 1293 2024 benevolentia:
1322 1962 1378 2009 et
1402 1954 1679 2008 eliaritatis
1704 1955 1960 2024 obsequia
1989 1955 2077 2010 vel

481 2023 682 2080 ofﬁcia.
737 2026 998 2080 Probetur
1043 2025 1178 2080 tides
1222 2019 1359 2094 ejus,
1406 2025 1657 2080 honestas
1693 2031 1757 2095 et
1795 2019 2072 2095 patientia.

444 2109 452 2116 ‘
483 2095 720 2153 Accedat
743 2095 1039 2151 amicorum
1061 2095 1409 2152 consiliorum
1431 2094 1761 2162 communio,
1790 2094 2076 2150 assiduitas

1940 356 2306 414 Al’PENDIX.

3673 373 3782 432 8M

2227 474 2395 549 arium
2424 476 2737 543 studiorum,
2781 486 2834 532 et
2853 477 3093 549 quaedam
3123 477 3476 534 conformatio
3503 480 3769 538 vultuum.

2217 557 2262 598 ta
2302 547 2502 600 electus
2543 559 2594 601 et
2620 547 2885 620 probatus
2903 551 3028 602 nihil
3054 550 3178 602 velit
3204 551 3340 619 quod
3367 550 3656 617 dedeceat,
3691 556 3776 609 vel

2185 628 2370 687 petere
2389 621 2456 670 ab
2483 621 2672 684 amico,
2693 621 2774 674 Vel
2795 631 3048 688 praistare
3075 632 3315 690 rogatus.
3339 623 3643 676 Amicitiam
3666 627 3780 678 vir-

2187 697 2351 764 t_utem
2386 700 2568 764 putare
2591 692 2630 754 ί,
2675 706 2778 764 non
2808 692 3518 764 qumstmn;_adulatiunem
3566 693 3774 764 fugere,

2184 759 2440 834 detestari
2458 759 2866 834 assentationem
2889 777 2904 826 ;
2929 764 2949 792 ²
2973 763 3102 816 liber
3118 762 3172 834 in
3197 761 3543 828 discretione,
3569 759 3778 834 patiens

2183 831 2238 886 iit
2267 833 2626 900 correptione,
2671 832 2856 886 ﬁrmus
2895 841 2949 887 et
2976 833 3177 886 stabilis
3206 834 3256 886 in
3285 831 3614 889 dilectione:
3643 839 3776 893 utile

2184 911 2310 956 tunc
2332 904 2514 976 dolere
2544 918 2638 972 pro
2660 904 2902 965 invicem,
2929 904 3190 976 laborare,
3225 919 3387 976 onera
3408 921 3502 960 sua
3530 917 3768 976 portare,

2184 987 2283 1043 pro
2308 975 2478 1028 altero
2504 978 2845 1042 semetipsum
2879 975 3166 1044 negligere,
3197 974 3416 1029 alterius
3446 974 3772 1035 voluntatem

2183 1056 2294 1098 suae
2317 1044 2590 1113 praeferre,
2636 1046 2776 1098 illius
2825 1046 3126 1098 necessitati
3165 1047 3332 1116 magis
3367 1062 3525 1116 quam
3549 1062 3659 1102 suae
3680 1063 3776 1104 oc-

2182 1128 2420 1187 currere,
2448 1117 2689 1187 adversis
2715 1117 3058 1184 semetipsum
3084 1131 3354 1184 uppnnere
3375 1127 3429 1171 et
3456 1134 3767 1187 exponere;

2182 1184 2372 1242 dulce“
2397 1186 2463 1240 ad
2485 1187 2710 1240 invicem
2741 1188 3005 1252 conferre,
3035 1187 3204 1240 studia
3236 1202 3327 1240 sua
3355 1184 3543 1241 mutuo
3564 1184 3774 1257 patefa-

2182 1270 2324 1311 cere.
2355 1258 2575 1311 Accedit
2600 1271 2698 1328 pro
2725 1257 2951 1312 invicem
2983 1257 3174 1328 oratio,
3207 1272 3324 1327 quae
3361 1259 3410 1312 in
3451 1259 3606 1312 amici
3657 1276 3775 1318 me-

2181 1329 2352 1382 moria
2379 1338 2526 1381 tanto
2547 1326 2836 1392 efiicacius,
2862 1335 3062 1397 quanto
3079 1326 3422 1398 allectuosius
3449 1329 3773 1398 admittitur,

2181 1398 2570 1469 profluentibus
2609 1399 2879 1469 laerymis,
2924 1413 3056 1469 quas
3090 1397 3386 1469 vel_timnr
3417 1402 3640 1466 excutit,
3691 1397 3777 1458 vel

2181 1467 2401 1523 affectus
2452 1470 2593 1524 elicit
2639 1467 2736 1523 vel'
2767 1469 2920 1521 dolor
2961 1468 3160 1522 educit.
3195 1467 3268 1522 ita
3298 1485 3393 1537 pro
3418 1471 3588 1526 amico
3616 1487 3778 1528 orans

2181 1538 2473 1612 Christum,
2502 1540 2670 1609 ipsum
2703 1537 3071 1612 desideranter
3099 1547 3153 1612 et
3178 1539 3464 1612 diligenter
3494 1542 3723 1597 intendit
3754 1561 3766 1597 :

2181 1608 2302 1682 cum
2329 1608 2817 1682 subito’transiens
2848 1608 3069 1664 affectus
3112 1609 3165 1682 in
3197 1608 3468 1682 affectum,
3512 1621 3565 1666 et
3609 1613 3777 1682 ipsius

2181 1681 2378 1754 (gltristi
2422 1680 3056 1754 dulcedinem_tangens,
3108 1679 3313 1754 incipit_
3342 1690 3555 1751 gustare
3612 1679 3776 1754 quam

2181 1749 2353 1806 dulcis
2399 1762 2500 1815 est,
2554 1759 2607 1805 et
2649 1751 2846 1804 sentire
2877 1766 3032 1820 quam
3064 1750 3257 1806 suavis.
3291 1749 3368 1805 Ita
3396 1769 3422 1803 a
3453 1749 3645 1808 sancto
3685 1756 3776 1810 illo

2179 1835 2384 1888 amore,
2415 1837 2520 1892 quo
2568 1822 2904 1892 amplectitur
2933 1822 3185 1886 amicum,
3232 1821 3298 1875 ad
3341 1823 3485 1875 illtitti
3514 1837 3774 1880 conscen-

2181 1893 2314 1947 dens
2339 1891 2442 1962 quo
2467 1891 2808 1962 amplectitur
2836 1892 3130 1961 Christum,
3161 1892 3495 1962 spiritualem
3520 1896 3772 1951 amicitiae

2181 1961 2410 2017 fructum
2433 1963 2592 2017 canit.

2204 1972 2410 2020 't'uctum
2433 1972 2592 2033 capit.

2243 2163 2262 2229 ξ
2295 2168 2430 2229 Le_g_.,
2469 2172 2582 2229 eum
2621 2159 2882 2229 satistiterit
2918 2157 3181 2211 amicitiam
3203 2171 3315 2212 eum
3335 2157 3556 2213 uirtutem
3577 2165 3770 2229 putare.

2241 2225 2264 2258 ί
2297 2224 2446 2284 Adde,
2468 2224 2796 2284 inventusque.

547 2246 1130 2376 mammam
2241 2246 2998 2350 maestam“...

1777 2526 2422 2605 ADMONITIO

461 2731 517 2788 ι’
674 2639 712 2678 κ
1289 2692 1374 2755 ΙΝ
1400 2690 1706 2756 LIBRUM
1744 2691 1854 2754 DE
1893 2689 2245 2754 SUBSTAN
2259 2687 2398 2752 TIA
2439 2683 2970 2750 DILECTIONIS.

1957 2814 2342 2895 μεθῶ

547 2985 771 3042 Constat
790 2985 890 3041 iste
913 2985 1126 3043 libellus
1152 2984 1422 3056 opusculis
1446 2983 1503 3039 in
1525 2997 1690 3040 unum
1717 2980 1955 3038 confusis
1983 2979 2212 3046 duobus,
2245 2994 2364 3049 quae
2395 2978 2447 3033 in
2469 2976 2682 3046 scriptis
2699 2975 2849 3032 libris
2877 2991 2982 3032 non
3008 2976 3087 3033 sic
3115 2976 3234 3033 loco
3253 2977 3574 3048 junguntur,
3587 2981 3717 3051 quin
3737 2997 3770 3040 a

477 3092 539 3136 se
564 3077 791 3134 invicem
814 3092 912 3134 suo
937 3079 1124 3134 saltem
1152 3077 1374 3148 praefixo
1393 3076 1589 3148 cuique
1610 3075 1762 3130 titulo
1791 3083 2126 3144 separentur.
2153 3071 2479 3142 Opusculum
2504 3071 2754 3141 primum,
2782 3072 2866 3126 cui
2896 3070 3079 3125 titulus
3104 3079 3208 3136 est,
3237 3071 3316 3126 De
3345 3072 3651 3128 Substantia
3678 3074 3778 3130 Di-

477 3165 705 3222 tectionis
724 3209 740 3234 ,
767 3167 964 3224 desinit
987 3167 1054 3223 ad
1078 3167 1262 3222 ultima
1288 3166 1451 3222 verba
1477 3166 1666 3236 capitis
1691 3167 1896 3236 quarti,
1932 3174 1986 3219 et
2011 3161 2296 3234 Augustini
2321 3179 2440 3215 raro
2478 3161 2763 3215 admodum
2786 3204 2799 3226 ,
2837 3161 3072 3232 [lagonis
3103 3173 3278 3217 autem
3323 3165 3643 3235 plerumque
3671 3181 3774 3223 no-

477 3273 603 3314 men
625 3260 678 3313 in
709 3261 834 3314 Mss.
866 3260 1258 3329 exemplaribus
1286 3257 1504 3328 praefert
1525 3278 1540 3312 :
1562 3268 1617 3314 et
1635 3272 1766 3314 sane
1789 3263 1962 3312 exstat
1981 3256 2120 3310 inter
2150 3270 2311 3325 Opera
2331 3255 2546 3308 nomine
2568 3254 2802 3323 llugonis
2828 3255 3038 3325 vulgata
3059 3296 3073 3320 ,
3095 3257 3231 3310 libro
3261 3257 3470 3312 scilicet
3499 3271 3775 3328 aSsutum,

476 3352 568 3420 qui
597 3351 912 3421 appellatur,
937 3350 1300 3406 lnstitutiones
1317 3350 1593 3405 catholicae
1620 3350 1673 3404 iu
1698 3349 2034 3417 Decalogum.
2052 3348 2294 3402 Alterum
2324 3347 2642 3416 opusculum
2665 3348 2732 3402 ab
2753 3347 2856 3402 illis
2872 3348 3049 3402 verbis
3077 3349 3267 3418 capitis
3292 3350 3464 3418 quinti
3493 3353 3775 3422 incipiens,

483 3441 601 3496 Vita
626 3443 792 3497 cordis
815 3460 960 3497 amor
979 3452 1069 3508 cst,
1088 3453 1224 3507 etc.,
1248 3443 1458 3498 titulum
1488 3443 1604 3497 sine
1633 3442 1868 3496 auctoris
1894 3441 2111 3495 nomine
2142 3440 2282 3494 hunc
2302 3440 2385 3493 vel
2413 3441 2638 3494 similem
2674 3441 2830 3494 habet
2855 3457 2868 3492 :
2896 3439 3045 3505 Quod
3070 3442 3172 3494 vita
3195 3443 3362 3498 cordis
3389 3445 3453 3496 sit
3474 3461 3636 3499 amor.
3666 3447 3777 3503 lloe

474 3536 634 3591 etiam
655 3552 777 3593 cum
803 3536 1054 3606 operibus
1084 3537 1322 3607 llugonis
1351 3535 1552 3590 editum
1579 3545 1661 3590 est
1690 3534 1742 3589 in
1765 3535 1857 3589 lib.
1897 3535 1920 3589 l
1955 3533 2438 3598 Miscellaneorum,
2463 3534 2541 3587 tit.
2574 3533 2676 3587 170
2697 3533 2777 3587 vel
2799 3534 2893 3588 171
2918 3533 3282 3589 eruditionuin
3326 3535 3772 3608 tlteologicarum,

475 3625 740 3682 Nonnulla
771 3629 826 3681 in
855 3625 957 3682 hoc
979 3626 1158 3681 libello
1185 3626 1358 3696 carpit
1380 3626 1681 3682 Bernardus
1709 3622 2284 3694 VindingusinCritico
2309 3623 2724 3694 Augustiniano,
2747 3626 2841 3679 sed
2869 3639 2988 3696 qum
3020 3641 3148 3680 sane
3181 3626 3321 3682 haud
3343 3630 3515 3684 aliena
3545 3640 3677 3685 sunt
3703 3633 3772 3688 ab

480 3717 700 3788 llugone
732 3717 1019 3774 Victorino.
1049 3718 1183 3774 Illud
1203 3761 1218 3785 ,
1242 3719 1470 3788 exempli
1498 3717 1665 3789 gratia
1686 3759 1701 3784 ,
1733 3716 1874 3787 quod
1899 3731 2125 3770 censura
2155 3715 2372 3787 dignum
2399 3725 2570 3786 putat,
2597 3711 2718 3787 quia
2747 3717 2943 3772 dicitur
2963 3717 3098 3773 Deus
3123 3730 3360 3790 operatus
3381 3737 3535 3790 opera
3561 3731 3772 3776 restau-

471 3811 685 3866 rationis
710 3813 946 3866 humanm
963 3813 1148 3882 partim
1173 3829 1262 3884 per
1280 3811 1525 3876 homines,
1556 3810 1741 3880 partim
1765 3825 1854 3880 per
1874 3809 2100 3880 angelos,
2125 3809 2309 3879 partim
2346 3825 2434 3878 per
2458 3810 2808 3877 semetipsum,
2835 3810 3115 3879 aliquoties
3147 3813 3338 3880 repetit
3363 3813 3474 3882 llug
3497 3831 3508 3854 λ
3539 3814 3586 3864 in
3623 3812 3766 3868 libro

471 3901 508 3956 4
541 3901 610 3956 de
637 3904 773 3958 Area
800 3903 1009 3970 morali,
1035 3917 1189 3972 capp.
1213 3903 1267 3968 ὅ,
1289 3902 1343 3968 5,
1375 3901 1430 3967 9,
1457 3901 1583 3955 etin
1607 3897 1699 3954 lib.
1722 3898 1758 3952 2
1785 3899 1853 3954 de
1877 3899 2123 3955 Vanitate
2142 3899 2347 3966 mundi,
2374 3910 2481 3956 etc.
2509 3900 2786 3956 Postremo
2806 3901 3132 3959 Tritbemius
3156 3904 3324 3960 abbas
3352 3905 3489 3959 inter
3519 3903 3768 3976 Hugonis

475 4006 639 4062 opera
665 4003 850 4048 censet
879 3993 1071 4048 librum
1101 3993 1169 4047 de
1189 3991 1496 4046 Substantia
1525 3989 1850 4046 Dilectionis.

645 4218 921 4362 DE
984 4214 2242 4364 SUBSTANTIA
2301 4217 3388 4374 DILECTION
3402 4225 3584 4374 IS

547 4528 554 4534 .
1615 4439 2093 4548 LIBER
2177 4439 2293 4548 Π
2279 4443 2395 4549 Ν
2403 4440 2512 4548 U'
2505 4443 2608 4552 S.

1925 4626 2292 4684 eam”

536 4755 762 4816 CAPUT
825 4751 1106 4810 PRIMUM.
1159 4751 1360 4806 Amoris
1403 4749 1504 4804 duo
1555 4747 1650 4803 rivi
1681 4788 1698 4814 ,
1738 4748 1960 4804 citat-itas
2015 4759 2063 4804 et

467 4831 738 4902 cupiditas.
765 4826 897 4902 Inde
919 4841 1072 4902 omne
1110 4822 1408 4902 bnonumhvei
1442 4820 1850 4902 ntalttm.mAntor
1891 4831 2060 4875 motus

468 4890 543 4956 esi
563 4917 694 4955 unus
715 4909 759 4954 et
787 4898 1093 4968 multipte$._
1120 4893 1497 4968 Quotidiantmi
1530 4893 1598 4968 de
1627 4890 1912 4968 dilectione
1942 4905 2060 4968 ser-

465 4987 679 5027 monem
707 4961 953 5030 serimus,
977 4983 1045 5022 ne
1073 4966 1238 5020 forte1
1261 4965 1513 5018 scintillet
1530 4964 1581 5016 itt
1599 4961 1847 5016 cordibus
1864 4962 2061 5018 nostris

465 5053 521 5098 et
550 5042 862 5097 exardescat
886 5041 1022 5107 ignis
1051 5037 1320 5091 flammam
1339 5036 1545 5107 faciens
1567 5074 1581 5096 ,
1611 5043 1702 5085 aut
1729 5042 1895 5085 totum
1925 5047 2058 5086 con-

465 5128 715 5178 sumens,
742 5121 832 5164 aut
857 5123 1091 5181 purgans
1118 5116 1304 5160 totum.
1335 5106 1412 5181 Es
1430 5120 1494 5159 eo
1513 5118 1745 5181 namque
1769 5112 1936 5156 totum
1953 5110 2055 5169 est,

464 5183 607 5254 quod
639 5176 1226 5254 bonumcst_:et_totum
1255 5176 1396 5254 quod
1426 5176 1618 5254 malum
1647 5183 1750 5254 est,
1783 5187 1846 5228 ex
1871 5182 2054 5254 etest.

464 5243 616 5312 Unus
649 5254 764 5307 fons
789 5250 1090 5306 dilectioiiis
1115 5243 1482 5303 ὶηιιιεέειιίοεης
1502 5287 1518 5311 ,
1546 5246 1682 5298 duos
1711 5247 1853 5298 rivos
1879 5243 2055 5298 eli'uu-

463 5328 542 5381 dit
568 5344 580 5379 :
613 5325 746 5378 alter
771 5332 853 5376 est
881 5338 1031 5375 amor
1062 5319 1242 5374 mundi
1268 5361 1283 5384 ,
1313 5317 1606 5383 cupiditas;
1634 5317 1769 5370 alter
1795 5325 1878 5370 est
1905 5330 2058 5369 amor

469 5397 560 5452 Dei
582 5437 597 5460 ,
621 5395 877 5449 cltaritas.
908 5393 1136 5448 Medium
1161 5392 1356 5460 quippe
1381 5399 1464 5444 est
1482 5403 1578 5442 cor
1623 5387 1884 5460 immittis,
1915 5387 2056 5442 unde

465 5458 804 5520 fons—amoris
827 5466 1092 5530 erumpit:
1117 5458 1311 5516 etcum
1353 5475 1448 5530 per
1475 5459 1768 5530 appetitum
1795 5458 1872 5530 ad
1907 5467 2056 5511 exte-

463 5537 606 5592 riora
636 5537 886 5595 deeurrit,
907 5534 1168 5602 cupiditas
1198 5529 1556 5591 dicitur;euni
1577 5545 1702 5584 vero
1727 5529 2051 5602 desiderium

464 5621 618 5662 Sumit
651 5607 714 5658 ad
748 5600 995 5659 interiora
1025 5605 1234 5674 dirigit,
1264 5603 1496 5659 charitas
1539 5602 1872 5674 nominatur.
1912 5600 2051 5669 Ergo

466 5677 574 5735 duo
602 5686 726 5732 sunt
763 5678 895 5743 rivi,
923 5678 1011 5745 qui
1041 5675 1108 5730 de
1138 5675 1282 5730 fonte
1310 5673 1608 5740 dilectionis
1650 5683 1926 5737 emanant,
1959 5685 2050 5728 cu-

529 5831 558 5870 ⁶
582 5830 718 5901 Apud
751 5839 876 5897 nus.
905 5830 1119 5896 additur,
1153 5841 1249 5883 non
1267 5823 1749 5884 attiznadaertentibus
1771 5822 1922 5879 nobis.

2173 4749 2364 4828 piditas
2401 4758 2456 4806 et
2477 4749 2749 4828 charitas:
2781 4759 2836 4806 et
2875 4753 3110 4828 omnium
3143 4753 3402 4828 malorum
3431 4756 3581 4812 radix
3607 4771 3761 4828 cupi-

2166 4821 2303 4876 ditas
2325 4863 2338 4883 ,
2367 4831 2421 4877 et
2439 4823 2677 4877 omnium
2709 4823 2968 4899 bonorum
2998 4825 3148 4878 radix
3173 4827 3426 4882 eharitas.
3461 4828 3537 4882 Ex
3567 4844 3634 4883 eo
3662 4821 3753 4899 igi-

2168 4901 2253 4946 tur
2279 4901 2443 4946 totum
2471 4903 2586 4958 est,
2612 4895 2757 4969 quod
2777 4897 2972 4969 bonum
2997 4905 3373 4969 estigettntum
3393 4899 3534 4969 quod
3555 4895 3750 4954 malum

2164 4971 2371 5039 est,_e_x
2403 4979 2467 5016 eo
2489 4974 2595 5039 est.
2624 4965 2886 5034 Quidquid
2918 4979 3045 5033 ergo
3075 4967 3198 5021 illud
3227 4979 3342 5034 est,
3375 4965 3622 5039 magnum
3674 4979 3751 5024 est

2163 5033 2304 5110 quod
2338 5035 2390 5110 in
2415 5035 2567 5088 nobis
2597 5048 2710 5100 es1;
2741 5044 2795 5089 et
2819 5051 2883 5090 ex
2906 5052 2970 5088 eo
3001 5046 3165 5110 totum
3192 5049 3304 5106 est,
3330 5033 3573 5110 quodex
3603 5042 3754 5096 nobis

2161 5107 2278 5158 est‘
2305 5123 2317 5158 :
2351 5105 2450 5158 huc
2487 5116 2662 5159 autem
2693 5116 2775 5160 est
2815 5122 2983 5181 amor.
3019 5109 3154 5174 Quid
3184 5119 3266 5163 est
3301 5105 3472 5177 amor,
3498 5121 3548 5164 et
3578 5129 3752 5181 quan-

2163 5183 2272 5230 tum
2316 5187 2400 5230 est
2438 5192 2608 5242 amor,
2659 5187 2752 5229 aut
2780 5180 2919 5232 unde
2943 5190 3024 5233 est.
3045 5182 3238 5233 amor?
3271 5181 3336 5234 Et
3365 5197 3538 5237 sermo
3570 5180 3661 5237 Dei
3687 5185 3754 5238 de

2159 5261 2341 5324 amore
2383 5248 2632 5324 loquitur.
2667 5248 2931 5324 Numquid
2974 5250 3074 5305 lioe
3115 5256 3381 5324 negotium
3424 5269 3528 5306 non
3577 5257 3750 5324 potius

2159 5317 2370 5389 illorum
2393 5329 2505 5379 est,
2529 5320 2616 5386 qui
2641 5319 2945 5389 pudicitiam
2975 5317 3302 5389 prostituere
3317 5317 3753 5380 consueverunt?

2160 5387 2296 5442 Ecce
2314 5404 2471 5457 quam
2505 5387 2656 5442 multi
2684 5394 2774 5460 qui
2797 5391 2913 5460 ejus
2939 5387 3232 5446 ministeria
3261 5395 3282 5425 ⁸
3309 5399 3548 5450 volentes
3579 5398 3750 5450 susci-

2157 5461 2342 5534 piunt:
2367 5470 2421 5514 et
2442 5475 2600 5534 quam
2630 5461 2900 5534 paueiqni
2930 5463 3089 5534 verba
3115 5464 3231 5532 ejus
3261 5465 3311 5518 in
3357 5468 3591 5521 medium
3619 5483 3743 5534 pro-

2156 5530 2296 5584 ferre
2318 5547 2420 5583 non
2451 5533 2773 5585 erubescunt
2797 5533 2809 5584 !
2840 5533 2972 5597 Quid
3000 5549 3128 5602 ergo
3147 5530 3253 5587 nos
3277 5537 3493 5590 facimus
3516 5539 3538 5589 ?
3563 5530 3746 5592 Forsi-

2157 5607 2245 5657 tan
2274 5604 2438 5658 tnulta
2470 5603 2806 5673 improbitate
2838 5605 3065 5660 frontetn
3097 5605 3317 5660 fractam
3349 5607 3631 5678 habemus,
3655 5608 3740 5680 qui

2217 5759 2235 5791 ί
2272 5757 2402 5819 Apud
2424 5765 2562 5819 ltug.,
2587 5766 2714 5819 quoa
2738 5764 2860 5808 mest
2880 5755 3032 5808 nobis.

2217 5822 2236 5853 ²
2269 5817 2350 5871 us.
2377 5817 2658 5885 vtem-nius,
2683 5831 2738 5872 et
2757 5828 2910 5885 ttugo,
2933 5817 3182 5886 nigsteria.
