4094 6342
434 276 540 332 847

432 387 530 446 sed
557 386 824 443 miseriam
852 401 960 442 non
986 385 1241 443 excludit.
1270 385 1522 441 Feliciter
1545 397 1674 456 ergo
1698 398 1802 440 non
1826 383 2018 456 diligit,

432 461 605 516 donec
631 459 698 513 ad
727 474 908 513 verum
940 469 988 513 et
1019 475 1282 513 suunnmn
1311 460 1506 513 bonum
1539 455 1632 525 per
1654 456 1850 509 amoris
1877 455 2020 509 desi-

431 532 640 586 derium
672 546 730 584 se
758 531 1040 586 eonvertit.
1087 532 1216 595 Quia
1262 545 1390 582 vero
1435 543 1700 581 summum
1743 536 1794 580 et
1835 541 2019 580 verum

430 603 631 658 bonum
663 601 802 655 Deus
831 611 912 654 est
939 602 1083 652 solus
1102 641 1116 666 ,
1151 601 1240 654 ille
1279 599 1503 653 feliciter
1532 608 1702 664 amat,
1731 597 1821 667 qui
1854 597 2019 651 Deum

429 683 596 736 amat,
626 683 678 726 et
707 681 851 725 tanto
880 671 1084 724 felicius
1111 679 1309 739 quanto
1335 669 1579 736 amplius.
1614 670 1734 722 ll:ec
1765 668 1920 734 igitur
1941 677 2020 739 est

431 760 558 798 vera
586 742 763 796 cordis
790 741 956 795 nostri
986 738 1216 811 requies.
1246 757 1365 794 cum
1397 741 1447 792 in
1477 755 1658 794 amore
1683 739 1776 792 Dei
1806 755 1898 808 per
1924 738 2020 811 de-

432 815 688 869 siderium
723 815 927 882 figitur,
960 809 1215 867 nee'ultra
1249 812 1534 881 quidquam
1566 811 1812 882 appetit,
1843 809 1935 863 sed
1968 811 2021 862 in

433 901 500 939 eo
529 884 666 954 quod
708 880 884 946 tenet,
928 883 1151 953 quadam
1199 881 1335 936 felici
1379 880 1664 954 securitate
1695 880 2016 954 delectatur.

432 951 564 1024 Quia
593 956 732 1009 enim
767 955 892 1008 illud
926 951 1021 1008 nec
1050 955 1314 1024 appetitus
1343 953 1477 1006 ultra
1511 952 1800 1024 protrahit,
1834 968 1928 1024 nec
1958 951 2022 1024 ti-

431 1021 552 1080 mor
583 1027 822 1095 repellit,
851 1021 1099 1094 quodam
1124 1021 1280 1077 modo
1320 1025 1370 1076 in
1413 1024 1638 1095 idipsum
1677 1021 2022 1095 iucunditatis

432 1099 550 1151 sine
590 1093 881 1151 vexatione
911 1097 1215 1161 requiescit.
1259 1095 1360 1150 Sed
1399 1095 1518 1164 quia
1553 1094 1796 1147 humana:
1829 1093 2021 1164 mentis

433 1167 736 1230 infirmitas,
767 1176 822 1221 ut
847 1182 950 1222 non
977 1167 1147 1220 dicam
1177 1163 1527 1234 semper,’sed
1552 1166 1638 1219 vix
1661 1163 1945 1233 aliquando
1968 1163 2020 1216 in

345 1300 347 1302 η
431 1237 577 1292 illam
615 1238 806 1292 dirimc
836 1237 1300 1305 contemplationis
1331 1235 1664 1290 dulcedinem
1703 1235 1786 1304 figi
1825 1242 2018 1302 potest,

431 1309 662 1378 quodam
704 1307 915 1362 interim
957 1307 1134 1362 studio
1171 1307 1236 1361 ad
1278 1307 1416 1360 illam
1441 1346 1454 1366 ,
1485 1306 1748 1378 adquam
1796 1305 2052 1378 necdum,

431 1375 733 1448 pertingere
767 1379 989 1446 sufficit,
1020 1378 1358 1432 stabilitatem
1387 1376 1785 1430 assuefaeienda
1811 1386 1935 1448 est_:
1969 1375 2022 1429 id

433 1445 547 1514 est,
582 1445 631 1504 si
657 1450 822 1503 Deum
851 1465 1064 1516 semper
1091 1450 1321 1518 cogitare
1351 1464 1453 1500 non
1485 1462 1796 1518 possumus,
1830 1445 2021 1518 saltem

433 1536 528 1574 eor
555 1531 794 1574 nostrum
819 1521 885 1573 ab
909 1520 1104 1574 illicitis
1129 1517 1182 1573 et
1204 1519 1352 1573 vanis
1371 1517 1778 1589 cogitationibus
1801 1517 2023 1589 restrin-

431 1590 642 1660 gendo,
677 1592 728 1660 in
765 1591 1189 1646 consideratione
1233 1587 1459 1658 operum
1496 1589 1674 1660 Deiet
1703 1587 2021 1660 mirabilium

434 1658 553 1728 ejus
581 1659 704 1714 illml
737 1668 1046 1725 teneamus;
1079 1669 1134 1714 ut
1157 1660 1282 1714 dttm
1312 1675 1522 1728 semper
1546 1659 1720 1712 minus
1746 1658 2022 1712 instabiles

433 1746 554 1786 esse
584 1732 904 1798 satagimus.
941 1731 1154 1786 tandem
1184 1729 1470 1801 aliquando
1497 1729 1730 1784 donante
1760 1729 1868 1783 Deo
1898 1743 2023 1783 vere

432 1802 652 1856 stabiles
685 1802 794 1854 fieri
827 1803 1121 1855 valeamus.
1488 1825 1490 1827 ·

505 1871 731 1927 CAPUT
771 1871 882 1926 Vll.
929 1873 1203 1942 Quomodo,
1221 1873 1582 1942 comparanda.
1619 1871 1773 1925 Fides
1803 1870 1943 1924 navis
1970 1870 2023 1924 in

434 1943 586 2008 huius
632 1944 808 1997 mundi
849 1942 1106 2013 ﬂuctibus.
1161 1941 1306 1997 Unde
1335 1941 1680 2010 iazdiﬁcanda.
1732 1942 1798 1996 Ut
1827 1951 2020 2013 autem

431 2015 785 2082 promotionis
823 2014 980 2083 hujus
1007 2013 1219 2082 aliquod
1253 2015 1342 2067 tibi
1373 2014 1676 2081 exemplum
1718 2012 2032 2081 subjiciam,-

432 2085 713 2138 univcrsus
750 2086 850 2139 iste
891 2085 1120 2138 mundus
1147 2087 1296 2154 quasi
1328 2085 1590 2154 quoddam
1629 2084 1882 2138 diluvium
1917 2092 2018 2150 est,

431 2168 500 2224 eo
524 2155 663 2224 quod
693 2157 870 2208 omnia
898 2171 1017 2224 qua:
1047 2155 1098 2209 in
1129 2155 1229 2209 hoc
1257 2155 1454 2208 mundo
1484 2163 1640 2218 sunt,
1669 2154 1734 2208 ad
1773 2154 2022 2206 similitu-

431 2223 612 2294 dinem
643 2241 794 2294 aqua:
824 2223 1042 2280 incertis
1073 2227 1350 2280 eventibus
1388 2225 1690 2278 fluctuando
1715 2224 2021 2279 decurrant.

431 2293 571 2348 Vera
598 2293 772 2348 autem
801 2295 966 2362 fides,
1005 2311 1125 2363 quae
1168 2311 1272 2349 non
1316 2296 1648 2362 transitoria,
1691 2295 1785 2349 sed
1823 2307 2022 2348 attenta

432 2365 728 2432 promittit,
761 2365 916 2433 quasi
945 2381 974 2418 a
1003 2365 1314 2434 quibusdam
1346 2365 1622 2428 fluctibus,
1666 2366 1743 2419 sic
1780 2380 1810 2418 a
1842 2364 2023 2418 mundi

1885 266 2254 325 APPENDIX.

3615 270 3722 328 848

2129 386 2269 440 hune
2298 384 2447 460 quasi
2478 384 2736 460 sine_navi
2763 383 3089 460 laborantem
3105 384 3462 460 “inifluctibus,
3487 385 3720 460 impetus

2127 473 2279 526 aquae
2309 457 2639 511 decurrentis
2669 472 2846 510 secum
2877 457 3055 510 trahit.
3091 458 3190 524 Qui
3222 473 3350 510 vero
3379 457 3578 513 aeterna
3605 477 3726 516 cre—

2127 527 2280 600 deus,
2316 529 2616 600 transitoria
2657 527 3136 600 diligit,ihiejuxta
3170 544 3359 583 navem
3389 530 3722 600 naufragium

2127 598 2270 653 facit.
2301 599 2399 666 Qui
2425 608 2601 652 autem
2634 609 2828 652 aeterna
2862 599 2994 652 bona
3023 607 3076 652 et
3106 601 3295 662 credit,
3327 610 3378 654 et
3405 598 3606 669 diligit,
3637 603 3726 658 hic

2126 669 2180 723 in
2208 671 2325 723 navi
2357 671 2555 739 positus
2577 711 2590 729 .
2626 669 2930 723 fluctuantis
2957 672 3119 723 maris
3147 671 3313 724 undas
3343 685 3566 726 securus
3599 689 3724 741 per—

2127 743 2318 794 transit
2359 758 2370 792 :
2414 749 2469 794 et
2511 741 2632 809 quia
2680 756 2774 811 per
2823 741 3148 811 desiderium
3203 741 3320 796 fidei
3375 755 3562 796 navem
3617 759 3726 800 non

2127 811 2542 876 transgreditur,
2571 810 2688 879 jam
2712 810 2936 880 quodam
2981 813 3138 864 modo
3179 812 3230 866 in
3275 813 3520 867 fluctibus
3562 822 3728 870 terra:

2126 882 2470 935 stabilitatem
2503 882 2756 934 imitatur.
2789 882 3024 936 Primum
3050 899 3197 952 ergo,
3229 887 3269 937 si
3301 883 3401 937 hoc
3431 900 3578 938 mare
3607 901 3728 939 ma-

2124 967 2284 1021 gmun
2315 953 2464 1006 ill.r.si
2495 952 2818 1021 pertransire
2846 953 3119 1012 volumus.
3153 954 3470 1010 τειινίοιιιιιιιε
3503 971 3724 1022 navem,

2127 1034 2184 1076 ut
2213 1025 2368 1076 fidem
2400 1025 2655 1092 integram
2686 1023 3010 1087 habeamus;
3042 1025 3234 1078 deinde
3266 1041 3453 1079 navem
3485 1027 3605 1080 fidei
3641 1027 3730 1080 in-

2125 1093 2424 1166 habitemus
2453 1110 2546 1162 per
2570 1094 2884 1166 charitatem
2902 1136 2916 1156 ,
2947 1104 3004 1149 ut
3029 1105 3084 1148 et
3108 1094 3392 1151 credamus
3421 1098 3562 1166 quod
3604 1097 3733 1152 dili-

2124 1178 2252 1237 gere
2281 1165 2571 1237 debemus,
2614 1174 2668 1237 et
2704 1165 2986 1235 diligamus
3023 1166 3162 1234 quod
3205 1165 3511 1221 credimus:
3538 1169 3729 1237 sicque

2125 1245 2180 1290 et
2208 1235 2290 1291 lex
2319 1236 2412 1290 Dei
2444 1236 2496 1288 in
2522 1235 2684 1289 corde
2715 1245 2897 1308 nostro
2923 1238 2991 1290 sit
3013 1252 3111 1308 per
3135 1245 3296 1290 recta:
3321 1237 3439 1308 fidei
3463 1235 3730 1308 cognitio-

2126 1322 2269 1366 nem.
2304 1316 2358 1362 et
2384 1321 2478 1361 cor
2507 1315 2748 1361 nostrum
2781 1307 2830 1360 in
2864 1307 2978 1377 lege
3009 1307 3099 1360 Dei
3131 1308 3203 1362 sit
3237 1323 3331 1377 per
3355 1307 3723 1364 dilectibnem.

2195 1377 2300 1433 Sed
2331 1386 2387 1430 ut
2419 1377 2625 1431 facilius
2649 1391 2942 1448 cognoscas
2983 1379 3251 1446 quomodo
3283 1379 3365 1433 vel
3393 1379 3534 1432 unde
3563 1378 3724 1448 hanc,

2164 1464 2283 1502 nam
2326 1448 2467 1511 dixi,
2518 1463 2704 1502 navem
2748 1449 2828 1501 vel
2864 1463 3044 1502 arcam
3074 1449 3124 1502 in
3149 1448 3312 1502 corde
3340 1459 3427 1502 tuo
3453 1449 3726 1507 aedificare

2163 1520 2344 1582 ebeas,
2374 1534 2468 1587 per
2491 1534 2649 1588 quam
2680 1519 2836 1587 hujus
2863 1519 3044 1572 diluvii
3074 1519 3350 1589 naufragio
3375 1519 3621 1584 eductus,
3654 1522 3723 1576 ad

2127 1602 2336 1659 portum
2377 1591 2572 1658 quietis
2614 1590 2928 1657 pervenias;
2970 1590 3074 1643 duo
3104 1605 3265 1658 opera
3294 1591 3387 1644 Dei
3416 1591 3722 1659 considera,

2126 1661 2374 1715 videlicet
2423 1675 2556 1729 opus
2605 1659 2966 1724 conditionis,
3012 1669 3066 1714 et
3114 1676 3248 1729 Opus
3296 1663 3724 1718 restauratioois.

2126 1729 2272 1801 Opus
2299 1743 2476 1785 autem
2504 1731 2825 1784 conditionis
2851 1739 2933 1784 est
2960 1731 3159 1785 erratio
3188 1731 3308 1786 coeli
3345 1739 3398 1785 et
3437 1741 3627 1794 tet'rzc,
3673 1742 3728 1787 ct

2125 1803 2363 1856 Omnium
2391 1817 2508 1870 qua:
2540 1803 2591 1854 in
2618 1803 2696 1855 eis
2720 1803 3080 1861 continentur,
3111 1817 3230 1869 qua:
3256 1818 3351 1856 sex
3374 1801 3565 1855 diebus
3587 1801 3726 1856 facta

2127 1883 2272 1928 sunt.
2305 1872 2452 1938 Opus
2484 1887 2609 1926 vero
2647 1872 3084 1937 restauraaiouis,
3125 1872 3422 1926 incarnatio
3447 1871 3642 1937 Verbi,
3671 1882 3728 1926 et

2127 1943 2304 1997 omnia
2332 1960 2451 2013 quae
2479 1960 2506 1994 a
2539 1943 2797 2011 principio
2825 1942 3005 1996 mundi
3040 1957 3208 2011 usque
3237 1943 3304 1996 ad
3337 1943 3514 2013 finem,
3545 1943 3627 1997 vel
3658 1944 3727 1997 ad

2127 2029 2244 2069 eam
2271 2012 2729 2082 pramuntiandam
2760 2024 3168 2082 prweesserunt,
3200 2013 3282 2066 vel
3309 2012 3374 2066 ad
3403 2015 3568 2081 ipsam
3597 2029 3726 2069 eon-

2128 2085 2440 2139 firmandam
2483 2095 2730 2138 seeutura
2769 2093 2892 2139 sunt
2922 2103 2934 2137 :
2963 2099 3084 2154 quae
3121 2087 3297 2136 omnia
3341 2099 3434 2138 sex
3478 2086 3728 2142 natatibus

2129 2155 2280 2209 fiunt.
2326 2155 2430 2211 Sed
2477 2170 2639 2223 opera
2686 2156 3090 2210 restaurationis
3133 2155 3301 2224 magis
3347 2155 3614 2222 pertinent
3653 2156 3721 2211 ad

2128 2226 2288 2280 fidem
2316 2225 2668 2288 catholicam,
2713 2241 2832 2295 qua:
2879 2225 3076 2279 idcirco
3121 2227 3287 2279 sancti
3327 2226 3556 2294 amplius
3596 2226 3723 2280 dili-

2128 2306 2276 2367 gunt,
2310 2298 2431 2366 quia
2461 2297 2512 2349 in
2542 2297 2622 2350 eis
2648 2312 2758 2349 sua:
2785 2295 2972 2350 salutis
2996 2295 3228 2349 remedia
3253 2306 3566 2367 agnoscunt.
3594 2296 3726 2352 [hec

2128 2366 2307 2421 autem
2336 2368 2524 2436 partim
2559 2383 2652 2434 per
2679 2367 2940 2424 heinines.
2972 2367 3160 2436 partim
3194 2381 3288 2435 per
3315 2366 3565 2434 Angelos,
3599 2383 3725 2438 par-

432 2433 595 2502 liujus
622 2436 908 2506 cupiditate
937 2437 988 2488 in
1014 2433 1244 2506 superna
1279 2436 1511 2489 animum
1540 2435 1732 2490 attollit
1763 2453 1776 2488 :
1804 2445 1858 2490 et
1898 2450 2023 2504 por-

433 2507 534 2560 tari
563 2505 776 2574 quidem
807 2507 873 2560 ab
902 2505 1054 2575 aquis
1087 2515 1286 2574 potest,
1319 2508 1410 2559 sed
1454 2507 1617 2574 mergi
1659 2507 1879 2560 omnino
1919 2521 2022 2559 non

433 2585 642 2645 potest;
674 2577 793 2645 quia
825 2575 890 2630 ad
918 2577 1290 2638 necessitatem
1333 2576 1434 2630 hoe
1475 2577 1670 2629 mundo
1701 2577 1866 2630 utitur
1886 2618 1901 2640 ,
1931 2576 2025 2631 sed
2079 2597 2090 2606 ·

431 2643 552 2713 bjus
579 2643 859 2700 desideriis
899 2662 993 2716 per
1017 2646 1263 2700 affectum
1293 2663 1397 2700 non
1426 2647 1744 2715 implicatur.
1775 2647 2025 2716 Quisquis

433 2727 564 2786 ergo
589 2725 786 2772 aeterna
812 2731 918 2772 non
943 2717 1189 2783 credens,
1217 2719 1330 2772 sola
1357 2733 1476 2788 qua:
1503 2726 1781 2774 transeunt
1799 2717 2021 2789 appetit,

2130 2438 2223 2491 tim
2269 2455 2362 2505 per
2403 2438 2745 2506 semetipsum
2777 2445 3033 2506 operatus
3059 2445 3144 2491 est
3176 2438 3317 2491 Deus
3355 2454 3369 2491 :
3408 2447 3464 2490 ut
3510 2437 3562 2490 iu
3603 2437 3724 2493 arca

2129 2509 2391 2577 Spirituali
2425 2508 2591 2576 prima
2621 2509 2690 2562 sit
2719 2508 2926 2561 mansio
2956 2523 3116 2576 Opera
3149 2506 3422 2561 hominum
3445 2549 3460 2568 ,
3485 2509 3723 2563 secunda
3794 2544 3796 2546 τ

2131 2594 2295 2648 opera
2321 2580 2644 2646 Angelorum
2666 2621 2680 2644 ,
2715 2579 2869 2633 tertia
2899 2594 3061 2648 opera
3092 2577 3218 2647 Dei,
3251 2592 3535 2648 supremus
3571 2580 3726 2635 cubi-

2130 2657 2238 2716 tus,
2269 2658 2456 2705 auctor
2490 2649 2859 2705 universorum
2891 2651 3054 2706 Deus.

1535 2940 2590 3054 ADMONITIO

1509 3112 1592 3174 IN
1635 3110 2263 3187 SUBSEQUENTEM
2306 3110 2633 3172 LIBRUM.

414 3241 422 3256 ’
507 3256 668 3312 Liber
695 3255 762 3312 de
789 3255 1072 3327 Diligendo
1098 3254 1212 3310 Deo
1239 3255 1359 3325 pius
1385 3261 1494 3321 est,
1518 3253 1721 3325 judicio
1749 3254 1954 3309 Erasmi
1985 3269 2048 3308 ac
2075 3253 2469 3324 Theologorum
2497 3251 2907 3308 Lovaniensium
2928 3295 2944 3320 ,
2975 3266 3074 3308 nec
3107 3250 3405 3307 ineruditus
3434 3269 3447 3306 :
3481 3252 3575 3307 sed
3607 3255 3733 3308 sub-

433 3347 641 3403 dititius
671 3355 847 3402 tamen
867 3389 883 3414 ,
915 3346 1001 3401 vel
1031 3346 1144 3415 ipsa
1170 3361 1236 3400 ex
1263 3345 1441 3416 phrasi
1469 3345 1756 3415 plurimum
1797 3344 2138 3416 discrepante
2169 3345 2235 3399 ab
2261 3345 2645 3414 Augustioiana
2668 3385 2684 3411 ,
2717 3344 2911 3400 merito
2938 3343 3124 3398 iisdem
3152 3345 3321 3400 visus.
3359 3347 3560 3399 Auctor
3583 3355 3734 3402 certe

433 3454 494 3495 se
519 3441 636 3509 ipse
663 3439 835 3493 mtatis
875 3437 1188 3494 recentioris
1227 3451 1345 3492 esse
1374 3436 1504 3491 satis
1533 3451 1598 3490 eo
1626 3436 1838 3506 prodit,
1866 3436 2008 3506 quod
2041 3435 2352 3516 Hieronymi
2379 3435 2583 3490 dictum
2615 3450 2681 3490 ex
2712 3435 2806 3489 lib.
2836 3435 2870 3489 5
2897 3435 2948 3488 in
2977 3433 3166 3488 Matth.
3195 3451 3324 3489 xvm
3353 3435 3481 3489 citat
3509 3436 3561 3488 in
3592 3435 3733 3490 hunc

435 3531 654 3586 modum
687 3549 700 3585 :
735 3529 880 3586 Unde
916 3529 1123 3599 quidam
1149 3539 1354 3582 sanctus
1381 3528 1486 3595 ait,
1519 3527 1712 3598 Magna
1750 3528 1970 3598 dignitas
1999 3527 2314 3592 animarum,
2344 3536 2447 3582 etc.
2485 3525 2722 3582 Contulit
2751 3527 2856 3581 huc
2883 3527 3173 3581 sententias
3201 3525 3267 3581 ad
3299 3526 3730 3582 inflammandam

433 3623 776 3678 dilectionem
811 3623 938 3688 Dei,
971 3621 1132 3674 variis
1159 3636 1220 3675 ex
1256 3620 1437 3684 libris,
1473 3618 1707 3688 llugonis
1741 3617 1998 3672 Victorini
2040 3618 2092 3671 in
2124 3618 2336 3686 primis,
2386 3617 2640 3672 Bernardi
2685 3625 2738 3671 et
2784 3616 3046 3671 Anselmi.
3091 3617 3157 3670 Et
3197 3616 3412 3686 quidem
3443 3632 3472 3671 a
3501 3617 3674 3684 capite
3697 3619 3733 3672 4

435 3715 500 3767 ad
534 3715 621 3780 Η,
657 3714 785 3768 nihil
815 3713 968 3767 nobis
997 3711 1276 3781 legendum
1307 3710 1446 3764 aliud
1480 3709 1702 3780 praebet,
1729 3724 1886 3779 quam
1909 3709 2049 3778 quod
2073 3709 2247 3762 verbis
2274 3709 2460 3764 iisdem
2487 3725 2550 3764 ac
2577 3709 2686 3763 fere
2715 3709 2932 3763 totidem
2957 3709 3173 3778 scripsit
3193 3709 3345 3777 llugo
3366 3711 3414 3762 in
3436 3709 3729 3778 Soliloquio

434 3801 502 3859 de
531 3804 705 3858 Arrha
734 3804 945 3858 animae.
977 3803 1095 3857 Alia
1124 3802 1303 3856 itidem
1333 3811 1459 3855 sunt
1484 3817 1548 3856 ex
1577 3800 1696 3854 aliis
1723 3800 1956 3869 llugonis
1995 3791 2263 3869 opusculis
2293 3809 2543 3871 excerpta
2575 3801 2686 3856 loca
2705 3843 2719 3867 ,
2751 3801 2901 3870 plura
2931 3803 3090 3856 etiam
3122 3818 3189 3857 ex
3219 3802 3439 3856 diversis
3469 3801 3726 3856 Bernardi

434 3893 824 3960 Concionibus,
871 3904 927 3951 et
968 3894 1209 3966 quirdam
1247 3909 1314 3948 ex
1341 3892 1680 3948 Meditatione
1710 3893 1845 3962 apud
1875 3892 2184 3971 Anselmum
2219 3901 2502 3960 postrema:
2529 3893 2776 3947 editionis
2805 3893 3011 3950 decima
3043 3903 3189 3949 sexta
3211 3935 3226 3960 ,
3259 3911 3375 3964 qua:
3405 3909 3500 3948 nos
3528 3895 3729 3964 passim

437 3987 624 4054 positis
656 3987 792 4039 notis
823 4002 852 4039 e
881 3987 1100 4056 regione
1131 3996 1492 4039 monstramus
1523 3983 1621 4057 (α).
1654 3983 1735 4037 Ad
1761 3993 2066 4038 extremum
2087 4024 2103 4047 ,
2133 3984 2304 4052 capite
2335 3985 2401 4038 18
2431 3986 2711 4040 exhibetur
2750 3986 2971 4055 insignis
3013 3986 3161 4040 locus
3202 3985 3441 4041 Anselmi
3469 4002 3531 4039 ex
3565 3987 3733 4056 ipsius

440 4076 732 4146 l’roslogio.
766 4076 913 4144 Sapit
945 4079 1044 4130 hoe
1067 4093 1200 4144 opus
1224 4077 1468 4131 eumdem
1497 4085 1765 4130 auctorem
1793 4090 1855 4128 ac
1885 4075 2022 4130 liber
2049 4075 2118 4131 de
2145 4077 2344 4145 Spiritu
2372 4086 2427 4130 et
2449 4077 2659 4130 Anima.
2688 4078 2798 4132 Nec
2823 4077 2960 4133 forte
2987 4078 3136 4132 alteri
3165 4078 3355 4132 melius
3383 4079 3731 4148 ailseripscris

435 4167 709 4231 Manuale,
743 4175 797 4222 et
823 4167 920 4220 alia
953 4167 1194 4236 qutedam
1224 4168 1474 4235 epuscula
1517 4183 1634 4235 qua:
1667 4166 1752 4220 hic
1783 4175 1964 4234 postea
1993 4169 2478 4236 reprarseutantur,
2511 4170 2743 4238 itemque
2776 4171 2938 4224 libros
2969 4170 3110 4238 apud
3143 4170 3415 4240 llugonem
3448 4171 3514 4224 de
3541 4173 3730 4226 Anima

436 4261 668 4331 primmn
710 4269 762 4314 ct
806 4260 1054 4323 tertium,
1096 4258 1183 4328 qui
1223 4259 1359 4328 apud
1396 4257 1719 4312 Bernardum
1750 4257 2117 4312 Meditationes
2147 4269 2199 4314 et
2228 4259 2294 4312 de
2322 4258 2658 4315 Conscientia
2689 4272 3086 4330 nuncupantur.
3132 4261 3393 4316 Cmterum
3424 4261 3731 4318 Vincentius

437 4352 851 4413 Bcllovacensis,
884 4351 975 4406 lib.
1003 4351 1074 4405 25
1098 4351 1308 4419 Speeuli
1334 4349 1611 4412 naturalis,
1641 4365 1760 4418 cap.
1791 4350 1842 4413 l,
1875 4349 2114 4403 nonnihil
2139 4349 2278 4418 quod
2310 4350 2486 4420 legere
2517 4361 2741 4420 estcap.
2765 4353 2797 4406 5
2827 4352 2989 4422 hujus
3020 4353 3159 4415 libri,
3191 4353 3319 4407 citat
3343 4353 3562 4410 nomine
3587 4354 3729 4410 Petri

434 4439 781 4498 Comestoris.
813 4443 1030 4496 Librum
1061 4443 1380 4497 contulimus
1409 4457 1530 4495 cum
1559 4441 1684 4496 Mss.
1720 4441 1900 4512 Regiis
1925 4440 2134 4496 duobus
2160 4443 2212 4496 in
2239 4443 2430 4512 quibus
2453 4444 2736 4514 Augustini
2764 4447 2979 4501 nomine
3008 4445 3142 4500 falso‘
3171 4452 3524 4516 prmnolatur.

500 4555 573 4620 (α)
611 4561 730 4605 Ante
755 4556 856 4618 ipsa
877 4553 1085 4618 capitula
1101 4555 1230 4604 notis
1251 4552 1570 4616 alphabetieis
1591 4552 1906 4604 indicavimus
1926 4551 2077 4603 libros
2099 4565 2165 4602 ex
2183 4553 2362 4616 quibus
2377 4555 2508 4604 varia
2523 4553 2628 4606 loca
2651 4557 2830 4619 passim
2853 4563 3204 4620 excerpuntur.
3286 4563 3345 4606 Μ.

1015 4772 1287 4915 DE
1407 4687 2543 4922 DILlGENDO
2692 4777 3110 4925 Ι)Εο

1823 4679 3674 4704 ν-Ψῌ--ᾑ--ῄ--α

1571 4997 2044 5108 LIBER
2111 4998 2227 5104 Π
2209 4999 2357 5108 Ν
2364 4999 2578 5110 US.

1881 5228 2286 5266 ..Μυκον-

509 5348 735 5406 CAPUT
769 5347 1052 5406 PRIMUM.
1112 5347 1210 5403 Via
1253 5347 1321 5402 ad
1359 5347 1508 5402 vitam
1552 5348 1792 5403 charitas.
1841 5349 2027 5404 Modus

440 5421 683 5489 diligendi
721 5421 880 5473 Deum
906 5431 952 5474 et
994 5422 1299 5489 proximum.
1344 5419 1494 5488 Vigili
1523 5433 1647 5472 cura
1675 5461 1688 5486 ,
1720 5429 1896 5474 mente
1923 5423 2028 5474 sol-

439 5493 582 5547 licita
609 5533 624 5554 ,
655 5507 862 5544 summo
891 5501 1104 5548 conatu.
1137 5500 1192 5545 et
1221 5489 1574 5545 sollicitudine
1602 5491 1846 5546 continua
1877 5493 2030 5545 docet

441 5577 544 5620 nos
573 5562 838 5631 inquirere
864 5570 916 5616 ct
941 5563 1219 5616 addiscere
1247 5561 1516 5630 quomodo
1538 5570 1593 5616 et
1615 5579 1716 5628 qua
1747 5566 1826 5614 via
1854 5564 2028 5631 possi-

441 5647 565 5689 mus
592 5630 849 5684 inf'ernale
879 5634 1192 5702 supplicium
1223 5635 1413 5691 vitare.
1449 5642 1500 5685 et
1529 5635 1748 5688 cinleste
1776 5630 2024 5702 gaudium

444 5703 756 5770 acquirere;
787 5716 905 5755 cum
937 5701 1192 5757 nee’illud
1223 5703 1540 5772 supplicimn
1570 5704 1740 5768 vitari,
1773 5701 1873 5759 nec
1899 5705 2024 5759 illud

447 5773 698 5844 gaudium
727 5774 928 5844 acquiri
958 5776 1141 5845 possit,
1176 5775 1276 5832 nisi
1308 5776 1390 5829 via
1418 5778 1626 5845 cognita
1655 5791 1758 5848 qua
1787 5787 1871 5834 est
1901 5777 2054 5834 illud

2135 5350 2430 5432 vitandum,
2473 5361 2527 5432 et
2561 5353 2688 5432 illud
2733 5358 3134 5432 acquirendum.
3168 5359 3464 5432 Audiamus
3491 5375 3621 5432 ergo
3660 5361 3728 5416 li-

2136 5423 2368 5506 bentius,
2389 5425 2733 5506 inspiciamus
2753 5423 3055 5506 diligentius
3079 5431 3241 5506 verba
3261 5432 3520 5506 Apostoli.
3533 5423 3729 5506 quibus

2138 5495 2387 5576 ipsgdtto
2415 5495 2680 5565 Ostendit,
2713 5495 3094 5576 scilicetquod
3139 5495 3382 5576 eteles'tis
3407 5495 3593 5576 gloria:
3624 5505 3729 5576 vita

2137 5565 2417 5646 ineffabiljs
2443 5578 2543 5630 est,
2572 5580 2624 5646 et
2650 5573 2862 5646 quarsit
2888 5565 2982 5627 via'
3001 5589 3119 5644 qua:
3147 5574 3292 5630 ducit
3320 5574 3386 5628 ad
3410 5565 3582 5628 'vitam
3614 5593 3628 5630 :
3657 5575 3730 5628 ait

2135 5637 2275 5718 enim
2302 5679 2328 5718 ,'
2354 5637 2463 5692 Nec
2489 5637 2805 5718 acu-lusuidit
2826 5685 2840 5705 ,
2872 5660 2962 5696 nec
2998 5637 3136 5718 duris
3163 5646 3512 5718 gudivit,nec
3539 5647 3603 5718 in
3647 5661 3733 5699 cor

2136 5709 2352 5786 (conﬁnis
2382 5714 2645 5786 ascendit,
2675 5729 2790 5780 quae
2815 5717 3118 5786 praeparavit
3151 5715 3290 5770 Deus
3316 5717 3640 5786 diligentibus
3679 5731 3732 5770 ac

2137 5777 2189 5850 (l
2221 5778 2337 5834 Cor.
2371 5797 2428 5846 ιι,
2461 5781 2553 5854 9).
2588 5777 2729 5840 Ecce
2775 5777 2870 5856 per
2899 5777 3002 5842 hoc
3043 5787 3184 5860 quod
3214 5787 3344 5843 dicit
3387 5777 3556 5844 Deum
3586 5803 3733 5862 prat-
