  <div class='ocr_page' id='page_1' title='image "/cluster/home/n/w/nwhite01/storage/ocr_20150623/40/hvd.32044024147290/432.png"; bbox 0 0 4094 6342; ppageno 0'>
   <div class='ocr_carea' id='block_1_1' title="bbox 300 300 411 358">
    <p class='ocr_par' dir='ltr' id='par_1_1' title="bbox 300 300 411 358">
     <span class='ocr_line' id='line_1_1' title="bbox 300 300 411 358; baseline 0 0"><span class='ocrx_word' id='word_1_1' title='bbox 300 300 411 358; x_wconf 76' lang='lat'><strong>853</strong></span> 
     </span>
    </p>
   </div>
   <div class='ocr_carea' id='block_1_2' title="bbox 300 407 1887 495">
    <p class='ocr_par' dir='ltr' id='par_1_2' title="bbox 300 407 1887 495">
     <span class='ocr_line' id='line_1_2' title="bbox 300 407 1887 495; baseline -0.006 -21"><span class='ocrx_word' id='word_1_2' title='bbox 300 426 386 474; x_wconf 88' lang='lat' dir='ltr'><strong>est</strong></span> <span class='ocrx_word' id='word_1_3' title='bbox 412 410 517 495; x_wconf 73' lang='lat' dir='ltr'><strong>huc</strong></span> <span class='ocrx_word' id='word_1_4' title='bbox 544 415 634 471; x_wconf 88' lang='lat' dir='ltr'><strong>ubi</strong></span> <span class='ocrx_word' id='word_1_5' title='bbox 659 414 878 495; x_wconf 67' lang='lat' dir='ltr'><strong>jacebas</strong></span> <span class='ocrx_word' id='word_1_6' title='bbox 902 432 915 470; x_wconf 90' lang='lat'><strong>:</strong></span> <span class='ocrx_word' id='word_1_7' title='bbox 942 420 995 471; x_wconf 86' lang='lat' dir='ltr'><strong>et</strong></span> <span class='ocrx_word' id='word_1_8' title='bbox 1013 422 1071 469; x_wconf 92' lang='lat' dir='ltr'><strong>ut</strong></span> <span class='ocrx_word' id='word_1_9' title='bbox 1101 409 1707 495; x_wconf 72' lang='lat' dir='ltr'><strong>tibijusteredderetur</strong></span> <span class='ocrx_word' id='word_1_10' title='bbox 1744 407 1887 495; x_wconf 83' lang='lat' dir='ltr'><strong>quod</strong></span> 
     </span>
    </p>
   </div>
   <div class='ocr_carea' id='block_1_3' title="bbox 302 482 1885 614">
    <p class='ocr_par' dir='ltr' id='par_1_3' title="bbox 302 482 1885 614">
     <span class='ocr_line' id='line_1_3' title="bbox 302 482 1885 614; baseline -0.004 -72"><span class='ocrx_word' id='word_1_11' title='bbox 302 488 636 614; x_wconf 52' lang='lat' dir='ltr'><strong>Erdideras,</strong></span> <span class='ocrx_word' id='word_1_12' title='bbox 659 482 771 555; x_wconf 84' lang='lat' dir='ltr'><strong>ipse</strong></span> <span class='ocrx_word' id='word_1_13' title='bbox 798 488 1044 569; x_wconf 76' lang='lat' dir='ltr'><strong>dignatus</strong></span> <span class='ocrx_word' id='word_1_14' title='bbox 1068 495 1151 540; x_wconf 72' lang='lat' dir='ltr'><strong>est</strong></span> <span class='ocrx_word' id='word_1_15' title='bbox 1176 482 1559 566; x_wconf 70' lang='lat' dir='ltr'><strong>piepatiquod</strong></span> <span class='ocrx_word' id='word_1_16' title='bbox 1597 483 1885 565; x_wconf 80' lang='lat' dir='ltr'><strong>tolerabas.</strong></span> 
     </span>
     <span class='ocr_line' id='line_1_4' title="bbox 380 560 1884 614; baseline -0.005 0"><span class='ocrx_word' id='word_1_17' title='bbox 380 560 587 614; x_wconf 81' lang='lat' dir='ltr'><strong>scendit</strong></span> <span class='ocrx_word' id='word_1_18' title='bbox 610 574 759 614; x_wconf 72' lang='lat' dir='ltr'><strong>ergo.</strong></span> <span class='ocrx_word' id='word_1_19' title='bbox 784 566 1037 614; x_wconf 82' lang='lat' dir='ltr'><strong>suscepit.</strong></span> <span class='ocrx_word' id='word_1_20' title='bbox 1063 563 1337 614; x_wconf 77' lang='lat' dir='ltr'><strong>sustinuit,</strong></span> <span class='ocrx_word' id='word_1_21' title='bbox 1365 562 1512 613; x_wconf 76' lang='grc' dir='ltr'>νιοιι,</span> <span class='ocrx_word' id='word_1_22' title='bbox 1540 563 1884 608; x_wconf 84' lang='lat' dir='ltr'><strong>restauravu.</strong></span> 
     </span>
    </p>
   </div>
   <div class='ocr_carea' id='block_1_4' title="bbox 380 553 1884 627">
    <p class='ocr_par' dir='ltr' id='par_1_4' title="bbox 380 553 1884 627">
     <span class='ocr_line' id='line_1_5' title="bbox 380 553 1884 627; baseline -0.005 -13"><span class='ocrx_word' id='word_1_23' title='bbox 380 560 587 614; x_wconf 86' lang='lat' dir='ltr'><strong>scendit</strong></span> <span class='ocrx_word' id='word_1_24' title='bbox 610 553 759 627; x_wconf 85' lang='lat' dir='ltr'><strong>ergo,</strong></span> <span class='ocrx_word' id='word_1_25' title='bbox 784 553 1037 626; x_wconf 79' lang='lat' dir='ltr'><strong>suscepit,</strong></span> <span class='ocrx_word' id='word_1_26' title='bbox 1063 554 1337 627; x_wconf 86' lang='lat' dir='ltr'><strong>sustinuit,</strong></span> <span class='ocrx_word' id='word_1_27' title='bbox 1365 553 1512 627; x_wconf 76' lang='lat' dir='ltr'><strong>vicit,</strong></span> <span class='ocrx_word' id='word_1_28' title='bbox 1540 556 1884 627; x_wconf 83' lang='lat' dir='ltr'><strong>restauravit.</strong></span> 
     </span>
    </p>
   </div>
   <div class='ocr_carea' id='block_1_5' title="bbox 302 623 1891 694">
    <p class='ocr_par' dir='ltr' id='par_1_5' title="bbox 302 623 1891 694">
     <span class='ocr_line' id='line_1_6' title="bbox 302 623 1891 694; baseline -0.004 -9"><span class='ocrx_word' id='word_1_29' title='bbox 302 630 589 686; x_wconf 87' lang='lat' dir='ltr'><strong>Descendit</strong></span> <span class='ocrx_word' id='word_1_30' title='bbox 615 623 696 683; x_wconf 35' lang='lat' dir='ltr'><strong>adv</strong></span> <span class='ocrx_word' id='word_1_31' title='bbox 713 623 1011 691; x_wconf 86' lang='lat' dir='ltr'><strong>mortalem,</strong></span> <span class='ocrx_word' id='word_1_32' title='bbox 1036 626 1270 694; x_wconf 87' lang='lat' dir='ltr'><strong>suscepit</strong></span> <span class='ocrx_word' id='word_1_33' title='bbox 1298 623 1697 688; x_wconf 71' lang='lat' dir='ltr'><strong>mortalitatem,</strong></span> <span class='ocrx_word' id='word_1_34' title='bbox 1729 625 1891 679; x_wconf 85' lang='lat' dir='ltr'><strong>susti-</strong></span> 
     </span>
    </p>
   </div>
   <div class='ocr_carea' id='block_1_6' title="bbox 302 695 1883 769">
    <p class='ocr_par' dir='ltr' id='par_1_6' title="bbox 302 695 1883 769">
     <span class='ocr_line' id='line_1_7' title="bbox 302 695 1883 769; baseline -0.004 -14"><span class='ocrx_word' id='word_1_35' title='bbox 302 702 419 756; x_wconf 86' lang='lat' dir='ltr'><strong>nuit</strong></span> <span class='ocrx_word' id='word_1_36' title='bbox 451 705 777 769; x_wconf 71' lang='lat' dir='ltr'><strong>passionem,</strong></span> <span class='ocrx_word' id='word_1_37' title='bbox 812 701 934 753; x_wconf 91' lang='lat' dir='ltr'><strong>vicit</strong></span> <span class='ocrx_word' id='word_1_38' title='bbox 963 710 1210 760; x_wconf 88' lang='lat' dir='ltr'><strong>mortem,</strong></span> <span class='ocrx_word' id='word_1_39' title='bbox 1244 695 1883 769; x_wconf 73' lang='lat' dir='ltr'><strong>restauraviihominem.</strong></span> 
     </span>
    </p>
   </div>
   <div class='ocr_carea' id='block_1_7' title="bbox 307 766 1884 835">
    <p class='ocr_par' dir='ltr' id='par_1_7' title="bbox 307 766 1884 835">
     <span class='ocr_line' id='line_1_8' title="bbox 307 766 1884 835; baseline -0.003 -9"><span class='ocrx_word' id='word_1_40' title='bbox 307 766 475 834; x_wconf 60' lang='lat' dir='ltr'><strong>Ecce,</strong></span> <span class='ocrx_word' id='word_1_41' title='bbox 505 774 680 825; x_wconf 89' lang='lat' dir='ltr'><strong>anima</strong></span> <span class='ocrx_word' id='word_1_42' title='bbox 712 788 826 823; x_wconf 89' lang='lat' dir='ltr'><strong>mea</strong></span> <span class='ocrx_word' id='word_1_43' title='bbox 850 813 864 831; x_wconf 93' lang='lat'><strong>,</strong></span> <span class='ocrx_word' id='word_1_44' title='bbox 888 771 1207 835; x_wconf 86' lang='lat' dir='ltr'><strong>ohstupesce</strong></span> <span class='ocrx_word' id='word_1_45' title='bbox 1236 775 1378 820; x_wconf 89' lang='lat' dir='ltr'><strong>tanta</strong></span> <span class='ocrx_word' id='word_1_46' title='bbox 1409 766 1703 827; x_wconf 86' lang='lat' dir='ltr'><strong>mirabilia,</strong></span> <span class='ocrx_word' id='word_1_47' title='bbox 1741 775 1884 821; x_wconf 85' lang='lat' dir='ltr'><strong>tanta</strong></span> 
     </span>
    </p>
   </div>
   <div class='ocr_carea' id='block_1_8' title="bbox 304 837 1886 911">
    <p class='ocr_par' dir='ltr' id='par_1_8' title="bbox 304 837 1886 911">
     <span class='ocr_line' id='line_1_9' title="bbox 304 837 1886 911; baseline -0.004 -14"><span class='ocrx_word' id='word_1_48' title='bbox 304 843 557 897; x_wconf 75' lang='lat' dir='ltr'><strong>beneficia</strong></span> <span class='ocrx_word' id='word_1_49' title='bbox 591 853 807 911; x_wconf 77' lang='lat' dir='ltr'><strong>propter</strong></span> <span class='ocrx_word' id='word_1_50' title='bbox 831 852 881 895; x_wconf 85' lang='lat' dir='ltr'><strong>te</strong></span> <span class='ocrx_word' id='word_1_51' title='bbox 902 842 1155 895; x_wconf 64' lang='lat' dir='ltr'><strong>exhibita.</strong></span> <span class='ocrx_word' id='word_1_52' title='bbox 1184 838 1366 904; x_wconf 76' lang='lat' dir='ltr'><strong>Cogita</strong></span> <span class='ocrx_word' id='word_1_53' title='bbox 1397 846 1667 911; x_wconf 78' lang='lat' dir='ltr'><strong>quantum</strong></span> <span class='ocrx_word' id='word_1_54' title='bbox 1689 848 1741 911; x_wconf 82' lang='lat' dir='ltr'><strong>te</strong></span> <span class='ocrx_word' id='word_1_55' title='bbox 1767 837 1886 911; x_wconf 77' lang='lat' dir='ltr'><strong>dili-</strong></span> 
     </span>
    </p>
   </div>
   <div class='ocr_carea' id='block_1_9' title="bbox 339 907 1881 982">
    <p class='ocr_par' dir='ltr' id='par_1_9' title="bbox 339 907 1881 982">
     <span class='ocr_line' id='line_1_10' title="bbox 339 907 1881 982; baseline -0.003 -15"><span class='ocrx_word' id='word_1_56' title='bbox 339 925 412 975; x_wconf 89' lang='lat' dir='ltr'><strong>at,</strong></span> <span class='ocrx_word' id='word_1_57' title='bbox 441 920 527 982; x_wconf 81' lang='lat' dir='ltr'><strong>qui</strong></span> <span class='ocrx_word' id='word_1_58' title='bbox 559 907 705 967; x_wconf 62' lang='lat' dir='ltr'><strong>tanta</strong></span> <span class='ocrx_word' id='word_1_59' title='bbox 729 914 974 981; x_wconf 78' lang='lat' dir='ltr'><strong>dignatus</strong></span> <span class='ocrx_word' id='word_1_60' title='bbox 997 923 1077 964; x_wconf 74' lang='lat' dir='ltr'><strong>est</strong></span> <span class='ocrx_word' id='word_1_61' title='bbox 1103 911 1280 982; x_wconf 78' lang='lat' dir='ltr'><strong>facere</strong></span> <span class='ocrx_word' id='word_1_62' title='bbox 1310 919 1524 976; x_wconf 79' lang='lat' dir='ltr'><strong>propter</strong></span> <span class='ocrx_word' id='word_1_63' title='bbox 1557 907 1881 982; x_wconf 13' lang='lat' dir='ltr'><strong>te.7|’ult-hra</strong></span> 
     </span>
    </p>
   </div>
   <div class='ocr_carea' id='block_1_10' title="bbox 302 929 1882 1049">
    <p class='ocr_par' dir='ltr' id='par_1_10' title="bbox 302 929 1882 1049">
     <span class='ocr_line' id='line_1_11' title="bbox 339 929 1881 982; baseline -0.003 -15"><span class='ocrx_word' id='word_1_64' title='bbox 339 929 412 975; x_wconf 88' lang='lat' dir='ltr'><strong>at,</strong></span> <span class='ocrx_word' id='word_1_65' title='bbox 441 931 527 982; x_wconf 89' lang='lat' dir='ltr'><strong>qm</strong></span> <span class='ocrx_word' id='word_1_66' title='bbox 559 929 698 967; x_wconf 76' lang='lat' dir='ltr'><strong>tanta</strong></span> <span class='ocrx_word' id='word_1_67' title='bbox 729 929 974 981; x_wconf 77' lang='lat' dir='ltr'><strong>dignatus</strong></span> <span class='ocrx_word' id='word_1_68' title='bbox 997 929 1077 964; x_wconf 75' lang='lat' dir='ltr'><strong>est</strong></span> <span class='ocrx_word' id='word_1_69' title='bbox 1103 929 1280 963; x_wconf 84' lang='lat' dir='ltr'><strong>tacere</strong></span> <span class='ocrx_word' id='word_1_70' title='bbox 1310 929 1524 976; x_wconf 76' lang='lat' dir='ltr'><strong>propter</strong></span> <span class='ocrx_word' id='word_1_71' title='bbox 1557 929 1624 959; x_wconf 80' lang='lat' dir='ltr'><strong>te.</strong></span> <span class='ocrx_word' id='word_1_72' title='bbox 1656 929 1881 963; x_wconf 80' lang='lat' dir='ltr'><strong>ron-ara</strong></span> 
     </span>
     <span class='ocr_line' id='line_1_12' title="bbox 302 929 1882 1049; baseline -0.003 -11"><span class='ocrx_word' id='word_1_73' title='bbox 302 929 438 1038; x_wconf 60' lang='lat' dir='ltr'><strong>Eicla</strong></span> <span class='ocrx_word' id='word_1_74' title='bbox 465 984 637 1039; x_wconf 81' lang='lat' dir='ltr'><strong>fueras</strong></span> <span class='ocrx_word' id='word_1_75' title='bbox 660 984 774 1049; x_wconf 86' lang='lat' dir='ltr'><strong>ejus</strong></span> <span class='ocrx_word' id='word_1_76' title='bbox 798 998 1042 1043; x_wconf 77' lang='lat' dir='ltr'><strong>munere;</strong></span> <span class='ocrx_word' id='word_1_77' title='bbox 1071 981 1205 1033; x_wconf 71' lang='lat' dir='ltr'><strong>l&#39;wda</strong></span> <span class='ocrx_word' id='word_1_78' title='bbox 1230 980 1359 1032; x_wconf 70' lang='lat' dir='ltr'><strong>facta</strong></span> <span class='ocrx_word' id='word_1_79' title='bbox 1384 994 1441 1031; x_wconf 88' lang='lat' dir='ltr'><strong>es</strong></span> <span class='ocrx_word' id='word_1_80' title='bbox 1467 989 1551 1033; x_wconf 90' lang='lat' dir='ltr'><strong>tua</strong></span> <span class='ocrx_word' id='word_1_81' title='bbox 1578 980 1882 1045; x_wconf 85' lang='lat' dir='ltr'><strong>iniquitate:</strong></span> 
     </span>
    </p>
   </div>
   <div class='ocr_carea' id='block_1_11' title="bbox 303 1049 1883 1116">
    <p class='ocr_par' dir='ltr' id='par_1_11' title="bbox 303 1049 1883 1116">
     <span class='ocr_line' id='line_1_13' title="bbox 303 1049 1883 1116; baseline -0.003 -8"><span class='ocrx_word' id='word_1_82' title='bbox 303 1056 395 1109; x_wconf 92' lang='lat' dir='ltr'><strong>sed</strong></span> <span class='ocrx_word' id='word_1_83' title='bbox 428 1072 636 1109; x_wconf 72' lang='lat' dir='ltr'><strong>rursum</strong></span> <span class='ocrx_word' id='word_1_84' title='bbox 664 1055 911 1107; x_wconf 80' lang='lat' dir='ltr'><strong>mundata</strong></span> <span class='ocrx_word' id='word_1_85' title='bbox 941 1069 999 1105; x_wconf 85' lang='lat' dir='ltr'><strong>es</strong></span> <span class='ocrx_word' id='word_1_86' title='bbox 1027 1064 1077 1105; x_wconf 90' lang='lat' dir='ltr'><strong>et</strong></span> <span class='ocrx_word' id='word_1_87' title='bbox 1111 1052 1340 1104; x_wconf 88' lang='lat' dir='ltr'><strong>formosa</strong></span> <span class='ocrx_word' id='word_1_88' title='bbox 1373 1049 1508 1103; x_wconf 74' lang='lat' dir='ltr'><strong>facta</strong></span> <span class='ocrx_word' id='word_1_89' title='bbox 1537 1066 1594 1103; x_wconf 76' lang='lat' dir='ltr'><strong>es</strong></span> <span class='ocrx_word' id='word_1_90' title='bbox 1626 1051 1740 1116; x_wconf 78' lang='lat' dir='ltr'><strong>ejus</strong></span> <span class='ocrx_word' id='word_1_91' title='bbox 1770 1053 1883 1113; x_wconf 85' lang='lat' dir='ltr'><strong>pie-</strong></span> 
     </span>
    </p>
   </div>
   <div class='ocr_carea' id='block_1_12' title="bbox 305 1120 1884 1194">
    <p class='ocr_par' dir='ltr' id='par_1_12' title="bbox 305 1120 1884 1194">
     <span class='ocr_line' id='line_1_14' title="bbox 305 1120 1884 1194; baseline -0.001 -15"><span class='ocrx_word' id='word_1_92' title='bbox 305 1134 435 1186; x_wconf 85' lang='lat' dir='ltr'><strong>tate,</strong></span> <span class='ocrx_word' id='word_1_93' title='bbox 466 1140 720 1194; x_wconf 67' lang='lat' dir='ltr'><strong>operante</strong></span> <span class='ocrx_word' id='word_1_94' title='bbox 748 1135 922 1178; x_wconf 83' lang='lat' dir='ltr'><strong>tamen</strong></span> <span class='ocrx_word' id='word_1_95' title='bbox 962 1124 1241 1191; x_wconf 78' lang='lat' dir='ltr'><strong>utrubique</strong></span> <span class='ocrx_word' id='word_1_96' title='bbox 1270 1122 1384 1194; x_wconf 82' lang='lat' dir='ltr'><strong>ejus</strong></span> <span class='ocrx_word' id='word_1_97' title='bbox 1423 1120 1702 1175; x_wconf 74' lang='lat' dir='ltr'><strong>charitate.</strong></span> <span class='ocrx_word' id='word_1_98' title='bbox 1746 1120 1884 1177; x_wconf 86' lang='lat' dir='ltr'><strong>Olim</strong></span> 
     </span>
    </p>
   </div>
   <div class='ocr_carea' id='block_1_13' title="bbox 302 1192 1881 1260">
    <p class='ocr_par' dir='ltr' id='par_1_13' title="bbox 302 1192 1881 1260">
     <span class='ocr_line' id='line_1_15' title="bbox 302 1192 1881 1260; baseline -0.003 -9"><span class='ocrx_word' id='word_1_99' title='bbox 302 1212 423 1251; x_wconf 91' lang='lat' dir='ltr'><strong>cum</strong></span> <span class='ocrx_word' id='word_1_100' title='bbox 457 1192 560 1250; x_wconf 84' lang='lat' dir='ltr'><strong>non</strong></span> <span class='ocrx_word' id='word_1_101' title='bbox 589 1213 771 1252; x_wconf 70' lang='lat' dir='ltr'><strong>CSSI&#39;S.</strong></span> <span class='ocrx_word' id='word_1_102' title='bbox 803 1196 986 1249; x_wconf 62' lang='lat' dir='ltr'><strong>dilexit</strong></span> <span class='ocrx_word' id='word_1_103' title='bbox 1032 1206 1081 1246; x_wconf 90' lang='lat' dir='ltr'><strong>te</strong></span> <span class='ocrx_word' id='word_1_104' title='bbox 1125 1208 1180 1247; x_wconf 86' lang='grc' dir='ltr'><strong>ιιι</strong></span> <span class='ocrx_word' id='word_1_105' title='bbox 1219 1192 1502 1253; x_wconf 85' lang='lat' dir='ltr'><strong>conderet;</strong></span> <span class='ocrx_word' id='word_1_106' title='bbox 1538 1202 1718 1260; x_wconf 89' lang='lat' dir='ltr'><strong>postea</strong></span> <span class='ocrx_word' id='word_1_107' title='bbox 1759 1210 1881 1247; x_wconf 90' lang='lat' dir='ltr'><strong>cum</strong></span> 
     </span>
    </p>
   </div>
   <div class='ocr_carea' id='block_1_14' title="bbox 305 1264 1885 1332">
    <p class='ocr_par' dir='ltr' id='par_1_14' title="bbox 305 1264 1885 1332">
     <span class='ocr_line' id='line_1_16' title="bbox 305 1264 1885 1332; baseline -0.003 -11"><span class='ocrx_word' id='word_1_108' title='bbox 305 1266 448 1321; x_wconf 74' lang='lat' dir='ltr'><strong>fmda</strong></span> <span class='ocrx_word' id='word_1_109' title='bbox 477 1284 643 1323; x_wconf 67' lang='lat' dir='ltr'><strong>esses.</strong></span> <span class='ocrx_word' id='word_1_110' title='bbox 676 1267 861 1320; x_wconf 77' lang='lat' dir='ltr'><strong>dilexit</strong></span> <span class='ocrx_word' id='word_1_111' title='bbox 890 1275 945 1319; x_wconf 91' lang='lat' dir='ltr'><strong>ut</strong></span> <span class='ocrx_word' id='word_1_112' title='bbox 974 1264 1246 1332; x_wconf 83' lang='lat' dir='ltr'><strong>pulchram</strong></span> <span class='ocrx_word' id='word_1_113' title='bbox 1280 1264 1473 1316; x_wconf 85' lang='lat' dir='ltr'><strong>faceret</strong></span> <span class='ocrx_word' id='word_1_114' title='bbox 1500 1282 1513 1318; x_wconf 91' lang='lat'>:</span> <span class='ocrx_word' id='word_1_115' title='bbox 1542 1272 1591 1316; x_wconf 89' lang='lat' dir='ltr'><strong>ct</strong></span> <span class='ocrx_word' id='word_1_116' title='bbox 1621 1274 1673 1315; x_wconf 91' lang='lat' dir='ltr'><strong>ut</strong></span> <span class='ocrx_word' id='word_1_117' title='bbox 1704 1272 1885 1316; x_wconf 84' lang='lat' dir='ltr'><strong>osten-</strong></span> 
     </span>
    </p>
   </div>
   <div class='ocr_carea' id='block_1_15' title="bbox 302 1334 1883 1406">
    <p class='ocr_par' dir='ltr' id='par_1_15' title="bbox 302 1334 1883 1406">
     <span class='ocr_line' id='line_1_17' title="bbox 302 1334 1883 1406; baseline -0.001 -14"><span class='ocrx_word' id='word_1_118' title='bbox 302 1338 458 1392; x_wconf 82' lang='lat' dir='ltr'><strong>deret</strong></span> <span class='ocrx_word' id='word_1_119' title='bbox 484 1340 575 1391; x_wconf 86' lang='lat' dir='ltr'><strong>tibi</strong></span> <span class='ocrx_word' id='word_1_120' title='bbox 605 1347 860 1406; x_wconf 85' lang='lat' dir='ltr'><strong>quantum</strong></span> <span class='ocrx_word' id='word_1_121' title='bbox 893 1346 943 1390; x_wconf 89' lang='lat' dir='ltr'><strong>te</strong></span> <span class='ocrx_word' id='word_1_122' title='bbox 965 1337 1241 1399; x_wconf 76' lang='lat' dir='ltr'><strong>diligeret,</strong></span> <span class='ocrx_word' id='word_1_123' title='bbox 1274 1349 1379 1387; x_wconf 91' lang='lat' dir='ltr'><strong>non</strong></span> <span class='ocrx_word' id='word_1_124' title='bbox 1410 1335 1509 1406; x_wconf 90' lang='lat' dir='ltr'><strong>nisi</strong></span> <span class='ocrx_word' id='word_1_125' title='bbox 1548 1334 1823 1387; x_wconf 87' lang='lat' dir='ltr'><strong>moriendo</strong></span> <span class='ocrx_word' id='word_1_126' title='bbox 1850 1350 1883 1390; x_wconf 88' lang='lat' dir='ltr'><strong>a</strong></span> 
     </span>
    </p>
   </div>
   <div class='ocr_carea' id='block_1_16' title="bbox 303 1405 1877 1470">
    <p class='ocr_par' dir='ltr' id='par_1_16' title="bbox 303 1405 1877 1470">
     <span class='ocr_line' id='line_1_18' title="bbox 303 1405 1877 1470; baseline -0.001 -8"><span class='ocrx_word' id='word_1_127' title='bbox 303 1420 476 1462; x_wconf 82' lang='lat' dir='ltr'><strong>morte</strong></span> <span class='ocrx_word' id='word_1_128' title='bbox 511 1405 736 1462; x_wconf 68' lang='lat' dir='ltr'><strong>liberare</strong></span> <span class='ocrx_word' id='word_1_129' title='bbox 765 1419 815 1463; x_wconf 89' lang='lat' dir='ltr'><strong>te</strong></span> <span class='ocrx_word' id='word_1_130' title='bbox 840 1409 1032 1469; x_wconf 84' lang='lat' dir='ltr'><strong>voluit;</strong></span> <span class='ocrx_word' id='word_1_131' title='bbox 1059 1417 1113 1459; x_wconf 91' lang='lat' dir='ltr'><strong>ut</strong></span> <span class='ocrx_word' id='word_1_132' title='bbox 1148 1422 1250 1459; x_wconf 90' lang='lat' dir='ltr'><strong>non</strong></span> <span class='ocrx_word' id='word_1_133' title='bbox 1295 1405 1627 1470; x_wconf 79' lang='lat' dir='ltr'><strong>impenderet</strong></span> <span class='ocrx_word' id='word_1_134' title='bbox 1673 1415 1877 1460; x_wconf 82' lang='lat' dir='ltr'><strong>tantum</strong></span> 
     </span>
    </p>
   </div>
   <div class='ocr_carea' id='block_1_17' title="bbox 304 1477 1883 1548">
    <p class='ocr_par' dir='ltr' id='par_1_17' title="bbox 304 1477 1883 1548">
     <span class='ocr_line' id='line_1_19' title="bbox 304 1477 1883 1548; baseline -0.001 -18"><span class='ocrx_word' id='word_1_135' title='bbox 304 1481 515 1548; x_wconf 69' lang='lat' dir='ltr'><strong>pieuitis</strong></span> <span class='ocrx_word' id='word_1_136' title='bbox 546 1480 881 1534; x_wconf 67' lang='lat' dir='ltr'><strong>beneﬁt-ium.</strong></span> <span class='ocrx_word' id='word_1_137' title='bbox 915 1495 1096 1531; x_wconf 82' lang='lat' dir='ltr'><strong>verum</strong></span> <span class='ocrx_word' id='word_1_138' title='bbox 1125 1480 1284 1531; x_wconf 86' lang='lat' dir='ltr'><strong>etiam</strong></span> <span class='ocrx_word' id='word_1_139' title='bbox 1313 1477 1587 1529; x_wconf 82' lang='lat' dir='ltr'><strong>eharitatis</strong></span> <span class='ocrx_word' id='word_1_140' title='bbox 1618 1487 1883 1548; x_wconf 78' lang='lat' dir='ltr'><strong>monstra-</strong></span> 
     </span>
    </p>
   </div>
   <div class='ocr_carea' id='block_1_18' title="bbox 304 1547 1881 1618">
    <p class='ocr_par' dir='ltr' id='par_1_18' title="bbox 304 1547 1881 1618">
     <span class='ocr_line' id='line_1_20' title="bbox 304 1547 1881 1618; baseline -0.002 -14"><span class='ocrx_word' id='word_1_141' title='bbox 304 1547 381 1604; x_wconf 86' lang='lat' dir='ltr'><strong>ret</strong></span> <span class='ocrx_word' id='word_1_142' title='bbox 406 1551 672 1605; x_wconf 75' lang='lat' dir='ltr'><strong>affectum.</strong></span> <span class='ocrx_word' id='word_1_143' title='bbox 720 1549 917 1605; x_wconf 79' lang='lat' dir='ltr'><strong>Grandi</strong></span> <span class='ocrx_word' id='word_1_144' title='bbox 945 1550 1118 1618; x_wconf 83' lang='lat' dir='ltr'><strong>itaque</strong></span> <span class='ocrx_word' id='word_1_145' title='bbox 1144 1548 1447 1613; x_wconf 71' lang='lat' dir='ltr'><strong>(lignatione</strong></span> <span class='ocrx_word' id='word_1_146' title='bbox 1478 1549 1657 1618; x_wconf 12' lang='lat' dir='ltr'><strong>primo,</strong></span> <span class='ocrx_word' id='word_1_147' title='bbox 1678 1547 1881 1601; x_wconf 89' lang='lat' dir='ltr'><strong>homini</strong></span> 
     </span>
    </p>
   </div>
   <div class='ocr_carea' id='block_1_19' title="bbox 302 1617 1883 1689">
    <p class='ocr_par' dir='ltr' id='par_1_19' title="bbox 302 1617 1883 1689">
     <span class='ocr_line' id='line_1_21' title="bbox 302 1617 1883 1689; baseline -0.001 -14"><span class='ocrx_word' id='word_1_148' title='bbox 302 1623 622 1689; x_wconf 58' lang='lat' dir='ltr'><strong>spiraculum</strong></span> <span class='ocrx_word' id='word_1_149' title='bbox 655 1624 773 1676; x_wconf 69' lang='lat' dir='ltr'><strong>vitse</strong></span> <span class='ocrx_word' id='word_1_150' title='bbox 801 1617 1047 1688; x_wconf 53' lang='lat' dir='ltr'><strong>des-open</strong></span> <span class='ocrx_word' id='word_1_151' title='bbox 1071 1621 1185 1687; x_wconf 90' lang='lat' dir='ltr'><strong>pius</strong></span> <span class='ocrx_word' id='word_1_152' title='bbox 1220 1620 1473 1689; x_wconf 79' lang='lat' dir='ltr'><strong>formator</strong></span> <span class='ocrx_word' id='word_1_153' title='bbox 1506 1617 1708 1689; x_wconf 86' lang='lat' dir='ltr'><strong>infudit</strong></span> <span class='ocrx_word' id='word_1_154' title='bbox 1744 1635 1755 1669; x_wconf 90' lang='lat'><strong><em>:</em></strong></span> <span class='ocrx_word' id='word_1_155' title='bbox 1788 1619 1883 1673; x_wconf 87' lang='lat' dir='ltr'><strong>sed</strong></span> 
     </span>
    </p>
   </div>
   <div class='ocr_carea' id='block_1_20' title="bbox 303 1687 1883 1758">
    <p class='ocr_par' dir='ltr' id='par_1_20' title="bbox 303 1687 1883 1758">
     <span class='ocr_line' id='line_1_22' title="bbox 303 1687 1883 1758; baseline -0.001 -13"><span class='ocrx_word' id='word_1_156' title='bbox 303 1687 474 1746; x_wconf 84' lang='lat' dir='ltr'><strong>multo</strong></span> <span class='ocrx_word' id='word_1_157' title='bbox 504 1694 692 1755; x_wconf 73' lang='lat' dir='ltr'><strong>maiori</strong></span> <span class='ocrx_word' id='word_1_158' title='bbox 722 1687 981 1747; x_wconf 81' lang='lat' dir='ltr'><strong>cliaritate</strong></span> <span class='ocrx_word' id='word_1_159' title='bbox 1010 1705 1106 1758; x_wconf 91' lang='lat' dir='ltr'><strong>pro</strong></span> <span class='ocrx_word' id='word_1_160' title='bbox 1142 1691 1329 1742; x_wconf 81' lang='lat' dir='ltr'><strong>eodem</strong></span> <span class='ocrx_word' id='word_1_161' title='bbox 1374 1687 1588 1741; x_wconf 86' lang='lat' dir='ltr'><strong>homine</strong></span> <span class='ocrx_word' id='word_1_162' title='bbox 1626 1705 1730 1741; x_wconf 91' lang='lat' dir='ltr'><strong>non</strong></span> <span class='ocrx_word' id='word_1_163' title='bbox 1771 1689 1883 1755; x_wconf 83' lang='lat' dir='ltr'><strong>jam</strong></span> 
     </span>
    </p>
   </div>
   <div class='ocr_carea' id='block_1_21' title="bbox 304 1759 1884 1830">
    <p class='ocr_par' dir='ltr' id='par_1_21' title="bbox 304 1759 1884 1830">
     <span class='ocr_line' id='line_1_23' title="bbox 304 1759 1884 1830; baseline -0.001 -14"><span class='ocrx_word' id='word_1_164' title='bbox 304 1778 396 1816; x_wconf 86' lang='lat' dir='ltr'><strong>sua</strong></span> <span class='ocrx_word' id='word_1_165' title='bbox 426 1764 599 1819; x_wconf 89' lang='lat' dir='ltr'><strong>dedit.</strong></span> <span class='ocrx_word' id='word_1_166' title='bbox 626 1765 718 1816; x_wconf 86' lang='lat' dir='ltr'><strong>sed</strong></span> <span class='ocrx_word' id='word_1_167' title='bbox 745 1780 799 1815; x_wconf 90' lang='lat' dir='ltr'><strong>se</strong></span> <span class='ocrx_word' id='word_1_168' title='bbox 828 1763 995 1830; x_wconf 83' lang='lat' dir='ltr'><strong>ipsum</strong></span> <span class='ocrx_word' id='word_1_169' title='bbox 1029 1760 1473 1830; x_wconf 79' lang='lat' dir='ltr'><strong>impendiLatque</strong></span> <span class='ocrx_word' id='word_1_170' title='bbox 1495 1759 1728 1812; x_wconf 82' lang='lat' dir='ltr'><strong>tradidit.</strong></span> <span class='ocrx_word' id='word_1_171' title='bbox 1773 1760 1884 1814; x_wconf 86' lang='lat' dir='ltr'><strong>Ma-</strong></span> 
     </span>
    </p>
   </div>
   <div class='ocr_carea' id='block_1_22' title="bbox 301 1830 1885 1904">
    <p class='ocr_par' dir='ltr' id='par_1_22' title="bbox 301 1830 1885 1904">
     <span class='ocr_line' id='line_1_24' title="bbox 301 1830 1885 1904; baseline 0 -18"><span class='ocrx_word' id='word_1_172' title='bbox 301 1849 462 1903; x_wconf 89' lang='lat' dir='ltr'><strong>gnum</strong></span> <span class='ocrx_word' id='word_1_173' title='bbox 493 1835 706 1904; x_wconf 78' lang='lat' dir='ltr'><strong>quidem</strong></span> <span class='ocrx_word' id='word_1_174' title='bbox 736 1843 817 1888; x_wconf 86' lang='lat' dir='ltr'><strong>est</strong></span> <span class='ocrx_word' id='word_1_175' title='bbox 844 1835 908 1885; x_wconf 88' lang='lat' dir='ltr'><strong>de</strong></span> <span class='ocrx_word' id='word_1_176' title='bbox 943 1833 1080 1895; x_wconf 88' lang='lat' dir='ltr'><strong>Deo,</strong></span> <span class='ocrx_word' id='word_1_177' title='bbox 1114 1832 1253 1904; x_wconf 73' lang='lat' dir='ltr'><strong>ququ</strong></span> <span class='ocrx_word' id='word_1_178' title='bbox 1282 1844 1404 1904; x_wconf 83' lang='lat' dir='ltr'><strong>esse</strong></span> <span class='ocrx_word' id='word_1_179' title='bbox 1432 1830 1719 1904; x_wconf 79' lang='lat' dir='ltr'><strong>tuesentio</strong></span> <span class='ocrx_word' id='word_1_180' title='bbox 1747 1845 1885 1904; x_wconf 59' lang='lat' dir='ltr'><strong>gms</strong></span> 
     </span>
    </p>
   </div>
   <div class='ocr_carea' id='block_1_23' title="bbox 303 1888 1882 1972">
    <p class='ocr_par' dir='ltr' id='par_1_23' title="bbox 303 1888 1882 1972">
     <span class='ocr_line' id='line_1_25' title="bbox 303 1888 1882 1972; baseline -0.003 -15"><span class='ocrx_word' id='word_1_181' title='bbox 303 1888 418 1971; x_wconf 63' lang='lat' dir='ltr'><strong>eius</strong></span> <span class='ocrx_word' id='word_1_182' title='bbox 446 1923 459 1959; x_wconf 87' lang='lat'>:</span> <span class='ocrx_word' id='word_1_183' title='bbox 486 1888 577 1957; x_wconf 54' lang='lat' dir='ltr'><strong>sed</strong></span> <span class='ocrx_word' id='word_1_184' title='bbox 609 1908 774 1957; x_wconf 86' lang='grc' dir='ltr'>ιιιιιιιο</span> <span class='ocrx_word' id='word_1_185' title='bbox 805 1906 920 1972; x_wconf 86' lang='lat' dir='ltr'><strong>plus</strong></span> <span class='ocrx_word' id='word_1_186' title='bbox 947 1913 1047 1961; x_wconf 83' lang='lat' dir='ltr'><strong>est,</strong></span> <span class='ocrx_word' id='word_1_187' title='bbox 1068 1888 1219 1970; x_wconf 73' lang='lat' dir='ltr'><strong>quod</strong></span> <span class='ocrx_word' id='word_1_188' title='bbox 1243 1900 1497 1954; x_wconf 80' lang='lat' dir='ltr'><strong>transisse</strong></span> <span class='ocrx_word' id='word_1_189' title='bbox 1526 1901 1696 1967; x_wconf 87' lang='lat' dir='ltr'><strong>ipsmu</strong></span> <span class='ocrx_word' id='word_1_190' title='bbox 1726 1888 1882 1956; x_wconf 46' lang='lat' dir='ltr'><strong>vico</strong></span> 
     </span>
    </p>
   </div>
   <div class='ocr_carea' id='block_1_24' title="bbox 303 1972 1880 2041">
    <p class='ocr_par' dir='ltr' id='par_1_24' title="bbox 303 1972 1880 2041">
     <span class='ocr_line' id='line_1_26' title="bbox 303 1972 1880 2041; baseline -0.001 -13"><span class='ocrx_word' id='word_1_191' title='bbox 303 1974 355 2028; x_wconf 91' lang='lat' dir='ltr'><strong>in</strong></span> <span class='ocrx_word' id='word_1_192' title='bbox 384 1981 607 2041; x_wconf 89' lang='lat' dir='ltr'><strong>pretitnn</strong></span> <span class='ocrx_word' id='word_1_193' title='bbox 636 1992 839 2034; x_wconf 81' lang='lat' dir='ltr'><strong>meum;</strong></span> <span class='ocrx_word' id='word_1_194' title='bbox 874 1976 1123 2041; x_wconf 86' lang='lat' dir='ltr'><strong>quoniam</strong></span> <span class='ocrx_word' id='word_1_195' title='bbox 1157 1983 1261 2025; x_wconf 90' lang='lat' dir='ltr'><strong>tam</strong></span> <span class='ocrx_word' id='word_1_196' title='bbox 1282 1972 1499 2038; x_wconf 82' lang='lat' dir='ltr'><strong>copioso</strong></span> <span class='ocrx_word' id='word_1_197' title='bbox 1521 1987 1741 2026; x_wconf 89' lang='lat' dir='ltr'><strong>munere</strong></span> <span class='ocrx_word' id='word_1_198' title='bbox 1769 1973 1880 2041; x_wconf 86' lang='lat' dir='ltr'><strong>ipsa</strong></span> 
     </span>
    </p>
   </div>
   <div class='ocr_carea' id='block_1_25' title="bbox 304 2041 1880 2114">
    <p class='ocr_par' dir='ltr' id='par_1_25' title="bbox 304 2041 1880 2114">
     <span class='ocr_line' id='line_1_27' title="bbox 304 2041 1880 2114; baseline -0.001 -15"><span class='ocrx_word' id='word_1_199' title='bbox 304 2041 600 2113; x_wconf 86' lang='lat' dir='ltr'><strong>redemptio</strong></span> <span class='ocrx_word' id='word_1_200' title='bbox 629 2047 823 2114; x_wconf 77' lang='lat' dir='ltr'><strong>agitur,</strong></span> <span class='ocrx_word' id='word_1_201' title='bbox 861 2055 915 2097; x_wconf 91' lang='lat' dir='ltr'><strong>ut</strong></span> <span class='ocrx_word' id='word_1_202' title='bbox 948 2045 1104 2096; x_wconf 89' lang='lat' dir='ltr'><strong>homo</strong></span> <span class='ocrx_word' id='word_1_203' title='bbox 1140 2045 1301 2114; x_wconf 83' lang='lat' dir='ltr'><strong>lleum</strong></span> <span class='ocrx_word' id='word_1_204' title='bbox 1334 2041 1512 2114; x_wconf 84' lang='lat' dir='ltr'><strong>valere</strong></span> <span class='ocrx_word' id='word_1_205' title='bbox 1544 2043 1801 2114; x_wconf 74' lang='lat' dir='ltr'><strong>videatur.</strong></span> <span class='ocrx_word' id='word_1_206' title='bbox 1835 2045 1880 2098; x_wconf 87' lang='grc'>0</span> 
     </span>
    </p>
   </div>
   <div class='ocr_carea' id='block_1_26' title="bbox 302 2111 1880 2185">
    <p class='ocr_par' dir='ltr' id='par_1_26' title="bbox 302 2111 1880 2185">
     <span class='ocr_line' id='line_1_28' title="bbox 302 2111 1880 2185; baseline -0.003 -16"><span class='ocrx_word' id='word_1_207' title='bbox 302 2116 428 2169; x_wconf 80' lang='lat' dir='ltr'><strong>felix</strong></span> <span class='ocrx_word' id='word_1_208' title='bbox 457 2111 610 2185; x_wconf 85' lang='lat' dir='ltr'><strong>culpa</strong></span> <span class='ocrx_word' id='word_1_209' title='bbox 641 2111 779 2179; x_wconf 85' lang='lat' dir='ltr'><strong>mea,</strong></span> <span class='ocrx_word' id='word_1_210' title='bbox 807 2116 870 2169; x_wconf 91' lang='lat' dir='ltr'><strong>ad</strong></span> <span class='ocrx_word' id='word_1_211' title='bbox 903 2132 1059 2183; x_wconf 79' lang='lat' dir='ltr'><strong>quam</strong></span> <span class='ocrx_word' id='word_1_212' title='bbox 1091 2113 1394 2185; x_wconf 82' lang='lat' dir='ltr'><strong>diluendam</strong></span> <span class='ocrx_word' id='word_1_213' title='bbox 1425 2111 1672 2185; x_wconf 88' lang='lat' dir='ltr'><strong>dumille</strong></span> <span class='ocrx_word' id='word_1_214' title='bbox 1697 2115 1880 2168; x_wconf 86' lang='lat' dir='ltr'><strong>chari-</strong></span> 
     </span>
    </p>
   </div>
   <div class='ocr_carea' id='block_1_27' title="bbox 304 2183 1882 2257">
    <p class='ocr_par' dir='ltr' id='par_1_27' title="bbox 304 2183 1882 2257">
     <span class='ocr_line' id='line_1_29' title="bbox 304 2183 1882 2257; baseline -0.002 -16"><span class='ocrx_word' id='word_1_215' title='bbox 304 2196 409 2241; x_wconf 85' lang='lat' dir='ltr'><strong>tate</strong></span> <span class='ocrx_word' id='word_1_216' title='bbox 430 2183 660 2241; x_wconf 81' lang='lat' dir='ltr'><strong>trahitur</strong></span> <span class='ocrx_word' id='word_1_217' title='bbox 704 2189 812 2255; x_wconf 85' lang='lat' dir='ltr'><strong>ipsa</strong></span> <span class='ocrx_word' id='word_1_218' title='bbox 837 2201 1044 2257; x_wconf 91' lang='lat' dir='ltr'><strong>quoque</strong></span> <span class='ocrx_word' id='word_1_219' title='bbox 1067 2183 1428 2257; x_wconf 61' lang='lat' dir='ltr'><strong>ejuscharitas&#39;</strong></span> <span class='ocrx_word' id='word_1_220' title='bbox 1450 2184 1578 2257; x_wconf 85' lang='lat' dir='ltr'><strong>mihi</strong></span> <span class='ocrx_word' id='word_1_221' title='bbox 1601 2196 1718 2257; x_wconf 85' lang='lat' dir='ltr'><strong>eam</strong></span> <span class='ocrx_word' id='word_1_222' title='bbox 1746 2185 1882 2257; x_wconf 80' lang='lat' dir='ltr'><strong>desi-</strong></span> 
     </span>
    </p>
   </div>
   <div class='ocr_carea' id='block_1_28' title="bbox 302 2255 1881 2325">
    <p class='ocr_par' dir='ltr' id='par_1_28' title="bbox 302 2255 1881 2325">
     <span class='ocr_line' id='line_1_30' title="bbox 302 2255 1881 2325; baseline -0.002 -13"><span class='ocrx_word' id='word_1_223' title='bbox 302 2257 507 2312; x_wconf 88' lang='lat' dir='ltr'><strong>deranti</strong></span> <span class='ocrx_word' id='word_1_224' title='bbox 535 2270 587 2312; x_wconf 89' lang='lat' dir='ltr'><strong>et</strong></span> <span class='ocrx_word' id='word_1_225' title='bbox 618 2274 734 2312; x_wconf 90' lang='lat' dir='ltr'><strong>eam</strong></span> <span class='ocrx_word' id='word_1_226' title='bbox 765 2255 888 2311; x_wconf 81' lang='lat' dir='ltr'><strong>totis</strong></span> <span class='ocrx_word' id='word_1_227' title='bbox 925 2256 1232 2325; x_wconf 66' lang='lat' dir='ltr'><strong>praecordiis</strong></span> <span class='ocrx_word' id='word_1_228' title='bbox 1270 2255 1670 2325; x_wconf 75' lang='lat' dir='ltr'><strong>concupiscenti</strong></span> <span class='ocrx_word' id='word_1_229' title='bbox 1700 2256 1881 2321; x_wconf 83' lang='lat' dir='ltr'><strong>aperi-</strong></span> 
     </span>
    </p>
   </div>
   <div class='ocr_carea' id='block_1_29' title="bbox 302 2323 1876 2397">
    <p class='ocr_par' dir='ltr' id='par_1_29' title="bbox 302 2323 1876 2397">
     <span class='ocr_line' id='line_1_31' title="bbox 302 2323 1876 2397; baseline -0.002 -15"><span class='ocrx_word' id='word_1_230' title='bbox 302 2332 415 2384; x_wconf 87' lang='lat' dir='ltr'><strong>tur!</strong></span> <span class='ocrx_word' id='word_1_231' title='bbox 436 2329 713 2397; x_wconf 77' lang='lat' dir='ltr'><strong>Nunquam</strong></span> <span class='ocrx_word' id='word_1_232' title='bbox 734 2339 837 2382; x_wconf 93' lang='lat' dir='ltr'><strong>tam</strong></span> <span class='ocrx_word' id='word_1_233' title='bbox 864 2323 996 2382; x_wconf 81' lang='lat' dir='ltr'><strong>bene</strong></span> <span class='ocrx_word' id='word_1_234' title='bbox 1017 2327 1354 2381; x_wconf 73' lang='lat' dir='ltr'><strong>dilectionem</strong></span> <span class='ocrx_word' id='word_1_235' title='bbox 1372 2323 1488 2397; x_wconf 80' lang='lat' dir='ltr'><strong>ejus</strong></span> <span class='ocrx_word' id='word_1_236' title='bbox 1508 2339 1876 2397; x_wconf 84' lang='lat' dir='ltr'><strong>agnoscerem,</strong></span> 
     </span>
    </p>
   </div>
   <div class='ocr_carea' id='block_1_30' title="bbox 300 2395 1878 2466">
    <p class='ocr_par' dir='ltr' id='par_1_30' title="bbox 300 2395 1878 2466">
     <span class='ocr_line' id='line_1_32' title="bbox 300 2395 1878 2466; baseline -0.002 -13"><span class='ocrx_word' id='word_1_237' title='bbox 300 2402 404 2454; x_wconf 88' lang='lat' dir='ltr'><strong>nisi</strong></span> <span class='ocrx_word' id='word_1_238' title='bbox 435 2401 487 2454; x_wconf 92' lang='lat' dir='ltr'><strong>in</strong></span> <span class='ocrx_word' id='word_1_239' title='bbox 519 2395 679 2454; x_wconf 86' lang='lat' dir='ltr'><strong>tantis</strong></span> <span class='ocrx_word' id='word_1_240' title='bbox 708 2400 955 2466; x_wconf 86' lang='lat' dir='ltr'><strong>periculis</strong></span> <span class='ocrx_word' id='word_1_241' title='bbox 972 2408 1229 2466; x_wconf 68' lang='lat' dir='ltr'><strong>espertus</strong></span> <span class='ocrx_word' id='word_1_242' title='bbox 1249 2411 1365 2451; x_wconf 88' lang='lat' dir='ltr'><strong>eam</strong></span> <span class='ocrx_word' id='word_1_243' title='bbox 1389 2395 1630 2466; x_wconf 79' lang='lat' dir='ltr'><strong>fuissem.</strong></span> <span class='ocrx_word' id='word_1_244' title='bbox 1653 2396 1698 2449; x_wconf 89' lang='grc' dir='ltr'><strong>Ο</strong></span> <span class='ocrx_word' id='word_1_245' title='bbox 1718 2411 1878 2463; x_wconf 84' lang='lat' dir='ltr'><strong>quam</strong></span> 
     </span>
    </p>
   </div>
   <div class='ocr_carea' id='block_1_31' title="bbox 304 2465 1876 2539">
    <p class='ocr_par' dir='ltr' id='par_1_31' title="bbox 304 2465 1876 2539">
     <span class='ocr_line' id='line_1_33' title="bbox 304 2465 1876 2539; baseline -0.001 -16"><span class='ocrx_word' id='word_1_246' title='bbox 304 2469 530 2525; x_wconf 89' lang='lat' dir='ltr'><strong>feliciter</strong></span> <span class='ocrx_word' id='word_1_247' title='bbox 570 2465 772 2535; x_wconf 87' lang='lat' dir='ltr'><strong>cecidi,</strong></span> <span class='ocrx_word' id='word_1_248' title='bbox 800 2471 890 2539; x_wconf 89' lang='lat' dir='ltr'><strong>qui</strong></span> <span class='ocrx_word' id='word_1_249' title='bbox 933 2465 1059 2539; x_wconf 84' lang='lat' dir='ltr'><strong>post</strong></span> <span class='ocrx_word' id='word_1_250' title='bbox 1091 2468 1295 2537; x_wconf 87' lang='lat' dir='ltr'><strong>lapsum</strong></span> <span class='ocrx_word' id='word_1_251' title='bbox 1340 2465 1542 2539; x_wconf 75' lang='lat' dir='ltr'><strong>felicius</strong></span> <span class='ocrx_word' id='word_1_252' title='bbox 1570 2467 1876 2539; x_wconf 76' lang='lat' dir='ltr'><strong>resurrein</strong></span> 
     </span>
    </p>
   </div>
   <div class='ocr_carea' id='block_1_32' title="bbox 299 2534 1879 2609">
    <p class='ocr_par' dir='ltr' id='par_1_32' title="bbox 299 2534 1879 2609">
     <span class='ocr_line' id='line_1_34' title="bbox 299 2534 1879 2609; baseline -0.003 -14"><span class='ocrx_word' id='word_1_253' title='bbox 299 2540 454 2595; x_wconf 87' lang='lat' dir='ltr'><strong>Nulla</strong></span> <span class='ocrx_word' id='word_1_254' title='bbox 500 2542 712 2595; x_wconf 86' lang='lat' dir='ltr'><strong>dilectio</strong></span> <span class='ocrx_word' id='word_1_255' title='bbox 755 2534 946 2609; x_wconf 60' lang='lat' dir='ltr'><strong>major,</strong></span> <span class='ocrx_word' id='word_1_256' title='bbox 978 2534 1159 2593; x_wconf 66' lang='lat' dir='ltr'><strong>nullus</strong></span> <span class='ocrx_word' id='word_1_257' title='bbox 1197 2552 1350 2592; x_wconf 87' lang='lat' dir='ltr'><strong>amor</strong></span> <span class='ocrx_word' id='word_1_258' title='bbox 1392 2534 1686 2609; x_wconf 72' lang='lat' dir='ltr'><strong>sincerior,</strong></span> <span class='ocrx_word' id='word_1_259' title='bbox 1736 2538 1879 2591; x_wconf 85' lang='lat' dir='ltr'><strong>nulla</strong></span> 
     </span>
    </p>
   </div>
   <div class='ocr_carea' id='block_1_33' title="bbox 302 2606 1881 2672">
    <p class='ocr_par' dir='ltr' id='par_1_33' title="bbox 302 2606 1881 2672">
     <span class='ocr_line' id='line_1_35' title="bbox 302 2606 1881 2672; baseline -0.004 -7"><span class='ocrx_word' id='word_1_260' title='bbox 302 2612 537 2665; x_wconf 68' lang='lat' dir='ltr'><strong>Charitas</strong></span> <span class='ocrx_word' id='word_1_261' title='bbox 567 2614 802 2665; x_wconf 72' lang='lat' dir='ltr'><strong>sanctior</strong></span> <span class='ocrx_word' id='word_1_262' title='bbox 822 2606 1046 2672; x_wconf 48' lang='lat' dir='ltr'><strong>[nullus</strong></span> <span class='ocrx_word' id='word_1_263' title='bbox 1070 2610 1291 2664; x_wconf 70' lang='lat' dir='ltr'><strong>allectus</strong></span> <span class='ocrx_word' id='word_1_264' title='bbox 1315 2606 1608 2661; x_wconf 72' lang='lat' dir='ltr'><strong>ardentior.</strong></span> <span class='ocrx_word' id='word_1_265' title='bbox 1642 2608 1881 2671; x_wconf 59' lang='lat' dir='ltr'><strong>Mortuus</strong></span> 
     </span>
    </p>
   </div>
   <div class='ocr_carea' id='block_1_34' title="bbox 302 2677 1880 2752">
    <p class='ocr_par' dir='ltr' id='par_1_34' title="bbox 302 2677 1880 2752">
     <span class='ocr_line' id='line_1_36' title="bbox 302 2677 1880 2752; baseline -0.003 -16"><span class='ocrx_word' id='word_1_266' title='bbox 302 2693 383 2736; x_wconf 85' lang='lat' dir='ltr'><strong>est</strong></span> <span class='ocrx_word' id='word_1_267' title='bbox 414 2699 511 2752; x_wconf 88' lang='lat' dir='ltr'><strong>pro</strong></span> <span class='ocrx_word' id='word_1_268' title='bbox 540 2698 627 2738; x_wconf 86' lang='lat' dir='ltr'><strong>me</strong></span> <span class='ocrx_word' id='word_1_269' title='bbox 660 2684 913 2737; x_wconf 88' lang='lat' dir='ltr'><strong>innocens</strong></span> <span class='ocrx_word' id='word_1_270' title='bbox 933 2725 945 2742; x_wconf 91' lang='lat'><strong>,</strong></span> <span class='ocrx_word' id='word_1_271' title='bbox 971 2682 1099 2735; x_wconf 84' lang='lat' dir='ltr'><strong>nihil</strong></span> <span class='ocrx_word' id='word_1_272' title='bbox 1128 2682 1179 2733; x_wconf 92' lang='lat' dir='ltr'><strong>in</strong></span> <span class='ocrx_word' id='word_1_273' title='bbox 1212 2694 1296 2752; x_wconf 89' lang='lat' dir='ltr'><strong>me</strong></span> <span class='ocrx_word' id='word_1_274' title='bbox 1324 2677 1463 2752; x_wconf 85' lang='lat' dir='ltr'><strong>quod</strong></span> <span class='ocrx_word' id='word_1_275' title='bbox 1495 2690 1697 2731; x_wconf 89' lang='lat' dir='ltr'><strong>amaret</strong></span> <span class='ocrx_word' id='word_1_276' title='bbox 1730 2678 1880 2731; x_wconf 86' lang='lat' dir='ltr'><strong>inve-</strong></span> 
     </span>
    </p>
   </div>
   <div class='ocr_carea' id='block_1_35' title="bbox 302 2749 1879 2821">
    <p class='ocr_par' dir='ltr' id='par_1_35' title="bbox 302 2749 1879 2821">
     <span class='ocr_line' id='line_1_37' title="bbox 302 2749 1879 2821; baseline -0.003 -14"><span class='ocrx_word' id='word_1_277' title='bbox 302 2749 473 2807; x_wconf 78' lang='lat' dir='ltr'><strong>niens.</strong></span> <span class='ocrx_word' id='word_1_278' title='bbox 503 2754 641 2820; x_wconf 84' lang='lat' dir='ltr'><strong>Quid</strong></span> <span class='ocrx_word' id='word_1_279' title='bbox 672 2769 800 2821; x_wconf 84' lang='lat' dir='ltr'><strong>ergo</strong></span> <span class='ocrx_word' id='word_1_280' title='bbox 824 2753 1074 2814; x_wconf 82' lang='lat' dir='ltr'><strong>dilexisti,</strong></span> <span class='ocrx_word' id='word_1_281' title='bbox 1102 2751 1345 2821; x_wconf 77' lang='lat' dir='ltr'><strong>Domine,</strong></span> <span class='ocrx_word' id='word_1_282' title='bbox 1368 2749 1430 2821; x_wconf 84' lang='lat' dir='ltr'><strong>_in</strong></span> <span class='ocrx_word' id='word_1_283' title='bbox 1461 2764 1566 2821; x_wconf 72' lang='lat' dir='ltr'><strong>me,</strong></span> <span class='ocrx_word' id='word_1_284' title='bbox 1590 2758 1643 2801; x_wconf 90' lang='lat' dir='ltr'><strong>et</strong></span> <span class='ocrx_word' id='word_1_285' title='bbox 1672 2759 1879 2821; x_wconf 85' lang='lat' dir='ltr'><strong>tantum</strong></span> 
     </span>
    </p>
   </div>
   <div class='ocr_carea' id='block_1_36' title="bbox 303 2818 1883 2891">
    <p class='ocr_par' dir='ltr' id='par_1_36' title="bbox 303 2818 1883 2891">
     <span class='ocr_line' id='line_1_38' title="bbox 303 2818 1883 2891; baseline -0.005 -11"><span class='ocrx_word' id='word_1_286' title='bbox 303 2818 558 2888; x_wconf 78' lang='lat' dir='ltr'><strong>dilexisti,</strong></span> <span class='ocrx_word' id='word_1_287' title='bbox 585 2833 641 2877; x_wconf 90' lang='lat' dir='ltr'><strong>ut</strong></span> <span class='ocrx_word' id='word_1_288' title='bbox 667 2818 950 2877; x_wconf 78' lang='lat' dir='ltr'><strong>morereris</strong></span> <span class='ocrx_word' id='word_1_289' title='bbox 982 2839 1076 2891; x_wconf 88' lang='lat' dir='ltr'><strong>pro</strong></span> <span class='ocrx_word' id='word_1_290' title='bbox 1104 2822 1221 2875; x_wconf 87' lang='lat' dir='ltr'><strong>me?</strong></span> <span class='ocrx_word' id='word_1_291' title='bbox 1245 2818 1382 2885; x_wconf 85' lang='lat' dir='ltr'><strong>Quid</strong></span> <span class='ocrx_word' id='word_1_292' title='bbox 1402 2818 1519 2891; x_wconf 86' lang='lat' dir='ltr'><strong>tale</strong></span> <span class='ocrx_word' id='word_1_293' title='bbox 1548 2819 1600 2872; x_wconf 91' lang='lat' dir='ltr'><strong>in</strong></span> <span class='ocrx_word' id='word_1_294' title='bbox 1628 2835 1713 2891; x_wconf 88' lang='lat' dir='ltr'><strong>me</strong></span> <span class='ocrx_word' id='word_1_295' title='bbox 1734 2820 1883 2874; x_wconf 89' lang='lat' dir='ltr'><strong>iuve-</strong></span> 
     </span>
    </p>
   </div>
   <div class='ocr_carea' id='block_1_37' title="bbox 303 2890 1822 2963">
    <p class='ocr_par' dir='ltr' id='par_1_37' title="bbox 303 2890 1822 2963">
     <span class='ocr_line' id='line_1_39' title="bbox 303 2890 1822 2963; baseline -0.004 -15"><span class='ocrx_word' id='word_1_296' title='bbox 303 2894 447 2953; x_wconf 88' lang='lat' dir='ltr'><strong>nisti,</strong></span> <span class='ocrx_word' id='word_1_297' title='bbox 479 2910 577 2955; x_wconf 85' lang='lat' dir='ltr'><strong>pro</strong></span> <span class='ocrx_word' id='word_1_298' title='bbox 604 2910 712 2963; x_wconf 89' lang='lat' dir='ltr'><strong>quo</strong></span> <span class='ocrx_word' id='word_1_299' title='bbox 739 2903 878 2947; x_wconf 84' lang='lat' dir='ltr'><strong>tanta</strong></span> <span class='ocrx_word' id='word_1_300' title='bbox 907 2906 963 2948; x_wconf 89' lang='lat' dir='ltr'><strong>et</strong></span> <span class='ocrx_word' id='word_1_301' title='bbox 986 2890 1097 2946; x_wconf 83' lang='lat' dir='ltr'><strong>tam</strong></span> <span class='ocrx_word' id='word_1_302' title='bbox 1121 2893 1252 2945; x_wconf 88' lang='lat' dir='ltr'><strong>dura</strong></span> <span class='ocrx_word' id='word_1_303' title='bbox 1279 2890 1552 2963; x_wconf 83' lang='lat' dir='ltr'><strong>sustinere</strong></span> <span class='ocrx_word' id='word_1_304' title='bbox 1575 2890 1822 2963; x_wconf 70' lang='lat' dir='ltr'><strong>voluisti?</strong></span> 
     </span>
    </p>
   </div>
   <div class='ocr_carea' id='block_1_38' title="bbox 370 2960 1882 3031">
    <p class='ocr_par' dir='ltr' id='par_1_38' title="bbox 370 2960 1882 3031">
     <span class='ocr_line' id='line_1_40' title="bbox 370 2960 1882 3031; baseline -0.003 -12"><span class='ocrx_word' id='word_1_305' title='bbox 370 2965 597 3020; x_wconf 86' lang='lat' dir='ltr'><strong>CAPUT</strong></span> <span class='ocrx_word' id='word_1_306' title='bbox 625 2960 740 3019; x_wconf 23' lang='lat' dir='ltr'><strong>‘Vll.</strong></span> <span class='ocrx_word' id='word_1_307' title='bbox 780 2965 854 3018; x_wconf 86' lang='lat' dir='ltr'><strong>De</strong></span> <span class='ocrx_word' id='word_1_308' title='bbox 894 2967 1129 3031; x_wconf 76' lang='lat' dir='ltr'><strong>beneﬁcio</strong></span> <span class='ocrx_word' id='word_1_309' title='bbox 1176 2960 1449 3014; x_wconf 76' lang='lat' dir='ltr'><strong>vocationis</strong></span> <span class='ocrx_word' id='word_1_310' title='bbox 1485 2960 1552 3011; x_wconf 85' lang='lat' dir='ltr'><strong>ad</strong></span> <span class='ocrx_word' id='word_1_311' title='bbox 1597 2960 1767 3020; x_wconf 82' lang='lat' dir='ltr'><strong>ﬁdem.</strong></span> <span class='ocrx_word' id='word_1_312' title='bbox 1814 2960 1882 3015; x_wconf 87' lang='lat' dir='ltr'><strong>Et</strong></span> 
     </span>
    </p>
   </div>
   <div class='ocr_carea' id='block_1_39' title="bbox 302 3033 1880 3105">
    <p class='ocr_par' dir='ltr' id='par_1_39' title="bbox 302 3033 1880 3105">
     <span class='ocr_line' id='line_1_41' title="bbox 302 3033 1880 3105; baseline -0.005 -15"><span class='ocrx_word' id='word_1_313' title='bbox 302 3037 448 3104; x_wconf 89' lang='lat' dir='ltr'><strong>quid,</strong></span> <span class='ocrx_word' id='word_1_314' title='bbox 480 3037 524 3089; x_wconf 89' lang='lat' dir='ltr'><strong>si</strong></span> <span class='ocrx_word' id='word_1_315' title='bbox 550 3038 786 3104; x_wconf 82' lang='lat' dir='ltr'><strong>cogitare</strong></span> <span class='ocrx_word' id='word_1_316' title='bbox 812 3036 1059 3105; x_wconf 62' lang='lat' dir='ltr'><strong>coeperis,</strong></span> <span class='ocrx_word' id='word_1_317' title='bbox 1084 3050 1117 3087; x_wconf 90' lang='lat' dir='ltr'><strong>o</strong></span> <span class='ocrx_word' id='word_1_318' title='bbox 1144 3033 1320 3105; x_wconf 88' lang='lat' dir='ltr'><strong>anima</strong></span> <span class='ocrx_word' id='word_1_319' title='bbox 1347 3046 1489 3105; x_wconf 80' lang='lat' dir='ltr'><strong>inea,</strong></span> <span class='ocrx_word' id='word_1_320' title='bbox 1512 3042 1642 3105; x_wconf 80' lang='lat' dir='ltr'><strong>quot</strong></span> <span class='ocrx_word' id='word_1_321' title='bbox 1667 3038 1720 3083; x_wconf 91' lang='lat' dir='ltr'><strong>ct</strong></span> <span class='ocrx_word' id='word_1_322' title='bbox 1745 3046 1880 3100; x_wconf 87' lang='lat' dir='ltr'><strong>qua-</strong></span> 
     </span>
    </p>
   </div>
   <div class='ocr_carea' id='block_1_40' title="bbox 304 3100 1881 3175">
    <p class='ocr_par' dir='ltr' id='par_1_40' title="bbox 304 3100 1881 3175">
     <span class='ocr_line' id='line_1_42' title="bbox 304 3100 1881 3175; baseline -0.004 -14"><span class='ocrx_word' id='word_1_323' title='bbox 304 3100 380 3161; x_wconf 73' lang='lat' dir='ltr'><strong>les</strong></span> <span class='ocrx_word' id='word_1_324' title='bbox 426 3108 478 3160; x_wconf 91' lang='lat' dir='ltr'><strong>in</strong></span> <span class='ocrx_word' id='word_1_325' title='bbox 526 3100 922 3175; x_wconf 79' lang='lat' dir='ltr'><strong>comparatione</strong></span> <span class='ocrx_word' id='word_1_326' title='bbox 964 3106 1037 3159; x_wconf 89' lang='lat' dir='ltr'><strong>tui</strong></span> <span class='ocrx_word' id='word_1_327' title='bbox 1081 3104 1272 3169; x_wconf 74' lang='lat' dir='ltr'><strong>abiecti</strong></span> <span class='ocrx_word' id='word_1_328' title='bbox 1316 3100 1569 3169; x_wconf 87' lang='lat' dir='ltr'><strong>sint,qui</strong></span> <span class='ocrx_word' id='word_1_329' title='bbox 1601 3100 1881 3175; x_wconf 50' lang='lat' dir='ltr'><strong>haudquia</strong></span> 
     </span>
    </p>
   </div>
   <div class='ocr_carea' id='block_1_41' title="bbox 306 3171 1882 3245">
    <p class='ocr_par' dir='ltr' id='par_1_41' title="bbox 306 3171 1882 3245">
     <span class='ocr_line' id='line_1_43' title="bbox 306 3171 1882 3245; baseline -0.003 -14"><span class='ocrx_word' id='word_1_330' title='bbox 306 3179 393 3231; x_wconf 85' lang='lat' dir='ltr'><strong>tibi</strong></span> <span class='ocrx_word' id='word_1_331' title='bbox 420 3179 541 3230; x_wconf 87' lang='lat' dir='ltr'><strong>data</strong></span> <span class='ocrx_word' id='word_1_332' title='bbox 573 3171 664 3230; x_wconf 76' lang='lat' dir='ltr'><strong>est</strong></span> <span class='ocrx_word' id='word_1_333' title='bbox 682 3178 905 3245; x_wconf 85' lang='lat' dir='ltr'><strong>gratiam</strong></span> <span class='ocrx_word' id='word_1_334' title='bbox 934 3174 1189 3244; x_wconf 78' lang='lat' dir='ltr'><strong>consequi</strong></span> <span class='ocrx_word' id='word_1_335' title='bbox 1229 3188 1334 3245; x_wconf 90' lang='lat' dir='ltr'><strong>non</strong></span> <span class='ocrx_word' id='word_1_336' title='bbox 1378 3172 1695 3245; x_wconf 52' lang='lat' dir='ltr'><strong>potuerunt?</strong></span> <span class='ocrx_word' id='word_1_337' title='bbox 1722 3171 1882 3227; x_wconf 84' lang='lat' dir='ltr'><strong>Certe</strong></span> 
     </span>
    </p>
   </div>
   <div class='ocr_carea' id='block_1_42' title="bbox 306 3242 1884 3317">
    <p class='ocr_par' dir='ltr' id='par_1_42' title="bbox 306 3242 1884 3317">
     <span class='ocr_line' id='line_1_44' title="bbox 306 3242 1884 3317; baseline -0.007 -16"><span class='ocrx_word' id='word_1_338' title='bbox 306 3250 492 3301; x_wconf 70' lang='lat' dir='ltr'><strong>audi~ti</strong></span> <span class='ocrx_word' id='word_1_339' title='bbox 515 3248 585 3300; x_wconf 90' lang='lat' dir='ltr'><strong>ab</strong></span> <span class='ocrx_word' id='word_1_340' title='bbox 607 3242 755 3301; x_wconf 69' lang='lat' dir='ltr'><strong>initio</strong></span> <span class='ocrx_word' id='word_1_341' title='bbox 777 3262 943 3317; x_wconf 92' lang='lat' dir='ltr'><strong>usque</strong></span> <span class='ocrx_word' id='word_1_342' title='bbox 968 3246 1033 3300; x_wconf 91' lang='lat' dir='ltr'><strong>ad</strong></span> <span class='ocrx_word' id='word_1_343' title='bbox 1062 3242 1199 3299; x_wconf 75' lang='lat' dir='ltr'><strong>hanc</strong></span> <span class='ocrx_word' id='word_1_344' title='bbox 1222 3244 1385 3307; x_wconf 89' lang='lat' dir='ltr'><strong>diem,</strong></span> <span class='ocrx_word' id='word_1_345' title='bbox 1411 3257 1575 3317; x_wconf 83' lang='lat' dir='ltr'><strong>quam</strong></span> <span class='ocrx_word' id='word_1_346' title='bbox 1590 3242 1770 3295; x_wconf 69' lang='lat' dir='ltr'><strong>multm</strong></span> <span class='ocrx_word' id='word_1_347' title='bbox 1789 3256 1884 3317; x_wconf 72' lang='lat' dir='ltr'><strong>ge.</strong></span> 
     </span>
    </p>
   </div>
   <div class='ocr_carea' id='block_1_43' title="bbox 306 3313 1882 3387">
    <p class='ocr_par' dir='ltr' id='par_1_43' title="bbox 306 3313 1882 3387">
     <span class='ocr_line' id='line_1_45' title="bbox 306 3313 1882 3387; baseline -0.005 -14"><span class='ocrx_word' id='word_1_348' title='bbox 306 3321 611 3373; x_wconf 83' lang='lat' dir='ltr'><strong>nerationes</strong></span> <span class='ocrx_word' id='word_1_349' title='bbox 656 3313 1110 3387; x_wconf 83' lang='lat' dir='ltr'><strong>pertransierunt,</strong></span> <span class='ocrx_word' id='word_1_350' title='bbox 1141 3331 1261 3387; x_wconf 73' lang='lat' dir='ltr'><strong>qua:</strong></span> <span class='ocrx_word' id='word_1_351' title='bbox 1302 3328 1490 3387; x_wconf 83' lang='lat' dir='ltr'><strong>omnes</strong></span> <span class='ocrx_word' id='word_1_352' title='bbox 1517 3313 1650 3387; x_wconf 85' lang='lat' dir='ltr'><strong>_sin_e</strong></span> <span class='ocrx_word' id='word_1_353' title='bbox 1694 3313 1882 3387; x_wconf 79' lang='lat' dir='ltr'><strong>cogni-</strong></span> 
     </span>
    </p>
   </div>
   <div class='ocr_carea' id='block_1_44' title="bbox 307 3383 1881 3460">
    <p class='ocr_par' dir='ltr' id='par_1_44' title="bbox 307 3383 1881 3460">
     <span class='ocr_line' id='line_1_46' title="bbox 307 3383 1881 3460; baseline -0.004 -17"><span class='ocrx_word' id='word_1_354' title='bbox 307 3392 450 3443; x_wconf 90' lang='lat' dir='ltr'><strong>tione</strong></span> <span class='ocrx_word' id='word_1_355' title='bbox 496 3389 589 3443; x_wconf 90' lang='lat' dir='ltr'><strong>Dei</strong></span> <span class='ocrx_word' id='word_1_356' title='bbox 635 3383 689 3443; x_wconf 83' lang='lat' dir='ltr'><strong>et</strong></span> <span class='ocrx_word' id='word_1_357' title='bbox 731 3389 905 3460; x_wconf 88' lang='lat' dir='ltr'><strong>pretio</strong></span> <span class='ocrx_word' id='word_1_358' title='bbox 950 3404 1058 3443; x_wconf 73' lang='lat' dir='ltr'><strong>suae</strong></span> <span class='ocrx_word' id='word_1_359' title='bbox 1100 3383 1881 3460; x_wconf 40' lang='lat' dir='ltr'><strong>redemptionisinninteritum</strong></span> 
     </span>
    </p>
   </div>
   <div class='ocr_carea' id='block_1_45' title="bbox 309 3453 1883 3529">
    <p class='ocr_par' dir='ltr' id='par_1_45' title="bbox 309 3453 1883 3529">
     <span class='ocr_line' id='line_1_47' title="bbox 309 3453 1883 3529; baseline -0.002 -17"><span class='ocrx_word' id='word_1_360' title='bbox 309 3461 689 3529; x_wconf 88' lang='lat' dir='ltr'><strong>sempiternqu</strong></span> <span class='ocrx_word' id='word_1_361' title='bbox 717 3453 933 3529; x_wconf 67' lang='lat' dir='ltr'><strong>dilapsae</strong></span> <span class='ocrx_word' id='word_1_362' title='bbox 964 3466 1105 3512; x_wconf 89' lang='lat' dir='ltr'><strong>sunt.</strong></span> <span class='ocrx_word' id='word_1_363' title='bbox 1126 3455 1392 3529; x_wconf 82' lang='lat' dir='ltr'><strong>Omnibus</strong></span> <span class='ocrx_word' id='word_1_364' title='bbox 1423 3453 1883 3529; x_wconf 77' lang='lat' dir='ltr'><strong>illisRcdemptor</strong></span> 
     </span>
    </p>
   </div>
   <div class='ocr_carea' id='block_1_46' title="bbox 308 3523 1885 3600">
    <p class='ocr_par' dir='ltr' id='par_1_46' title="bbox 308 3523 1885 3600">
     <span class='ocr_line' id='line_1_48' title="bbox 308 3523 1885 3600; baseline -0.003 -17"><span class='ocrx_word' id='word_1_365' title='bbox 308 3523 440 3584; x_wconf 61' lang='lat' dir='ltr'><strong>tuus&#39;</strong></span> <span class='ocrx_word' id='word_1_366' title='bbox 476 3541 525 3584; x_wconf 88' lang='lat' dir='ltr'><strong>te</strong></span> <span class='ocrx_word' id='word_1_367' title='bbox 574 3523 839 3599; x_wconf 64' lang='lat' dir='ltr'><strong>praetulit,</strong></span> <span class='ocrx_word' id='word_1_368' title='bbox 861 3529 1073 3600; x_wconf 82' lang='lat' dir='ltr'><strong>quando</strong></span> <span class='ocrx_word' id='word_1_369' title='bbox 1100 3527 1195 3581; x_wconf 88' lang='lat' dir='ltr'><strong>tibi</strong></span> <span class='ocrx_word' id='word_1_370' title='bbox 1236 3526 1373 3600; x_wconf 81' lang='lat' dir='ltr'><strong>hanc</strong></span> <span class='ocrx_word' id='word_1_371' title='bbox 1409 3523 1633 3600; x_wconf 79' lang='lat' dir='ltr'><strong>gratiam</strong></span> <span class='ocrx_word' id='word_1_372' title='bbox 1658 3524 1885 3600; x_wconf 56' lang='lat' dir='ltr'><strong>Enrgitus</strong></span> 
     </span>
    </p>
   </div>
   <div class='ocr_carea' id='block_1_47' title="bbox 309 3594 1885 3669">
    <p class='ocr_par' dir='ltr' id='par_1_47' title="bbox 309 3594 1885 3669">
     <span class='ocr_line' id='line_1_49' title="bbox 309 3594 1885 3669; baseline -0.004 -14"><span class='ocrx_word' id='word_1_373' title='bbox 309 3611 425 3667; x_wconf 86' lang='lat' dir='ltr'><strong>est,</strong></span> <span class='ocrx_word' id='word_1_374' title='bbox 463 3594 622 3669; x_wconf 80' lang='lat' dir='ltr'><strong>quam</strong></span> <span class='ocrx_word' id='word_1_375' title='bbox 664 3602 841 3656; x_wconf 89' lang='lat' dir='ltr'><strong>nullus</strong></span> <span class='ocrx_word' id='word_1_376' title='bbox 877 3594 1064 3654; x_wconf 76' lang='lat' dir='ltr'><strong>eorum</strong></span> <span class='ocrx_word' id='word_1_377' title='bbox 1104 3597 1381 3667; x_wconf 87' lang='lat' dir='ltr'><strong>percipere</strong></span> <span class='ocrx_word' id='word_1_378' title='bbox 1410 3594 1626 3669; x_wconf 76' lang='lat' dir='ltr'><strong>meruit.</strong></span> <span class='ocrx_word' id='word_1_379' title='bbox 1650 3594 1736 3669; x_wconf 63' lang='grc' dir='ltr'><strong>ΔΤιι</strong></span> <span class='ocrx_word' id='word_1_380' title='bbox 1772 3597 1885 3669; x_wconf 83' lang='lat' dir='ltr'><strong>sola</strong></span> 
     </span>
    </p>
   </div>
   <div class='ocr_carea' id='block_1_48' title="bbox 310 3665 1887 3740">
    <p class='ocr_par' dir='ltr' id='par_1_48' title="bbox 310 3665 1887 3740">
     <span class='ocr_line' id='line_1_50' title="bbox 310 3665 1887 3740; baseline -0.004 -15"><span class='ocrx_word' id='word_1_381' title='bbox 310 3665 421 3740; x_wconf 56' lang='lat' dir='ltr'><strong>prae</strong></span> <span class='ocrx_word' id='word_1_382' title='bbox 439 3665 683 3725; x_wconf 84' lang='lat' dir='ltr'><strong>omnibus</strong></span> <span class='ocrx_word' id='word_1_383' title='bbox 710 3672 814 3725; x_wconf 88' lang='lat' dir='ltr'><strong>illis</strong></span> <span class='ocrx_word' id='word_1_384' title='bbox 839 3665 1118 3739; x_wconf 82' lang='lat' dir='ltr'><strong>assumpta</strong></span> <span class='ocrx_word' id='word_1_385' title='bbox 1131 3683 1191 3722; x_wconf 88' lang='lat' dir='ltr'><strong>es</strong></span> <span class='ocrx_word' id='word_1_386' title='bbox 1214 3684 1228 3721; x_wconf 88' lang='lat'><strong>:</strong></span> <span class='ocrx_word' id='word_1_387' title='bbox 1238 3675 1489 3740; x_wconf 82' lang='lat' dir='ltr'><strong>_et_quare_</strong></span> <span class='ocrx_word' id='word_1_388' title='bbox 1518 3665 1623 3740; x_wconf 82' lang='lat' dir='ltr'><strong>hoc</strong></span> <span class='ocrx_word' id='word_1_389' title='bbox 1648 3665 1699 3740; x_wconf 82' lang='lat' dir='ltr'><strong>in</strong></span> <span class='ocrx_word' id='word_1_390' title='bbox 1731 3666 1887 3740; x_wconf 78' lang='lat' dir='ltr'><strong>tela-</strong></span> 
     </span>
    </p>
   </div>
   <div class='ocr_carea' id='block_1_49' title="bbox 309 3734 1885 3815">
    <p class='ocr_par' dir='ltr' id='par_1_49' title="bbox 309 3734 1885 3815">
     <span class='ocr_line' id='line_1_51' title="bbox 309 3734 1885 3815; baseline -0.007 -18"><span class='ocrx_word' id='word_1_391' title='bbox 309 3734 566 3815; x_wconf 13' lang='lat' dir='ltr'><strong>ctumrsit,</strong></span> <span class='ocrx_word' id='word_1_392' title='bbox 601 3741 800 3815; x_wconf 84' lang='lat' dir='ltr'><strong>nullam</strong></span> <span class='ocrx_word' id='word_1_393' title='bbox 828 3734 1524 3815; x_wconf 43' lang='lat' dir='ltr'><strong>pqatefsolamﬁalvjatoris</strong></span> <span class='ocrx_word' id='word_1_394' title='bbox 1553 3734 1625 3815; x_wconf 86' lang='lat' dir='ltr'><strong>tui</strong></span> <span class='ocrx_word' id='word_1_395' title='bbox 1654 3735 1885 3815; x_wconf 49' lang='lat' dir='ltr'><strong>Char-ita:</strong></span> 
     </span>
    </p>
   </div>
   <div class='ocr_carea' id='block_1_50' title="bbox 312 3805 1889 3882">
    <p class='ocr_par' dir='ltr' id='par_1_50' title="bbox 312 3805 1889 3882">
     <span class='ocr_line' id='line_1_52' title="bbox 312 3805 1889 3882; baseline -0.003 -17"><span class='ocrx_word' id='word_1_396' title='bbox 312 3818 435 3876; x_wconf 88' lang='lat' dir='ltr'><strong>tem,</strong></span> <span class='ocrx_word' id='word_1_397' title='bbox 459 3813 701 3867; x_wconf 88' lang='lat' dir='ltr'><strong>invenire</strong></span> <span class='ocrx_word' id='word_1_398' title='bbox 727 3805 924 3882; x_wconf 74' lang='lat' dir='ltr'><strong>poteris</strong></span> <span class='ocrx_word' id='word_1_399' title='bbox 947 3825 1183 3867; x_wconf 89' lang='lat' dir='ltr'><strong>causam.</strong></span> <span class='ocrx_word' id='word_1_400' title='bbox 1204 3808 1375 3882; x_wconf 66' lang='lat' dir='ltr'><strong>Elegit</strong></span> <span class='ocrx_word' id='word_1_401' title='bbox 1392 3820 1517 3876; x_wconf 89' lang='lat' dir='ltr'><strong>ergo</strong></span> <span class='ocrx_word' id='word_1_402' title='bbox 1538 3813 1593 3882; x_wconf 73' lang='lat' dir='ltr'><strong>et</strong></span> <span class='ocrx_word' id='word_1_403' title='bbox 1618 3805 1889 3882; x_wconf 66' lang='lat' dir='ltr'><strong>praeelegit</strong></span> 
     </span>
    </p>
   </div>
   <div class='ocr_carea' id='block_1_51' title="bbox 312 3875 1887 3951">
    <p class='ocr_par' dir='ltr' id='par_1_51' title="bbox 312 3875 1887 3951">
     <span class='ocr_line' id='line_1_53' title="bbox 312 3875 1887 3951; baseline -0.003 -16"><span class='ocrx_word' id='word_1_404' title='bbox 312 3890 366 3937; x_wconf 88' lang='lat' dir='ltr'><strong>te</strong></span> <span class='ocrx_word' id='word_1_405' title='bbox 392 3898 622 3951; x_wconf 88' lang='lat' dir='ltr'><strong>sponsus</strong></span> <span class='ocrx_word' id='word_1_406' title='bbox 649 3875 789 3948; x_wconf 82' lang='lat' dir='ltr'><strong>tuus,</strong></span> <span class='ocrx_word' id='word_1_407' title='bbox 812 3891 1017 3936; x_wconf 85' lang='lat' dir='ltr'><strong>amator</strong></span> <span class='ocrx_word' id='word_1_408' title='bbox 1043 3890 1186 3944; x_wconf 86' lang='lat' dir='ltr'><strong>tuus,</strong></span> <span class='ocrx_word' id='word_1_409' title='bbox 1216 3875 1354 3933; x_wconf 84' lang='lat' dir='ltr'><strong>Deus</strong></span> <span class='ocrx_word' id='word_1_410' title='bbox 1384 3875 1521 3951; x_wconf 83' lang='lat' dir='ltr'><strong>tuus,</strong></span> <span class='ocrx_word' id='word_1_411' title='bbox 1558 3875 1887 3951; x_wconf 78' lang='lat' dir='ltr'><strong>Redemptor</strong></span> 
     </span>
    </p>
   </div>
   <div class='ocr_carea' id='block_1_52' title="bbox 314 3947 1887 4022">
    <p class='ocr_par' dir='ltr' id='par_1_52' title="bbox 314 3947 1887 4022">
     <span class='ocr_line' id='line_1_54' title="bbox 314 3947 1887 4022; baseline -0.005 -15"><span class='ocrx_word' id='word_1_412' title='bbox 314 3947 435 4007; x_wconf 84' lang='lat' dir='ltr'><strong>tuus</strong></span> <span class='ocrx_word' id='word_1_413' title='bbox 458 3972 470 4007; x_wconf 88' lang='lat'>:</span> <span class='ocrx_word' id='word_1_414' title='bbox 495 3953 657 4022; x_wconf 88' lang='lat' dir='ltr'><strong>elegit</strong></span> <span class='ocrx_word' id='word_1_415' title='bbox 685 3963 736 4007; x_wconf 90' lang='lat' dir='ltr'><strong>te</strong></span> <span class='ocrx_word' id='word_1_416' title='bbox 761 3954 814 4007; x_wconf 90' lang='lat' dir='ltr'><strong>in</strong></span> <span class='ocrx_word' id='word_1_417' title='bbox 839 3953 1105 4013; x_wconf 90' lang='lat' dir='ltr'><strong>omnibus,</strong></span> <span class='ocrx_word' id='word_1_418' title='bbox 1138 3958 1192 4003; x_wconf 88' lang='lat' dir='ltr'><strong>et</strong></span> <span class='ocrx_word' id='word_1_419' title='bbox 1219 3947 1511 4022; x_wconf 72' lang='lat' dir='ltr'><strong>assumpsit</strong></span> <span class='ocrx_word' id='word_1_420' title='bbox 1538 3956 1587 3998; x_wconf 88' lang='lat' dir='ltr'><strong>te</strong></span> <span class='ocrx_word' id='word_1_421' title='bbox 1614 3962 1678 3999; x_wconf 78' lang='lat' dir='ltr'><strong>ex</strong></span> <span class='ocrx_word' id='word_1_422' title='bbox 1709 3947 1887 4022; x_wconf 86' lang='lat' dir='ltr'><strong>omni-</strong></span> 
     </span>
    </p>
   </div>
   <div class='ocr_carea' id='block_1_53' title="bbox 313 4017 1880 4093">
    <p class='ocr_par' dir='ltr' id='par_1_53' title="bbox 313 4017 1880 4093">
     <span class='ocr_line' id='line_1_55' title="bbox 313 4017 1880 4093; baseline -0.004 -17"><span class='ocrx_word' id='word_1_423' title='bbox 313 4022 435 4086; x_wconf 89' lang='lat' dir='ltr'><strong>bus,</strong></span> <span class='ocrx_word' id='word_1_424' title='bbox 453 4032 506 4078; x_wconf 89' lang='lat' dir='ltr'><strong>et</strong></span> <span class='ocrx_word' id='word_1_425' title='bbox 524 4017 721 4078; x_wconf 78' lang='lat' dir='ltr'><strong>amavit</strong></span> <span class='ocrx_word' id='word_1_426' title='bbox 748 4032 802 4079; x_wconf 89' lang='lat' dir='ltr'><strong>te</strong></span> <span class='ocrx_word' id='word_1_427' title='bbox 818 4040 925 4093; x_wconf 67' lang='lat' dir='ltr'><strong>prae</strong></span> <span class='ocrx_word' id='word_1_428' title='bbox 943 4021 1209 4076; x_wconf 89' lang='lat' dir='ltr'><strong>omnibus.</strong></span> <span class='ocrx_word' id='word_1_429' title='bbox 1223 4018 1449 4093; x_wconf 77' lang='lat' dir='ltr'><strong>Nomine</strong></span> <span class='ocrx_word' id='word_1_430' title='bbox 1469 4032 1567 4093; x_wconf 73' lang='lat' dir='ltr'><strong>suo</strong></span> <span class='ocrx_word' id='word_1_431' title='bbox 1586 4017 1794 4093; x_wconf 77' lang='lat' dir='ltr'><strong>vocavit</strong></span> <span class='ocrx_word' id='word_1_432' title='bbox 1811 4025 1880 4093; x_wconf 67' lang='lat' dir='ltr'><strong>te,</strong></span> 
     </span>
    </p>
   </div>
   <div class='ocr_carea' id='block_1_54' title="bbox 315 4085 1889 4164">
    <p class='ocr_par' dir='ltr' id='par_1_54' title="bbox 315 4085 1889 4164">
     <span class='ocr_line' id='line_1_56' title="bbox 315 4085 1889 4164; baseline -0.004 -16"><span class='ocrx_word' id='word_1_433' title='bbox 315 4104 371 4148; x_wconf 93' lang='lat' dir='ltr'><strong>ut</strong></span> <span class='ocrx_word' id='word_1_434' title='bbox 391 4085 697 4149; x_wconf 85' lang='lat' dir='ltr'><strong>memoriale</strong></span> <span class='ocrx_word' id='word_1_435' title='bbox 711 4085 831 4164; x_wconf 80' lang='lat' dir='ltr'><strong>ejus</strong></span> <span class='ocrx_word' id='word_1_436' title='bbox 841 4107 1054 4162; x_wconf 84' lang='lat' dir='ltr'><strong>semper</strong></span> <span class='ocrx_word' id='word_1_437' title='bbox 1068 4098 1211 4164; x_wconf 83' lang='lat' dir='ltr'><strong>esset</strong></span> <span class='ocrx_word' id='word_1_438' title='bbox 1225 4087 1361 4164; x_wconf 78' lang='lat' dir='ltr'><strong>apud</strong></span> <span class='ocrx_word' id='word_1_439' title='bbox 1386 4097 1457 4140; x_wconf 89' lang='lat' dir='ltr'><strong>te.</strong></span> <span class='ocrx_word' id='word_1_440' title='bbox 1474 4085 1649 4164; x_wconf 78' lang='lat' dir='ltr'><strong>Voluit</strong></span> <span class='ocrx_word' id='word_1_441' title='bbox 1672 4096 1722 4139; x_wconf 87' lang='lat' dir='ltr'><strong>te</strong></span> <span class='ocrx_word' id='word_1_442' title='bbox 1734 4086 1889 4164; x_wconf 85' lang='lat' dir='ltr'><strong>parti-</strong></span> 
     </span>
    </p>
   </div>
   <div class='ocr_carea' id='block_1_55' title="bbox 316 4157 1886 4233">
    <p class='ocr_par' dir='ltr' id='par_1_55' title="bbox 316 4157 1886 4233">
     <span class='ocr_line' id='line_1_57' title="bbox 316 4157 1886 4233; baseline -0.006 -14"><span class='ocrx_word' id='word_1_443' title='bbox 316 4165 485 4233; x_wconf 84' lang='lat' dir='ltr'><strong>cipem</strong></span> <span class='ocrx_word' id='word_1_444' title='bbox 507 4181 627 4220; x_wconf 89' lang='lat' dir='ltr'><strong>esse</strong></span> <span class='ocrx_word' id='word_1_445' title='bbox 652 4166 702 4219; x_wconf 91' lang='lat' dir='ltr'><strong>in</strong></span> <span class='ocrx_word' id='word_1_446' title='bbox 732 4157 975 4228; x_wconf 72' lang='lat' dir='ltr'><strong>nomine,</strong></span> <span class='ocrx_word' id='word_1_447' title='bbox 986 4162 1294 4231; x_wconf 87' lang='lat' dir='ltr'><strong>participem</strong></span> <span class='ocrx_word' id='word_1_448' title='bbox 1318 4158 1369 4211; x_wconf 90' lang='lat' dir='ltr'><strong>in</strong></span> <span class='ocrx_word' id='word_1_449' title='bbox 1389 4157 1617 4210; x_wconf 89' lang='lat' dir='ltr'><strong>nominis</strong></span> <span class='ocrx_word' id='word_1_450' title='bbox 1637 4158 1886 4233; x_wconf 70' lang='lat' dir='ltr'><strong>veritaie:</strong></span> 
     </span>
    </p>
   </div>
   <div class='ocr_carea' id='block_1_56' title="bbox 318 4227 1890 4303">
    <p class='ocr_par' dir='ltr' id='par_1_56' title="bbox 318 4227 1890 4303">
     <span class='ocr_line' id='line_1_58' title="bbox 318 4227 1890 4303; baseline -0.005 -15"><span class='ocrx_word' id='word_1_451' title='bbox 318 4227 563 4303; x_wconf 80' lang='lat' dir='ltr'><strong>quoniam</strong></span> <span class='ocrx_word' id='word_1_452' title='bbox 589 4244 738 4290; x_wconf 82' lang='lat' dir='ltr'><strong>unxit</strong></span> <span class='ocrx_word' id='word_1_453' title='bbox 760 4244 811 4290; x_wconf 90' lang='lat' dir='ltr'><strong>te</strong></span> <span class='ocrx_word' id='word_1_454' title='bbox 837 4236 947 4300; x_wconf 92' lang='lat' dir='ltr'><strong>illo,</strong></span> <span class='ocrx_word' id='word_1_455' title='bbox 963 4227 1069 4302; x_wconf 84' lang='lat' dir='ltr'><strong>quo</strong></span> <span class='ocrx_word' id='word_1_456' title='bbox 1089 4241 1143 4286; x_wconf 92' lang='lat' dir='ltr'><strong>et</strong></span> <span class='ocrx_word' id='word_1_457' title='bbox 1166 4227 1278 4298; x_wconf 80' lang='lat' dir='ltr'><strong>ipse</strong></span> <span class='ocrx_word' id='word_1_458' title='bbox 1297 4238 1488 4283; x_wconf 88' lang='lat' dir='ltr'><strong>unctus</strong></span> <span class='ocrx_word' id='word_1_459' title='bbox 1507 4237 1640 4303; x_wconf 79' lang='lat' dir='ltr'><strong>erat,</strong></span> <span class='ocrx_word' id='word_1_460' title='bbox 1664 4227 1890 4303; x_wconf 71' lang='lat' dir='ltr'><strong>oleolre-</strong></span> 
     </span>
    </p>
   </div>
   <div class='ocr_carea' id='block_1_57' title="bbox 319 4298 1891 4373">
    <p class='ocr_par' dir='ltr' id='par_1_57' title="bbox 319 4298 1891 4373">
     <span class='ocr_line' id='line_1_59' title="bbox 319 4298 1891 4373; baseline -0.004 -14"><span class='ocrx_word' id='word_1_461' title='bbox 319 4298 444 4360; x_wconf 68' lang='lat' dir='ltr'><strong>tiliae</strong></span> <span class='ocrx_word' id='word_1_462' title='bbox 462 4305 577 4371; x_wconf 78' lang='lat' dir='ltr'><strong>(Ps.</strong></span> <span class='ocrx_word' id='word_1_463' title='bbox 592 4322 738 4373; x_wconf 77' lang='lat' dir='ltr'><strong>xuv,</strong></span> <span class='ocrx_word' id='word_1_464' title='bbox 757 4307 837 4373; x_wconf 89' lang='lat'><strong>8),</strong></span> <span class='ocrx_word' id='word_1_465' title='bbox 851 4314 910 4358; x_wconf 90' lang='lat' dir='ltr'><strong>ut</strong></span> <span class='ocrx_word' id='word_1_466' title='bbox 923 4298 1159 4359; x_wconf 82' lang='lat' dir='ltr'><strong>abuncto</strong></span> <span class='ocrx_word' id='word_1_467' title='bbox 1175 4304 1248 4356; x_wconf 88' lang='lat' dir='ltr'><strong>sis</strong></span> <span class='ocrx_word' id='word_1_468' title='bbox 1266 4311 1476 4373; x_wconf 79' lang='lat' dir='ltr'><strong>unctus,</strong></span> <span class='ocrx_word' id='word_1_469' title='bbox 1491 4300 1612 4373; x_wconf 89' lang='lat' dir='ltr'><strong>quia</strong></span> <span class='ocrx_word' id='word_1_470' title='bbox 1629 4314 1659 4352; x_wconf 92' lang='lat' dir='ltr'><strong>a</strong></span> <span class='ocrx_word' id='word_1_471' title='bbox 1675 4298 1891 4373; x_wconf 75' lang='lat' dir='ltr'><strong>Christo</strong></span> 
     </span>
    </p>
   </div>
   <div class='ocr_carea' id='block_1_58' title="bbox 320 4367 1889 4451">
    <p class='ocr_par' dir='ltr' id='par_1_58' title="bbox 320 4367 1889 4451">
     <span class='ocr_line' id='line_1_60' title="bbox 320 4367 1889 4451; baseline -0.006 -21"><span class='ocrx_word' id='word_1_472' title='bbox 320 4367 510 4451; x_wconf 81' lang='lat' dir='ltr'><strong>dicitur</strong></span> <span class='ocrx_word' id='word_1_473' title='bbox 529 4367 872 4451; x_wconf 70' lang='lat' dir='ltr'><strong>christianos.</strong></span> <span class='ocrx_word' id='word_1_474' title='bbox 896 4376 1021 4451; x_wconf 82' lang='lat' dir='ltr'><strong>_Sed_</strong></span> <span class='ocrx_word' id='word_1_475' title='bbox 1038 4371 1293 4451; x_wconf 74' lang='lat' dir='ltr'><strong>numquid</strong></span> <span class='ocrx_word' id='word_1_476' title='bbox 1321 4381 1375 4425; x_wconf 88' lang='lat' dir='ltr'><strong>tu</strong></span> <span class='ocrx_word' id='word_1_477' title='bbox 1402 4367 1606 4451; x_wconf 70' lang='lat' dir='ltr'><strong>fortior,</strong></span> <span class='ocrx_word' id='word_1_478' title='bbox 1632 4367 1889 4451; x_wconf 64' lang='lat' dir='ltr'><strong>numquid</strong></span> 
     </span>
    </p>
   </div>
   <div class='ocr_carea' id='block_1_59' title="bbox 320 4440 1887 4516">
    <p class='ocr_par' dir='ltr' id='par_1_59' title="bbox 320 4440 1887 4516">
     <span class='ocr_line' id='line_1_61' title="bbox 320 4440 1887 4516; baseline -0.005 -15"><span class='ocrx_word' id='word_1_479' title='bbox 320 4448 628 4515; x_wconf 76' lang='lat' dir='ltr'><strong>sapientior,</strong></span> <span class='ocrx_word' id='word_1_480' title='bbox 658 4446 912 4516; x_wconf 91' lang='lat' dir='ltr'><strong>numquid</strong></span> <span class='ocrx_word' id='word_1_481' title='bbox 938 4440 1197 4508; x_wconf 77' lang='lat' dir='ltr'><strong>nobilior,</strong></span> <span class='ocrx_word' id='word_1_482' title='bbox 1216 4440 1750 4516; x_wconf 78' lang='lat' dir='ltr'><strong>tittmquid__otnnibus</strong></span> <span class='ocrx_word' id='word_1_483' title='bbox 1782 4440 1887 4516; x_wconf 80' lang='lat' dir='ltr'><strong>illis</strong></span> 
     </span>
    </p>
   </div>
   <div class='ocr_carea' id='block_1_60' title="bbox 321 4510 1890 4587">
    <p class='ocr_par' dir='ltr' id='par_1_60' title="bbox 321 4510 1890 4587">
     <span class='ocr_line' id='line_1_62' title="bbox 321 4510 1890 4587; baseline -0.004 -16"><span class='ocrx_word' id='word_1_484' title='bbox 321 4510 478 4571; x_wconf 75' lang='lat' dir='ltr'><strong>ditior</strong></span> <span class='ocrx_word' id='word_1_485' title='bbox 508 4510 671 4580; x_wconf 81' lang='lat' dir='ltr'><strong>fuisti,</strong></span> <span class='ocrx_word' id='word_1_486' title='bbox 704 4510 973 4587; x_wconf 38' lang='lat' dir='ltr'><strong>qui’hanc</strong></span> <span class='ocrx_word' id='word_1_487' title='bbox 1013 4530 1124 4587; x_wconf 69' lang='lat' dir='ltr'><strong>pne</strong></span> <span class='ocrx_word' id='word_1_488' title='bbox 1161 4513 1406 4587; x_wconf 70' lang='lat' dir='ltr'><strong>omnibus</strong></span> <span class='ocrx_word' id='word_1_489' title='bbox 1452 4510 1556 4563; x_wconf 86' lang='lat' dir='ltr'><strong>illis</strong></span> <span class='ocrx_word' id='word_1_490' title='bbox 1601 4510 1890 4587; x_wconf 75' lang='lat' dir='ltr'><strong>specialem</strong></span> 
     </span>
    </p>
   </div>
   <div class='ocr_carea' id='block_1_61' title="bbox 320 4580 1890 4658">
    <p class='ocr_par' dir='ltr' id='par_1_61' title="bbox 320 4580 1890 4658">
     <span class='ocr_line' id='line_1_63' title="bbox 320 4580 1890 4658; baseline -0.006 -16"><span class='ocrx_word' id='word_1_491' title='bbox 320 4591 542 4658; x_wconf 72' lang='lat' dir='ltr'><strong>gratiam</strong></span> <span class='ocrx_word' id='word_1_492' title='bbox 574 4580 749 4644; x_wconf 74' lang='lat' dir='ltr'><strong>sortiri</strong></span> <span class='ocrx_word' id='word_1_493' title='bbox 774 4580 1044 4641; x_wconf 70' lang='lat' dir='ltr'><strong>meruisti?</strong></span> <span class='ocrx_word' id='word_1_494' title='bbox 1072 4585 1222 4658; x_wconf 72' lang='lat' dir='ltr'><strong>Quot</strong></span> <span class='ocrx_word' id='word_1_495' title='bbox 1236 4583 1417 4641; x_wconf 79' lang='lat' dir='ltr'><strong>fortes,</strong></span> <span class='ocrx_word' id='word_1_496' title='bbox 1442 4589 1573 4650; x_wconf 88' lang='lat' dir='ltr'><strong>qttot</strong></span> <span class='ocrx_word' id='word_1_497' title='bbox 1597 4580 1890 4658; x_wconf 69' lang='lat' dir='ltr'><strong>sapientes,</strong></span> 
     </span>
    </p>
   </div>
   <div class='ocr_carea' id='block_1_62' title="bbox 321 4650 1892 4728">
    <p class='ocr_par' dir='ltr' id='par_1_62' title="bbox 321 4650 1892 4728">
     <span class='ocr_line' id='line_1_64' title="bbox 321 4650 1892 4728; baseline -0.005 -17"><span class='ocrx_word' id='word_1_498' title='bbox 321 4650 447 4727; x_wconf 73' lang='lat' dir='ltr'><strong>quot</strong></span> <span class='ocrx_word' id='word_1_499' title='bbox 478 4660 712 4723; x_wconf 79' lang='lat' dir='ltr'><strong>nobiles,</strong></span> <span class='ocrx_word' id='word_1_500' title='bbox 737 4667 866 4728; x_wconf 92' lang='lat' dir='ltr'><strong>quot</strong></span> <span class='ocrx_word' id='word_1_501' title='bbox 888 4650 1176 4728; x_wconf 86' lang='lat' dir='ltr'><strong>divitesihi</strong></span> <span class='ocrx_word' id='word_1_502' title='bbox 1202 4655 1441 4728; x_wconf 55' lang='lat' dir='ltr'><strong>fuerunt;</strong></span> <span class='ocrx_word' id='word_1_503' title='bbox 1469 4660 1523 4705; x_wconf 87' lang='lat' dir='ltr'><strong>et</strong></span> <span class='ocrx_word' id='word_1_504' title='bbox 1563 4660 1736 4728; x_wconf 61' lang='lat' dir='ltr'><strong>tamen</strong></span> <span class='ocrx_word' id='word_1_505' title='bbox 1768 4650 1892 4728; x_wconf 59' lang='lat' dir='ltr'><strong>uni:-</strong></span> 
     </span>
    </p>
   </div>
   <div class='ocr_carea' id='block_1_63' title="bbox 323 4720 1896 4797">
    <p class='ocr_par' dir='ltr' id='par_1_63' title="bbox 323 4720 1896 4797">
     <span class='ocr_line' id='line_1_65' title="bbox 323 4720 1896 4797; baseline -0.005 -17"><span class='ocrx_word' id='word_1_506' title='bbox 323 4720 460 4782; x_wconf 67' lang='lat' dir='ltr'><strong>versi</strong></span> <span class='ocrx_word' id='word_1_507' title='bbox 493 4731 658 4783; x_wconf 87' lang='lat' dir='ltr'><strong>relicti</strong></span> <span class='ocrx_word' id='word_1_508' title='bbox 688 4720 736 4783; x_wconf 84' lang='lat' dir='ltr'><strong>et</strong></span> <span class='ocrx_word' id='word_1_509' title='bbox 759 4720 954 4797; x_wconf 76' lang='lat' dir='ltr'><strong>abjecti</strong></span> <span class='ocrx_word' id='word_1_510' title='bbox 984 4724 1287 4796; x_wconf 87' lang='lat' dir='ltr'><strong>perierunt?</strong></span> <span class='ocrx_word' id='word_1_511' title='bbox 1310 4723 1549 4797; x_wconf 69' lang='lat' dir='ltr'><strong>Multum,</strong></span> <span class='ocrx_word' id='word_1_512' title='bbox 1577 4720 1767 4781; x_wconf 88' lang='lat' dir='ltr'><strong>fateor,</strong></span> <span class='ocrx_word' id='word_1_513' title='bbox 1790 4720 1896 4797; x_wconf 80' lang='lat' dir='ltr'><strong>col-</strong></span> 
     </span>
    </p>
   </div>
   <div class='ocr_carea' id='block_1_64' title="bbox 325 4790 1895 4862">
    <p class='ocr_par' dir='ltr' id='par_1_64' title="bbox 325 4790 1895 4862">
     <span class='ocr_line' id='line_1_66' title="bbox 325 4790 1895 4862; baseline -0.007 -9"><span class='ocrx_word' id='word_1_514' title='bbox 325 4800 484 4853; x_wconf 87' lang='lat' dir='ltr'><strong>latum</strong></span> <span class='ocrx_word' id='word_1_515' title='bbox 515 4810 595 4853; x_wconf 89' lang='lat' dir='ltr'><strong>est</strong></span> <span class='ocrx_word' id='word_1_516' title='bbox 627 4800 717 4854; x_wconf 92' lang='lat' dir='ltr'><strong>tibi</strong></span> <span class='ocrx_word' id='word_1_517' title='bbox 744 4817 755 4852; x_wconf 89' lang='lat'>:</span> <span class='ocrx_word' id='word_1_518' title='bbox 780 4790 902 4853; x_wconf 79' lang='lat' dir='ltr'><strong>nam</strong></span> <span class='ocrx_word' id='word_1_519' title='bbox 932 4790 1051 4852; x_wconf 78' lang='lat' dir='ltr'><strong>cum</strong></span> <span class='ocrx_word' id='word_1_520' title='bbox 1082 4797 1216 4849; x_wconf 49' lang='lat' dir='ltr'><strong>larda</strong></span> <span class='ocrx_word' id='word_1_521' title='bbox 1246 4794 1390 4862; x_wconf 88' lang='lat' dir='ltr'><strong>prius</strong></span> <span class='ocrx_word' id='word_1_522' title='bbox 1415 4791 1606 4862; x_wconf 85' lang='lat' dir='ltr'><strong>fuisses</strong></span> <span class='ocrx_word' id='word_1_523' title='bbox 1627 4831 1640 4853; x_wconf 93' lang='lat'><strong>,</strong></span> <span class='ocrx_word' id='word_1_524' title='bbox 1683 4798 1737 4843; x_wconf 89' lang='lat' dir='ltr'><strong>et</strong></span> <span class='ocrx_word' id='word_1_525' title='bbox 1776 4790 1895 4857; x_wconf 87' lang='lat' dir='ltr'><strong>pol-</strong></span> 
     </span>
    </p>
   </div>
   <div class='ocr_carea' id='block_1_65' title="bbox 323 4861 1896 4937">
    <p class='ocr_par' dir='ltr' id='par_1_65' title="bbox 323 4861 1896 4937">
     <span class='ocr_line' id='line_1_67' title="bbox 323 4861 1896 4937; baseline -0.008 -12"><span class='ocrx_word' id='word_1_526' title='bbox 323 4870 447 4933; x_wconf 87' lang='lat' dir='ltr'><strong>luta,</strong></span> <span class='ocrx_word' id='word_1_527' title='bbox 479 4882 531 4924; x_wconf 89' lang='lat' dir='ltr'><strong>et</strong></span> <span class='ocrx_word' id='word_1_528' title='bbox 553 4870 829 4936; x_wconf 88' lang='lat' dir='ltr'><strong>deformis,</strong></span> <span class='ocrx_word' id='word_1_529' title='bbox 853 4878 909 4924; x_wconf 87' lang='lat' dir='ltr'><strong>et</strong></span> <span class='ocrx_word' id='word_1_530' title='bbox 929 4868 1189 4937; x_wconf 83' lang='lat' dir='ltr'><strong>squalida,</strong></span> <span class='ocrx_word' id='word_1_531' title='bbox 1214 4861 1430 4937; x_wconf 80' lang='lat' dir='ltr'><strong>discissa</strong></span> <span class='ocrx_word' id='word_1_532' title='bbox 1458 4872 1509 4937; x_wconf 72' lang='lat' dir='ltr'><strong>et</strong></span> <span class='ocrx_word' id='word_1_533' title='bbox 1531 4861 1809 4937; x_wconf 68' lang='lat' dir='ltr'><strong>dissipata,</strong></span> <span class='ocrx_word' id='word_1_534' title='bbox 1841 4869 1896 4915; x_wconf 89' lang='lat' dir='ltr'><strong>et</strong></span> 
     </span>
    </p>
   </div>
   <div class='ocr_carea' id='block_1_66' title="bbox 323 4931 1896 5005">
    <p class='ocr_par' dir='ltr' id='par_1_66' title="bbox 323 4931 1896 5005">
     <span class='ocr_line' id='line_1_68' title="bbox 323 4931 1896 5005; baseline -0.007 -10"><span class='ocrx_word' id='word_1_535' title='bbox 323 4931 465 4995; x_wconf 88' lang='lat' dir='ltr'><strong>omni</strong></span> <span class='ocrx_word' id='word_1_536' title='bbox 497 4942 718 4995; x_wconf 82' lang='lat' dir='ltr'><strong>horrore</strong></span> <span class='ocrx_word' id='word_1_537' title='bbox 748 4931 1136 4995; x_wconf 81' lang='lat' dir='ltr'><strong>etenormitate</strong></span> <span class='ocrx_word' id='word_1_538' title='bbox 1166 4938 1349 5005; x_wconf 86' lang='lat' dir='ltr'><strong>plena;</strong></span> <span class='ocrx_word' id='word_1_539' title='bbox 1378 4935 1455 4987; x_wconf 89' lang='lat' dir='ltr'><strong>sic</strong></span> <span class='ocrx_word' id='word_1_540' title='bbox 1479 4934 1616 4985; x_wconf 86' lang='lat' dir='ltr'><strong>Deus</strong></span> <span class='ocrx_word' id='word_1_541' title='bbox 1641 4931 1896 5005; x_wconf 74' lang='lat' dir='ltr'><strong>Dominus</strong></span> 
     </span>
    </p>
   </div>
   <div class='ocr_carea' id='block_1_67' title="bbox 324 5001 1897 5077">
    <p class='ocr_par' dir='ltr' id='par_1_67' title="bbox 324 5001 1897 5077">
     <span class='ocr_line' id='line_1_69' title="bbox 324 5001 1897 5077; baseline -0.008 -12"><span class='ocrx_word' id='word_1_542' title='bbox 324 5021 444 5065; x_wconf 88' lang='lat' dir='ltr'><strong>tuos</strong></span> <span class='ocrx_word' id='word_1_543' title='bbox 475 5013 660 5065; x_wconf 78' lang='lat' dir='ltr'><strong>dilexit</strong></span> <span class='ocrx_word' id='word_1_544' title='bbox 692 5022 763 5075; x_wconf 90' lang='lat' dir='ltr'><strong>te,</strong></span> <span class='ocrx_word' id='word_1_545' title='bbox 792 5021 849 5064; x_wconf 93' lang='lat' dir='ltr'><strong>ut</strong></span> <span class='ocrx_word' id='word_1_546' title='bbox 875 5021 925 5064; x_wconf 92' lang='lat' dir='ltr'><strong>te</strong></span> <span class='ocrx_word' id='word_1_547' title='bbox 955 5011 1111 5063; x_wconf 77' lang='lat' dir='ltr'><strong>tantis</strong></span> <span class='ocrx_word' id='word_1_548' title='bbox 1139 5001 1321 5077; x_wconf 70' lang='lat' dir='ltr'><strong>gratia:</strong></span> <span class='ocrx_word' id='word_1_549' title='bbox 1347 5020 1457 5060; x_wconf 74' lang='lat' dir='ltr'><strong>suae</strong></span> <span class='ocrx_word' id='word_1_550' title='bbox 1481 5002 1791 5077; x_wconf 67' lang='lat' dir='ltr'><strong>muneribus</strong></span> <span class='ocrx_word' id='word_1_551' title='bbox 1818 5001 1897 5077; x_wconf 47' lang='lat' dir='ltr'><strong>dif</strong></span> 
     </span>
    </p>
   </div>
   <div class='ocr_carea' id='block_1_68' title="bbox 326 5071 1897 5151">
    <p class='ocr_par' dir='ltr' id='par_1_68' title="bbox 326 5071 1897 5151">
     <span class='ocr_line' id='line_1_70' title="bbox 326 5071 1897 5151; baseline -0.007 -17"><span class='ocrx_word' id='word_1_552' title='bbox 326 5091 479 5136; x_wconf 86' lang='lat' dir='ltr'><strong>taret.</strong></span> <span class='ocrx_word' id='word_1_553' title='bbox 516 5082 625 5136; x_wconf 86' lang='lat' dir='ltr'><strong>Nisi</strong></span> <span class='ocrx_word' id='word_1_554' title='bbox 657 5071 785 5151; x_wconf 87' lang='lat' dir='ltr'><strong>ergo</strong></span> <span class='ocrx_word' id='word_1_555' title='bbox 815 5083 961 5150; x_wconf 83' lang='lat' dir='ltr'><strong>prius</strong></span> <span class='ocrx_word' id='word_1_556' title='bbox 991 5071 1165 5151; x_wconf 55' lang='lat' dir='ltr'><strong>multa</strong></span> <span class='ocrx_word' id='word_1_557' title='bbox 1184 5093 1361 5151; x_wconf 72' lang='lat' dir='ltr'><strong>cura,</strong></span> <span class='ocrx_word' id='word_1_558' title='bbox 1383 5075 1560 5151; x_wconf 71' lang='lat' dir='ltr'><strong>studio</strong></span> <span class='ocrx_word' id='word_1_559' title='bbox 1595 5071 1897 5151; x_wconf 79' lang='lat' dir='ltr'><strong>vehementi</strong></span> 
     </span>
    </p>
   </div>
   <div class='ocr_carea' id='block_1_69' title="bbox 323 5144 1896 5211">
    <p class='ocr_par' dir='ltr' id='par_1_69' title="bbox 323 5144 1896 5211">
     <span class='ocr_line' id='line_1_71' title="bbox 323 5144 1896 5211; baseline -0.007 -4"><span class='ocrx_word' id='word_1_560' title='bbox 323 5154 530 5207; x_wconf 75' lang='lat' dir='ltr'><strong>excttlta</strong></span> <span class='ocrx_word' id='word_1_561' title='bbox 557 5163 612 5207; x_wconf 89' lang='lat' dir='ltr'><strong>et</strong></span> <span class='ocrx_word' id='word_1_562' title='bbox 637 5144 829 5207; x_wconf 53' lang='lat' dir='ltr'><strong>orn&#39;ata&#39;</strong></span> <span class='ocrx_word' id='word_1_563' title='bbox 848 5153 1099 5205; x_wconf 82' lang='lat' dir='ltr'><strong>decenter</strong></span> <span class='ocrx_word' id='word_1_564' title='bbox 1126 5149 1289 5203; x_wconf 88' lang='lat' dir='ltr'><strong>fueris</strong></span> <span class='ocrx_word' id='word_1_565' title='bbox 1308 5188 1322 5209; x_wconf 90' lang='lat'><strong>,</strong></span> <span class='ocrx_word' id='word_1_566' title='bbox 1353 5149 1403 5199; x_wconf 92' lang='lat' dir='ltr'><strong>in</strong></span> <span class='ocrx_word' id='word_1_567' title='bbox 1445 5146 1679 5201; x_wconf 66' lang='lat' dir='ltr'><strong>caelestis</strong></span> <span class='ocrx_word' id='word_1_568' title='bbox 1714 5144 1896 5211; x_wconf 89' lang='lat' dir='ltr'><strong>sponsi</strong></span> 
     </span>
    </p>
   </div>
   <div class='ocr_carea' id='block_1_70' title="bbox 325 5213 1899 5290">
    <p class='ocr_par' dir='ltr' id='par_1_70' title="bbox 325 5213 1899 5290">
     <span class='ocr_line' id='line_1_72' title="bbox 325 5213 1899 5290; baseline -0.006 -13"><span class='ocrx_word' id='word_1_569' title='bbox 325 5224 617 5277; x_wconf 69' lang='lat' dir='ltr'><strong>thalamum</strong></span> <span class='ocrx_word' id='word_1_570' title='bbox 650 5223 912 5277; x_wconf 82' lang='lat' dir='ltr'><strong>introduci</strong></span> <span class='ocrx_word' id='word_1_571' title='bbox 951 5223 1107 5290; x_wconf 88' lang='lat' dir='ltr'><strong>digna</strong></span> <span class='ocrx_word' id='word_1_572' title='bbox 1135 5234 1237 5290; x_wconf 86' lang='lat' dir='ltr'><strong>non</strong></span> <span class='ocrx_word' id='word_1_573' title='bbox 1267 5218 1393 5271; x_wconf 87' lang='lat' dir='ltr'><strong>eris.</strong></span> <span class='ocrx_word' id='word_1_574' title='bbox 1435 5216 1587 5270; x_wconf 89' lang='lat' dir='ltr'><strong>Nunc</strong></span> <span class='ocrx_word' id='word_1_575' title='bbox 1613 5230 1742 5290; x_wconf 81' lang='lat' dir='ltr'><strong>ergo</strong></span> <span class='ocrx_word' id='word_1_576' title='bbox 1770 5213 1899 5290; x_wconf 76' lang='lat' dir='ltr'><strong>dum</strong></span> 
     </span>
    </p>
   </div>
   <div class='ocr_carea' id='block_1_71' title="bbox 328 5283 1898 5362">
    <p class='ocr_par' dir='ltr' id='par_1_71' title="bbox 328 5283 1898 5362">
     <span class='ocr_line' id='line_1_73' title="bbox 328 5283 1898 5362; baseline -0.008 -13"><span class='ocrx_word' id='word_1_577' title='bbox 328 5302 537 5362; x_wconf 85' lang='lat' dir='ltr'><strong>tempus</strong></span> <span class='ocrx_word' id='word_1_578' title='bbox 561 5304 663 5354; x_wconf 90' lang='lat' dir='ltr'><strong>est,</strong></span> <span class='ocrx_word' id='word_1_579' title='bbox 695 5311 729 5347; x_wconf 94' lang='lat' dir='ltr'><strong>o</strong></span> <span class='ocrx_word' id='word_1_580' title='bbox 755 5295 927 5348; x_wconf 85' lang='lat' dir='ltr'><strong>anima</strong></span> <span class='ocrx_word' id='word_1_581' title='bbox 958 5283 1073 5346; x_wconf 60' lang='lat' dir='ltr'><strong>méa</strong></span> <span class='ocrx_word' id='word_1_582' title='bbox 1096 5332 1111 5357; x_wconf 92' lang='lat'><strong>,</strong></span> <span class='ocrx_word' id='word_1_583' title='bbox 1149 5289 1540 5362; x_wconf 77' lang='lat' dir='ltr'><strong>formamtuam</strong></span> <span class='ocrx_word' id='word_1_584' title='bbox 1566 5286 1751 5340; x_wconf 80' lang='lat' dir='ltr'><strong>excole</strong></span> <span class='ocrx_word' id='word_1_585' title='bbox 1769 5324 1783 5347; x_wconf 92' lang='lat'><strong>,</strong></span> <span class='ocrx_word' id='word_1_586' title='bbox 1818 5283 1898 5362; x_wconf 75' lang='lat' dir='ltr'><strong>fa-</strong></span> 
     </span>
    </p>
   </div>
   <div class='ocr_carea' id='block_1_72' title="bbox 326 5354 1898 5432">
    <p class='ocr_par' dir='ltr' id='par_1_72' title="bbox 326 5354 1898 5432">
     <span class='ocr_line' id='line_1_74' title="bbox 326 5354 1898 5432; baseline -0.008 -13"><span class='ocrx_word' id='word_1_587' title='bbox 326 5354 461 5419; x_wconf 84' lang='lat' dir='ltr'><strong>ciem</strong></span> <span class='ocrx_word' id='word_1_588' title='bbox 488 5381 643 5431; x_wconf 87' lang='lat' dir='ltr'><strong>orna,</strong></span> <span class='ocrx_word' id='word_1_589' title='bbox 669 5364 902 5418; x_wconf 88' lang='lat' dir='ltr'><strong>habitum</strong></span> <span class='ocrx_word' id='word_1_590' title='bbox 928 5354 1206 5432; x_wconf 84' lang='lat' dir='ltr'><strong>compone,</strong></span> <span class='ocrx_word' id='word_1_591' title='bbox 1233 5358 1467 5432; x_wconf 66' lang='lat' dir='ltr'><strong>maculas</strong></span> <span class='ocrx_word' id='word_1_592' title='bbox 1495 5367 1660 5427; x_wconf 86' lang='lat' dir='ltr'><strong>terge,</strong></span> <span class='ocrx_word' id='word_1_593' title='bbox 1684 5354 1898 5409; x_wconf 86' lang='lat' dir='ltr'><strong>mundi-</strong></span> 
     </span>
    </p>
   </div>
   <div class='ocr_carea' id='block_1_73' title="bbox 329 5429 1905 5505">
    <p class='ocr_par' dir='ltr' id='par_1_73' title="bbox 329 5429 1905 5505">
     <span class='ocr_line' id='line_1_75' title="bbox 329 5429 1905 5505; baseline -0.005 -16"><span class='ocrx_word' id='word_1_594' title='bbox 329 5437 454 5489; x_wconf 87' lang='lat' dir='ltr'><strong>tiam</strong></span> <span class='ocrx_word' id='word_1_595' title='bbox 499 5429 687 5505; x_wconf 84' lang='lat' dir='ltr'><strong>repara</strong></span> <span class='ocrx_word' id='word_1_596' title='bbox 709 5477 724 5501; x_wconf 95' lang='lat'><strong>,</strong></span> <span class='ocrx_word' id='word_1_597' title='bbox 766 5450 943 5489; x_wconf 89' lang='lat' dir='ltr'><strong>mores</strong></span> <span class='ocrx_word' id='word_1_598' title='bbox 986 5429 1228 5503; x_wconf 80' lang='lat' dir='ltr'><strong>corrige,</strong></span> <span class='ocrx_word' id='word_1_599' title='bbox 1250 5429 1585 5505; x_wconf 75' lang='lat' dir='ltr'><strong>discipiinam</strong></span> <span class='ocrx_word' id='word_1_600' title='bbox 1626 5441 1813 5490; x_wconf 87' lang='lat' dir='ltr'><strong>serva,</strong></span> <span class='ocrx_word' id='word_1_601' title='bbox 1845 5432 1905 5481; x_wconf 86' lang='lat' dir='ltr'><strong>et</strong></span> 
     </span>
    </p>
   </div>
   <div class='ocr_carea' id='block_1_74' title="bbox 329 5499 1901 5571">
    <p class='ocr_par' dir='ltr' id='par_1_74' title="bbox 329 5499 1901 5571">
     <span class='ocr_line' id='line_1_76' title="bbox 329 5499 1901 5571; baseline -0.008 -10"><span class='ocrx_word' id='word_1_602' title='bbox 329 5499 577 5561; x_wconf 77' lang='lat' dir='ltr'><strong>omnibus</strong></span> <span class='ocrx_word' id='word_1_603' title='bbox 599 5499 813 5571; x_wconf 82' lang='lat' dir='ltr'><strong>tandem</strong></span> <span class='ocrx_word' id='word_1_604' title='bbox 841 5506 892 5559; x_wconf 91' lang='lat' dir='ltr'><strong>iu</strong></span> <span class='ocrx_word' id='word_1_605' title='bbox 921 5506 1111 5558; x_wconf 90' lang='lat' dir='ltr'><strong>melius</strong></span> <span class='ocrx_word' id='word_1_606' title='bbox 1130 5499 1487 5571; x_wconf 69' lang='lat' dir='ltr'><strong>commutatis,</strong></span> <span class='ocrx_word' id='word_1_607' title='bbox 1502 5499 1728 5571; x_wconf 77' lang='lat' dir='ltr'><strong>dignam</strong></span> <span class='ocrx_word' id='word_1_608' title='bbox 1747 5511 1901 5565; x_wconf 54' lang='lat' dir='ltr'><strong>spon.</strong></span> 
     </span>
    </p>
   </div>
   <div class='ocr_carea' id='block_1_75' title="bbox 329 5569 1903 5646">
    <p class='ocr_par' dir='ltr' id='par_1_75' title="bbox 329 5569 1903 5646">
     <span class='ocr_line' id='line_1_77' title="bbox 329 5569 1903 5646; baseline -0.006 -15"><span class='ocrx_word' id='word_1_609' title='bbox 329 5590 443 5631; x_wconf 79' lang='lat' dir='ltr'><strong>sam</strong></span> <span class='ocrx_word' id='word_1_610' title='bbox 471 5576 636 5646; x_wconf 88' lang='lat' dir='ltr'><strong>digno</strong></span> <span class='ocrx_word' id='word_1_611' title='bbox 664 5569 863 5646; x_wconf 84' lang='lat' dir='ltr'><strong>sponso</strong></span> <span class='ocrx_word' id='word_1_612' title='bbox 888 5576 1030 5629; x_wconf 90' lang='lat' dir='ltr'><strong>onmi</strong></span> <span class='ocrx_word' id='word_1_613' title='bbox 1059 5575 1173 5628; x_wconf 87' lang='lat' dir='ltr'><strong>nisu</strong></span> <span class='ocrx_word' id='word_1_614' title='bbox 1200 5583 1252 5646; x_wconf 83' lang='lat' dir='ltr'><strong>te</strong></span> <span class='ocrx_word' id='word_1_615' title='bbox 1274 5569 1464 5646; x_wconf 85' lang='lat' dir='ltr'><strong>redde.</strong></span> <span class='ocrx_word' id='word_1_616' title='bbox 1502 5569 1748 5646; x_wconf 46' lang='lat' dir='ltr'><strong>[impura</strong></span> <span class='ocrx_word' id='word_1_617' title='bbox 1773 5581 1903 5637; x_wconf 86' lang='lat' dir='ltr'><strong>ergo</strong></span> 
     </span>
    </p>
   </div>
   <div class='ocr_carea' id='block_1_76' title="bbox 333 5640 1903 5718">
    <p class='ocr_par' dir='ltr' id='par_1_76' title="bbox 333 5640 1903 5718">
     <span class='ocr_line' id='line_1_78' title="bbox 333 5640 1903 5718; baseline -0.007 -16"><span class='ocrx_word' id='word_1_618' title='bbox 333 5656 383 5702; x_wconf 84' lang='lat' dir='ltr'><strong>te</strong></span> <span class='ocrx_word' id='word_1_619' title='bbox 418 5640 557 5702; x_wconf 65' lang='lat' dir='ltr'><strong>sicui</strong></span> <span class='ocrx_word' id='word_1_620' title='bbox 591 5640 744 5702; x_wconf 78' lang='lat' dir='ltr'><strong>decet</strong></span> <span class='ocrx_word' id='word_1_621' title='bbox 786 5662 1034 5718; x_wconf 89' lang='lat' dir='ltr'><strong>sponsam</strong></span> <span class='ocrx_word' id='word_1_622' title='bbox 1061 5644 1243 5717; x_wconf 86' lang='lat' dir='ltr'><strong>sponsi</strong></span> <span class='ocrx_word' id='word_1_623' title='bbox 1271 5640 1621 5705; x_wconf 85' lang='lat' dir='ltr'><strong>immortalis,</strong></span> <span class='ocrx_word' id='word_1_624' title='bbox 1654 5642 1903 5708; x_wconf 83' lang='lat' dir='ltr'><strong>sponsam</strong></span> 
     </span>
    </p>
   </div>
   <div class='ocr_carea' id='block_1_77' title="bbox 333 5719 759 5788">
    <p class='ocr_par' dir='ltr' id='par_1_77' title="bbox 333 5719 759 5788">
     <span class='ocr_line' id='line_1_79' title="bbox 333 5719 759 5788; baseline -0.007 -17"><span class='ocrx_word' id='word_1_625' title='bbox 333 5719 477 5788; x_wconf 69' lang='lat' dir='ltr'><strong>regni</strong></span> <span class='ocrx_word' id='word_1_626' title='bbox 505 5720 759 5773; x_wconf 59' lang='lat' dir='ltr'><strong>celestis.</strong></span> 
     </span>
    </p>
   </div>
   <div class='ocr_carea' id='block_1_78' title="bbox 402 5780 1906 5847">
    <p class='ocr_par' dir='ltr' id='par_1_78' title="bbox 402 5780 1906 5847">
     <span class='ocr_line' id='line_1_80' title="bbox 402 5780 1906 5847; baseline -0.009 -1"><span class='ocrx_word' id='word_1_627' title='bbox 402 5780 630 5847; x_wconf 71' lang='lat' dir='ltr'><strong>CAPUT</strong></span> <span class='ocrx_word' id='word_1_628' title='bbox 660 5788 794 5846; x_wconf 79' lang='lat' dir='ltr'><strong>Vill.</strong></span> <span class='ocrx_word' id='word_1_629' title='bbox 825 5788 901 5844; x_wconf 87' lang='lat' dir='ltr'><strong>De</strong></span> <span class='ocrx_word' id='word_1_630' title='bbox 938 5788 1178 5843; x_wconf 71' lang='lat' dir='ltr'><strong>virtutum</strong></span> <span class='ocrx_word' id='word_1_631' title='bbox 1216 5798 1440 5839; x_wconf 85' lang='lat' dir='ltr'><strong>munere.</strong></span> <span class='ocrx_word' id='word_1_632' title='bbox 1472 5781 1570 5835; x_wconf 91' lang='lat' dir='ltr'><strong>Dei</strong></span> <span class='ocrx_word' id='word_1_633' title='bbox 1599 5780 1906 5835; x_wconf 80' lang='lat' dir='ltr'><strong>ordinationi</strong></span> 
     </span>
    </p>
   </div>
   <div class='ocr_carea' id='block_1_79' title="bbox 1476 288 2409 352">
    <p class='ocr_par' dir='ltr' id='par_1_79' title="bbox 1476 288 2409 352">
     <span class='ocr_line' id='line_1_81' title="bbox 1476 288 2409 352; baseline 0 -3"><span class='ocrx_word' id='word_1_634' title='bbox 1476 290 1683 350; x_wconf 78' lang='lat' dir='ltr'><strong>LIBER</strong></span> <span class='ocrx_word' id='word_1_635' title='bbox 1719 289 1808 349; x_wconf 87' lang='lat' dir='ltr'><strong>DE</strong></span> <span class='ocrx_word' id='word_1_636' title='bbox 1847 288 2212 351; x_wconf 81' lang='lat' dir='ltr'><strong>DILIGENDO</strong></span> <span class='ocrx_word' id='word_1_637' title='bbox 2250 294 2409 352; x_wconf 75' lang='grc' dir='ltr'><strong>ΠΕΟ.</strong></span> 
     </span>
    </p>
   </div>
   <div class='ocr_carea' id='block_1_80' title="bbox 3481 300 3585 359">
    <p class='ocr_par' dir='ltr' id='par_1_80' title="bbox 3481 300 3585 359">
     <span class='ocr_line' id='line_1_82' title="bbox 3481 300 3585 359; baseline 0 0"><span class='ocrx_word' id='word_1_638' title='bbox 3481 300 3585 359; x_wconf 71' lang='grc'><strong>854</strong></span> 
     </span>
    </p>
   </div>
   <div class='ocr_carea' id='block_1_81' title="bbox 2000 412 3580 489">
    <p class='ocr_par' dir='ltr' id='par_1_81' title="bbox 2000 412 3580 489">
     <span class='ocr_line' id='line_1_83' title="bbox 2000 412 3580 489; baseline 0.005 -22"><span class='ocrx_word' id='word_1_639' title='bbox 2000 412 2052 489; x_wconf 67' lang='lat' dir='ltr'><strong>in</strong></span> <span class='ocrx_word' id='word_1_640' title='bbox 2076 414 2302 489; x_wconf 80' lang='lat' dir='ltr'><strong>omnibus</strong></span> <span class='ocrx_word' id='word_1_641' title='bbox 2321 414 2651 489; x_wconf 63' lang='lat' dir='ltr'><strong>acquiescere.</strong></span> <span class='ocrx_word' id='word_1_642' title='bbox 2680 415 2792 472; x_wconf 82' lang='lat' dir='ltr'><strong>Hoc</strong></span> <span class='ocrx_word' id='word_1_643' title='bbox 2815 417 2975 489; x_wconf 85' lang='lat' dir='ltr'><strong>etiam</strong></span> <span class='ocrx_word' id='word_1_644' title='bbox 3003 418 3071 474; x_wconf 87' lang='lat' dir='ltr'><strong>ad</strong></span> <span class='ocrx_word' id='word_1_645' title='bbox 3094 418 3435 477; x_wconf 80' lang='lat' dir='ltr'><strong>dilectionem</strong></span> <span class='ocrx_word' id='word_1_646' title='bbox 3459 435 3580 489; x_wconf 65' lang='lat' dir='ltr'><strong>per.</strong></span> 
     </span>
    </p>
   </div>
   <div class='ocr_carea' id='block_1_82' title="bbox 2000 485 3580 568">
    <p class='ocr_par' dir='ltr' id='par_1_82' title="bbox 2000 485 3580 568">
     <span class='ocr_line' id='line_1_84' title="bbox 2000 485 3580 568; baseline 0.003 -28"><span class='ocrx_word' id='word_1_647' title='bbox 2000 485 2172 568; x_wconf 76' lang='lat' dir='ltr'><strong>tinerc</strong></span> <span class='ocrx_word' id='word_1_648' title='bbox 2193 488 2350 568; x_wconf 81' lang='lat' dir='ltr'><strong>scias,</strong></span> <span class='ocrx_word' id='word_1_649' title='bbox 2377 485 2704 568; x_wconf 72' lang='lat' dir='ltr'><strong>quodnabes</strong></span> <span class='ocrx_word' id='word_1_650' title='bbox 2732 488 2875 568; x_wconf 75' lang='lat' dir='ltr'><strong>unde</strong></span> <span class='ocrx_word' id='word_1_651' title='bbox 2896 498 2951 568; x_wconf 72' lang='lat' dir='ltr'><strong>ie</strong></span> <span class='ocrx_word' id='word_1_652' title='bbox 2976 504 3170 568; x_wconf 65' lang='lat' dir='ltr'><strong>ornare</strong></span> <span class='ocrx_word' id='word_1_653' title='bbox 3198 493 3373 568; x_wconf 76' lang='lat' dir='ltr'><strong>possis</strong></span> <span class='ocrx_word' id='word_1_654' title='bbox 3399 509 3411 544; x_wconf 90' lang='lat'><strong>:</strong></span> <span class='ocrx_word' id='word_1_655' title='bbox 3434 485 3580 568; x_wconf 71' lang='lat' dir='ltr'><strong>quod</strong></span> 
     </span>
    </p>
   </div>
   <div class='ocr_carea' id='block_1_83' title="bbox 1998 558 3582 638">
    <p class='ocr_par' dir='ltr' id='par_1_83' title="bbox 1998 558 3582 638">
     <span class='ocr_line' id='line_1_85' title="bbox 1998 558 3582 638; baseline 0.006 -30"><span class='ocrx_word' id='word_1_656' title='bbox 1998 558 2179 638; x_wconf 69' lang='lat' dir='ltr'><strong>utique</strong></span> <span class='ocrx_word' id='word_1_657' title='bbox 2203 574 2267 613; x_wconf 80' lang='lat' dir='ltr'><strong>ex</strong></span> <span class='ocrx_word' id='word_1_658' title='bbox 2297 567 2349 613; x_wconf 88' lang='lat' dir='ltr'><strong>te</strong></span> <span class='ocrx_word' id='word_1_659' title='bbox 2379 573 2490 638; x_wconf 74' lang='lat' dir='ltr'><strong>non</strong></span> <span class='ocrx_word' id='word_1_660' title='bbox 2514 558 2775 638; x_wconf 80' lang='lat' dir='ltr'><strong>haberes,</strong></span> <span class='ocrx_word' id='word_1_661' title='bbox 2810 560 2912 638; x_wconf 78' lang='lat' dir='ltr'><strong>nisi</strong></span> <span class='ocrx_word' id='word_1_662' title='bbox 2951 559 3019 615; x_wconf 90' lang='lat' dir='ltr'><strong>ab</strong></span> <span class='ocrx_word' id='word_1_663' title='bbox 3054 560 3146 638; x_wconf 77' lang='lat' dir='ltr'><strong>illo</strong></span> <span class='ocrx_word' id='word_1_664' title='bbox 3180 558 3468 630; x_wconf 62' lang='lat' dir='ltr'><strong>reciperes:</strong></span> <span class='ocrx_word' id='word_1_665' title='bbox 3498 564 3582 619; x_wconf 78' lang='lat' dir='ltr'><strong>Ab</strong></span> 
     </span>
    </p>
   </div>
   <div class='ocr_carea' id='block_1_84' title="bbox 1996 628 3579 702">
    <p class='ocr_par' dir='ltr' id='par_1_84' title="bbox 1996 628 3579 702">
     <span class='ocr_line' id='line_1_86' title="bbox 1996 628 3579 702; baseline 0.008 -24"><span class='ocrx_word' id='word_1_666' title='bbox 1996 628 2088 702; x_wconf 81' lang='lat' dir='ltr'><strong>illo</strong></span> <span class='ocrx_word' id='word_1_667' title='bbox 2114 638 2289 702; x_wconf 81' lang='lat' dir='ltr'><strong>autem</strong></span> <span class='ocrx_word' id='word_1_668' title='bbox 2309 630 2587 702; x_wconf 78' lang='lat' dir='ltr'><strong>accepisti,</strong></span> <span class='ocrx_word' id='word_1_669' title='bbox 2619 639 2675 685; x_wconf 92' lang='lat' dir='ltr'><strong>ut</strong></span> <span class='ocrx_word' id='word_1_670' title='bbox 2702 632 3019 686; x_wconf 80' lang='lat' dir='ltr'><strong>vestimenta</strong></span> <span class='ocrx_word' id='word_1_671' title='bbox 3058 628 3321 687; x_wconf 79' lang='lat' dir='ltr'><strong>bonorum</strong></span> <span class='ocrx_word' id='word_1_672' title='bbox 3355 649 3579 702; x_wconf 86' lang='lat' dir='ltr'><strong>operum</strong></span> 
     </span>
    </p>
   </div>
   <div class='ocr_carea' id='block_1_85' title="bbox 1995 697 3581 779">
    <p class='ocr_par' dir='ltr' id='par_1_85' title="bbox 1995 697 3581 779">
     <span class='ocr_line' id='line_1_87' title="bbox 1995 697 3581 779; baseline 0.006 -28"><span class='ocrx_word' id='word_1_673' title='bbox 1995 697 2178 779; x_wconf 81' lang='lat' dir='ltr'><strong>indui,</strong></span> <span class='ocrx_word' id='word_1_674' title='bbox 2207 709 2260 754; x_wconf 88' lang='lat' dir='ltr'><strong>et</strong></span> <span class='ocrx_word' id='word_1_675' title='bbox 2300 697 2475 754; x_wconf 89' lang='lat' dir='ltr'><strong>fructu</strong></span> <span class='ocrx_word' id='word_1_676' title='bbox 2504 702 2967 779; x_wconf 62' lang='lat' dir='ltr'><strong>eieemosynarum</strong></span> <span class='ocrx_word' id='word_1_677' title='bbox 2994 717 3116 758; x_wconf 89' lang='lat' dir='ltr'><strong>cum</strong></span> <span class='ocrx_word' id='word_1_678' title='bbox 3140 702 3356 779; x_wconf 74' lang='lat' dir='ltr'><strong>jejuniis</strong></span> <span class='ocrx_word' id='word_1_679' title='bbox 3460 720 3581 760; x_wconf 82' lang='lat' dir='ltr'><strong>ora-</strong></span> 
     </span>
    </p>
   </div>
   <div class='ocr_carea' id='block_1_86' title="bbox 1996 771 3576 851">
    <p class='ocr_par' dir='ltr' id='par_1_86' title="bbox 1996 771 3576 851">
     <span class='ocr_line' id='line_1_88' title="bbox 1996 771 3576 851; baseline 0.004 -30"><span class='ocrx_word' id='word_1_680' title='bbox 1996 771 2248 851; x_wconf 81' lang='lat' dir='ltr'><strong>tionibus,</strong></span> <span class='ocrx_word' id='word_1_681' title='bbox 2272 786 2393 851; x_wconf 78' lang='lat' dir='ltr'><strong>cum</strong></span> <span class='ocrx_word' id='word_1_682' title='bbox 2416 773 2583 851; x_wconf 74' lang='lat' dir='ltr'><strong>sacris</strong></span> <span class='ocrx_word' id='word_1_683' title='bbox 2612 771 2805 842; x_wconf 82' lang='lat' dir='ltr'><strong>vigiliis</strong></span> <span class='ocrx_word' id='word_1_684' title='bbox 2824 774 3050 851; x_wconf 81' lang='lat' dir='ltr'><strong>aliisque</strong></span> <span class='ocrx_word' id='word_1_685' title='bbox 3069 774 3326 851; x_wconf 72' lang='lat' dir='ltr'><strong>operibus</strong></span> <span class='ocrx_word' id='word_1_686' title='bbox 3344 775 3576 851; x_wconf 75' lang='lat' dir='ltr'><strong>pietatis,</strong></span> 
     </span>
    </p>
   </div>
   <div class='ocr_carea' id='block_1_87' title="bbox 1992 841 3575 914">
    <p class='ocr_par' dir='ltr' id='par_1_87' title="bbox 1992 841 3575 914">
     <span class='ocr_line' id='line_1_89' title="bbox 1992 841 3575 914; baseline 0.004 -22"><span class='ocrx_word' id='word_1_687' title='bbox 1992 841 2394 914; x_wconf 83' lang='lat' dir='ltr'><strong>quasiquodam</strong></span> <span class='ocrx_word' id='word_1_688' title='bbox 2418 844 2564 897; x_wconf 87' lang='lat' dir='ltr'><strong>vario</strong></span> <span class='ocrx_word' id='word_1_689' title='bbox 2584 841 2774 898; x_wconf 89' lang='lat' dir='ltr'><strong>ornatu</strong></span> <span class='ocrx_word' id='word_1_690' title='bbox 2796 841 3167 914; x_wconf 86' lang='lat' dir='ltr'><strong>possisornari</strong></span> <span class='ocrx_word' id='word_1_691' title='bbox 3193 844 3272 897; x_wconf 86' lang='lat' dir='ltr'><strong>vel</strong></span> <span class='ocrx_word' id='word_1_692' title='bbox 3298 844 3539 898; x_wconf 88' lang='lat' dir='ltr'><strong>decorari</strong></span> <span class='ocrx_word' id='word_1_693' title='bbox 3562 864 3575 899; x_wconf 88' lang='lat'><strong>:</strong></span> 
     </span>
    </p>
   </div>
   <div class='ocr_carea' id='block_1_88' title="bbox 1992 912 3572 984">
    <p class='ocr_par' dir='ltr' id='par_1_88' title="bbox 1992 912 3572 984">
     <span class='ocr_line' id='line_1_90' title="bbox 1992 912 3572 984; baseline 0.003 -20"><span class='ocrx_word' id='word_1_694' title='bbox 1992 921 2046 964; x_wconf 92' lang='lat' dir='ltr'><strong>et</strong></span> <span class='ocrx_word' id='word_1_695' title='bbox 2071 912 2323 980; x_wconf 88' lang='lat' dir='ltr'><strong>quidquid</strong></span> <span class='ocrx_word' id='word_1_696' title='bbox 2361 914 2426 967; x_wconf 83' lang='lat' dir='ltr'><strong>ad</strong></span> <span class='ocrx_word' id='word_1_697' title='bbox 2467 912 3062 984; x_wconf 27' lang='lat' dir='ltr'><strong>sanitatem,‘quidquid</strong></span> <span class='ocrx_word' id='word_1_698' title='bbox 3090 915 3154 967; x_wconf 90' lang='lat' dir='ltr'><strong>ad</strong></span> <span class='ocrx_word' id='word_1_699' title='bbox 3189 915 3534 969; x_wconf 80' lang='lat' dir='ltr'><strong>refectionem</strong></span> <span class='ocrx_word' id='word_1_700' title='bbox 3556 958 3572 981; x_wconf 91' lang='lat'><strong>,</strong></span> 
     </span>
    </p>
   </div>
   <div class='ocr_carea' id='block_1_89' title="bbox 1992 984 3568 1056">
    <p class='ocr_par' dir='ltr' id='par_1_89' title="bbox 1992 984 3568 1056">
     <span class='ocr_line' id='line_1_91' title="bbox 1992 984 3568 1056; baseline 0.004 -23"><span class='ocrx_word' id='word_1_701' title='bbox 1992 984 2244 1050; x_wconf 90' lang='lat' dir='ltr'><strong>quidquid</strong></span> <span class='ocrx_word' id='word_1_702' title='bbox 2278 984 2343 1056; x_wconf 82' lang='lat' dir='ltr'><strong>ad</strong></span> <span class='ocrx_word' id='word_1_703' title='bbox 2367 985 2598 1054; x_wconf 87' lang='lat' dir='ltr'><strong>speciem</strong></span> <span class='ocrx_word' id='word_1_704' title='bbox 2630 987 2976 1053; x_wconf 84' lang='lat' dir='ltr'><strong>reparandam</strong></span> <span class='ocrx_word' id='word_1_705' title='bbox 3001 1027 3016 1051; x_wconf 94' lang='lat'><strong>,</strong></span> <span class='ocrx_word' id='word_1_706' title='bbox 3046 985 3300 1056; x_wconf 89' lang='lat' dir='ltr'><strong>quidquid</strong></span> <span class='ocrx_word' id='word_1_707' title='bbox 3326 984 3389 1038; x_wconf 76' lang='lat' dir='ltr'><strong>ad</strong></span> <span class='ocrx_word' id='word_1_708' title='bbox 3415 986 3568 1040; x_wconf 59' lang='lat' dir='ltr'><strong>deem</strong></span> 
     </span>
    </p>
   </div>
   <div class='ocr_carea' id='block_1_90' title="bbox 1991 1055 3571 1126">
    <p class='ocr_par' dir='ltr' id='par_1_90' title="bbox 1991 1055 3571 1126">
     <span class='ocr_line' id='line_1_92' title="bbox 1991 1055 3571 1126; baseline 0.004 -22"><span class='ocrx_word' id='word_1_709' title='bbox 1991 1068 2104 1126; x_wconf 78' lang='lat' dir='ltr'><strong>rem</strong></span> <span class='ocrx_word' id='word_1_710' title='bbox 2144 1055 2443 1121; x_wconf 77' lang='lat' dir='ltr'><strong>augendum</strong></span> <span class='ocrx_word' id='word_1_711' title='bbox 2489 1058 2663 1110; x_wconf 83' lang='lat' dir='ltr'><strong>valere</strong></span> <span class='ocrx_word' id='word_1_712' title='bbox 2706 1055 3317 1126; x_wconf 33' lang='lat' dir='ltr'><strong>dignoscitur,&#39;c0piosc</strong></span> <span class='ocrx_word' id='word_1_713' title='bbox 3364 1056 3571 1110; x_wconf 81' lang='lat' dir='ltr'><strong>tribuit.</strong></span> 
     </span>
    </p>
   </div>
   <div class='ocr_carea' id='block_1_91' title="bbox 1996 1123 3576 1196">
    <p class='ocr_par' dir='ltr' id='par_1_91' title="bbox 1996 1123 3576 1196">
     <span class='ocr_line' id='line_1_93' title="bbox 1996 1123 3576 1196; baseline 0.004 -21"><span class='ocrx_word' id='word_1_714' title='bbox 1996 1123 2125 1179; x_wconf 80' lang='lat' dir='ltr'><strong>Vide</strong></span> <span class='ocrx_word' id='word_1_715' title='bbox 2154 1142 2310 1193; x_wconf 83' lang='lat' dir='ltr'><strong>quant</strong></span> <span class='ocrx_word' id='word_1_716' title='bbox 2337 1128 2549 1192; x_wconf 82' lang='lat' dir='ltr'><strong>copiosa</strong></span> <span class='ocrx_word' id='word_1_717' title='bbox 2573 1123 2970 1195; x_wconf 78' lang='lat' dir='ltr'><strong>dispensatione</strong></span> <span class='ocrx_word' id='word_1_718' title='bbox 2998 1128 3090 1182; x_wconf 84' lang='lat' dir='ltr'><strong>tibi</strong></span> <span class='ocrx_word' id='word_1_719' title='bbox 3121 1123 3313 1196; x_wconf 79' lang='lat' dir='ltr'><strong>ubique</strong></span> <span class='ocrx_word' id='word_1_720' title='bbox 3339 1128 3576 1181; x_wconf 75' lang='lat' dir='ltr'><strong>oceurt&#39;i-</strong></span> 
     </span>
    </p>
   </div>
   <div class='ocr_carea' id='block_1_92' title="bbox 1993 1196 3573 1265">
    <p class='ocr_par' dir='ltr' id='par_1_92' title="bbox 1993 1196 3573 1265">
     <span class='ocr_line' id='line_1_94' title="bbox 1993 1196 3573 1265; baseline 0.004 -19"><span class='ocrx_word' id='word_1_721' title='bbox 1993 1202 2097 1249; x_wconf 90' lang='lat' dir='ltr'><strong>tur.</strong></span> <span class='ocrx_word' id='word_1_722' title='bbox 2154 1196 2265 1250; x_wconf 88' lang='lat' dir='ltr'><strong>Non</strong></span> <span class='ocrx_word' id='word_1_723' title='bbox 2310 1197 2540 1251; x_wconf 65' lang='lat' dir='ltr'><strong>habuisti</strong></span> <span class='ocrx_word' id='word_1_724' title='bbox 2564 1239 2580 1263; x_wconf 94' lang='lat'><strong>,</strong></span> <span class='ocrx_word' id='word_1_725' title='bbox 2611 1210 2663 1251; x_wconf 87' lang='lat' dir='ltr'><strong>ct</strong></span> <span class='ocrx_word' id='word_1_726' title='bbox 2690 1198 2870 1253; x_wconf 81' lang='lat' dir='ltr'><strong>datum</strong></span> <span class='ocrx_word' id='word_1_727' title='bbox 2895 1209 2977 1253; x_wconf 82' lang='lat' dir='ltr'><strong>est</strong></span> <span class='ocrx_word' id='word_1_728' title='bbox 3007 1199 3130 1261; x_wconf 88' lang='lat' dir='ltr'><strong>tibi;</strong></span> <span class='ocrx_word' id='word_1_729' title='bbox 3175 1197 3485 1265; x_wconf 85' lang='lat' dir='ltr'><strong>perdidisti,</strong></span> <span class='ocrx_word' id='word_1_730' title='bbox 3517 1214 3573 1253; x_wconf 87' lang='lat' dir='ltr'><strong>ct</strong></span> 
     </span>
    </p>
   </div>
   <div class='ocr_carea' id='block_1_93' title="bbox 1989 1269 3571 1337">
    <p class='ocr_par' dir='ltr' id='par_1_93' title="bbox 1989 1269 3571 1337">
     <span class='ocr_line' id='line_1_95' title="bbox 1989 1269 3571 1337; baseline 0.004 -19"><span class='ocrx_word' id='word_1_731' title='bbox 1989 1276 2341 1320; x_wconf 80' lang='lat' dir='ltr'><strong>restauratum</strong></span> <span class='ocrx_word' id='word_1_732' title='bbox 2361 1278 2441 1322; x_wconf 87' lang='lat' dir='ltr'><strong>est</strong></span> <span class='ocrx_word' id='word_1_733' title='bbox 2470 1271 2560 1322; x_wconf 93' lang='lat' dir='ltr'><strong>tibi</strong></span> <span class='ocrx_word' id='word_1_734' title='bbox 2590 1290 2600 1323; x_wconf 93' lang='lat'>:</span> <span class='ocrx_word' id='word_1_735' title='bbox 2628 1285 2896 1336; x_wconf 82' lang='lat' dir='ltr'><strong>nunquam</strong></span> <span class='ocrx_word' id='word_1_736' title='bbox 2928 1270 3337 1337; x_wconf 66' lang='lat' dir='ltr'><strong>«lt-relinqueris,</strong></span> <span class='ocrx_word' id='word_1_737' title='bbox 3359 1279 3413 1321; x_wconf 90' lang='lat' dir='ltr'><strong>ut</strong></span> <span class='ocrx_word' id='word_1_738' title='bbox 3434 1269 3571 1324; x_wconf 84' lang='lat' dir='ltr'><strong>scias</strong></span> 
     </span>
    </p>
   </div>
   <div class='ocr_carea' id='block_1_94' title="bbox 1989 1339 3568 1409">
    <p class='ocr_par' dir='ltr' id='par_1_94' title="bbox 1989 1339 3568 1409">
     <span class='ocr_line' id='line_1_96' title="bbox 1989 1339 3568 1409; baseline 0.003 -21"><span class='ocrx_word' id='word_1_739' title='bbox 1989 1346 2244 1409; x_wconf 83' lang='lat' dir='ltr'><strong>quantum</strong></span> <span class='ocrx_word' id='word_1_740' title='bbox 2271 1339 2355 1391; x_wconf 91' lang='lat' dir='ltr'><strong>ille</strong></span> <span class='ocrx_word' id='word_1_741' title='bbox 2381 1350 2430 1393; x_wconf 91' lang='lat' dir='ltr'><strong>te</strong></span> <span class='ocrx_word' id='word_1_742' title='bbox 2450 1340 2678 1406; x_wconf 72' lang='lat' dir='ltr'><strong>diligata</strong></span> <span class='ocrx_word' id='word_1_743' title='bbox 2695 1357 2800 1409; x_wconf 89' lang='lat' dir='ltr'><strong>quo</strong></span> <span class='ocrx_word' id='word_1_744' title='bbox 2816 1341 3033 1394; x_wconf 86' lang='lat' dir='ltr'><strong>amaris.</strong></span> <span class='ocrx_word' id='word_1_745' title='bbox 3048 1340 3162 1393; x_wconf 90' lang='lat' dir='ltr'><strong>Non</strong></span> <span class='ocrx_word' id='word_1_746' title='bbox 3182 1341 3289 1393; x_wconf 88' lang='lat' dir='ltr'><strong>vult</strong></span> <span class='ocrx_word' id='word_1_747' title='bbox 3315 1339 3568 1407; x_wconf 86' lang='lat' dir='ltr'><strong>perdere;</strong></span> 
     </span>
    </p>
   </div>
   <div class='ocr_carea' id='block_1_95' title="bbox 1988 1408 3572 1489">
    <p class='ocr_par' dir='ltr' id='par_1_95' title="bbox 1988 1408 3572 1489">
     <span class='ocr_line' id='line_1_97' title="bbox 1988 1408 3572 1489; baseline 0.004 -30"><span class='ocrx_word' id='word_1_748' title='bbox 1988 1408 2199 1489; x_wconf 68' lang='lat' dir='ltr'><strong>ctideo</strong></span> <span class='ocrx_word' id='word_1_749' title='bbox 2240 1418 2381 1489; x_wconf 76' lang='lat' dir='ltr'><strong>tanta</strong></span> <span class='ocrx_word' id='word_1_750' title='bbox 2424 1412 2672 1489; x_wconf 75' lang='lat' dir='ltr'><strong>patientia</strong></span> <span class='ocrx_word' id='word_1_751' title='bbox 2707 1408 3059 1489; x_wconf 73' lang='lat' dir='ltr'><strong>teexspectat</strong></span> <span class='ocrx_word' id='word_1_752' title='bbox 3092 1427 3104 1462; x_wconf 87' lang='lat'>:</span> <span class='ocrx_word' id='word_1_753' title='bbox 3132 1421 3189 1489; x_wconf 81' lang='lat' dir='ltr'><strong>et</strong></span> <span class='ocrx_word' id='word_1_754' title='bbox 3211 1411 3456 1489; x_wconf 79' lang='lat' dir='ltr'><strong>concedit</strong></span> <span class='ocrx_word' id='word_1_755' title='bbox 3486 1413 3572 1478; x_wconf 83' lang='lat' dir='ltr'><strong>pie</strong></span> 
     </span>
    </p>
   </div>
   <div class='ocr_carea' id='block_1_96' title="bbox 1991 1481 3571 1550">
    <p class='ocr_par' dir='ltr' id='par_1_96' title="bbox 1991 1481 3571 1550">
     <span class='ocr_line' id='line_1_98' title="bbox 1991 1481 3571 1550; baseline 0.003 -21"><span class='ocrx_word' id='word_1_756' title='bbox 1991 1481 2147 1550; x_wconf 78' lang='lat' dir='ltr'><strong>toties</strong></span> <span class='ocrx_word' id='word_1_757' title='bbox 2175 1481 2508 1547; x_wconf 80' lang='lat' dir='ltr'><strong>negligenter</strong></span> <span class='ocrx_word' id='word_1_758' title='bbox 2533 1484 2727 1535; x_wconf 87' lang='lat' dir='ltr'><strong>amissa</strong></span> <span class='ocrx_word' id='word_1_759' title='bbox 2770 1483 2960 1536; x_wconf 90' lang='lat' dir='ltr'><strong>iterum</strong></span> <span class='ocrx_word' id='word_1_760' title='bbox 2991 1490 3149 1550; x_wconf 83' lang='lat' dir='ltr'><strong>atque</strong></span> <span class='ocrx_word' id='word_1_761' title='bbox 3178 1481 3366 1534; x_wconf 86' lang='lat' dir='ltr'><strong>iterum</strong></span> <span class='ocrx_word' id='word_1_762' title='bbox 3398 1481 3442 1534; x_wconf 93' lang='lat' dir='ltr'><strong>si</strong></span> <span class='ocrx_word' id='word_1_763' title='bbox 3473 1497 3571 1534; x_wconf 84' lang='lat' dir='ltr'><strong>vo-</strong></span> 
     </span>
    </p>
   </div>
   <div class='ocr_carea' id='block_1_97' title="bbox 1988 1546 3568 1622">
    <p class='ocr_par' dir='ltr' id='par_1_97' title="bbox 1988 1546 3568 1622">
     <span class='ocr_line' id='line_1_99' title="bbox 1988 1546 3568 1622; baseline 0.003 -22"><span class='ocrx_word' id='word_1_764' title='bbox 1988 1546 2154 1602; x_wconf 90' lang='lat' dir='ltr'><strong>lucris</strong></span> <span class='ocrx_word' id='word_1_765' title='bbox 2173 1546 2441 1618; x_wconf 81' lang='lat' dir='ltr'><strong>reparare.</strong></span> <span class='ocrx_word' id='word_1_766' title='bbox 2469 1554 2513 1607; x_wconf 85' lang='grc'>0</span> <span class='ocrx_word' id='word_1_767' title='bbox 2538 1564 2665 1622; x_wconf 90' lang='lat' dir='ltr'><strong>quot</strong></span> <span class='ocrx_word' id='word_1_768' title='bbox 2689 1554 2797 1619; x_wconf 85' lang='lat' dir='ltr'><strong>jam</strong></span> <span class='ocrx_word' id='word_1_769' title='bbox 2829 1546 3119 1621; x_wconf 80' lang='lat' dir='ltr'><strong>perierunt,</strong></span> <span class='ocrx_word' id='word_1_770' title='bbox 3146 1552 3236 1621; x_wconf 86' lang='lat' dir='ltr'><strong>qui</strong></span> <span class='ocrx_word' id='word_1_771' title='bbox 3269 1553 3364 1605; x_wconf 82' lang='lat' dir='ltr'><strong>ista</strong></span> <span class='ocrx_word' id='word_1_772' title='bbox 3394 1560 3568 1607; x_wconf 90' lang='lat' dir='ltr'><strong>tecum</strong></span> 
     </span>
    </p>
   </div>
   <div class='ocr_carea' id='block_1_98' title="bbox 1987 1624 3569 1690">
    <p class='ocr_par' dir='ltr' id='par_1_98' title="bbox 1987 1624 3569 1690">
     <span class='ocr_line' id='line_1_100' title="bbox 1987 1624 3569 1690; baseline 0.003 -18"><span class='ocrx_word' id='word_1_773' title='bbox 1987 1633 2304 1689; x_wconf 79' lang='lat' dir='ltr'><strong>recepertutt</strong></span> <span class='ocrx_word' id='word_1_774' title='bbox 2328 1664 2342 1686; x_wconf 93' lang='lat'><strong>,</strong></span> <span class='ocrx_word' id='word_1_775' title='bbox 2374 1624 2468 1677; x_wconf 82' lang='lat' dir='ltr'><strong>sed</strong></span> <span class='ocrx_word' id='word_1_776' title='bbox 2510 1625 2703 1677; x_wconf 50' lang='lat' dir='ltr'><strong>amissa</strong></span> <span class='ocrx_word' id='word_1_777' title='bbox 2752 1626 2942 1678; x_wconf 87' lang='lat' dir='ltr'><strong>iterum</strong></span> <span class='ocrx_word' id='word_1_778' title='bbox 2974 1635 3148 1676; x_wconf 79' lang='lat' dir='ltr'><strong>terum</strong></span> <span class='ocrx_word' id='word_1_779' title='bbox 3177 1624 3421 1690; x_wconf 82' lang='lat' dir='ltr'><strong>aocipere</strong></span> <span class='ocrx_word' id='word_1_780' title='bbox 3460 1638 3569 1677; x_wconf 89' lang='lat' dir='ltr'><strong>non</strong></span> 
     </span>
    </p>
   </div>
   <div class='ocr_carea' id='block_1_99' title="bbox 1988 1693 3571 1760">
    <p class='ocr_par' dir='ltr' id='par_1_99' title="bbox 1988 1693 3571 1760">
     <span class='ocr_line' id='line_1_101' title="bbox 1988 1693 3571 1760; baseline 0.003 -18"><span class='ocrx_word' id='word_1_781' title='bbox 1988 1696 2329 1747; x_wconf 84' lang='lat' dir='ltr'><strong>meruerunt!</strong></span> <span class='ocrx_word' id='word_1_782' title='bbox 2365 1694 2491 1749; x_wconf 83' lang='lat' dir='ltr'><strong>Plus</strong></span> <span class='ocrx_word' id='word_1_783' title='bbox 2528 1696 2778 1749; x_wconf 87' lang='lat' dir='ltr'><strong>omnibus</strong></span> <span class='ocrx_word' id='word_1_784' title='bbox 2822 1694 2924 1747; x_wconf 88' lang='lat' dir='ltr'><strong>illis</strong></span> <span class='ocrx_word' id='word_1_785' title='bbox 2965 1694 3160 1748; x_wconf 89' lang='lat' dir='ltr'><strong>dilecta</strong></span> <span class='ocrx_word' id='word_1_786' title='bbox 3191 1708 3284 1758; x_wconf 91' lang='lat' dir='ltr'><strong>es,</strong></span> <span class='ocrx_word' id='word_1_787' title='bbox 3320 1694 3441 1760; x_wconf 86' lang='lat' dir='ltr'><strong>quia</strong></span> <span class='ocrx_word' id='word_1_788' title='bbox 3474 1693 3571 1747; x_wconf 85' lang='lat' dir='ltr'><strong>tibi</strong></span> 
     </span>
    </p>
   </div>
   <div class='ocr_carea' id='block_1_100' title="bbox 1988 1763 3569 1831">
    <p class='ocr_par' dir='ltr' id='par_1_100' title="bbox 1988 1763 3569 1831">
     <span class='ocr_line' id='line_1_102' title="bbox 1988 1763 3569 1831; baseline 0.003 -18"><span class='ocrx_word' id='word_1_789' title='bbox 1988 1769 2095 1813; x_wconf 90' lang='lat' dir='ltr'><strong>tam</strong></span> <span class='ocrx_word' id='word_1_790' title='bbox 2140 1764 2366 1829; x_wconf 84' lang='lat' dir='ltr'><strong>benigne</strong></span> <span class='ocrx_word' id='word_1_791' title='bbox 2406 1766 2659 1820; x_wconf 86' lang='lat' dir='ltr'><strong>amissum</strong></span> <span class='ocrx_word' id='word_1_792' title='bbox 2702 1766 2962 1822; x_wconf 86' lang='lat' dir='ltr'><strong>redditur.</strong></span> <span class='ocrx_word' id='word_1_793' title='bbox 2990 1764 3131 1831; x_wconf 87' lang='lat' dir='ltr'><strong>quod</strong></span> <span class='ocrx_word' id='word_1_794' title='bbox 3174 1764 3276 1818; x_wconf 89' lang='lat' dir='ltr'><strong>illis</strong></span> <span class='ocrx_word' id='word_1_795' title='bbox 3305 1763 3569 1831; x_wconf 90' lang='lat' dir='ltr'><strong>perditum</strong></span> 
     </span>
    </p>
   </div>
   <div class='ocr_carea' id='block_1_101' title="bbox 1987 1833 3571 1906">
    <p class='ocr_par' dir='ltr' id='par_1_101' title="bbox 1987 1833 3571 1906">
     <span class='ocr_line' id='line_1_103' title="bbox 1987 1833 3571 1906; baseline 0.003 -22"><span class='ocrx_word' id='word_1_796' title='bbox 1987 1833 2365 1906; x_wconf 74' lang='lat' dir='ltr'><strong>tamdistriete</strong></span> <span class='ocrx_word' id='word_1_797' title='bbox 2392 1848 2632 1904; x_wconf 84' lang='lat' dir='ltr'><strong>negatur.</strong></span> <span class='ocrx_word' id='word_1_798' title='bbox 2657 1837 2932 1906; x_wconf 88' lang='lat' dir='ltr'><strong>Nunquam</strong></span> <span class='ocrx_word' id='word_1_799' title='bbox 2961 1835 3052 1888; x_wconf 90' lang='lat' dir='ltr'><strong>tibi</strong></span> <span class='ocrx_word' id='word_1_800' title='bbox 3078 1835 3247 1905; x_wconf 86' lang='lat' dir='ltr'><strong>gratia</strong></span> <span class='ocrx_word' id='word_1_801' title='bbox 3278 1834 3571 1906; x_wconf 89' lang='lat' dir='ltr'><strong>bene_ope-</strong></span> 
     </span>
    </p>
   </div>
   <div class='ocr_carea' id='block_1_102' title="bbox 1986 1904 3564 1984">
    <p class='ocr_par' dir='ltr' id='par_1_102' title="bbox 1986 1904 3564 1984">
     <span class='ocr_line' id='line_1_104' title="bbox 1986 1904 3564 1984; baseline 0.003 -29"><span class='ocrx_word' id='word_1_802' title='bbox 1986 1904 2138 1984; x_wconf 77' lang='lat' dir='ltr'><strong>raiidi</strong></span> <span class='ocrx_word' id='word_1_803' title='bbox 2156 1906 2564 1984; x_wconf 64' lang='lat' dir='ltr'><strong>ipsolargiente</strong></span> <span class='ocrx_word' id='word_1_804' title='bbox 2589 1918 2776 1984; x_wconf 81' lang='lat' dir='ltr'><strong>negata</strong></span> <span class='ocrx_word' id='word_1_805' title='bbox 2922 1906 2979 1961; x_wconf 90' lang='lat' dir='ltr'><strong>Si</strong></span> <span class='ocrx_word' id='word_1_806' title='bbox 3007 1904 3196 1984; x_wconf 72' lang='lat' dir='ltr'><strong>magna</strong></span> <span class='ocrx_word' id='word_1_807' title='bbox 3225 1920 3386 1974; x_wconf 89' lang='lat' dir='ltr'><strong>opera</strong></span> <span class='ocrx_word' id='word_1_808' title='bbox 3412 1904 3564 1972; x_wconf 86' lang='lat' dir='ltr'><strong>facis,</strong></span> 
     </span>
    </p>
   </div>
   <div class='ocr_carea' id='block_1_103' title="bbox 1987 1976 3568 2043">
    <p class='ocr_par' dir='ltr' id='par_1_103' title="bbox 1987 1976 3568 2043">
     <span class='ocr_line' id='line_1_105' title="bbox 1987 1976 3568 2043; baseline 0.003 -19"><span class='ocrx_word' id='word_1_809' title='bbox 1987 1976 2404 2031; x_wconf 80' lang='lat' dir='ltr'><strong>misericorditer</strong></span> <span class='ocrx_word' id='word_1_810' title='bbox 2433 1980 2736 2033; x_wconf 78' lang='lat' dir='ltr'><strong>Slllllitttaris</strong></span> <span class='ocrx_word' id='word_1_811' title='bbox 2761 1996 2773 2029; x_wconf 88' lang='lat'><strong>:</strong></span> <span class='ocrx_word' id='word_1_812' title='bbox 2796 1978 2840 2031; x_wconf 86' lang='lat' dir='ltr'><strong>si</strong></span> <span class='ocrx_word' id='word_1_813' title='bbox 2873 1993 2977 2031; x_wconf 91' lang='lat' dir='ltr'><strong>non</strong></span> <span class='ocrx_word' id='word_1_814' title='bbox 3006 1976 3137 2030; x_wconf 87' lang='lat' dir='ltr'><strong>facis</strong></span> <span class='ocrx_word' id='word_1_815' title='bbox 3166 1990 3352 2041; x_wconf 84' lang='lat' dir='ltr'><strong>magna</strong></span> <span class='ocrx_word' id='word_1_816' title='bbox 3381 1990 3568 2043; x_wconf 85' lang='lat' dir='ltr'><strong>opera,</strong></span> 
     </span>
    </p>
   </div>
   <div class='ocr_carea' id='block_1_104' title="bbox 1986 2044 3569 2114">
    <p class='ocr_par' dir='ltr' id='par_1_104' title="bbox 1986 2044 3569 2114">
     <span class='ocr_line' id='line_1_106' title="bbox 1986 2044 3569 2114; baseline 0.004 -19"><span class='ocrx_word' id='word_1_817' title='bbox 1986 2044 2272 2101; x_wconf 81' lang='lat' dir='ltr'><strong>salubriter</strong></span> <span class='ocrx_word' id='word_1_818' title='bbox 2293 2049 2586 2102; x_wconf 80' lang='lat' dir='ltr'><strong>humiliaris</strong></span> <span class='ocrx_word' id='word_1_819' title='bbox 2612 2051 2649 2101; x_wconf 75' lang='grc' dir='ltr'><strong>ί.</strong></span> <span class='ocrx_word' id='word_1_820' title='bbox 2679 2049 2864 2103; x_wconf 83' lang='lat' dir='ltr'><strong>Melius</strong></span> <span class='ocrx_word' id='word_1_821' title='bbox 2885 2049 3025 2102; x_wconf 87' lang='lat' dir='ltr'><strong>enim</strong></span> <span class='ocrx_word' id='word_1_822' title='bbox 3050 2046 3196 2100; x_wconf 88' lang='lat' dir='ltr'><strong>novit</strong></span> <span class='ocrx_word' id='word_1_823' title='bbox 3218 2046 3305 2102; x_wconf 88' lang='lat' dir='ltr'><strong>ille</strong></span> <span class='ocrx_word' id='word_1_824' title='bbox 3325 2045 3449 2114; x_wconf 88' lang='lat' dir='ltr'><strong>quid</strong></span> <span class='ocrx_word' id='word_1_825' title='bbox 3472 2045 3569 2101; x_wconf 82' lang='lat' dir='ltr'><strong>tibi</strong></span> 
     </span>
    </p>
   </div>
   <div class='ocr_carea' id='block_1_105' title="bbox 1985 2116 3571 2195">
    <p class='ocr_par' dir='ltr' id='par_1_105' title="bbox 1985 2116 3571 2195">
     <span class='ocr_line' id='line_1_107' title="bbox 1985 2116 3571 2195; baseline 0.003 -28"><span class='ocrx_word' id='word_1_826' title='bbox 1985 2117 2252 2195; x_wconf 73' lang='lat' dir='ltr'><strong>expediat.</strong></span> <span class='ocrx_word' id='word_1_827' title='bbox 2282 2129 2558 2195; x_wconf 82' lang='lat' dir='ltr'><strong>quam_tu_;</strong></span> <span class='ocrx_word' id='word_1_828' title='bbox 2589 2131 2648 2195; x_wconf 80' lang='lat' dir='ltr'><strong>et</strong></span> <span class='ocrx_word' id='word_1_829' title='bbox 2682 2122 2769 2195; x_wconf 82' lang='lat' dir='ltr'><strong>ob_</strong></span> <span class='ocrx_word' id='word_1_830' title='bbox 2794 2118 2898 2195; x_wconf 78' lang='lat' dir='ltr'><strong>hoc</strong></span> <span class='ocrx_word' id='word_1_831' title='bbox 2922 2119 3071 2195; x_wconf 89' lang='lat' dir='ltr'><strong>si_vis</strong></span> <span class='ocrx_word' id='word_1_832' title='bbox 3099 2116 3177 2195; x_wconf 62' lang='lat' dir='ltr'><strong>de</strong></span> <span class='ocrx_word' id='word_1_833' title='bbox 3190 2132 3257 2195; x_wconf 77' lang='lat' dir='ltr'><strong>eo</strong></span> <span class='ocrx_word' id='word_1_834' title='bbox 3284 2116 3571 2195; x_wconf 76' lang='lat' dir='ltr'><strong>bene_sen-</strong></span> 
     </span>
    </p>
   </div>
   <div class='ocr_carea' id='block_1_106' title="bbox 1985 2185 3562 2256">
    <p class='ocr_par' dir='ltr' id='par_1_106' title="bbox 1985 2185 3562 2256">
     <span class='ocr_line' id='line_1_108' title="bbox 1985 2185 3562 2256; baseline 0.004 -20"><span class='ocrx_word' id='word_1_835' title='bbox 1985 2185 2107 2256; x_wconf 64' lang='lat' dir='ltr'><strong>tire,</strong></span> <span class='ocrx_word' id='word_1_836' title='bbox 2139 2185 2313 2241; x_wconf 50' lang='lat' dir='ltr'><strong>totum&#39;</strong></span> <span class='ocrx_word' id='word_1_837' title='bbox 2331 2190 2469 2256; x_wconf 90' lang='lat' dir='ltr'><strong>quod</strong></span> <span class='ocrx_word' id='word_1_838' title='bbox 2502 2190 2569 2243; x_wconf 92' lang='lat' dir='ltr'><strong>ab</strong></span> <span class='ocrx_word' id='word_1_839' title='bbox 2598 2191 2688 2243; x_wconf 89' lang='lat' dir='ltr'><strong>illo</strong></span> <span class='ocrx_word' id='word_1_840' title='bbox 2716 2190 2806 2243; x_wconf 89' lang='lat' dir='ltr'><strong>tibi</strong></span> <span class='ocrx_word' id='word_1_841' title='bbox 2852 2190 2941 2254; x_wconf 83' lang='lat' dir='ltr'><strong>iit,</strong></span> <span class='ocrx_word' id='word_1_842' title='bbox 2971 2188 3107 2241; x_wconf 80' lang='lat' dir='ltr'><strong>bene</strong></span> <span class='ocrx_word' id='word_1_843' title='bbox 3146 2186 3260 2241; x_wconf 84' lang='lat' dir='ltr'><strong>ﬁeri</strong></span> <span class='ocrx_word' id='word_1_844' title='bbox 3303 2185 3562 2255; x_wconf 87' lang='lat' dir='ltr'><strong>intellige.</strong></span> 
     </span>
    </p>
   </div>
   <div class='ocr_carea' id='block_1_107' title="bbox 1985 2254 3570 2326">
    <p class='ocr_par' dir='ltr' id='par_1_107' title="bbox 1985 2254 3570 2326">
     <span class='ocr_line' id='line_1_109' title="bbox 1985 2254 3570 2326; baseline 0.003 -18"><span class='ocrx_word' id='word_1_845' title='bbox 1985 2254 2127 2310; x_wconf 81' lang='lat' dir='ltr'><strong>Talis</strong></span> <span class='ocrx_word' id='word_1_846' title='bbox 2156 2268 2239 2311; x_wconf 91' lang='lat' dir='ltr'><strong>est</strong></span> <span class='ocrx_word' id='word_1_847' title='bbox 2283 2254 2425 2314; x_wconf 89' lang='lat' dir='ltr'><strong>enim</strong></span> <span class='ocrx_word' id='word_1_848' title='bbox 2470 2276 2624 2315; x_wconf 91' lang='lat' dir='ltr'><strong>amor</strong></span> <span class='ocrx_word' id='word_1_849' title='bbox 2670 2262 2761 2314; x_wconf 86' lang='lat' dir='ltr'><strong>Dei</strong></span> <span class='ocrx_word' id='word_1_850' title='bbox 2808 2261 2859 2313; x_wconf 92' lang='lat' dir='ltr'><strong>in</strong></span> <span class='ocrx_word' id='word_1_851' title='bbox 2908 2259 3096 2323; x_wconf 91' lang='lat' dir='ltr'><strong>nobis,</strong></span> <span class='ocrx_word' id='word_1_852' title='bbox 3142 2272 3241 2310; x_wconf 86' lang='lat' dir='ltr'><strong>nec</strong></span> <span class='ocrx_word' id='word_1_853' title='bbox 3278 2254 3570 2326; x_wconf 84' lang='lat' dir='ltr'><strong>quidquam</strong></span> 
     </span>
    </p>
   </div>
   <div class='ocr_carea' id='block_1_108' title="bbox 1984 2327 3569 2406">
    <p class='ocr_par' dir='ltr' id='par_1_108' title="bbox 1984 2327 3569 2406">
     <span class='ocr_line' id='line_1_110' title="bbox 1984 2327 3569 2406; baseline 0 -27"><span class='ocrx_word' id='word_1_854' title='bbox 1984 2328 2204 2406; x_wconf 78' lang='lat' dir='ltr'><strong>omnino</strong></span> <span class='ocrx_word' id='word_1_855' title='bbox 2227 2328 2456 2406; x_wconf 82' lang='lat' dir='ltr'><strong>humana</strong></span> <span class='ocrx_word' id='word_1_856' title='bbox 2482 2332 2760 2406; x_wconf 80' lang='lat' dir='ltr'><strong>infirmitas</strong></span> <span class='ocrx_word' id='word_1_857' title='bbox 2782 2330 2992 2389; x_wconf 87' lang='lat' dir='ltr'><strong>tolerat,</strong></span> <span class='ocrx_word' id='word_1_858' title='bbox 3016 2327 3160 2397; x_wconf 89' lang='lat' dir='ltr'><strong>quod</strong></span> <span class='ocrx_word' id='word_1_859' title='bbox 3179 2329 3289 2395; x_wconf 88' lang='lat' dir='ltr'><strong>ipse</strong></span> <span class='ocrx_word' id='word_1_860' title='bbox 3309 2335 3569 2406; x_wconf 72' lang='lat' dir='ltr'><strong>quantum</strong></span> 
     </span>
    </p>
   </div>
   <div class='ocr_carea' id='block_1_109' title="bbox 1984 2396 3567 2464">
    <p class='ocr_par' dir='ltr' id='par_1_109' title="bbox 1984 2396 3567 2464">
     <span class='ocr_line' id='line_1_111' title="bbox 1984 2396 3567 2464; baseline 0.002 -16"><span class='ocrx_word' id='word_1_861' title='bbox 1984 2396 2037 2449; x_wconf 92' lang='lat' dir='ltr'><strong>in</strong></span> <span class='ocrx_word' id='word_1_862' title='bbox 2069 2412 2161 2452; x_wconf 83' lang='lat' dir='ltr'><strong>sua</strong></span> <span class='ocrx_word' id='word_1_863' title='bbox 2192 2399 2431 2455; x_wconf 87' lang='lat' dir='ltr'><strong>bonitate</strong></span> <span class='ocrx_word' id='word_1_864' title='bbox 2452 2411 2551 2464; x_wconf 89' lang='lat' dir='ltr'><strong>est,</strong></span> <span class='ocrx_word' id='word_1_865' title='bbox 2576 2402 2642 2455; x_wconf 85' lang='lat' dir='ltr'><strong>ad</strong></span> <span class='ocrx_word' id='word_1_866' title='bbox 2668 2401 2866 2455; x_wconf 91' lang='lat' dir='ltr'><strong>bonum</strong></span> <span class='ocrx_word' id='word_1_867' title='bbox 2892 2396 3134 2455; x_wconf 81' lang='lat' dir='ltr'><strong>nostrum</strong></span> <span class='ocrx_word' id='word_1_868' title='bbox 3165 2413 3272 2452; x_wconf 91' lang='lat' dir='ltr'><strong>non</strong></span> <span class='ocrx_word' id='word_1_869' title='bbox 3295 2396 3567 2463; x_wconf 74' lang='lat' dir='ltr'><strong>diSpouat.</strong></span> 
     </span>
    </p>
   </div>
   <div class='ocr_carea' id='block_1_110' title="bbox 1984 2465 3573 2548">
    <p class='ocr_par' dir='ltr' id='par_1_110' title="bbox 1984 2465 3573 2548">
     <span class='ocr_line' id='line_1_112' title="bbox 1984 2465 3573 2548; baseline 0.002 -28"><span class='ocrx_word' id='word_1_870' title='bbox 1984 2465 2147 2548; x_wconf 56' lang='lat' dir='ltr'><strong>Forte</strong></span> <span class='ocrx_word' id='word_1_871' title='bbox 2168 2471 2391 2537; x_wconf 82' lang='lat' dir='ltr'><strong>gratiam</strong></span> <span class='ocrx_word' id='word_1_872' title='bbox 2413 2471 2666 2548; x_wconf 76' lang='lat' dir='ltr'><strong>virtutum</strong></span> <span class='ocrx_word' id='word_1_873' title='bbox 2690 2486 2795 2548; x_wconf 73' lang='lat' dir='ltr'><strong>non</strong></span> <span class='ocrx_word' id='word_1_874' title='bbox 2827 2471 2991 2548; x_wconf 70' lang='lat' dir='ltr'><strong>habes</strong></span> <span class='ocrx_word' id='word_1_875' title='bbox 3016 2488 3028 2523; x_wconf 91' lang='lat'><strong>:</strong></span> <span class='ocrx_word' id='word_1_876' title='bbox 3169 2467 3295 2521; x_wconf 90' lang='lat' dir='ltr'><strong>dum</strong></span> <span class='ocrx_word' id='word_1_877' title='bbox 3318 2467 3573 2548; x_wconf 70' lang='lat' dir='ltr'><strong>vitiorum</strong></span> 
     </span>
    </p>
   </div>
   <div class='ocr_carea' id='block_1_111' title="bbox 1985 2536 3568 2604">
    <p class='ocr_par' dir='ltr' id='par_1_111' title="bbox 1985 2536 3568 2604">
     <span class='ocr_line' id='line_1_113' title="bbox 1985 2536 3568 2604; baseline 0.001 -15"><span class='ocrx_word' id='word_1_878' title='bbox 1985 2536 2216 2604; x_wconf 89' lang='lat' dir='ltr'><strong>impulsu</strong></span> <span class='ocrx_word' id='word_1_879' title='bbox 2247 2542 2588 2603; x_wconf 85' lang='lat' dir='ltr'><strong>concuteris,</strong></span> <span class='ocrx_word' id='word_1_880' title='bbox 2626 2543 2819 2596; x_wconf 90' lang='lat' dir='ltr'><strong>melius</strong></span> <span class='ocrx_word' id='word_1_881' title='bbox 2865 2541 2918 2595; x_wconf 89' lang='lat' dir='ltr'><strong>in</strong></span> <span class='ocrx_word' id='word_1_882' title='bbox 2961 2540 3263 2595; x_wconf 82' lang='lat' dir='ltr'><strong>humilitate</strong></span> <span class='ocrx_word' id='word_1_883' title='bbox 3300 2536 3568 2593; x_wconf 83' lang='lat' dir='ltr'><strong>solidaris.</strong></span> 
     </span>
    </p>
   </div>
   <div class='ocr_carea' id='block_1_112' title="bbox 1982 2607 3569 2688">
    <p class='ocr_par' dir='ltr' id='par_1_112' title="bbox 1982 2607 3569 2688">
     <span class='ocr_line' id='line_1_114' title="bbox 1982 2607 3569 2688; baseline 0.001 -26"><span class='ocrx_word' id='word_1_884' title='bbox 1982 2607 2617 2688; x_wconf 34' lang='lat' dir='ltr'><strong>suavius.enim__rcd_olet</strong></span> <span class='ocrx_word' id='word_1_885' title='bbox 2658 2613 2770 2688; x_wconf 81' lang='lat' dir='ltr'><strong>Deo</strong></span> <span class='ocrx_word' id='word_1_886' title='bbox 2807 2611 3090 2688; x_wconf 76' lang='lat' dir='ltr'><strong>luuniiitas</strong></span> <span class='ocrx_word' id='word_1_887' title='bbox 3109 2611 3325 2688; x_wconf 72' lang='lat' dir='ltr'><strong>infirma</strong></span> <span class='ocrx_word' id='word_1_888' title='bbox 3350 2649 3366 2671; x_wconf 97' lang='lat'><strong>,</strong></span> <span class='ocrx_word' id='word_1_889' title='bbox 3407 2622 3569 2688; x_wconf 73' lang='lat' dir='ltr'><strong>quam</strong></span> 
     </span>
    </p>
   </div>
   <div class='ocr_carea' id='block_1_113' title="bbox 1981 2678 3572 2760">
    <p class='ocr_par' dir='ltr' id='par_1_113' title="bbox 1981 2678 3572 2760">
     <span class='ocr_line' id='line_1_115' title="bbox 1981 2678 3572 2760; baseline 0.001 -29"><span class='ocrx_word' id='word_1_890' title='bbox 1981 2680 2151 2760; x_wconf 64' lang='lat' dir='ltr'><strong>virtus</strong></span> <span class='ocrx_word' id='word_1_891' title='bbox 2178 2682 2336 2760; x_wconf 77' lang='lat' dir='ltr'><strong>elata.</strong></span> <span class='ocrx_word' id='word_1_892' title='bbox 2367 2682 2511 2737; x_wconf 87' lang='lat' dir='ltr'><strong>Nihil</strong></span> <span class='ocrx_word' id='word_1_893' title='bbox 2533 2683 2759 2760; x_wconf 36' lang='lat' dir='ltr'><strong>.omnino</strong></span> <span class='ocrx_word' id='word_1_894' title='bbox 2788 2682 3120 2760; x_wconf 74' lang='lat' dir='ltr'><strong>dispositioni</strong></span> <span class='ocrx_word' id='word_1_895' title='bbox 3149 2680 3341 2734; x_wconf 75' lang='lat' dir='ltr'><strong>divina:</strong></span> <span class='ocrx_word' id='word_1_896' title='bbox 3374 2678 3572 2759; x_wconf 69' lang='lat' dir='ltr'><strong>prseju-</strong></span> 
     </span>
    </p>
   </div>
   <div class='ocr_carea' id='block_1_114' title="bbox 1983 2749 3568 2823">
    <p class='ocr_par' dir='ltr' id='par_1_114' title="bbox 1983 2749 3568 2823">
     <span class='ocr_line' id='line_1_116' title="bbox 1983 2749 3568 2823; baseline 0 -21"><span class='ocrx_word' id='word_1_897' title='bbox 1983 2749 2162 2823; x_wconf 80' lang='lat' dir='ltr'><strong>dicare</strong></span> <span class='ocrx_word' id='word_1_898' title='bbox 2192 2753 2391 2808; x_wconf 82' lang='lat' dir='ltr'><strong>audeas</strong></span> <span class='ocrx_word' id='word_1_899' title='bbox 2415 2772 2427 2806; x_wconf 91' lang='lat'><strong>:</strong></span> <span class='ocrx_word' id='word_1_900' title='bbox 2452 2754 2545 2808; x_wconf 86' lang='lat' dir='ltr'><strong>sed</strong></span> <span class='ocrx_word' id='word_1_901' title='bbox 2572 2769 2787 2823; x_wconf 88' lang='lat' dir='ltr'><strong>semper</strong></span> <span class='ocrx_word' id='word_1_902' title='bbox 2812 2749 2934 2807; x_wconf 79' lang='lat' dir='ltr'><strong>cum</strong></span> <span class='ocrx_word' id='word_1_903' title='bbox 2965 2754 3155 2823; x_wconf 86' lang='lat' dir='ltr'><strong>timore</strong></span> <span class='ocrx_word' id='word_1_904' title='bbox 3183 2760 3238 2805; x_wconf 92' lang='lat' dir='ltr'><strong>et</strong></span> <span class='ocrx_word' id='word_1_905' title='bbox 3269 2750 3568 2823; x_wconf 70' lang='lat' dir='ltr'><strong>reverentia</strong></span> 
     </span>
    </p>
   </div>
   <div class='ocr_carea' id='block_1_115' title="bbox 1982 2819 3569 2902">
    <p class='ocr_par' dir='ltr' id='par_1_115' title="bbox 1982 2819 3569 2902">
     <span class='ocr_line' id='line_1_117' title="bbox 1982 2819 3569 2902; baseline -0.002 -28"><span class='ocrx_word' id='word_1_906' title='bbox 1982 2834 2074 2902; x_wconf 76' lang='lat' dir='ltr'><strong>ora</strong></span> <span class='ocrx_word' id='word_1_907' title='bbox 2106 2822 2305 2902; x_wconf 81' lang='lat' dir='ltr'><strong>Deum,</strong></span> <span class='ocrx_word' id='word_1_908' title='bbox 2339 2832 2396 2878; x_wconf 91' lang='lat' dir='ltr'><strong>ut</strong></span> <span class='ocrx_word' id='word_1_909' title='bbox 2412 2819 2868 2902; x_wconf 70' lang='lat' dir='ltr'><strong>quemadmodum</strong></span> <span class='ocrx_word' id='word_1_910' title='bbox 2898 2826 3016 2902; x_wconf 65' lang='lat' dir='ltr'><strong>ipse</strong></span> <span class='ocrx_word' id='word_1_911' title='bbox 3039 2822 3219 2886; x_wconf 91' lang='lat' dir='ltr'><strong>novit,</strong></span> <span class='ocrx_word' id='word_1_912' title='bbox 3253 2819 3569 2900; x_wconf 66' lang='lat' dir='ltr'><strong>tibisubve-</strong></span> 
     </span>
    </p>
   </div>
   <div class='ocr_carea' id='block_1_116' title="bbox 1983 2889 3568 2971">
    <p class='ocr_par' dir='ltr' id='par_1_116' title="bbox 1983 2889 3568 2971">
     <span class='ocr_line' id='line_1_118' title="bbox 1983 2889 3568 2971; baseline -0.001 -26"><span class='ocrx_word' id='word_1_913' title='bbox 1983 2891 2096 2971; x_wconf 77' lang='lat' dir='ltr'><strong>niat</strong></span> <span class='ocrx_word' id='word_1_914' title='bbox 2117 2910 2131 2945; x_wconf 89' lang='lat'><strong>:</strong></span> <span class='ocrx_word' id='word_1_915' title='bbox 2155 2894 2199 2945; x_wconf 92' lang='lat' dir='ltr'><strong>si</strong></span> <span class='ocrx_word' id='word_1_916' title='bbox 2226 2910 2329 2971; x_wconf 86' lang='lat' dir='ltr'><strong>qua</strong></span> <span class='ocrx_word' id='word_1_917' title='bbox 2357 2889 2533 2971; x_wconf 82' lang='lat' dir='ltr'><strong>adhuc</strong></span> <span class='ocrx_word' id='word_1_918' title='bbox 2558 2904 2732 2949; x_wconf 89' lang='lat' dir='ltr'><strong>tamen</strong></span> <span class='ocrx_word' id='word_1_919' title='bbox 2762 2896 2812 2949; x_wconf 92' lang='lat' dir='ltr'><strong>in</strong></span> <span class='ocrx_word' id='word_1_920' title='bbox 2837 2904 2888 2971; x_wconf 80' lang='lat' dir='ltr'><strong>te</strong></span> <span class='ocrx_word' id='word_1_921' title='bbox 2914 2889 3052 2971; x_wconf 78' lang='lat' dir='ltr'><strong>mala</strong></span> <span class='ocrx_word' id='word_1_922' title='bbox 3080 2889 3568 2971; x_wconf 48' lang='lat' dir='ltr'><strong>remanserinnt,_pie</strong></span> 
     </span>
    </p>
   </div>
   <div class='ocr_carea' id='block_1_117' title="bbox 1983 2960 3562 3033">
    <p class='ocr_par' dir='ltr' id='par_1_117' title="bbox 1983 2960 3562 3033">
     <span class='ocr_line' id='line_1_119' title="bbox 1983 2960 3562 3033; baseline -0.001 -19"><span class='ocrx_word' id='word_1_923' title='bbox 1983 2960 2180 3028; x_wconf 84' lang='lat' dir='ltr'><strong>diluat;</strong></span> <span class='ocrx_word' id='word_1_924' title='bbox 2210 2960 2258 3017; x_wconf 83' lang='lat' dir='ltr'><strong>si</strong></span> <span class='ocrx_word' id='word_1_925' title='bbox 2284 2980 2385 3033; x_wconf 89' lang='lat' dir='ltr'><strong>qua</strong></span> <span class='ocrx_word' id='word_1_926' title='bbox 2416 2966 2662 3019; x_wconf 87' lang='lat' dir='ltr'><strong>inchoata</strong></span> <span class='ocrx_word' id='word_1_927' title='bbox 2693 2975 2815 3018; x_wconf 86' lang='lat' dir='ltr'><strong>sunt</strong></span> <span class='ocrx_word' id='word_1_928' title='bbox 2845 2966 3004 3028; x_wconf 87' lang='lat' dir='ltr'><strong>bona,</strong></span> <span class='ocrx_word' id='word_1_929' title='bbox 3041 2964 3268 3031; x_wconf 86' lang='lat' dir='ltr'><strong>benigne</strong></span> <span class='ocrx_word' id='word_1_930' title='bbox 3299 2961 3562 3030; x_wconf 82' lang='lat' dir='ltr'><strong>perﬁciat,</strong></span> 
     </span>
    </p>
   </div>
   <div class='ocr_carea' id='block_1_118' title="bbox 1983 3034 3208 3103">
    <p class='ocr_par' dir='ltr' id='par_1_118' title="bbox 1983 3034 3208 3103">
     <span class='ocr_line' id='line_1_120' title="bbox 1983 3034 3208 3103; baseline -0.001 -17"><span class='ocrx_word' id='word_1_931' title='bbox 1983 3040 2038 3086; x_wconf 87' lang='lat' dir='ltr'><strong>et</strong></span> <span class='ocrx_word' id='word_1_932' title='bbox 2060 3049 2120 3085; x_wconf 87' lang='lat' dir='ltr'><strong>ea</strong></span> <span class='ocrx_word' id='word_1_933' title='bbox 2151 3044 2221 3097; x_wconf 72' lang='lat' dir='ltr'><strong>te,</strong></span> <span class='ocrx_word' id='word_1_934' title='bbox 2250 3050 2350 3100; x_wconf 86' lang='lat' dir='ltr'><strong>qua</strong></span> <span class='ocrx_word' id='word_1_935' title='bbox 2377 3036 2624 3099; x_wconf 87' lang='lat' dir='ltr'><strong>voluerit,</strong></span> <span class='ocrx_word' id='word_1_936' title='bbox 2650 3035 2716 3089; x_wconf 92' lang='lat' dir='ltr'><strong>ad</strong></span> <span class='ocrx_word' id='word_1_937' title='bbox 2745 3050 2803 3088; x_wconf 89' lang='lat' dir='ltr'><strong>se</strong></span> <span class='ocrx_word' id='word_1_938' title='bbox 2825 3037 2909 3088; x_wconf 86' lang='lat' dir='ltr'><strong>via</strong></span> <span class='ocrx_word' id='word_1_939' title='bbox 2936 3034 3208 3103; x_wconf 86' lang='lat' dir='ltr'><strong>perducat.</strong></span> 
     </span>
    </p>
   </div>
   <div class='ocr_carea' id='block_1_119' title="bbox 2054 3100 3567 3169">
    <p class='ocr_par' dir='ltr' id='par_1_119' title="bbox 2054 3100 3567 3169">
     <span class='ocr_line' id='line_1_121' title="bbox 2054 3100 3567 3169; baseline -0.001 -13"><span class='ocrx_word' id='word_1_940' title='bbox 2054 3103 2281 3159; x_wconf 79' lang='lat' dir='ltr'><strong>CAPUT</strong></span> <span class='ocrx_word' id='word_1_941' title='bbox 2324 3105 2412 3159; x_wconf 82' lang='lat' dir='ltr'><strong>IX.</strong></span> <span class='ocrx_word' id='word_1_942' title='bbox 2454 3106 2534 3160; x_wconf 71' lang='lat' dir='ltr'><strong>De</strong></span> <span class='ocrx_word' id='word_1_943' title='bbox 2569 3106 2905 3159; x_wconf 77' lang='lat' dir='ltr'><strong>illustratione</strong></span> <span class='ocrx_word' id='word_1_944' title='bbox 2937 3100 3055 3157; x_wconf 62' lang='lat' dir='ltr'><strong>aliis</strong></span> <span class='ocrx_word' id='word_1_945' title='bbox 3081 3101 3353 3169; x_wconf 76' lang='lat' dir='ltr'><strong>beneﬁciis.</strong></span> <span class='ocrx_word' id='word_1_946' title='bbox 3376 3100 3420 3155; x_wconf 92' lang='grc' dir='ltr'>Ο</span> <span class='ocrx_word' id='word_1_947' title='bbox 3446 3100 3567 3154; x_wconf 81' lang='lat' dir='ltr'><strong>ani-</strong></span> 
     </span>
    </p>
   </div>
   <div class='ocr_carea' id='block_1_120' title="bbox 1983 3170 3569 3244">
    <p class='ocr_par' dir='ltr' id='par_1_120' title="bbox 1983 3170 3569 3244">
     <span class='ocr_line' id='line_1_122' title="bbox 1983 3170 3569 3244; baseline -0.002 -18"><span class='ocrx_word' id='word_1_948' title='bbox 1983 3189 2105 3237; x_wconf 89' lang='lat' dir='ltr'><strong>ma,</strong></span> <span class='ocrx_word' id='word_1_949' title='bbox 2148 3175 2274 3244; x_wconf 89' lang='lat' dir='ltr'><strong>quid</strong></span> <span class='ocrx_word' id='word_1_950' title='bbox 2317 3176 2570 3230; x_wconf 89' lang='lat' dir='ltr'><strong>faciemus</strong></span> <span class='ocrx_word' id='word_1_951' title='bbox 2612 3176 2838 3230; x_wconf 90' lang='lat' dir='ltr'><strong>Domino</strong></span> <span class='ocrx_word' id='word_1_952' title='bbox 2892 3174 3035 3240; x_wconf 87' lang='lat' dir='ltr'><strong>Deo,</strong></span> <span class='ocrx_word' id='word_1_953' title='bbox 3071 3188 3101 3244; x_wconf 83' lang='lat' dir='ltr'><strong>a</strong></span> <span class='ocrx_word' id='word_1_954' title='bbox 3141 3188 3247 3241; x_wconf 87' lang='lat' dir='ltr'><strong>quo</strong></span> <span class='ocrx_word' id='word_1_955' title='bbox 3295 3180 3376 3244; x_wconf 79' lang='lat' dir='ltr'><strong>tot</strong></span> <span class='ocrx_word' id='word_1_956' title='bbox 3426 3170 3569 3224; x_wconf 84' lang='lat' dir='ltr'><strong>bona</strong></span> 
     </span>
    </p>
   </div>
   <div class='ocr_carea' id='block_1_121' title="bbox 1983 3241 3569 3316">
    <p class='ocr_par' dir='ltr' id='par_1_121' title="bbox 1983 3241 3569 3316">
     <span class='ocr_line' id='line_1_123' title="bbox 1983 3241 3569 3316; baseline -0.003 -17"><span class='ocrx_word' id='word_1_957' title='bbox 1983 3241 2325 3313; x_wconf 75' lang='lat' dir='ltr'><strong>accepimus?</strong></span> <span class='ocrx_word' id='word_1_958' title='bbox 2360 3246 2543 3316; x_wconf 87' lang='lat' dir='ltr'><strong>Neque</strong></span> <span class='ocrx_word' id='word_1_959' title='bbox 2585 3249 2727 3300; x_wconf 89' lang='lat' dir='ltr'><strong>enim</strong></span> <span class='ocrx_word' id='word_1_960' title='bbox 2756 3253 3039 3316; x_wconf 89' lang='lat' dir='ltr'><strong>contentus</strong></span> <span class='ocrx_word' id='word_1_961' title='bbox 3063 3243 3173 3316; x_wconf 82' lang='lat' dir='ltr'><strong>fuit</strong></span> <span class='ocrx_word' id='word_1_962' title='bbox 3213 3241 3419 3316; x_wconf 75' lang='lat' dir='ltr'><strong>eadem,</strong></span> <span class='ocrx_word' id='word_1_963' title='bbox 3448 3255 3569 3309; x_wconf 54' lang='lat' dir='ltr'><strong>quas</strong></span> 
     </span>
    </p>
   </div>
   <div class='ocr_carea' id='block_1_122' title="bbox 1984 3312 3569 3381">
    <p class='ocr_par' dir='ltr' id='par_1_122' title="bbox 1984 3312 3569 3381">
     <span class='ocr_line' id='line_1_124' title="bbox 1984 3312 3569 3381; baseline -0.002 -12"><span class='ocrx_word' id='word_1_964' title='bbox 1984 3312 2215 3375; x_wconf 72' lang='lat' dir='ltr'><strong>czeteris,</strong></span> <span class='ocrx_word' id='word_1_965' title='bbox 2246 3317 2396 3371; x_wconf 90' lang='lat' dir='ltr'><strong>nobis</strong></span> <span class='ocrx_word' id='word_1_966' title='bbox 2428 3312 2562 3370; x_wconf 82' lang='lat' dir='ltr'><strong>bona</strong></span> <span class='ocrx_word' id='word_1_967' title='bbox 2594 3317 2859 3381; x_wconf 87' lang='lat' dir='ltr'><strong>tribuere;</strong></span> <span class='ocrx_word' id='word_1_968' title='bbox 2914 3315 3008 3370; x_wconf 87' lang='lat' dir='ltr'><strong>sed</strong></span> <span class='ocrx_word' id='word_1_969' title='bbox 3059 3313 3113 3368; x_wconf 89' lang='lat' dir='ltr'><strong>in</strong></span> <span class='ocrx_word' id='word_1_970' title='bbox 3153 3312 3307 3367; x_wconf 89' lang='lat' dir='ltr'><strong>malis</strong></span> <span class='ocrx_word' id='word_1_971' title='bbox 3352 3325 3569 3381; x_wconf 83' lang='lat' dir='ltr'><strong>quoque</strong></span> 
     </span>
    </p>
   </div>
   <div class='ocr_carea' id='block_1_123' title="bbox 1985 3384 3570 3457">
    <p class='ocr_par' dir='ltr' id='par_1_123' title="bbox 1985 3384 3570 3457">
     <span class='ocr_line' id='line_1_125' title="bbox 1985 3384 3570 3457; baseline -0.001 -18"><span class='ocrx_word' id='word_1_972' title='bbox 1985 3387 2185 3441; x_wconf 91' lang='lat' dir='ltr'><strong>nostris</strong></span> <span class='ocrx_word' id='word_1_973' title='bbox 2209 3388 2326 3455; x_wconf 84' lang='lat' dir='ltr'><strong>ejus</strong></span> <span class='ocrx_word' id='word_1_974' title='bbox 2352 3387 2672 3457; x_wconf 77' lang='lat' dir='ltr'><strong>singularem</strong></span> <span class='ocrx_word' id='word_1_975' title='bbox 2716 3386 3057 3442; x_wconf 88' lang='lat' dir='ltr'><strong>dilectionem</strong></span> <span class='ocrx_word' id='word_1_976' title='bbox 3087 3384 3481 3457; x_wconf 72' lang='lat' dir='ltr'><strong>cognoscimus,</strong></span> <span class='ocrx_word' id='word_1_977' title='bbox 3508 3389 3570 3437; x_wconf 88' lang='lat' dir='ltr'><strong>ut</strong></span> 
     </span>
    </p>
   </div>
   <div class='ocr_carea' id='block_1_124' title="bbox 1985 3453 3571 3528">
    <p class='ocr_par' dir='ltr' id='par_1_124' title="bbox 1985 3453 3571 3528">
     <span class='ocr_line' id='line_1_126' title="bbox 1985 3453 3571 3528; baseline -0.001 -17"><span class='ocrx_word' id='word_1_978' title='bbox 1985 3470 2107 3511; x_wconf 88' lang='lat' dir='ltr'><strong>eum</strong></span> <span class='ocrx_word' id='word_1_979' title='bbox 2139 3453 2251 3511; x_wconf 80' lang='lat' dir='ltr'><strong>tam</strong></span> <span class='ocrx_word' id='word_1_980' title='bbox 2276 3459 2342 3512; x_wconf 88' lang='lat' dir='ltr'><strong>de</strong></span> <span class='ocrx_word' id='word_1_981' title='bbox 2382 3453 2533 3513; x_wconf 68' lang='lat' dir='ltr'><strong>bonis</strong></span> <span class='ocrx_word' id='word_1_982' title='bbox 2570 3474 2727 3528; x_wconf 89' lang='lat' dir='ltr'><strong>quam</strong></span> <span class='ocrx_word' id='word_1_983' title='bbox 2767 3457 2837 3512; x_wconf 90' lang='lat' dir='ltr'><strong>de</strong></span> <span class='ocrx_word' id='word_1_984' title='bbox 2858 3454 3269 3528; x_wconf 13' lang='lat' dir='ltr'><strong>ilnal&#39;tsunostris</strong></span> <span class='ocrx_word' id='word_1_985' title='bbox 3302 3453 3571 3528; x_wconf 69' lang='lat' dir='ltr'><strong>omnibus</strong></span> 
     </span>
    </p>
   </div>
   <div class='ocr_carea' id='block_1_125' title="bbox 1986 3523 3571 3597">
    <p class='ocr_par' dir='ltr' id='par_1_125' title="bbox 1986 3523 3571 3597">
     <span class='ocr_line' id='line_1_127' title="bbox 1986 3523 3571 3597; baseline -0.002 -16"><span class='ocrx_word' id='word_1_986' title='bbox 1986 3523 2641 3597; x_wconf 73' lang='lat' dir='ltr'><strong>singulariterdiligamus.</strong></span> <span class='ocrx_word' id='word_1_987' title='bbox 2662 3528 2743 3584; x_wconf 87' lang='lat' dir='ltr'><strong>Tu</strong></span> <span class='ocrx_word' id='word_1_988' title='bbox 2770 3527 2963 3582; x_wconf 88' lang='lat' dir='ltr'><strong>dedisti</strong></span> <span class='ocrx_word' id='word_1_989' title='bbox 2988 3526 3140 3592; x_wconf 86' lang='lat' dir='ltr'><strong>mihi,</strong></span> <span class='ocrx_word' id='word_1_990' title='bbox 3161 3523 3418 3597; x_wconf 60' lang='lat' dir='ltr'><strong>Domine,</strong></span> <span class='ocrx_word' id='word_1_991' title='bbox 3431 3530 3489 3577; x_wconf 92' lang='lat' dir='ltr'><strong>ut</strong></span> <span class='ocrx_word' id='word_1_992' title='bbox 3515 3531 3571 3578; x_wconf 81' lang='lat' dir='ltr'><strong>te</strong></span> 
     </span>
    </p>
   </div>
   <div class='ocr_carea' id='block_1_126' title="bbox 1986 3593 3569 3670">
    <p class='ocr_par' dir='ltr' id='par_1_126' title="bbox 1986 3593 3569 3670">
     <span class='ocr_line' id='line_1_128' title="bbox 1986 3593 3569 3670; baseline -0.015 -3"><span class='ocrx_word' id='word_1_993' title='bbox 1986 3593 2271 3670; x_wconf 39' lang='lat'><strong>380-0309!“</strong></span> <span class='ocrx_word' id='word_1_994' title='bbox 2290 3640 2306 3664; x_wconf 78' lang='lat'><strong>.</strong></span> <span class='ocrx_word' id='word_1_995' title='bbox 2340 3610 2394 3653; x_wconf 71' lang='grc' dir='ltr'>οι</span> <span class='ocrx_word' id='word_1_996' title='bbox 2425 3593 2533 3670; x_wconf 67' lang='lat' dir='ltr'><strong>prae</strong></span> <span class='ocrx_word' id='word_1_997' title='bbox 2560 3599 2773 3655; x_wconf 78' lang='lat' dir='ltr'><strong>caeteris</strong></span> <span class='ocrx_word' id='word_1_998' title='bbox 2801 3598 2981 3651; x_wconf 81' lang='lat' dir='ltr'><strong>multis</strong></span> <span class='ocrx_word' id='word_1_999' title='bbox 3005 3596 3072 3652; x_wconf 86' lang='lat' dir='ltr'><strong>de</strong></span> <span class='ocrx_word' id='word_1_1000' title='bbox 3101 3595 3202 3649; x_wconf 89' lang='lat' dir='ltr'><strong>tuis</strong></span> <span class='ocrx_word' id='word_1_1001' title='bbox 3231 3593 3569 3670; x_wconf 64' lang='lat' dir='ltr'><strong>secretisre-</strong></span> 
     </span>
    </p>
   </div>
   <div class='ocr_carea' id='block_1_127' title="bbox 1987 3662 3571 3740">
    <p class='ocr_par' dir='ltr' id='par_1_127' title="bbox 1987 3662 3571 3740">
     <span class='ocr_line' id='line_1_129' title="bbox 1987 3662 3571 3740; baseline -0.004 -18"><span class='ocrx_word' id='word_1_1002' title='bbox 1987 3662 2161 3740; x_wconf 79' lang='lat' dir='ltr'><strong>velata</strong></span> <span class='ocrx_word' id='word_1_1003' title='bbox 2201 3662 2509 3740; x_wconf 72' lang='lat' dir='ltr'><strong>intelligam.</strong></span> <span class='ocrx_word' id='word_1_1004' title='bbox 2553 3670 2702 3725; x_wconf 83' lang='lat' dir='ltr'><strong>Alios</strong></span> <span class='ocrx_word' id='word_1_1005' title='bbox 2725 3678 3028 3740; x_wconf 63' lang='lat' dir='ltr'><strong>coaetaneos</strong></span> <span class='ocrx_word' id='word_1_1006' title='bbox 3054 3680 3206 3740; x_wconf 74' lang='lat' dir='ltr'><strong>meos</strong></span> <span class='ocrx_word' id='word_1_1007' title='bbox 3240 3665 3293 3718; x_wconf 91' lang='lat' dir='ltr'><strong>in</strong></span> <span class='ocrx_word' id='word_1_1008' title='bbox 3332 3662 3571 3740; x_wconf 73' lang='lat' dir='ltr'><strong>tenebris</strong></span> 
     </span>
    </p>
   </div>
   <div class='ocr_carea' id='block_1_128' title="bbox 1987 3733 3570 3810">
    <p class='ocr_par' dir='ltr' id='par_1_128' title="bbox 1987 3733 3570 3810">
     <span class='ocr_line' id='line_1_130' title="bbox 1987 3733 3570 3810; baseline -0.003 -17"><span class='ocrx_word' id='word_1_1009' title='bbox 1987 3738 2300 3808; x_wconf 68' lang='lat' dir='ltr'><strong>ignorantia:</strong></span> <span class='ocrx_word' id='word_1_1010' title='bbox 2328 3733 2681 3810; x_wconf 75' lang='lat' dir='ltr'><strong>dereliquisti,</strong></span> <span class='ocrx_word' id='word_1_1011' title='bbox 2712 3748 2782 3810; x_wconf 86' lang='lat' dir='ltr'><strong>et</strong></span> <span class='ocrx_word' id='word_1_1012' title='bbox 2806 3738 2938 3793; x_wconf 87' lang='lat' dir='ltr'><strong>mihi</strong></span> <span class='ocrx_word' id='word_1_1013' title='bbox 2968 3752 3095 3810; x_wconf 61' lang='lat' dir='ltr'><strong>pra:</strong></span> <span class='ocrx_word' id='word_1_1014' title='bbox 3120 3736 3224 3790; x_wconf 89' lang='lat' dir='ltr'><strong>illis</strong></span> <span class='ocrx_word' id='word_1_1015' title='bbox 3250 3733 3525 3803; x_wconf 67' lang='lat' dir='ltr'><strong>sapientiae</strong></span> <span class='ocrx_word' id='word_1_1016' title='bbox 3546 3734 3570 3765; x_wconf 80' lang='grc'>³</span> 
     </span>
    </p>
   </div>
   <div class='ocr_carea' id='block_1_129' title="bbox 1988 3808 3568 3872">
    <p class='ocr_par' dir='ltr' id='par_1_129' title="bbox 1988 3808 3568 3872">
     <span class='ocr_line' id='line_1_131' title="bbox 1988 3808 3568 3872; baseline -0.003 -10"><span class='ocrx_word' id='word_1_1017' title='bbox 1988 3817 2093 3863; x_wconf 81' lang='lat' dir='ltr'><strong>tuac</strong></span> <span class='ocrx_word' id='word_1_1018' title='bbox 2122 3810 2299 3866; x_wconf 87' lang='lat' dir='ltr'><strong>lumen</strong></span> <span class='ocrx_word' id='word_1_1019' title='bbox 2317 3808 2572 3866; x_wconf 86' lang='lat' dir='ltr'><strong>infudisii.</strong></span> <span class='ocrx_word' id='word_1_1020' title='bbox 2592 3812 2670 3865; x_wconf 87' lang='lat' dir='ltr'><strong>Tu</strong></span> <span class='ocrx_word' id='word_1_1021' title='bbox 2690 3809 2883 3865; x_wconf 81' lang='lat' dir='ltr'><strong>dedisti</strong></span> <span class='ocrx_word' id='word_1_1022' title='bbox 2908 3808 3040 3863; x_wconf 89' lang='lat' dir='ltr'><strong>mihi</strong></span> <span class='ocrx_word' id='word_1_1023' title='bbox 3060 3821 3275 3863; x_wconf 87' lang='lat' dir='ltr'><strong>sensum</strong></span> <span class='ocrx_word' id='word_1_1024' title='bbox 3296 3818 3568 3872; x_wconf 85' lang='lat' dir='ltr'><strong>capacem,</strong></span> 
     </span>
    </p>
   </div>
   <div class='ocr_carea' id='block_1_130' title="bbox 1989 3873 3572 3946">
    <p class='ocr_par' dir='ltr' id='par_1_130' title="bbox 1989 3873 3572 3946">
     <span class='ocr_line' id='line_1_132' title="bbox 1989 3873 3572 3946; baseline -0.003 -13"><span class='ocrx_word' id='word_1_1025' title='bbox 1989 3880 2316 3935; x_wconf 85' lang='lat' dir='ltr'><strong>intellectum</strong></span> <span class='ocrx_word' id='word_1_1026' title='bbox 2347 3881 2554 3937; x_wconf 88' lang='lat' dir='ltr'><strong>facilem</strong></span> <span class='ocrx_word' id='word_1_1027' title='bbox 2576 3923 2591 3946; x_wconf 91' lang='lat'><strong>,</strong></span> <span class='ocrx_word' id='word_1_1028' title='bbox 2637 3881 2951 3937; x_wconf 88' lang='lat' dir='ltr'><strong>memoriam</strong></span> <span class='ocrx_word' id='word_1_1029' title='bbox 2982 3888 3245 3940; x_wconf 86' lang='lat' dir='ltr'><strong>tenacem,</strong></span> <span class='ocrx_word' id='word_1_1030' title='bbox 3272 3873 3572 3946; x_wconf 77' lang='lat' dir='ltr'><strong>efficaciam</strong></span> 
     </span>
    </p>
   </div>
   <div class='ocr_carea' id='block_1_131' title="bbox 1989 3944 3574 4018">
    <p class='ocr_par' dir='ltr' id='par_1_131' title="bbox 1989 3944 3574 4018">
     <span class='ocr_line' id='line_1_133' title="bbox 1989 3944 3574 4018; baseline 0.001 -15"><span class='ocrx_word' id='word_1_1031' title='bbox 1989 3949 2043 4003; x_wconf 90' lang='lat' dir='ltr'><strong>in</strong></span> <span class='ocrx_word' id='word_1_1032' title='bbox 2073 3964 2256 4018; x_wconf 87' lang='lat' dir='ltr'><strong>opere,</strong></span> <span class='ocrx_word' id='word_1_1033' title='bbox 2296 3954 2518 4018; x_wconf 87' lang='lat' dir='ltr'><strong>gratiam</strong></span> <span class='ocrx_word' id='word_1_1034' title='bbox 2558 3944 2612 4007; x_wconf 88' lang='lat' dir='ltr'><strong>in</strong></span> <span class='ocrx_word' id='word_1_1035' title='bbox 2673 3951 3115 4014; x_wconf 84' lang='lat' dir='ltr'><strong>conversatione,</strong></span> <span class='ocrx_word' id='word_1_1036' title='bbox 3161 3955 3486 4018; x_wconf 70' lang='lat' dir='ltr'><strong>provectum</strong></span> <span class='ocrx_word' id='word_1_1037' title='bbox 3516 3944 3574 3998; x_wconf 81' lang='lat' dir='ltr'><strong>in</strong></span> 
     </span>
    </p>
   </div>
   <div class='ocr_carea' id='block_1_132' title="bbox 1988 4015 3570 4091">
    <p class='ocr_par' dir='ltr' id='par_1_132' title="bbox 1988 4015 3570 4091">
     <span class='ocr_line' id='line_1_134' title="bbox 1988 4015 3570 4091; baseline -0.003 -18"><span class='ocrx_word' id='word_1_1038' title='bbox 1988 4015 2198 4081; x_wconf 86' lang='lat' dir='ltr'><strong>studiis.</strong></span> <span class='ocrx_word' id='word_1_1039' title='bbox 2244 4015 2493 4077; x_wconf 68' lang='lat' dir='ltr'><strong>effectum</strong></span> <span class='ocrx_word' id='word_1_1040' title='bbox 2540 4023 2592 4077; x_wconf 91' lang='lat' dir='ltr'><strong>in</strong></span> <span class='ocrx_word' id='word_1_1041' title='bbox 2636 4024 2828 4091; x_wconf 71' lang='lat' dir='ltr'><strong>emptis</strong></span> <span class='ocrx_word' id='word_1_1042' title='bbox 2868 4021 2908 4082; x_wconf 87' lang='grc'><strong>³,</strong></span> <span class='ocrx_word' id='word_1_1043' title='bbox 2940 4015 3177 4075; x_wconf 84' lang='lat' dir='ltr'><strong>solamen</strong></span> <span class='ocrx_word' id='word_1_1044' title='bbox 3204 4018 3255 4072; x_wconf 92' lang='lat' dir='ltr'><strong>in</strong></span> <span class='ocrx_word' id='word_1_1045' title='bbox 3280 4015 3521 4091; x_wconf 79' lang='lat' dir='ltr'><strong>adversis</strong></span> <span class='ocrx_word' id='word_1_1046' title='bbox 3550 4053 3570 4082; x_wconf 91' lang='lat'><strong>,</strong></span> 
     </span>
    </p>
   </div>
   <div class='ocr_carea' id='block_1_133' title="bbox 1988 4087 3571 4163">
    <p class='ocr_par' dir='ltr' id='par_1_133' title="bbox 1988 4087 3571 4163">
     <span class='ocr_line' id='line_1_135' title="bbox 1988 4087 3571 4163; baseline 0.004 -19"><span class='ocrx_word' id='word_1_1047' title='bbox 1988 4094 2249 4146; x_wconf 86' lang='lat' dir='ltr'><strong>cautelam</strong></span> <span class='ocrx_word' id='word_1_1048' title='bbox 2276 4094 2329 4147; x_wconf 91' lang='lat' dir='ltr'><strong>in</strong></span> <span class='ocrx_word' id='word_1_1049' title='bbox 2360 4095 2631 4163; x_wconf 86' lang='lat' dir='ltr'><strong>prosperis</strong></span> <span class='ocrx_word' id='word_1_1050' title='bbox 2661 4112 2676 4148; x_wconf 87' lang='lat'><strong>:</strong></span> <span class='ocrx_word' id='word_1_1051' title='bbox 2700 4087 2755 4148; x_wconf 83' lang='lat' dir='ltr'><strong>et</strong></span> <span class='ocrx_word' id='word_1_1052' title='bbox 2781 4105 3116 4162; x_wconf 86' lang='lat' dir='ltr'><strong>quocumque</strong></span> <span class='ocrx_word' id='word_1_1053' title='bbox 3146 4087 3416 4163; x_wconf 51' lang='lat' dir='ltr'><strong>vertebam</strong></span> <span class='ocrx_word' id='word_1_1054' title='bbox 3442 4099 3531 4139; x_wconf 79' lang='lat' dir='ltr'><strong>me</strong></span> <span class='ocrx_word' id='word_1_1055' title='bbox 3552 4123 3571 4151; x_wconf 73' lang='grc' dir='ltr'><strong>ν</strong></span> 
     </span>
    </p>
   </div>
   <div class='ocr_carea' id='block_1_134' title="bbox 1990 4157 3576 4234">
    <p class='ocr_par' dir='ltr' id='par_1_134' title="bbox 1990 4157 3576 4234">
     <span class='ocr_line' id='line_1_136' title="bbox 1990 4157 3576 4234; baseline -0.004 -19"><span class='ocrx_word' id='word_1_1056' title='bbox 1990 4163 2187 4234; x_wconf 77' lang='lat' dir='ltr'><strong>ubique</strong></span> <span class='ocrx_word' id='word_1_1057' title='bbox 2215 4157 2383 4234; x_wconf 78' lang='lat' dir='ltr'><strong>gratia</strong></span> <span class='ocrx_word' id='word_1_1058' title='bbox 2407 4174 2461 4218; x_wconf 90' lang='lat' dir='ltr'><strong>et</strong></span> <span class='ocrx_word' id='word_1_1059' title='bbox 2490 4157 2857 4234; x_wconf 77' lang='lat' dir='ltr'><strong>misericordia</strong></span> <span class='ocrx_word' id='word_1_1060' title='bbox 2897 4171 2981 4215; x_wconf 88' lang='lat' dir='ltr'><strong>tua</strong></span> <span class='ocrx_word' id='word_1_1061' title='bbox 3012 4157 3302 4234; x_wconf 71' lang='lat' dir='ltr'><strong>praecessit.</strong></span> <span class='ocrx_word' id='word_1_1062' title='bbox 3334 4157 3409 4234; x_wconf 84' lang='lat' dir='ltr'><strong>Et</strong></span> <span class='ocrx_word' id='word_1_1063' title='bbox 3430 4168 3576 4223; x_wconf 62' lang='lat' dir='ltr'><strong>saepe</strong></span> 
     </span>
    </p>
   </div>
   <div class='ocr_carea' id='block_1_135' title="bbox 1992 4227 3572 4303">
    <p class='ocr_par' dir='ltr' id='par_1_135' title="bbox 1992 4227 3572 4303">
     <span class='ocr_line' id='line_1_137' title="bbox 1992 4227 3572 4303; baseline -0.004 -17"><span class='ocrx_word' id='word_1_1064' title='bbox 1992 4227 2123 4287; x_wconf 87' lang='lat' dir='ltr'><strong>mibi</strong></span> <span class='ocrx_word' id='word_1_1065' title='bbox 2163 4227 2285 4289; x_wconf 61' lang='lat' dir='ltr'><strong>cu&#39;m</strong></span> <span class='ocrx_word' id='word_1_1066' title='bbox 2329 4244 2678 4303; x_wconf 86' lang='lat' dir='ltr'><strong>consumptus</strong></span> <span class='ocrx_word' id='word_1_1067' title='bbox 2706 4233 2943 4296; x_wconf 87' lang='lat' dir='ltr'><strong>videbar,</strong></span> <span class='ocrx_word' id='word_1_1068' title='bbox 2976 4227 3151 4303; x_wconf 84' lang='lat' dir='ltr'><strong>subito</strong></span> <span class='ocrx_word' id='word_1_1069' title='bbox 3178 4227 3417 4303; x_wconf 79' lang='lat' dir='ltr'><strong>liberasti</strong></span> <span class='ocrx_word' id='word_1_1070' title='bbox 3442 4240 3572 4291; x_wconf 88' lang='lat' dir='ltr'><strong>me;</strong></span> 
     </span>
    </p>
   </div>
   <div class='ocr_carea' id='block_1_136' title="bbox 1992 4297 3573 4373">
    <p class='ocr_par' dir='ltr' id='par_1_136' title="bbox 1992 4297 3573 4373">
     <span class='ocr_line' id='line_1_138' title="bbox 1992 4297 3573 4373; baseline -0.004 -16"><span class='ocrx_word' id='word_1_1071' title='bbox 1992 4306 2205 4373; x_wconf 90' lang='lat' dir='ltr'><strong>quando</strong></span> <span class='ocrx_word' id='word_1_1072' title='bbox 2234 4305 2499 4369; x_wconf 86' lang='lat' dir='ltr'><strong>errabam,</strong></span> <span class='ocrx_word' id='word_1_1073' title='bbox 2528 4297 2786 4359; x_wconf 69' lang='lat' dir='ltr'><strong>réduxisti</strong></span> <span class='ocrx_word' id='word_1_1074' title='bbox 2814 4318 2934 4366; x_wconf 87' lang='lat' dir='ltr'><strong>me;</strong></span> <span class='ocrx_word' id='word_1_1075' title='bbox 2980 4301 3192 4373; x_wconf 87' lang='lat' dir='ltr'><strong>quando</strong></span> <span class='ocrx_word' id='word_1_1076' title='bbox 3218 4297 3535 4373; x_wconf 77' lang='lat' dir='ltr'><strong>ignorabam</strong></span> <span class='ocrx_word' id='word_1_1077' title='bbox 3555 4336 3573 4363; x_wconf 95' lang='lat'><strong>,</strong></span> 
     </span>
    </p>
   </div>
   <div class='ocr_carea' id='block_1_137' title="bbox 1993 4366 3577 4445">
    <p class='ocr_par' dir='ltr' id='par_1_137' title="bbox 1993 4366 3577 4445">
     <span class='ocr_line' id='line_1_139' title="bbox 1993 4366 3577 4445; baseline -0.006 -15"><span class='ocrx_word' id='word_1_1078' title='bbox 1993 4366 2219 4430; x_wconf 86' lang='lat' dir='ltr'><strong>docuisti</strong></span> <span class='ocrx_word' id='word_1_1079' title='bbox 2242 4392 2362 4439; x_wconf 87' lang='lat' dir='ltr'><strong>me;</strong></span> <span class='ocrx_word' id='word_1_1080' title='bbox 2389 4366 2601 4445; x_wconf 83' lang='lat' dir='ltr'><strong>quando</strong></span> <span class='ocrx_word' id='word_1_1081' title='bbox 2630 4375 2862 4444; x_wconf 83' lang='lat' dir='ltr'><strong>peccavi,</strong></span> <span class='ocrx_word' id='word_1_1082' title='bbox 2880 4366 3179 4445; x_wconf 84' lang='lat' dir='ltr'><strong>corripuisti</strong></span> <span class='ocrx_word' id='word_1_1083' title='bbox 3206 4366 3330 4445; x_wconf 69' lang='lat' dir='ltr'><strong>me;</strong></span> <span class='ocrx_word' id='word_1_1084' title='bbox 3362 4366 3577 4445; x_wconf 79' lang='lat' dir='ltr'><strong>quando</strong></span> 
     </span>
    </p>
   </div>
   <div class='ocr_carea' id='block_1_138' title="bbox 1993 4436 3578 4512">
    <p class='ocr_par' dir='ltr' id='par_1_138' title="bbox 1993 4436 3578 4512">
     <span class='ocr_line' id='line_1_140' title="bbox 1993 4436 3578 4512; baseline -0.005 -12"><span class='ocrx_word' id='word_1_1085' title='bbox 1993 4447 2274 4511; x_wconf 87' lang='lat' dir='ltr'><strong>tristabar,</strong></span> <span class='ocrx_word' id='word_1_1086' title='bbox 2302 4436 2607 4501; x_wconf 76' lang='lat' dir='ltr'><strong>consolatus</strong></span> <span class='ocrx_word' id='word_1_1087' title='bbox 2630 4436 2693 4499; x_wconf 76' lang='lat' dir='ltr'><strong>es</strong></span> <span class='ocrx_word' id='word_1_1088' title='bbox 2719 4460 2804 4498; x_wconf 91' lang='lat' dir='ltr'><strong>me</strong></span> <span class='ocrx_word' id='word_1_1089' title='bbox 2821 4436 3081 4512; x_wconf 53' lang='lat' dir='ltr'><strong>{quando</strong></span> <span class='ocrx_word' id='word_1_1090' title='bbox 3109 4440 3274 4496; x_wconf 87' lang='lat' dir='ltr'><strong>cecidi</strong></span> <span class='ocrx_word' id='word_1_1091' title='bbox 3292 4480 3329 4512; x_wconf 78' lang='lat'><strong>,_</strong></span> <span class='ocrx_word' id='word_1_1092' title='bbox 3358 4436 3578 4512; x_wconf 79' lang='lat' dir='ltr'><strong>erexisti</strong></span> 
     </span>
    </p>
   </div>
   <div class='ocr_carea' id='block_1_139' title="bbox 1995 4509 3578 4587">
    <p class='ocr_par' dir='ltr' id='par_1_139' title="bbox 1995 4509 3578 4587">
     <span class='ocr_line' id='line_1_141' title="bbox 1995 4509 3578 4587; baseline -0.006 -16"><span class='ocrx_word' id='word_1_1093' title='bbox 1995 4533 2115 4583; x_wconf 87' lang='lat' dir='ltr'><strong>me;</strong></span> <span class='ocrx_word' id='word_1_1094' title='bbox 2139 4509 2354 4587; x_wconf 83' lang='lat' dir='ltr'><strong>quando</strong></span> <span class='ocrx_word' id='word_1_1095' title='bbox 2377 4523 2534 4584; x_wconf 84' lang='lat' dir='ltr'><strong>steti,</strong></span> <span class='ocrx_word' id='word_1_1096' title='bbox 2565 4516 2776 4587; x_wconf 84' lang='lat' dir='ltr'><strong>tenuisti</strong></span> <span class='ocrx_word' id='word_1_1097' title='bbox 2795 4509 2899 4567; x_wconf 66' lang='lat' dir='ltr'><strong>me.</strong></span> <span class='ocrx_word' id='word_1_1098' title='bbox 2923 4512 3003 4567; x_wconf 89' lang='lat' dir='ltr'><strong>Tu</strong></span> <span class='ocrx_word' id='word_1_1099' title='bbox 3027 4510 3371 4587; x_wconf 75' lang='lat' dir='ltr'><strong>dedistiinihi</strong></span> <span class='ocrx_word' id='word_1_1100' title='bbox 3398 4509 3578 4587; x_wconf 76' lang='lat' dir='ltr'><strong>verius</strong></span> 
     </span>
    </p>
   </div>
   <div class='ocr_carea' id='block_1_140' title="bbox 1995 4578 3578 4657">
    <p class='ocr_par' dir='ltr' id='par_1_140' title="bbox 1995 4578 3578 4657">
     <span class='ocr_line' id='line_1_142' title="bbox 1995 4578 3578 4657; baseline -0.008 -15"><span class='ocrx_word' id='word_1_1101' title='bbox 1995 4578 2319 4657; x_wconf 74' lang='lat' dir='ltr'><strong>cognoscere</strong></span> <span class='ocrx_word' id='word_1_1102' title='bbox 2344 4596 2417 4652; x_wconf 90' lang='lat' dir='ltr'><strong>te,</strong></span> <span class='ocrx_word' id='word_1_1103' title='bbox 2450 4578 2631 4655; x_wconf 80' lang='lat' dir='ltr'><strong>purius</strong></span> <span class='ocrx_word' id='word_1_1104' title='bbox 2656 4585 2879 4657; x_wconf 77' lang='lat' dir='ltr'><strong>diligere</strong></span> <span class='ocrx_word' id='word_1_1105' title='bbox 2927 4591 2982 4657; x_wconf 80' lang='lat' dir='ltr'><strong>te</strong></span> <span class='ocrx_word' id='word_1_1106' title='bbox 3002 4623 3017 4647; x_wconf 89' lang='lat'><strong>,</strong></span> <span class='ocrx_word' id='word_1_1107' title='bbox 3055 4582 3316 4657; x_wconf 70' lang='lat' dir='ltr'><strong>sincerius</strong></span> <span class='ocrx_word' id='word_1_1108' title='bbox 3353 4578 3578 4657; x_wconf 71' lang='lat' dir='ltr'><strong>credere</strong></span> 
     </span>
    </p>
   </div>
   <div class='ocr_carea' id='block_1_141' title="bbox 1996 4646 3577 4727">
    <p class='ocr_par' dir='ltr' id='par_1_141' title="bbox 1996 4646 3577 4727">
     <span class='ocr_line' id='line_1_143' title="bbox 1996 4646 3577 4727; baseline -0.009 -15"><span class='ocrx_word' id='word_1_1109' title='bbox 1996 4646 2149 4722; x_wconf 52' lang='lat' dir='ltr'><strong>invte,</strong></span> <span class='ocrx_word' id='word_1_1110' title='bbox 2172 4646 2625 4725; x_wconf 61' lang='lat' dir='ltr'><strong>ardentius&#39;sequi</strong></span> <span class='ocrx_word' id='word_1_1111' title='bbox 2657 4666 2727 4711; x_wconf 88' lang='lat' dir='ltr'><strong>te.</strong></span> <span class='ocrx_word' id='word_1_1112' title='bbox 2756 4646 2804 4709; x_wconf 79' lang='grc' dir='ltr'>Ο</span> <span class='ocrx_word' id='word_1_1113' title='bbox 2835 4654 3058 4709; x_wconf 90' lang='lat' dir='ltr'><strong>Domine</strong></span> <span class='ocrx_word' id='word_1_1114' title='bbox 3089 4654 3230 4707; x_wconf 88' lang='lat' dir='ltr'><strong>Deus</strong></span> <span class='ocrx_word' id='word_1_1115' title='bbox 3255 4665 3427 4727; x_wconf 81' lang='lat' dir='ltr'><strong>meus,</strong></span> <span class='ocrx_word' id='word_1_1116' title='bbox 3454 4646 3577 4727; x_wconf 14' lang='lat' dir='ltr'><strong>diul-</strong></span> 
     </span>
    </p>
   </div>
   <div class='ocr_carea' id='block_1_142' title="bbox 1997 4720 3580 4790">
    <p class='ocr_par' dir='ltr' id='par_1_142' title="bbox 1997 4720 3580 4790">
     <span class='ocr_line' id='line_1_144' title="bbox 1997 4720 3580 4790; baseline -0.009 -8"><span class='ocrx_word' id='word_1_1117' title='bbox 1997 4720 2144 4782; x_wconf 86' lang='lat' dir='ltr'><strong>cedo</strong></span> <span class='ocrx_word' id='word_1_1118' title='bbox 2160 4731 2285 4783; x_wconf 76' lang='lat' dir='ltr'><strong>vita:</strong></span> <span class='ocrx_word' id='word_1_1119' title='bbox 2310 4744 2464 4790; x_wconf 72' lang='lat' dir='ltr'><strong>mete,</strong></span> <span class='ocrx_word' id='word_1_1120' title='bbox 2496 4720 2674 4781; x_wconf 86' lang='lat' dir='ltr'><strong>lumen</strong></span> <span class='ocrx_word' id='word_1_1121' title='bbox 2696 4727 2970 4781; x_wconf 87' lang='lat' dir='ltr'><strong>oculorum</strong></span> <span class='ocrx_word' id='word_1_1122' title='bbox 2995 4738 3258 4780; x_wconf 88' lang='lat' dir='ltr'><strong>meorum.</strong></span> <span class='ocrx_word' id='word_1_1123' title='bbox 3280 4720 3580 4790; x_wconf 72' lang='lat' dir='ltr'><strong>qtiid_retri-</strong></span> 
     </span>
    </p>
   </div>
   <div class='ocr_carea' id='block_1_143' title="bbox 1999 4786 3581 4867">
    <p class='ocr_par' dir='ltr' id='par_1_143' title="bbox 1999 4786 3581 4867">
     <span class='ocr_line' id='line_1_145' title="bbox 1999 4786 3581 4867; baseline -0.01 -14"><span class='ocrx_word' id='word_1_1124' title='bbox 1999 4799 2155 4853; x_wconf 90' lang='lat' dir='ltr'><strong>buam</strong></span> <span class='ocrx_word' id='word_1_1125' title='bbox 2185 4801 2304 4861; x_wconf 90' lang='lat' dir='ltr'><strong>tibi,</strong></span> <span class='ocrx_word' id='word_1_1126' title='bbox 2339 4815 2436 4867; x_wconf 86' lang='lat' dir='ltr'><strong>pro</strong></span> <span class='ocrx_word' id='word_1_1127' title='bbox 2454 4786 2709 4853; x_wconf 78' lang='lat' dir='ltr'><strong>omnibus</strong></span> <span class='ocrx_word' id='word_1_1128' title='bbox 2735 4813 2855 4862; x_wconf 65' lang='lat' dir='ltr'><strong>qua:</strong></span> <span class='ocrx_word' id='word_1_1129' title='bbox 2881 4795 3171 4851; x_wconf 88' lang='lat' dir='ltr'><strong>retribuisti</strong></span> <span class='ocrx_word' id='word_1_1130' title='bbox 3203 4789 3333 4845; x_wconf 89' lang='lat' dir='ltr'><strong>mihi</strong></span> <span class='ocrx_word' id='word_1_1131' title='bbox 3523 4793 3581 4838; x_wconf 91' lang='lat' dir='ltr'><strong>ut</strong></span> 
     </span>
    </p>
   </div>
   <div class='ocr_carea' id='block_1_144' title="bbox 1999 4857 3579 4940">
    <p class='ocr_par' dir='ltr' id='par_1_144' title="bbox 1999 4857 3579 4940">
     <span class='ocr_line' id='line_1_146' title="bbox 1999 4857 3579 4940; baseline -0.011 -16"><span class='ocrx_word' id='word_1_1132' title='bbox 1999 4870 2212 4940; x_wconf 89' lang='lat' dir='ltr'><strong>diligam</strong></span> <span class='ocrx_word' id='word_1_1133' title='bbox 2243 4857 2314 4925; x_wconf 21' lang='lat' dir='ltr'><strong>ter.</strong></span> <span class='ocrx_word' id='word_1_1134' title='bbox 2339 4857 2405 4926; x_wconf 73' lang='lat' dir='ltr'><strong>Et</strong></span> <span class='ocrx_word' id='word_1_1135' title='bbox 2429 4871 2698 4940; x_wconf 89' lang='lat' dir='ltr'><strong>quomodo</strong></span> <span class='ocrx_word' id='word_1_1136' title='bbox 2718 4857 2933 4937; x_wconf 82' lang='lat' dir='ltr'><strong>diligam</strong></span> <span class='ocrx_word' id='word_1_1137' title='bbox 2959 4875 3012 4940; x_wconf 76' lang='lat' dir='ltr'><strong>te</strong></span> <span class='ocrx_word' id='word_1_1138' title='bbox 3024 4867 3323 4940; x_wconf 82' lang='lat' dir='ltr'><strong>?_quantum</strong></span> <span class='ocrx_word' id='word_1_1139' title='bbox 3362 4857 3579 4940; x_wconf 75' lang='lat' dir='ltr'><strong>diligam</strong></span> 
     </span>
    </p>
   </div>
   <div class='ocr_carea' id='block_1_145' title="bbox 2001 4928 3581 5010">
    <p class='ocr_par' dir='ltr' id='par_1_145' title="bbox 2001 4928 3581 5010">
     <span class='ocr_line' id='line_1_147' title="bbox 2001 4928 3581 5010; baseline -0.01 -15"><span class='ocrx_word' id='word_1_1140' title='bbox 2001 4928 2235 5010; x_wconf 45' lang='lat' dir='ltr'><strong>torquis</strong></span> <span class='ocrx_word' id='word_1_1141' title='bbox 2277 4958 2393 4995; x_wconf 84' lang='lat' dir='ltr'><strong>sum</strong></span> <span class='ocrx_word' id='word_1_1142' title='bbox 2427 4928 2557 5007; x_wconf 71' lang='lat' dir='ltr'><strong>ego,</strong></span> <span class='ocrx_word' id='word_1_1143' title='bbox 2602 4951 2659 4994; x_wconf 93' lang='lat' dir='ltr'><strong>ut</strong></span> <span class='ocrx_word' id='word_1_1144' title='bbox 2685 4928 2897 5010; x_wconf 66' lang='lat' dir='ltr'><strong>diligam</strong></span> <span class='ocrx_word' id='word_1_1145' title='bbox 2928 4935 3014 4991; x_wconf 80' lang='lat' dir='ltr'><strong>te?</strong></span> <span class='ocrx_word' id='word_1_1146' title='bbox 3043 4928 3115 4990; x_wconf 75' lang='lat' dir='ltr'><strong>Et</strong></span> <span class='ocrx_word' id='word_1_1147' title='bbox 3140 4942 3315 4987; x_wconf 80' lang='lat' dir='ltr'><strong>tamen</strong></span> <span class='ocrx_word' id='word_1_1148' title='bbox 3361 4928 3581 4995; x_wconf 84' lang='lat' dir='ltr'><strong>diligam</strong></span> 
     </span>
    </p>
   </div>
   <div class='ocr_carea' id='block_1_146' title="bbox 2001 5008 3580 5077">
    <p class='ocr_par' dir='ltr' id='par_1_146' title="bbox 2001 5008 3580 5077">
     <span class='ocr_line' id='line_1_148' title="bbox 2001 5008 3580 5077; baseline -0.011 -11"><span class='ocrx_word' id='word_1_1149' title='bbox 2001 5020 2075 5077; x_wconf 82' lang='lat' dir='ltr'><strong>te,</strong></span> <span class='ocrx_word' id='word_1_1150' title='bbox 2104 5008 2345 5077; x_wconf 80' lang='lat' dir='ltr'><strong>Domine,</strong></span> <span class='ocrx_word' id='word_1_1151' title='bbox 2379 5012 2630 5065; x_wconf 83' lang='lat' dir='ltr'><strong>fortitudo</strong></span> <span class='ocrx_word' id='word_1_1152' title='bbox 2664 5008 2812 5073; x_wconf 87' lang='lat' dir='ltr'><strong>mea,</strong></span> <span class='ocrx_word' id='word_1_1153' title='bbox 2853 5008 3246 5061; x_wconf 80' lang='lat' dir='ltr'><strong>firmamentum</strong></span> <span class='ocrx_word' id='word_1_1154' title='bbox 3264 5012 3463 5077; x_wconf 61' lang='lat' dir='ltr'><strong>meum,</strong></span> <span class='ocrx_word' id='word_1_1155' title='bbox 3491 5010 3580 5077; x_wconf 82' lang='lat' dir='ltr'><strong>re-</strong></span> 
     </span>
    </p>
   </div>
   <div class='ocr_carea' id='block_1_147' title="bbox 2000 5067 3583 5153">
    <p class='ocr_par' dir='ltr' id='par_1_147' title="bbox 2000 5067 3583 5153">
     <span class='ocr_line' id='line_1_149' title="bbox 2000 5067 3583 5153; baseline -0.011 -16"><span class='ocrx_word' id='word_1_1156' title='bbox 2000 5067 2199 5153; x_wconf 79' lang='lat' dir='ltr'><strong>fugium</strong></span> <span class='ocrx_word' id='word_1_1157' title='bbox 2231 5067 2409 5138; x_wconf 80' lang='lat' dir='ltr'><strong>meum</strong></span> <span class='ocrx_word' id='word_1_1158' title='bbox 2438 5094 2493 5138; x_wconf 86' lang='lat' dir='ltr'><strong>et</strong></span> <span class='ocrx_word' id='word_1_1159' title='bbox 2522 5085 2771 5136; x_wconf 84' lang='lat' dir='ltr'><strong>liberator</strong></span> <span class='ocrx_word' id='word_1_1160' title='bbox 2796 5067 2967 5153; x_wconf 70' lang='lat' dir='ltr'><strong>meus,</strong></span> <span class='ocrx_word' id='word_1_1161' title='bbox 3001 5078 3140 5153; x_wconf 83' lang='lat' dir='ltr'><strong>Deus</strong></span> <span class='ocrx_word' id='word_1_1162' title='bbox 3167 5086 3341 5153; x_wconf 83' lang='lat' dir='ltr'><strong>meus,</strong></span> <span class='ocrx_word' id='word_1_1163' title='bbox 3370 5067 3583 5153; x_wconf 69' lang='lat' dir='ltr'><strong>adiutor</strong></span> 
     </span>
    </p>
   </div>
   <div class='ocr_carea' id='block_1_148' title="bbox 2002 5147 3585 5224">
    <p class='ocr_par' dir='ltr' id='par_1_148' title="bbox 2002 5147 3585 5224">
     <span class='ocr_line' id='line_1_150' title="bbox 2002 5147 3585 5224; baseline -0.011 -16"><span class='ocrx_word' id='word_1_1164' title='bbox 2002 5147 2174 5219; x_wconf 76' lang='lat' dir='ltr'><strong>méus,</strong></span> <span class='ocrx_word' id='word_1_1165' title='bbox 2199 5164 2469 5224; x_wconf 87' lang='lat' dir='ltr'><strong>protector</strong></span> <span class='ocrx_word' id='word_1_1166' title='bbox 2487 5168 2655 5224; x_wconf 75' lang='lat' dir='ltr'><strong>meus.</strong></span> <span class='ocrx_word' id='word_1_1167' title='bbox 2678 5165 2844 5224; x_wconf 79' lang='lat' dir='ltr'><strong>cornu</strong></span> <span class='ocrx_word' id='word_1_1168' title='bbox 2863 5147 3048 5224; x_wconf 65' lang='lat' dir='ltr'><strong>salutis</strong></span> <span class='ocrx_word' id='word_1_1169' title='bbox 3062 5161 3216 5224; x_wconf 66' lang='lat' dir='ltr'><strong>meae,</strong></span> <span class='ocrx_word' id='word_1_1170' title='bbox 3228 5151 3285 5198; x_wconf 89' lang='lat' dir='ltr'><strong>et</strong></span> <span class='ocrx_word' id='word_1_1171' title='bbox 3302 5148 3585 5224; x_wconf 63' lang='lat' dir='ltr'><strong>susceptor</strong></span> 
     </span>
    </p>
   </div>
   <div class='ocr_carea' id='block_1_149' title="bbox 2003 5210 3586 5297">
    <p class='ocr_par' dir='ltr' id='par_1_149' title="bbox 2003 5210 3586 5297">
     <span class='ocr_line' id='line_1_151' title="bbox 2003 5210 3586 5297; baseline -0.011 -18"><span class='ocrx_word' id='word_1_1172' title='bbox 2003 5210 2175 5283; x_wconf 54' lang='lat' dir='ltr'><strong>meus:</strong></span> <span class='ocrx_word' id='word_1_1173' title='bbox 2202 5210 2269 5281; x_wconf 70' lang='lat' dir='ltr'><strong>Et</strong></span> <span class='ocrx_word' id='word_1_1174' title='bbox 2295 5233 2548 5297; x_wconf 87' lang='lat' dir='ltr'><strong>quantum</strong></span> <span class='ocrx_word' id='word_1_1175' title='bbox 2573 5222 2749 5279; x_wconf 81' lang='lat' dir='ltr'><strong>adhuc</strong></span> <span class='ocrx_word' id='word_1_1176' title='bbox 2765 5216 2971 5275; x_wconf 78' lang='lat' dir='ltr'><strong>dicam?</strong></span> <span class='ocrx_word' id='word_1_1177' title='bbox 2987 5216 3070 5273; x_wconf 86' lang='lat' dir='ltr'><strong>Tu</strong></span> <span class='ocrx_word' id='word_1_1178' title='bbox 3085 5230 3170 5283; x_wconf 83' lang='lat' dir='ltr'><strong>es,</strong></span> <span class='ocrx_word' id='word_1_1179' title='bbox 3182 5212 3425 5279; x_wconf 88' lang='lat' dir='ltr'><strong>Domine,</strong></span> <span class='ocrx_word' id='word_1_1180' title='bbox 3443 5210 3586 5265; x_wconf 77' lang='lat' dir='ltr'><strong>Deus</strong></span> 
     </span>
    </p>
   </div>
   <div class='ocr_carea' id='block_1_150' title="bbox 2002 5311 3283 5352">
    <p class='ocr_par' dir='ltr' id='par_1_150' title="bbox 2002 5311 3283 5352">
     <span class='ocr_line' id='line_1_152' title="bbox 2002 5311 3283 5352; baseline -0.011 -1"><span class='ocrx_word' id='word_1_1181' title='bbox 2002 5311 2175 5352; x_wconf 87' lang='lat' dir='ltr'><strong>meus.</strong></span> <span class='ocrx_word' id='word_1_1182' title='bbox 3282 5334 3283 5337; x_wconf 47' lang='grc' dir='ltr'><strong>η</strong></span> 
     </span>
    </p>
   </div>
   <div class='ocr_carea' id='block_1_151' title="bbox 2076 5347 3587 5423">
    <p class='ocr_par' dir='ltr' id='par_1_151' title="bbox 2076 5347 3587 5423">
     <span class='ocr_line' id='line_1_153' title="bbox 2076 5347 3587 5423; baseline -0.015 -2"><span class='ocrx_word' id='word_1_1183' title='bbox 2076 5347 2302 5423; x_wconf 45' lang='lat' dir='ltr'><strong>CAPUT</strong></span> <span class='ocrx_word' id='word_1_1184' title='bbox 2339 5365 2409 5421; x_wconf 83' lang='lat' dir='ltr'><strong>X.</strong></span> <span class='ocrx_word' id='word_1_1185' title='bbox 2438 5394 2509 5406; x_wconf 94' lang='lat'><strong>—</strong></span> <span class='ocrx_word' id='word_1_1186' title='bbox 2532 5362 2613 5417; x_wconf 85' lang='lat' dir='ltr'><strong>De</strong></span> <span class='ocrx_word' id='word_1_1187' title='bbox 2642 5360 2735 5415; x_wconf 87' lang='lat' dir='ltr'><strong>Dei</strong></span> <span class='ocrx_word' id='word_1_1188' title='bbox 2760 5360 2894 5414; x_wconf 82' lang='lat' dir='ltr'><strong>circa</strong></span> <span class='ocrx_word' id='word_1_1189' title='bbox 2933 5375 3028 5414; x_wconf 74' lang='lat' dir='ltr'><strong>nos</strong></span> <span class='ocrx_word' id='word_1_1190' title='bbox 3046 5351 3407 5413; x_wconf 74' lang='lat' dir='ltr'><strong>sollicitudine.</strong></span> <span class='ocrx_word' id='word_1_1191' title='bbox 3440 5347 3587 5402; x_wconf 76' lang='lat' dir='ltr'><strong>Pra-</strong></span> 
     </span>
    </p>
   </div>
   <div class='ocr_carea' id='block_1_152' title="bbox 2007 5424 3587 5509">
    <p class='ocr_par' dir='ltr' id='par_1_152' title="bbox 2007 5424 3587 5509">
     <span class='ocr_line' id='line_1_154' title="bbox 2007 5424 3587 5509; baseline -0.011 -15"><span class='ocrx_word' id='word_1_1192' title='bbox 2007 5440 2166 5494; x_wconf 76' lang='lat' dir='ltr'><strong>semia</strong></span> <span class='ocrx_word' id='word_1_1193' title='bbox 2185 5440 2296 5509; x_wconf 78' lang='lat' dir='ltr'><strong>ejus</strong></span> <span class='ocrx_word' id='word_1_1194' title='bbox 2315 5436 2437 5507; x_wconf 83' lang='lat' dir='ltr'><strong>quid</strong></span> <span class='ocrx_word' id='word_1_1195' title='bbox 2470 5436 2526 5489; x_wconf 82' lang='lat' dir='ltr'><strong>in</strong></span> <span class='ocrx_word' id='word_1_1196' title='bbox 2549 5442 2754 5488; x_wconf 76' lang='lat' dir='ltr'><strong>auctore</strong></span> <span class='ocrx_word' id='word_1_1197' title='bbox 2776 5430 2975 5502; x_wconf 59' lang='lat' dir='ltr'><strong>eﬁciat.</strong></span> <span class='ocrx_word' id='word_1_1198' title='bbox 3004 5428 3161 5485; x_wconf 70' lang='lat' dir='ltr'><strong>Multa</strong></span> <span class='ocrx_word' id='word_1_1199' title='bbox 3186 5435 3243 5483; x_wconf 79' lang='lat' dir='ltr'><strong>et</strong></span> <span class='ocrx_word' id='word_1_1200' title='bbox 3279 5424 3587 5482; x_wconf 85' lang='lat' dir='ltr'><strong>innumera-</strong></span> 
     </span>
    </p>
   </div>
   <div class='ocr_carea' id='block_1_153' title="bbox 2074 5642 3317 5752">
    <p class='ocr_par' dir='ltr' id='par_1_153' title="bbox 2074 5642 3317 5752">
     <span class='ocr_line' id='line_1_155' title="bbox 2074 5642 3317 5752; baseline -0.006 -49"><span class='ocrx_word' id='word_1_1201' title='bbox 2074 5659 2095 5752; x_wconf 62' lang='lat'>:</span> <span class='ocrx_word' id='word_1_1202' title='bbox 2127 5663 2273 5752; x_wconf 55' lang='lat' dir='ltr'><strong>[ilices</strong></span> <span class='ocrx_word' id='word_1_1203' title='bbox 2292 5652 2549 5720; x_wconf 76' lang='lat' dir='ltr'><strong>restitutus</strong></span> <span class='ocrx_word' id='word_1_1204' title='bbox 2566 5661 2628 5699; x_wconf 79' lang='lat' dir='ltr'><strong>ex</strong></span> <span class='ocrx_word' id='word_1_1205' title='bbox 2653 5655 2856 5710; x_wconf 79' lang='lat' dir='ltr'><strong>augoue</strong></span> <span class='ocrx_word' id='word_1_1206' title='bbox 2879 5651 2932 5696; x_wconf 88' lang='lat' dir='ltr'><strong>et</strong></span> <span class='ocrx_word' id='word_1_1207' title='bbox 2954 5657 3020 5697; x_wconf 80' lang='lat' dir='ltr'><strong>ex</strong></span> <span class='ocrx_word' id='word_1_1208' title='bbox 3042 5650 3124 5695; x_wconf 73' lang='lat' dir='ltr'><strong>tis.</strong></span> <span class='ocrx_word' id='word_1_1209' title='bbox 3150 5642 3317 5708; x_wconf 76' lang='lat' dir='ltr'><strong>Regio.</strong></span> 
     </span>
     <span class='ocr_line' id='line_1_156' title="bbox 2134 5725 2478 5752; baseline 0 0"><span class='ocrx_word' id='word_1_1210' title='bbox 2134 5728 2154 5752; x_wconf 80' lang='grc' dir='ltr'><strong>Δ</strong></span> <span class='ocrx_word' id='word_1_1211' title='bbox 2183 5730 2264 5752; x_wconf 64' lang='lat' dir='ltr'><strong>HIC-</strong></span> <span class='ocrx_word' id='word_1_1212' title='bbox 2290 5727 2384 5752; x_wconf 82' lang='lat' dir='ltr'><strong>nm</strong></span> <span class='ocrx_word' id='word_1_1213' title='bbox 2401 5725 2478 5752; x_wconf 63' lang='lat' dir='ltr'><strong>me-</strong></span> 
     </span>
    </p>
   </div>
   <div class='ocr_carea' id='block_1_154' title="bbox 2074 5718 2894 5841">
    <p class='ocr_par' dir='ltr' id='par_1_154' title="bbox 2074 5718 2894 5841">
     <span class='ocr_line' id='line_1_157' title="bbox 2074 5718 2478 5777; baseline -0.012 -12"><span class='ocrx_word' id='word_1_1214' title='bbox 2074 5723 2095 5752; x_wconf 74' lang='grc' dir='ltr'><strong>ι</strong></span> <span class='ocrx_word' id='word_1_1215' title='bbox 2129 5718 2267 5772; x_wconf 71' lang='lat' dir='ltr'><strong>Alias,</strong></span> <span class='ocrx_word' id='word_1_1216' title='bbox 2290 5718 2478 5777; x_wconf 67' lang='lat' dir='ltr'><strong>gmina.</strong></span> 
     </span>
     <span class='ocr_line' id='line_1_158' title="bbox 2074 5770 2894 5841; baseline -0.007 -12"><span class='ocrx_word' id='word_1_1217' title='bbox 2074 5783 2095 5815; x_wconf 83' lang='grc'><strong><em>³</em></strong></span> <span class='ocrx_word' id='word_1_1218' title='bbox 2126 5779 2267 5841; x_wconf 72' lang='lat' dir='ltr'><strong>Alias,</strong></span> <span class='ocrx_word' id='word_1_1219' title='bbox 2288 5774 2551 5840; x_wconf 74' lang='lat' dir='ltr'><strong>profectum</strong></span> <span class='ocrx_word' id='word_1_1220' title='bbox 2569 5770 2623 5828; x_wconf 82' lang='lat' dir='ltr'><strong>in</strong></span> <span class='ocrx_word' id='word_1_1221' title='bbox 2641 5770 2894 5836; x_wconf 71' lang='lat' dir='ltr'><strong>conceptis.</strong></span> 
     </span>
    </p>
   </div>
  </div>
