4094 6342
485 481 614 538 bilia
640 481 780 552 bona
807 477 980 552 fecisti
1009 475 1162 544 mihi,
1192 475 1417 552 Domine
1439 473 1576 529 Deus
1599 485 1771 552 meus,
1795 470 1862 552 de
1877 468 2072 540 quibus

486 551 616 606 mihi
640 551 795 606 dulce
817 549 919 603 erit
937 563 1150 616 semper
1170 547 1420 614 cogitare,
1439 559 1653 612 semper
1675 544 2072 616 loqui,_semper

487 623 685 692 gratias
713 629 979 692 agere,_ut
1004 613 1291 692 te:la_ud'ein
1323 624 1375 692 et
1400 631 1572 668 amem
1597 629 1692 682 pro
1713 613 1958 692 omnibus
1982 614 2072 666 be-

487 683 692 748 neﬁciis
723 683 842 744 tuis.
878 690 1015 744 Ecce
1055 689 1236 749 habes,
1266 687 1441 740 anima
1483 701 1618 748 mea,
1646 683 1858 738 arrham
1891 692 2066 746 tuam;

487 772 544 818 et
577 764 626 816 in
655 762 810 834 arrha
844 770 931 814 tua
961 759 1236 834 cognoscis
1263 771 1516 834 Sponsum
1549 764 1717 808 tuum.
1750 755 2069 834 .Servaergo

488 843 541 888 te
581 834 656 886 illi
701 833 972 895 intactam,
1002 825 1151 884 serva
1189 828 1542 895 impollutam,
1575 839 1725 878 serva
1754 825 2069 895 incontami-

488 915 690 964 natam,
720 919 868 956 serva
899 893 1175 966 integram.
1219 893 1276 952 Si
1304 899 1429 951 olim
1481 896 1732 948 meretrix
1760 894 1922 956 fuisti,
1956 893 2066 966 jam

487 977 637 1043 virgo
664 974 798 1026 facta
826 988 884 1026 es
918 991 929 1024 :
955 969 1402 1043 quemadmodum
1430 983 1591 1043 amor
1629 966 1769 1043 illius
1797 965 2068 1043 consuevit

488 1036 751 1111 corruptis
778 1036 1127 1116 integritatem
1158 1040 1400 1102 reddere,
1427 1040 1442 1068 ¹
1466 1047 1519 1091 ct
1540 1036 1754 1104 integris
1774 1037 2068 1116 castiuttem

489 1107 726 1170 servare.
769 1107 992 1180 Semper
1038 1120 1206 1180 cogita
1259 1119 1507 1180 quantam
1553 1119 1722 1160 tecum
1764 1107 2068 1180 misericor-

489 1186 632 1238 diam
665 1185 786 1238 fecit
820 1201 831 1234 :
865 1176 920 1236 et
947 1185 995 1234 in
1027 1176 1127 1234 hoc
1169 1176 1434 1248 perpende
1461 1188 1732 1248 quantum
1755 1177 1819 1231 ab
1847 1178 1961 1248 ipso
1989 1176 2070 1230 di-

489 1256 688 1322 liget'is,
721 1253 859 1322 quod
886 1253 1002 1320 ejus
1033 1245 1361 1322 beneﬁcium,
1389 1245 1656 1318 nunquam
1703 1247 1794 1322 libi
1836 1245 2070 1322 defuisse

487 1319 782 1393 cognoscis.
829 1319 927 1378 Siti
956 1332 1100 1376 cel‘lc
1128 1321 1491 1393 mlhi'Vldﬂ"?
1510 1361 1526 1393 ι
1551 1333 1670 1371 cum
1701 1320 1815 1393 eius
1843 1319 2068 1393 "ﬁse-Ita:

487 1387 659 1448 tiones
687 1397 826 1449 circa
859 1410 942 1447 me
970 1392 1204 1456 attendo,
1236 1392 1396 1460 quod,
1431 1390 1473 1442 si
1503 1388 1580 1442 fas
1603 1389 1901 1460 estdicere,
1936 1387 2068 1460 nihil

487 1466 629 1520 aliud
658 1475 777 1533 agat
807 1466 962 1528 Deus,
1004 1464 1102 1516 nisi
1137 1474 1190 1515 ut
1221 1459 1351 1516 mete
1392 1461 1549 1514 saluti
1581 1459 1890 1533 provideat:
1918 1466 1970 1512 et
1999 1459 2068 1533 ita

489 1546 658 1588 totum
693 1529 772 1589 .ad
817 1534 1111 1588 custodiant
1171 1535 1271 1585 mei
1323 1540 1635 1598 occupatum
1693 1529 1864 1595 video,
1916 1529 2068 1595 quasi

487 1607 724 1660 omnium
757 1607 950 1658 oblitus
976 1607 1062 1666 sit,
1099 1613 1150 1656 et
1188 1603 1314 1656 mihi
1352 1603 1448 1655 soli
1505 1616 1693 1655 vacare
1719 1601 1862 1654 velit.
1912 1599 2068 1654 Se'm-

486 1692 584 1745 per
622 1686 933 1744 praesentem
977 1675 1102 1728 mihi
1150 1688 1210 1728 se
1243 1673 1456 1728 exhibet
1490 1673 1660 1737 Deus,
1688 1685 1912 1739 semper
1973 1685 2068 1738 pa-

487 1759 662 1800 ratum
719 1761 776 1800 se
826 1747 981 1800 offert
1013 1763 1024 1798 :
1059 1759 1392 1814 quocumque
1443 1760 1528 1798 me
1581 1752 1821 1814 vertero,
1849 1755 1935 1814 me
1960 1756 2068 1814 non

486 1816 716 1880 deserit;
773 1810 1089 1884 ubicumque
1134 1810 1320 1880 fuero,
1367 1829 1470 1869 non
1524 1811 1757 1874 recedit;
1815 1810 2067 1884 quidquid

487 1901 666 1956 egero,
703 1889 898 1954 pariter
925 1886 1126 1942 assistit
1153 1927 1168 1947 ,
1191 1897 1244 1939 et
1265 1885 1402 1954 quod
1430 1885 1639 1939 tandem
1666 1883 1870 1937 cunctis
1899 1884 2066 1956 actio-

484 1952 643 2010 nibus
678 1952 811 2011 meis
847 1970 1132 2026 perpetuus
1169 1952 1454 2023 inspector,
1487 1962 1822 2026 etquantum
1864 1952 1930 2006 ad
1972 1953 2069 2006 ho-

485 2027 706 2080 nitatem
753 2042 901 2081 suam
937 2025 1184 2096 pertinet,
1215 2027 1366 2094 quasi
1407 2025 1708 2080 individuus
1750 2031 2067 2096 cooperat_or

484 2099 720 2163 assistat,
755 2099 868 2166 ipso
893 2093 1071 2166 operis
1093 2101 1172 2150 sui
1197 2093 1388 2151 eifectu
1418 2104 1662 2165 patenter
1691 2093 1941 2166 ostendit.
1985 2093 2065 2166 Ex

484 2184 590 2235 quo
616 2163 824 2223 constat
861 2163 1000 2238 quod
1047 2170 1166 2222 licet
1213 2167 1374 2222 facies
1400 2163 1516 2234 ejus
1543 2181 1573 2218 a
1605 2166 1758 2238 nobis
1783 2163 1954 2218 adhuc
1985 2165 2065 2218 vi-

483 2238 598 2314 deri
641 2254 746 2314 non
780 2236 966 2314 pos_Sit_,
996 2254 1262 2314 nunquam
1288 2237 1658 2314 tamenpossit
1686 2236 2066 2314 ejus_pr:esc_n-

485 2311 558 2362 tia
607 2304 815 2362 evitari.
858 2308 964 2362 Sed
1002 2304 1135 2377 quid
1165 2318 1248 2365 est
1287 2307 1413 2360 illud
1452 2306 1640 2371 dulce,
1683 2304 1822 2377 quod
1865 2304 1918 2356 in
1949 2304 2064 2372 ejus

485 2379 852 2432 recordatione
888 2394 974 2432 me
1003 2375 1218 2449 tangere
1266 2379 1420 2449 solet,
1474 2385 1529 2430 et
1572 2385 1678 2429 tam
1720 2375 2066 2449 vehementer

483 2457 642 2518 atque
671 2451 904 2526 suaviter
925 2443 1140 2526 afficere
1173 2468 1186 2503 :
1219 2456 1275 2502 ut
1311 2447 1420 2526 jam
1452 2455 1563 2502 tota
1597 2445 1824 2526 quodam
1847 2443 2064 2526 medea

483 2515 802 2586 mémetipso
831 2519 1140 2584 abalienari,
1169 2527 1221 2572 et
1251 2515 1431 2572 nescio
1468 2531 1575 2587 quo
1597 2515 1623 2581 ,’
1663 2515 1897 2570 abstrahi
1929 2515 2065 2587 inci-

481 2588 665 2658 piam?
691 2585 879 2644 Subito
905 2599 1013 2645 tota
1041 2591 1262 2643 innovor
1298 2597 1351 2642 et
1391 2585 1503 2641 tota
1545 2586 1816 2658 immatur,
1847 2585 2066 2658 et_ben_e

481 2654 612 2712 inihi
643 2675 764 2714 esse
803 2661 987 2729 incipit
1017 2660 1148 2713 ultra
1195 2674 1353 2728 quam
1383 2658 1562 2712 dicere
1589 2656 1867 2729 sufficiam.
1898 2654 2063 2709 Exhi-

482 2729 685 2783 laratur
710 2727 1053 2795 conscientia,
1074 2731 1124 2784 in
1143 2727 1462 2784 oblivionem
1487 2727 1818 2783 venitomnis
1839 2736 2063 2795 praeter-

480 2800 676 2852 itorum
721 2801 962 2854 dolorum
993 2801 1225 2866 miseria,
1258 2800 1486 2856 exsultat
1529 2799 1772 2860 animus,
1819 2798 2065 2852 clarescit

481 2870 805 2932 intellectus,
859 2886 950 2925 cor
1002 2871 1348 2937 illuminatur,
1393 2869 1653 2924 desideria
1679 2867 2058 2937 jucundantur.

480 2939 705 3008 Jamque
733 2941 856 2994 alibi
882 2982 896 3006 ,
942 2943 1124 2996 nescio
1154 2943 1262 3006 ubi,
1294 2955 1380 2994 me
1409 2955 1527 2994 esse
1557 2939 1712 2993 video
1734 2980 1749 3002 ,
1805 2948 1859 2993 et
1910 2939 2061 3008 quasi

480 3009 734 3082 quiddam
753 3081 758 3082 ί
780 3012 1110 3082 amplexibus
1149 3011 1346 3082 amoris
1376 3011 1516 3064 intus
1545 3019 1705 3065 teneo
1727 3051 1744 3076 ,
1798 3019 1852 3064 et
1881 3010 2064 3065 nescio

480 3080 607 3149 quid
637 3081 764 3135 illud
789 3080 894 3136 sit}
922 3092 976 3136 et
998 3093 1171 3136 tamen
1199 3081 1328 3136 illud
1356 3082 1586 3135 retinere
1613 3095 1825 3149 semper
1846 3088 1900 3134 et
1925 3095 2063 3134 nun-

480 3167 640 3220 quam
673 3152 894 3221 perdere
945 3162 1056 3207 toto
1106 3153 1223 3206 nisu
1271 3152 1474 3206 laboro.
1531 3151 1789 3207 Luctator
1830 3151 2060 3220 quodam

479 3222 642 3275 modo
693 3223 1079 3277 delectabiliter
1129 3225 1302 3278 anima
1358 3236 1424 3276 ne
1470 3222 1687 3277 recedat
1723 3221 1791 3275 ab
1825 3236 1890 3274 eo
1919 3221 2062 3290 quod

478 3306 694 3360 semper
719 3294 963 3362 amplecti
993 3295 1260 3349 desiderat
1287 3312 1300 3347 :
1333 3302 1388 3348 et
1415 3293 1565 3361 quasi
1610 3293 1660 3346 in
1704 3293 1794 3346 illo
1822 3293 2062 3362 omnium

478 3361 866 3417 desideriorum
895 3364 1050 3418 finem
1081 3365 1358 3427 invenerit,
1389 3379 1598 3418 summe
1623 3370 1678 3416 et
1720 3361 2062 3417 ineli‘abiliter

479 3433 729 3496 exsultat,
760 3433 892 3488 nihil
923 3435 1152 3504 amplius
1170 3450 1438 3504 quterens,
1469 3434 1598 3487 nihil
1624 3433 1756 3486 ultra
1777 3443 2058 3504 appetens,

477 3518 694 3574 semper
745 3506 821 3558 sic
866 3521 986 3560 esse
1013 3503 1216 3560 volens.
1261 3505 1522 3574 Numquid
1566 3505 1653 3558 ille
1685 3511 1768 3557 est
1794 3503 2060 3574 dilectus?

480 3573 620 3628 Vere
647 3575 732 3628 ille
755 3584 836 3629 est
866 3575 1120 3629 Dominus
1144 3591 1295 3630 meus
1324 3573 1620 3644 qui’visitat
1646 3590 1731 3628 me
1761 3592 1774 3626 :
1799 3573 1892 3627 sed
1917 3577 2062 3630 venit

477 3645 778 3710 invisibilis,
813 3646 956 3699 venit
984 3647 1244 3713 occultus,
1285 3645 1429 3700 venit
1480 3645 2056 3714 incomprehensibilis.

477 3714 639 3769 Venit
679 3725 734 3769 ut
765 3725 941 3785 tangat
983 3733 1088 3784 me,
1130 3733 1235 3771 non
1264 3727 1320 3768 ut
1353 3715 1596 3769 videatur
1621 3731 1650 3768 a
1678 3731 1795 3780 me;
1836 3717 1980 3769 venit
2005 3726 2062 3770 ut

476 3785 762 3840 admoneat
784 3801 886 3846 me,
913 3801 1017 3840 non
1047 3798 1103 3840 ut
1131 3785 1614 3855 comprehendatur
1638 3801 1667 3839 a
1691 3801 1795 3850 me;
1825 3787 1971 3842 venit
1998 3793 2058 3840 ut

481 3873 586 3910 non
617 3864 781 3910 totum
810 3857 1053 3913 infundat
1079 3873 1157 3924 se,
1185 3857 1278 3913 sed
1306 3856 1697 3926 utgustandum
1723 3857 1958 3926 praebeat
1977 3871 2056 3922 se;

478 3935 689 3996 nonut
736 3928 952 3996 impleat
991 3928 1310 3983 desiderium
1337 3969 1352 3993 ,
1403 3943 1507 3981 non
1571 3936 1630 3982 ut
1677 3927 2057 3996 plenitudinem

479 3995 728 4068 exhibeat
756 3995 865 4051 suie
917 3999 1162 4067 perfectae
1201 3999 1478 4052 salit-tatis.
1524 3998 1592 4052 Et
1646 3995 1746 4052 hoc
1792 4008 1874 4052 est
1917 3999 2059 4068 quod

477 4067 709 4138 maxime
733 4069 959 4138 pertinet
976 4069 1040 4122 ad
1062 4070 1272 4122 arrham
1297 4069 1725 4136 desponsationis
1753 4068 1866 4132 ejus
1885 4085 1898 4120 :
1917 4067 2059 4138 quod

480 4137 570 4207 ille
596 4137 682 4207 qui
713 4138 762 4189 in
791 4137 966 4190 futuro
995 4153 1052 4192 se
1083 4139 1174 4192 tibi
1205 4139 1490 4192 videndum
1517 4149 1570 4191 et
1600 4148 1857 4207 perpetuo
1889 4137 2059 4206 passi-

479 4206 713 4260 dendutn
741 4207 904 4270 dabit,
932 4224 1070 4261 nunc
1093 4209 1269 4275 aliquo
1300 4209 1457 4261 modo
1497 4217 1554 4261 ut
1588 4206 1748 4275 quam
1789 4207 1960 4262 dulcis
1988 4210 2060 4264 sit

479 4291 768 4348 agnoscas,
788 4292 852 4348 se
871 4278 967 4348 tibi
997 4278 1062 4332 ad
1089 4278 1402 4346 gustandum
1433 4279 1634 4347 praebet
1656 4279 1749 4348 (a).

442 4367 444 4369 '
519 4345 532 4347 θ
550 4345 635 4402 CA
647 4347 777 4402 PUT
816 4347 906 4401 XI.
945 4347 1017 4401 De
1044 4345 1247 4402 munere
1273 4351 1385 4402 vita:
1411 4345 1464 4402 in
1490 4359 1605 4403 ortu
1629 4345 1854 4404 seruata.
1884 4350 1961 4404 De
1976 4350 2060 4406 in-

481 4417 972 4492 dultissensiltilibus
995 4419 1422 4492 oblectationibus.
1479 4418 1553 4492 De
1592 4421 1706 4474 aliis
1759 4424 2058 4492 prwrogati-

479 4489 572 4561 vis.
609 4487 684 4558 (ὁ)
716 4489 928 4542 Multum
962 4491 1118 4559 igitur
1148 4490 1290 4544 Deus
1329 4500 1447 4561 tuus
1472 4487 1770 4560 diligendus
1813 4505 1893 4546 est
1920 4487 2014 4547 tibi
2039 4535 2056 4561 ,

478 4559 563 4634 cui
615 4569 756 4612 tanta
797 4561 1051 4634 beneficia
1091 4563 1331 4634 contulit.
1375 4560 1444 4617 Ut
1496 4559 1671 4634 autem
1716 4564 1914 4634 amoris
1940 4559 2059 4634 ejus

478 4629 691 4704 flamma
732 4630 967 4704 _amplius
1013 4629 1324 4704 accendaris
1349 4651 1362 4686 :
1391 4633 1668 4704 considera
1697 4629 1991 4704 diligenter,
2025 4651 2059 4690 ο

477 4701 676 4773 anima,
701 4701 743 4753 si
775 4711 968 4773 praeter
992 4703 1076 4756 illa
1095 4719 1213 4769 quae
1241 4718 1402 4770 supra
1426 4702 1566 4756 dicta
1593 4714 1736 4766 sunt,
1763 4701 1936 4773 aliqua
1963 4706 2058 4760 tibi

479 4772 764 4843 contulerit
808 4771 1081 4827 beneficia.
1115 4773 1244 4828 Cum
1286 4789 1413 4843 ergo
1465 4789 1582 4842 quae
1637 4775 1719 4827 hic
1767 4771 2057 4830 memorata

478 4852 603 4914 sont
631 4842 767 4895 bona
793 4843 883 4896 tibi
909 4843 1062 4914 vides
1091 4843 1303 4909 collata,
1333 4842 1556 4914 multum
1576 4845 1624 4898 ei
1651 4859 1680 4896 a
1702 4859 1806 4914 quo
1827 4847 1918 4899 tibi
1944 4847 2058 4900 ha-c

479 4912 668 4984 collata
715 4923 839 4966 sunt
889 4913 1052 4968 debes
1091 4915 1355 4984 gratiosus
1383 4923 1436 4984 et
1469 4913 1693 4968 devotus
1722 4912 1971 4979 existere,
2005 4926 2061 4971 et

476 4983 674 5049 gratias
702 4998 866 5052 agens
894 4984 1075 5038 dicere
1103 4983 1116 5038 ὲ
1148 4983 1312 5038 Valde
1337 4983 1464 5039 mihi
1487 4985 1788 5054 diligendus
1813 4996 1896 5041 est
1915 4987 2058 5042 Deus

475 5065 651 5123 meus,
684 5056 772 5121 qui
802 5055 938 5108 bene
961 5063 1116 5108 utens
1141 5055 1279 5108 malo
1300 5064 1577 5123 parentum
1617 5070 1880 5122 meorum,
1909 5073 2063 5122 crea—,

476 5122 556 5196 vit
585 5139 670 5196 me
695 5123 762 5178 de
789 5140 950 5196 carne
980 5125 1211 5191 illorum,
1243 5122 1601 5196 etinspiravit
1626 5126 1678 5196 in
1709 5141 1795 5179 me
1823 5129 2061 5196 spiracu-

476 5192 598 5267 ium
616 5193 769 5260 vitai;
796 5195 1114 5267 discernens
1139 5211 1224 5267 me
1245 5197 1312 5248 ab
1335 5192 1436 5248 illis
1457 5195 1544 5262 qui
1573 5195 1655 5250 vel
1683 5192 1904 5250 abortivi
1935 5214 2060 5267 pro-

472 5261 604 5333 iecti
627 5274 749 5319 sunt
765 5265 832 5318 ab
849 5275 1020 5330 utero,
1038 5266 1123 5322 vel
1149 5266 1284 5320 intra
1314 5275 1552 5319 materna
1575 5267 1775 5320 viscera
1797 5261 2056 5335 suffocati,

474 5348 652 5409 ptente
677 5335 922 5409 videntur
949 5338 1214 5406 concepti,
1261 5351 1366 5390 non
1407 5337 1559 5409 vitae.
1591 5337 1785 5409 Accepi
1829 5354 1956 5409 ergo
2000 5349 2060 5396 ut

476 5405 601 5480 sint,
630 5407 808 5480 accepi
839 5415 896 5460 ut
926 5409 1085 5461 homo
1121 5405 1228 5462 isim
1251 5448 1267 5468 ,
1313 5406 1504 5480 accepi
1548 5405 1913 5480 intelleCtum,
1954 5426 2059 5480 quo

477 5474 688 5549 intersit
713 5474 854 5549 inter
881 5493 968 5533 me
994 5486 1050 5533 et
1076 5493 1257 5549 pecus.
1296 5474 1492 5547 Accepi
1521 5479 1762 5548 corporis
1790 5474 2014 5534 formam
2040 5521 2058 5548 ,

478 5546 658 5615 accepi
709 5547 760 5601 in
808 5562 1032 5619 corpore
1076 5546 1476 5606 distinctionem
1541 5546 1828 5618 sensuum;
1879 5546 2062 5608 oculos

596 5638 747 5698 Adde,
771 5639 855 5690 ita.

540 5699 618 5766 (α’)
644 5709 882 5766 Hactenus
902 5704 1116 5766 Hugonis
1137 5705 1284 5754 verba
1309 5705 1373 5754 de
1399 5703 1546 5766 Arrha
1563 5705 1754 5753 animae.

463 5763 704 5880 ξι
721 5764 930 5818 Anselmi
954 5763 1114 5819 Medii.
1134 5767 1224 5832 16;
1247 5769 1514 5831 uug.vict.,
1531 5765 1647 5819 Iib.7
1664 5765 2058 5837 Erudit.didasc.,
2087 5806 2092 5812 ς

462 5837 585 5889 ,cap.
603 5837 678 5881 ιθ.

1940 346 2307 410 APPENDIX.

3659 353 3774 414 856

2178 467 2244 522 ad
2276 467 2562 524 videndum
2587 509 2602 534 ,
2633 481 2789 526 aures
2837 468 2903 525 ad
2941 469 3292 540 audiendum,
3345 484 3506 529 nares
3553 469 3628 529 ad
3669 474 3770 532 od-

2178 540 2460 615 orandum,
2501 555 2690 615 manus
2719 540 2794 615 _ad
2815 542 3248 615 contrectandum
3267 583 3290 615 ,ί
3309 543 3542 611 palatum
3573 544 3640 599 ad
3667 562 3771 615 gu-

2176 611 2445 675 standum,
2471 611 2640 683 pedes
2669 611 2738 666 ad
2771 613 3172 683 ambulandum,
3217 614 3549 683 salutemque
3593 611 3768 682 ipsam

2176 683 2432 749 Corporis.
2467 681 2710 752 Magnum
2760 682 2855 736 fuit
2895 693 2948 737 et
2996 683 3096 737 hoc
3119 725 3135 749 ,
3183 684 3326 752 quod
3357 685 3422 738 ad
3451 681 3766 741 earumdem

2175 765 2426 822 sensuum
2472 769 2710 806 meorum
2745 753 3134 808 oblectamenta
3161 755 3364 822 singula
3378 755 3623 809 sensibus
3647 759 3768 811 sin-

2172 821 2312 894 gulis
2339 823 2707 876 convenientia
2754 825 2952 878 creavit
2995 824 3154 891 Deus,
3185 821 3348 877 multa
3381 825 3600 894 pulchre
3627 841 3768 882 con-

2175 893 2438 960 venientia
2468 903 2519 948 et
2552 894 2800 958 lucentia,
2853 909 3046 948 canore
3083 893 3394 958 mulcentia,
3417 912 3578 950 suave
3607 899 3769 952 olen-

2177 962 2266 1027 tia,
2315 963 2470 1017 dulce
2499 965 2776 1027 sapientia,
2815 966 2971 1020 tactui
3017 965 3296 1031 placentia.
3347 966 3427 1020 0b
3475 966 3575 1021 hoc
3619 970 3770 1023 enim

2173 1034 2501 1106 providentia
2547 1034 2815 1088 Creatoris
2855 1045 2960 1088 tam
3003 1036 3244 1090 diversas
3282 1038 3566 1106 qualitates
3598 1039 3772 1095 rebus

2173 1103 2382 1168 indidit,
2416 1113 2472 1158 ut
2501 1121 2690 1158 omnes
2720 1120 2909 1159 sensus
2954 1106 3183 1159 hominis
3223 1103 3314 1160 sua
3365 1107 3763 1164 oblectamenta

2173 1173 2464 1246 inveniant.
2501 1175 2653 1230 Aliud
2681 1177 2822 1228 enim
2854 1179 3075 1245 percipit
3106 1176 3271 1239 visus,
3301 1178 3443 1230 aliud
3477 1179 3762 1246 odoratus,

2171 1245 2315 1298 aliud
2347 1247 2558 1299 auditus
2587 1289 2603 1312 ,
2654 1246 2796 1300 aliud
2848 1249 3113 1312 olfactus,
3156 1248 3296 1305 aliud
3347 1256 3568 1316 gustus,
3615 1245 3765 1306 aliud

2175 1323 2363 1368 tactus.
2401 1317 2579 1370 Visum
2627 1319 2793 1385 pascit
2836 1317 3170 1386 pulchritudo
3220 1317 3480 1384 colorum,
3523 1321 3768 1376 suavitas

2172 1387 2452 1441 cantilenas
2497 1387 2761 1442 demulcet
2803 1390 3059 1449 auditum,
3101 1388 3384 1458 fragrantia
3411 1389 3593 1443 odoris
3619 1389 3761 1444 olfa-

2172 1466 2336 1529 ctum,
2369 1458 2596 1512 dulcedo
2642 1460 2846 1527 saporis
2884 1469 3115 1529 gustum.
3153 1459 3219 1512 Et
3262 1459 3382 1529 quis
3407 1474 3595 1514 omnes
3619 1461 3761 1516 deli-

2172 1528 2281 1581 cias
2310 1542 2562 1584 sensuum
2588 1528 2902 1584 enumerare
2927 1531 3125 1598 queat?
3151 1528 3405 1597 qnaetam
3434 1532 3764 1598 multiplices

2171 1608 2294 1652 sunt
2327 1599 2379 1652 in
2417 1599 2657 1668 singulis,
2687 1610 2743 1653 ut
2771 1601 2814 1654 si
2841 1601 2958 1669 quis
2982 1601 3272 1668 quemlibet
3304 1616 3399 1669 per
3429 1616 3488 1656 se
3510 1603 3761 1658 conside-

2171 1676 2292 1740 ret,
2345 1669 2637 1740 quemlibet
2691 1686 2784 1739 per
2830 1686 2889 1726 se
2931 1671 3270 1739 singulariter
3310 1671 3532 1725 ditatum
3587 1683 3758 1740 putet.

2171 1737 2312 1804 Quot
2341 1737 2727 1794 oblectamenta
2767 1737 3039 1794 oculorum
3086 1741 3136 1794 in
3182 1741 3488 1796 diversitate
3512 1737 3759 1799 col—orum

2170 1820 2550 1875 monstramus,
2583 1820 2661 1864 tot
2702 1811 3089 1865 oblectamenta
3134 1813 3338 1866 aurimn
3367 1813 3420 1866 in
3445 1813 3760 1870 diversitate

2170 1873 2424 1934 sontﬁun
2451 1873 2729 1946 audimus;
2762 1881 2900 1936 inter
2923 1899 3038 1949 quae
3061 1882 3233 1950 prima
3273 1893 3397 1938 sunt
3429 1883 3602 1938 dulcia
3637 1899 3758 1940 ser-

2169 1964 2386 2004 monum
2416 1953 2757 2018 commercia,
2784 1952 2973 2021 quibus
3017 1953 3260 2007 homines
3285 1953 3349 2007 ad
3375 1954 3602 2008 invicem
3631 1971 3756 2010 suas

2168 2021 2469 2094 voluntates
2507 2023 3210 2094 communicant,prartcrita
3241 2034 3480 2089 narrant,
3514 2041 3754 2094 praesen-

2170 2091 2239 2144 tia
2268 2091 2523 2157 indicant,
2570 2091 2743 2146 futura
2785 2091 3048 2160 nuntiant,
3075 2095 3280 2148 occulta
3317 2091 3586 2156 revelant;
3619 2097 3755 2153 adeo

2169 2169 2228 2234 ut
2254 2163 2299 2215 si
2327 2173 2504 2234 careat
2526 2162 2618 2234 his
2644 2165 2749 2217 vita
2779 2163 3004 2218 humana
3022 2206 3036 2229 ,
3067 2165 3248 2218 bestiis
3269 2167 3645 2234 comparabilis
3666 2170 3752 2222 vi-

2167 2231 2376 2306 deatur.
2403 2232 2539 2300 Quid
2556 2243 2743 2306 autem
2766 2245 3056 2306 concentus
3073 2235 3253 2306 avium
3281 2277 3295 2300 ,
3327 2231 3454 2306 quid
3501 2237 3753 2294 humanae

2167 2304 2314 2356 vocis
2343 2306 2512 2358 melos
2547 2303 2860 2370 jucundum,
2896 2305 3022 2374 quid
3053 2305 3237 2361 dulces
3265 2303 3454 2361 modos
3489 2323 3750 2365 sonorum

2167 2374 2403 2445 omnium
2443 2375 2898 2429 commemorem?
2943 2377 3063 2445 quia
3110 2385 3215 2429 tam
3261 2377 3425 2431 multa
3462 2389 3586 2432 sunt
3618 2379 3752 2435 bar-

2167 2443 2360 2496 monia:
2383 2459 2602 2516 genera,
2636 2455 2692 2498 ut
2727 2461 2787 2499 ea
2827 2459 2927 2499 nec
2955 2443 3214 2515 cogitatus
3265 2462 3598 2516 percnrrere,
3651 2465 3752 2506 nec

2167 2526 2346 2567 sermo
2381 2515 2531 2570 lacile
2569 2516 2835 2584 explicare
2875 2517 3041 2584 possit
3091 2535 3103 2568 :
3146 2515 3279 2584 quae
3321 2527 3497 2573 tamen
3557 2530 3749 2576 cuncta

2165 2584 2368 2656 auditui
2401 2585 2639 2639 serviunt
2665 2627 2680 2648 ,
2711 2595 2766 2639 et
2805 2587 2856 2640 in
2883 2587 2996 2656 ejus
3038 2586 3256 2642 delicias
3282 2599 3460 2643 creata
3488 2601 3632 2645 sunt.
3659 2591 3752 2646 Sic

2165 2663 2247 2708 est
2290 2655 2356 2709 de
2393 2656 2590 2710 olfactu
2621 2673 2636 2710 ε
2665 2656 2861 2710 habent
2904 2655 3244 2730 thymiamata
3296 2659 3516 2714 odorem
3553 2675 3750 2730 suum,

2165 2733 2607 2797 etcuncta‘qua:
2649 2742 2866 2782 suavem
2903 2737 3154 2797 praestant
3180 2729 3401 2784 odorem
3428 2772 3444 2795 ,
3484 2739 3540 2786 et
3567 2729 3751 2789 dulces

2165 2795 2370 2861 Spirant
2404 2795 2618 2869 odores,
2647 2798 2860 2851 olfactui
2895 2795 3133 2853 Serviunt
3156 2840 3172 2859 ,
3199 2810 3254 2854 et
3297 2800 3348 2853 in
3389 2806 3504 2869 ejus
3529 2801 3752 2859 delicias

2165 2874 2367 2938 creata
2387 2877 2530 2920 sunt.
2563 2867 2767 2922 Eodem
2795 2869 2954 2923 modo
2991 2879 3178 2938 gustus
3205 2879 3260 2924 et
3285 2867 3454 2924 tactus
3480 2875 3622 2927 varia
3650 2873 3751 2929 ha-

2164 2936 2291 2990 bent
2321 2936 2730 3010 tibiectamenta,
2760 2955 2877 3010 qua:
2895 2955 2960 2993 ex
2982 2936 3328 2994 similitudine
3350 2942 3588 3010 priorum
3619 2947 3752 3002 satis

2165 3006 2420 3084 perpendi
2456 3021 2694 3075 possunt.
2727 3009 2969 3084 Magnum
3002 3019 3083 3084 est
3119 3006 3367 3084 certe‘et
3417 3011 3516 3067 hoc
3540 3054 3555 3078 ,
3607 3016 3753 3084 quod

2164 3093 2293 3131 sana
2318 3089 2371 3131 et
2407 3078 2609 3148 integra
2639 3079 2873 3133 membra
2905 3080 3105 3134 creavit
3125 3080 3253 3134 mihi
3279 3081 3446 3148 Deus;
3481 3100 3548 3139 ne
3573 3078 3751 3141 essent

2163 3149 2298 3221 meis
2327 3149 2501 3214 dolor,
2546 3150 2884 3218 opprobrium
2936 3151 3141 3206 alienis.
3189 3153 3382 3221 Accepi
3432 3155 3592 3209 etiam
3636 3171 3753 3211 am-

2163 3219 2323 3296 plius,
2356 3229 2588 3274 mentem
2629 3221 2850 3296 scilicet,
2894 3237 3013 3289 qua:
3058 3219 3547 3296 possitintelligere
3572 3267 3587 3289 ,
3629 3241 3753 3296 qua:

2164 3290 2333 3364 possit
2357 3305 2550 3358 capere
2575 3291 2873 3364 veritatem,
2891 3308 3011 3362 qua:
3028 3290 3518 3364 possitijustum'ab
3549 3290 3750 3364 injtisto

2163 3357 2491 3425 discernere,
2523 3376 2640 3430 qua:
2669 3361 2836 3430 possit
2866 3357 3114 3428 indagare
3135 3405 3149 3424 ,
3181 3357 3492 3419 desiderare
3520 3357 3752 3422 Creato-

2162 3431 2544 3504 rem,_lautlare
2585 3441 2635 3485 et
2668 3433 2928 3504 inhaerere
2957 3433 3052 3487 illi.
3081 3434 3322 3504 Magnum
3350 3435 3512 3489 etiam
3539 3439 3753 3493 aestimo

2160 3500 2478 3573 beneficium
2500 3542 2514 3564 ,
2547 3501 2688 3571 quod
2717 3518 2784 3557 eo
2811 3514 3048 3573 tempore
3072 3514 3119 3557 et
3155 3500 3293 3559 inter
3317 3508 3454 3559 tales
3483 3521 3570 3560 me
3600 3509 3753 3564 nasci

2160 3571 2328 3624 voluit
2367 3572 2524 3637 Deus,
2567 3587 2662 3642 per
2686 3589 2819 3642 quos
2849 3571 2934 3627 ad'
2953 3574 3110 3630 ﬁdem
3149 3591 3298 3629 suam
3333 3585 3388 3631 et
3414 3588 3753 3633 sacramenta

2160 3642 2518 3710 pervenirem.
2565 3642 2732 3697 Video
2779 3645 3246 3701 innumerabilibus
3292 3647 3595 3702 hominibus
3647 3649 3753 3703 hoc

2159 3722 2430 3782 negatum,
2460 3713 2598 3782 quod
2650 3713 2779 3766 mihi
2807 3717 3044 3783 gratulor
3071 3731 3189 3771 esse
3229 3732 3538 3772 concessum
3575 3736 3588 3770 :
3621 3735 3750 3774 cum

2160 3784 2350 3851 quibus
2383 3795 2555 3836 tamen
2585 3785 2738 3838 nobis
2763 3794 2904 3839 esset
2936 3787 2951 3816 ¹
2981 3801 3082 3840 una
3113 3787 3365 3842 conditio.
3392 3789 3468 3842 Illi
3493 3788 3744 3843 tlereIicti

2161 3862 2286 3926 sunt
2318 3870 2411 3926 per
2433 3853 2717 3926 justitiam,
2749 3863 2804 3908 et
2831 3870 2930 3924 ego
2960 3867 3175 3911 vocatus
3209 3873 3324 3912 sum
3366 3872 3460 3926 per
3487 3861 3740 3924 gratiam.

2164 3923 2450 3996 Procedam
2479 3925 2673 3996 adhuc,
2715 3923 2885 3980 etiam
2928 3927 3138 3982 intuens
3185 3923 3385 3982 munus
3417 3923 3528 3996 ejus
3575 3928 3747 3986 fuisse

2159 3994 2300 4067 quod
2321 3995 2578 4067 educatus
2602 3995 2672 4049 ftti
2699 4011 2728 4050 a
2758 3997 3088 4064 parentibus;
3118 3997 3257 4067 quod
3284 4012 3370 4052 me
3395 3994 3608 4052 ﬂamma
3635 4015 3746 4056 non

2162 4063 2320 4136 laesit,
2353 4065 2492 4134 quod
2521 4081 2657 4134 aqua
2687 4063 2793 4120 non
2809 4063 3291 4136 -absorbuit,'quod
3330 4082 3436 4121 non
3464 4079 3687 4125 vexatus
3715 4086 3748 4125 a

2160 4134 2423 4208 daemone,
2454 4137 2594 4206 quod
2644 4153 2673 4189 a
2722 4137 2906 4208 bestiis
2955 4152 3058 4191 non
3105 4134 3413 4206 percussus,
3459 4139 3602 4208 quod
3634 4155 3748 4196 non

2161 4207 2455 4278 prteciipitio
2489 4216 2725 4272 necatus,
2758 4206 2899 4276 quod
2928 4223 3094 4276 usque
3123 4209 3189 4262 ad
3217 4206 3505 4278 congruam
3531 4219 3747 4266 :etatem

2161 4275 2215 4331 in
2243 4275 2346 4329 fide
2371 4277 2486 4344 ejus
2515 4289 2567 4329 et
2598 4278 2732 4330 bona
2761 4275 3034 4332 voluntate
3063 4294 3179 4333 sum
3208 4275 3458 4333 nutritus.

2231 4345 2454 4402 CAPUT
2496 4347 2607 4401 XII.
2662 4346 2738 4401 De
2782 4349 3156 4418 longanimitate
3194 4348 3307 4402 Dei.
3353 4348 3535 4404 Tribus
3585 4351 3749 4406 modis

2159 4434 2192 4472 α
2242 4419 2496 4487 peccando
2548 4434 2822 4473 servamnr.
2870 4419 2949 4472 De
2995 4419 3186 4490 Angela
3220 4419 3446 4490 custode.
3507 4421 3749 4476 Peccator

2160 4503 2357 4542 omnem
2399 4490 2450 4541 in
2493 4505 2546 4543 se
2581 4499 2862 4544 creaturam
2915 4489 3205 4544 commovet.
3259 4489 3423 4554 Quam
3477 4491 3749 4547 liberaliter

2159 4558 2386 4629 ignoscat
2435 4558 2587 4613 Deus.
2651 4559 2727 4630 (a)
2770 4560 3009 4630 Magnam
3057 4561 3250 4630 igitur,
3285 4561 3508 4616 Domine
3563 4563 3745 4628 Deus,

2160 4645 2284 4700 erga
2317 4645 2404 4684 me
2433 4631 2710 4685 ostendisti
2759 4632 3026 4698 pietatem.
3069 4635 3201 4684 Cum
3244 4641 3424 4686 autem
3453 4634 3508 4686 in
3542 4634 3748 4688 cunctis

2161 4701 2412 4771 operibus
2445 4701 2546 4754 luis
2573 4703 2647 4755 sis
2675 4701 2959 4764 mirabilis,
2990 4700 3278 4755 mirabilior
3301 4711 3478 4757 tamen
3508 4703 3747 4758 credetis

2162 4787 2281 4842 esse
2329 4771 2383 4824 in
2427 4773 2727 4842 visceribus
2771 4772 2981 4840 pietatis
3014 4789 3027 4826 :
3057 4772 3260 4826 nullum
3298 4772 3440 4826 enim
3487 4774 3698 4842 Speruis
3725 4813 3743 4840 ,

2163 4841 2362 4896 nullum
2391 4841 2575 4910 abjicis
2593 4884 2608 4905 ,
2637 4843 2900 4896 neminem
2929 4842 3291 4911 perhorrescis
3310 4885 3326 4908 ,
3361 4843 3461 4897 nisi
3490 4841 3578 4912 qui
3610 4844 3747 4899 forte

2163 4920 2216 4966 te
2239 4929 2426 4968 amens
2453 4913 2804 4968 exborruerit.
2843 4914 2986 4966 Dona
3019 4913 3176 4982 igitur
3207 4923 3292 4966 tua
3323 4922 3448 4968 sunt
3476 4913 3610 4978 Inec,
3643 4914 3749 4968 Do-

2165 4983 2337 5050 mine,
2372 4985 2500 5037 mibi
2531 5000 2558 5036 a
2590 4992 2641 5036 te
2669 4982 3084 5038 misericorditer
3113 4983 3336 5044 indulta,
3380 4984 3522 5053 quod
3556 5000 3646 5039 me
3692 4987 3748 5038 in

2161 5055 2413 5122 periculis
2441 5069 2584 5122 saepe
2612 5054 2952 5108 constitutum
2997 5054 3293 5110 clementer
3329 5054 3610 5122 eripuisti,
3650 5069 3751 5110 nec

2161 5139 2396 5194 unquam
2447 5139 2544 5193 pro
2599 5125 2828 5193 peccatis
2871 5127 3005 5179 meis
3049 5129 3336 5194 quominus
3378 5126 3748 5191 miserereris,

2164 5195 2304 5249 vinci
2333 5195 2546 5263 potuisti
2571 5211 2586 5260 ;
2614 5195 2834 5249 oblitum
2862 5196 2936 5250 tui
2964 5197 3029 5250 de
3056 5204 3107 5250 te
3131 5195 3471 5261 admonuisti,
3499 5211 3752 5252 aversum

2165 5279 2196 5320 a
2227 5275 2276 5320 te
2306 5266 2585 5330 revocasti,
2617 5268 2916 5322 venientem
2956 5267 3023 5322 ad
3069 5275 3120 5322 te
3167 5267 3395 5336 benigne
3423 5268 3751 5336 suscepisti,

2171 5337 2450 5407 ptenitenti
2477 5336 2738 5391 indulsisti
2769 5353 2873 5391 non
2904 5339 3076 5392 solum
3105 5352 3165 5392 ea
3195 5353 3315 5407 qua:
3343 5337 3588 5392 commisi
3623 5352 3754 5405 pec-

2166 5416 2306 5472 cata,
2364 5406 2456 5461 sed
2501 5409 2658 5462 etiam
2707 5423 2826 5478 qua:
2870 5417 2922 5462 te
2969 5406 3280 5478 protegente
3323 5423 3430 5464 non
3478 5408 3748 5462 commisi.

2167 5478 2552 5548 Quodcumque
2577 5478 2719 5534 enim
2749 5479 2871 5550 mali
2902 5489 3214 5550 protegente
3242 5489 3293 5533 te
3323 5493 3428 5550 non
3454 5479 3710 5550 commisi
3731 5515 3750 5542 ,

2169 5559 2337 5606 totmn
2367 5565 2397 5604 a
2423 5559 2476 5604 te
2505 5550 2782 5605 dimissum
2813 5548 3175 5620 deputandum
3212 5557 3317 5605 est.
3347 5548 3480 5604 Nam
3518 5551 3658 5604 sicut
3700 5549 3756 5602 in

2233 5643 2250 5673 ι
2289 5640 2418 5701 Apud
2441 5640 2734 5698 Anselmum,
2774 5647 2860 5690 est.

2231 5697 2400 5766 (a)-Ex
2427 5703 2604 5760 Medit.,
2629 5697 2732 5764 cap.
2757 5703 2819 5763 ‘2;
2858 5716 2920 5750 ex
2969 5709 3087 5766 tlug.
3130 5704 3268 5760 vict.,
3315 5703 3398 5766 lib.
3445 5701 3478 5749 '5
3514 5697 3580 5749 de
3623 5697 3754 5748 nodo

2167 5765 2350 5822 orandi,
2369 5777 2473 5826 cap.
2503 5767 2520 5812 1
2547 5765 2805 5828 ;Be_ruard.
2830 5765 3056 5828 sermo,
3097 5767 3148 5822 in
3181 5773 3311 5819 Dom.
3338 5765 3370 5816 6
3403 5771 3513 5828 post
3534 5770 3758 5820 PCRM.-

2165 5841 2217 5881 n.
2244 5828 2351 5892 1—4;
2373 5835 2494 5881 ctcx
2515 5826 2723 5882 anschni
2757 5826 2917 5883 Metlit.
2949 5827 3026 5881 16.
