4094 6342
327 381 429 452 85⁵7

318 489 485 575 muita
510 520 728 586 peccata
750 509 964 586 cecidi;
1010 507 1175 586 s_i_c._et
1210 504 1262 560 in
1290 502 1457 586 multo
1486 505 1658 586 plura,
1690 505 1902 586 nisime

317 576 613 652 servasses,
654 582 986 639 cecidissem.
1021 577 1422 652 Tribus__autem
1464 576 1640 652 inodis
1683 577 1940 652 memini'

313 645 402 718 me
423 676 453 714 a
480 645 711 729 peccatis
736 658 1127 729 conservatum,
1156 645 1671 729 sciliceaoccasidnis
1692 646 1901 729 subtra-

313 716 515 792 ctione,
547 724 832 783 resistendi
872 723 990 776 data
1021 720 1217 792 virtute
1243 759 1258 783 ,
1306 716 1600 792 affectionis
1648 717 1896 771 sanitate.

312 803 474 858 Multa
500 786 642 853 enim
675 798 727 850 in
752 801 972 864 peccata
995 789 1326 852 cecidissem,
1355 787 1398 840 si
1431 786 1550 864 data
1577 795 1721 840 esset
1741 802 1900 864 occa-

313 874 396 926 sio
425 891 436 926 :
467 869 561 923 sed
608 867 700 921 Dei
745 857 1084 918 miseratione
1125 875 1229 913 non
1257 873 1344 912 me
1375 857 1494 911 talis
1531 857 1900 927 opportunitas

275 993 286 1002 .
313 925 685 1012 apprehendit.
711 936 765 1012 In
793 933 956 1012 multa
975 945 1185 1012 quam“;
1209 929 1364 1012 pani?
1385 925 1896 1012 “Einlls-CIecEd-isam

314 997 545 1082 εἶείνίιει·
587 1007 856 1082 impulsus
888 997 1131 1082 violentia
1159 997 1465 1082 tentationis
1494 1016 1506 1051 :
1532 997 1899 1082 sed‘virtutem

312 1069 508 1138 dedisti
531 1069 680 1141 mihi,
701 1076 951 1139 Domine,
976 1082 1033 1126 ut
1054 1071 1152 1126 sub
1170 1085 1253 1123 me
1274 1079 1417 1141 esset
1441 1069 1708 1141 appetitus
1725 1082 1895 1135 meus,

314 1163 369 1208 et
396 1153 443 1207 ei
467 1165 624 1221 quam
651 1139 942 1221 Setttiebztm
970 1140 1411 1221 concupiscentitn
1435 1139 1654 1221 minime
1675 1153 1902 1221 censen:

314 1207 499 1286 tirent:
521 1219 626 1273 Sed
652 1233 680 1270 a
713 1216 1025 1286 quibusdam
1058 1207 1289 1286 peccatis
1321 1219 1424 1286 tam
1468 1210 1621 1286 longe
1659 1223 1745 1262 me
1775 1207 1901 1262 fecit

316 1302 406 1348 tua
436 1279 743 1354 miseratio,"
764 1287 1002 1346 Domine,
1038 1279 1094 1336 ut
1129 1283 1336 1354 penitus
1365 1279 1814 1354 abominarer__ea,
1845 1287 1900 1333 ct

315 1379 386 1419 ne
409 1364 511 1416 ulla
540 1377 624 1414 me
645 1349 856 1428 quidem
879 1369 1072 1428 eorum
1096 1349 1316 1428 tentati?
1345 1350 1670 1428 molestaret.
1700 1349 1900 1428 Magum

315 1433 530 1504 quidem
574 1420 820 1504 bonitatis
847 1436 928 1504 est
968 1425 1240 1504 indicium.
1276 1420 1496 1504 Domine
1527 1421 1899 1504 Deus,‘etﬂbo.c

357 1504 459 1557 uod
489 1518 586 1571 ego
614 1499 796 1553 infelix
832 1507 881 1550 te
911 1494 1134 1571 irritavi,
1161 1508 1259 1562 ego
1275 1491 1468 1544 malum
1488 1506 1667 1571 coram
1698 1498 1748 1543 te
1774 1489 1895 1571 feci,

357 1520 459 1557 llud
489 1520 586 1571 ego
614 1520 796 1553 tnleux
832 1520 881 1550 lt:
913 1520 1134 1558 Il'l'lun'l,
1161 1520 1259 1562 τευ
1275 1520 1468 1544 usurum
1488 1520 1667 1571 musam
1698 1520 1748 1543 ιο
1774 1520 1895 1570 ιξςω,

315 1520 552 1629 garrirem
586 1581 728 1624 tuum
764 1565 1064 1633 provocavi,
1099 1565 1227 1617 iram
1259 1575 1821 1633 promerut;_peccavl,
1845 1568 1901 1615 et

315 1659 506 1715 passus
533 1658 618 1706 es;
669 1629 903 1708 deliqui,
949 1643 1002 1690 et
1039 1633 1211 1715 adhuc
1260 1629 1510 1714 sustines.
1545 1630 1598 1715 ξι
1628 1629 1895 1715 pteniteo,

316 1699 526 1784 parcis:
556 1699 992 1784 si'tc_vert'or,'me
1017 1704 1270 1784 suscipis:
1297 1701 1512 1784 insuper
1535 1701 1658 1753 dmn
1687 1699 1895 1784 differo,

316 1771 661 1854 praestolaris.
684 1781 918 1832 ltevocas
933 1771 1224 1854 errantem,
1237 1773 1427 1854 invitas
1445 1771 1470 1854 ‘I
1491 1780 1896 1854 repugnantem,

313 1841 600 1924 exspectas
641 1860 958 1924 torpeniem,
998 1843 1332 1914 amplecteris
1379 1841 1707 1922 redeuntem,
1739 1841 1898 1924 doces

315 1912 680 1996 ignorantem,
726 1912 932 1975 inulces
961 1912 1271 1996 maerentem
1297 1927 1386 1994 ;.a
1432 1913 1580 1966 ruina
1627 1912 1850 1996 suscitas
1879 1951 1894 1978 ,

314 1983 434 2064 post
468 1983 676 2063 lapsum
705 2005 938 2064 reparans,
971 1989 1166 2056 petenti
1209 1983 1896 2064 largiris,.qumrentiinve:

312 2051 481 2132 itiris,
511 2051 738 2136 pulsanti
760 2051 1021 2136 :apei'is'a
1043 2051 1458 2136 ostendisgunibi
1487 2051 1645 2136 bene
1685 2051 1897 2136 vivendi

318 2123 483 2196 viam,
514 2123 610 2189 das
647 2123 921 2202 gradiendi
949 2129 1245 2202 scientiam.
1279 2123 1520 2194 Magnum
1552 2124 1816 2202 estetiam
1844 2129 1899 2176 et

313 2207 440 2271 hoc,
476 2196 714 2262 Domiu'e,
748 2197 887 2270 quod
919 2196 1234 2271 multainibi
1257 2205 1536 2271 antequam
1567 2201 1744 2271 petere
1768 2208 1896 2271 pos-

311 2263 468 2338 sem',
501 2276 690 2329 vellem
718 2263 809 2325 aut
832 2285 1067 2331 nossem,
1094 2267 1228 2322 bona
1258 2265 1548 2338 contulisti.
1575 2263 1895 2338 Nonsolum

312 2334 517 2408 autem,
545 2343 784 2405 Domine,
813 2340 906 2395 sed
938 2348 992 2394 et
1020 2349 1293 2408 postquam
1324 2336 1451 2408 scivi
1479 2343 1534 2408 et
1564 2334 1706 2401 potui
1733 2342 1783 2387 te
1808 2348 1898 2401 pe-

313 2427 454 2475 tere.
488 2405 538 2470 te
562 2427 824 2486 quart‘ere,
867 2419 920 2465 te
949 2405 1272 2486 desiderare,
1305 2406 1395 2460 tibi
1427 2405 1686 2486 iub-arere
1713 2445 1728 2466 ,
1771 2417 1894 2486 gra-

315 2472 452 2541 tuita
476 2472 710 2541 bonitate
731 2472 821 2536 tua
843 2495 946 2535 non
971 2478 1190 2549 petenti,
1223 2474 1636 2549 nonqmerenii,
1665 2488 1769 2526 non
1797 2472 1896 2526 de-

313 2557 595 2620 sideranti,
626 2557 733 2608 imo
753 2552 910 2606 etiam
953 2544 1354 2620 parvipendvnti
1377 2544 1479 2620 vel
1513 2545 1673 2599 etiam
1709 2552 1898 2620 conte-

314 2627 520 2682 mnenti
552 2614 640 2679 tua
669 2623 794 2678 mihi
815 2614 1184 2690 bona—largitus
1208 2633 1288 2672 es.
1307 2616 1588 2690 Maximum
1608 2614 1814 2690 testium
1843 2622 1898 2667 et

315 2698 444 2750 illud
479 2697 639 2750 fuisse
669 2692 980 2748 beneficium
1002 2732 1017 2757 ,
1049 2685 1188 2758 qttod
1219 2688 1476 2758 Angelum
1510 2685 1651 2753 pacis
1679 2685 1763 2758 ab_
1776 2691 1897 2737 ortu

316 2767 606 2821 nativitatis
642 2780 771 2818 mea:
799 2763 866 2816 ad
892 2777 976 2815 me
999 2753 1424 2820 custodiendum,
1455 2771 1618 2824 usque
1643 2753 1897 2824 adfinem

317 2853 493 2892 meum
525 2835 650 2888 mihi
680 2833 870 2888 dedisti
896 2849 910 2884 :
939 2832 1076 2885 unde
1099 2829 1314 2899 quidam
1344 2823 1562 2899 sanctus
1582 2825 1673 2890 ait,
1709 2823 1897 2899 Magna

316 2917 390 2962 est
433 2907 652 2978 dignitas
694 2904 999 2978 animorum,
1027 2913 1078 2978 ui
1111 2893 1209 2978 {tua
1234 2913 1441 2978 oraeque
1479 2893 1752 2978 Itaueotld'b-
1781 2893 1896 2947 ortu

317 2963 592 3031 nativitatis
608 2979 677 3028 ad
686 2973 966 3028 custodiam
987 2963 1072 3025 sui
1091 2963 1339 3041 Angelum
1358 2963 1639 3036 delegat-um
1655 2963 1895 3037 (Hieron.

315 3047 590 3120 inflauit.
624 3055 796 3120 xviii).
854 3112 874 3120 _
909 3113 920 3120 ἢ
1051 3111 1064 3120 _
1197 3109 1232 3120 ﬁ
1332 3108 1344 3120 ,
1595 3104 1609 3120 ⁸
1695 3104 1708 3117 ,

389 3117 588 3185 Magnae
618 3104 824 3185 pietatis
850 3112 948 3168 fuit
969 3111 1171 3186 ethoc,
1197 3108 1438 3186 Domine,
1473 3104 1612 3186 quod
1640 3104 1770 3186 mira
1797 3119 1897 3173 pa-

317 3177 502 3244 tientia
534 3177 632 3240 tua.
651 3201 796 3240 meas
826 3183 1073 3239 sustinuit
1103 3181 1426 3248 iniquitates.
1467 3177 1566 3248 Cui
1592 3177 1788 3243 gratias
1817 3190 1900 3229 re-

315 3259 458 3316 ferre
497 3258 703 3320 debeo,
745 3254 886 3325 quod
929 3269 1034 3326 non
1073 3246 1364 3306 secundum
1407 3246 1728 3326 iniquitates
1752 3259 1900 3300 meas

315 3329 609 3385 retribuisti
641 3316 796 3385 mibi.
839 3324 979 3394 quod
1019 3339 1104 3376 me
1148 3332 1285 3395 terra
1309 3333 1431 3395 non
1462 3316 1762 3395 absorbuit,
1793 3330 1899 3369 non

317 3416 406 3456 me
433 3401 628 3455 ccelum
657 3386 969 3457 fulminavit,
1002 3409 1106 3448 non
1135 3407 1220 3445 me
1249 3389 1424 3456 fulgur
1449 3386 1760 3449 combussit,
1793 3399 1900 3440 non

314 3470 536 3526 ﬂumina
557 3469 980 3528 submerserunt,
1007 3478 1105 3518 nec
1129 3463 1229 3517 alia
1262 3475 1415 3529 poena
1438 3459 1518 3511 vel
1548 3465 1717 3529 morte
1745 3463 1901 3523 prout

311 3539 509 3610 dignus
531 3555 701 3604 eram,
733 3535 985 3610 multasti.
1017 3533 1146 3588 Cum
1173 3527 1312 3584 enim
1341 3527 1655 3608 peccandoa
1680 3535 1729 3579 te
1755 3540 1902 3610 recc:

314 3594 526 3675 devrem,
586 3594 701 3663 non,
745 3607 914 3660 solum
967 3606 1101 3677 iram
1161 3613 1301 3656 tuam
1344 3594 1645 3677 promerui,
1669 3594 1796 3677 -sed
1847 3603 1902 3677 ei

317 3665 536 3736 omnem
575 3686 873 3734 creaturam
915 3674 1198 3729 adversum
1245 3687 1328 3724 me
1363 3665 1616 3723 excitavi.
1669 3665 1800 3720 Nam
1851 3665 1898 3719 si

317 3765 510 3806 servus
547 3749 856 3819 cujusquam
895 3761 923 3798 a
951 3745 1173 3819 domino
1207 3758 1303 3796 suo
1332 3740 1606 3819 recederet
1630 3751 1781 3819 ,Anon
1808 3750 1900 3816 so-

319 3822 428 3876 lum
459 3811 733 3874 dominum
765 3819 936 3886 ipsum
969 3814 1311 3886 exacerbare}
1331 3853 1346 3876 ,
1394 3811 1485 3863 sed
1515 3817 1567 3862 et
1595 3817 1770 3886 totaui
1785 3811 1902 3872 ejus

320 3892 577 3946 familiam
627 3877 918 3958 justissime
951 3886 1217 3958 irritaret.
1271 3881 1403 3936 Cum
1458 3895 1584 3948 ergo
1637 3888 1688 3931 te
1737 3877 1900 3930 Deum

321 3963 558 4019 omnium
584 3955 882 4032 creatorem
907 3955 1122 4032 offendi,
1154 3967 1364 4032 omnem
1387 3958 1704 4031 creaturam,
1734 3960 1902 4032 quam

321 4041 434 4088 tum
463 4039 666 4102 spectat
693 4029 760 4084 ad
796 4028 1040 4082 meritmn
1084 4039 1302 4102 meum,
1347 4028 1398 4074 in
1428 4028 1556 4071 iram
1598 4031 1898 4102 commovi;

321 4105 396 4158 ita
424 4093 698 4157 ut'tncrito
731 4113 824 4168 pro
855 4109 904 4152 te
935 4104 1192 4168 pugnaret
1217 4093 1496 4168 adversum
1537 4101 1621 4140 me
1639 4094 1902 4168 .t-oius‘or-

431 4154 951 4228 IéirarumIPossei
995 4154 1140 4237 enim
1184 4173 1322 4237 terra
1362 4160 1539 4237 dicere
1582 4156 1710 4211 mihi
1739 4173 1754 4237 ξ
1787 4154 1902 4208 Non

321 4244 495 4298 debeo
525 4252 574 4296 te
599 4241 880 4301 sustinere,
913 4237 1006 4291 sed
1038 4235 1210 4306 potius
1240 4230 1563 4306 absorbere;
1593 4230 1840 4306 quoniam
1872 4240 1901 4306 a

321 4314 578 4369 Creatore
618 4326 738 4365 meo
782 4300 884 4362 non
941 4300 1155 4360 timuisti
1202 4301 1469 4370 peccando
1515 4300 1805 4360 recedere,
1849 4302 1904 4350 et

323 4385 577 4449 inimico,
609 4380 813 4435 scilicet
851 4378 1094 4449 diabolo,
1121 4369 1435 4449 _ad’li:rre_re.
1472 4369 1656 4449 Posset
1695 4380 1904 4449 quoque

325 4435 616 4510 Edi'iia'ccie
648 4467 660 4502 :
697 4450 810 4505 Non
841 4447 1012 4502 debeo
1043 4435 1153 4518 tibi!
1179 4444 1244 4497 ad
1276 4443 1513 4518 salutem
1553 4440 1762 4518 lucere;
1783 4435 1900 4518 .sed‘

363 4507 508 4578 otius
533 4507 598 4576 ad
626 4520 911 4575 vindictam
952 4516 1156 4571 Domini
1187 4514 1324 4576 mei,
1357 4513 1444 4580 qui
1472 4518 1554 4563 est
1577 4509 1663 4580 lux
1696 4507 1826 4580 lucis
1851 4513 1905 4560 et

349 4577 461 4650 ous
487 4577 704 4649 luminis
728 4632 742 4654 ,
787 4589 998 4659 penitus
1033 4586 1126 4640 tibi
1172 4584 1350 4638 radios
1377 4577 1532 4659 incus
1554 4577 1901 4659 abscondere.

324 4647 602 4722 Sic‘etiam
627 4647 820 4716 cuncta
861 4671 1084 4730 quaeque
1116 4663 1357 4730 creatura
1398 4649 1642 4730 serviret_
1663 4648 1747 4728 ad.
1774 4647 1907 4700 ulci-

325 4733 810 4792 scendam'tantam
850 4723 1093 4800 injuriam
1135 4725 1215 4800 sui
1243 4723 1513 4800 Creatoris
1535 4723 1692 4800 :Lnisi
1735 4723 1905 4800 impe-

327 4788 587 4872 {diutius
615 4788 1045 4868 cohiberet'ipse
1085 4796 1172 4872 qui
1210 4808 1327 4848 eam
1357 4788 1628 4872 condidit,
1666 4788 1752 4872 qui
1779 4799 1904 4872 non

327 4877 443 4932 vult
473 4863 696 4929 mortem
730 4863 1055 4941 peccatoris,
1081 4863 1173 4919 sed
1202 4875 1257 4917 ut
1285 4868 1622 4940 convertatur
1644 4865 1710 4941 _et
1744 4863 1905 4941 vivat:

327 4927 553 5016 036M
588 4927 716 5013 ergo
731 4927 866 5016 'me,
909 4927 1129 5016 Domine
1151 4979 1166 5002 ,
1197 4943 1342 5014 tanto
1373 4927 1907 5016 magis_suii_potenii

328 5001 491 5072 malm
538 5025 624 5068 tua
648 5001 975 5082 "ltntnili'ari,
1017 5001 1164 5082 tanto
1205 5004 1370 5073 magis
1414 5001 1503 5082 tibi
1543 5001 1828 5082 gratiosum
1853 5004 1911 5082 et

329 5087 580 5142 devotum
621 5093 676 5140 et
726 5084 790 5136 ad
842 5077 1184 5152 serviendum
1225 5077 1601 5152 promptiorem
1643 5077 1907 5152 existere,

331 5167 530 5228 quanto
559 5171 644 5210 me
670 5152 919 5228 detantis
946 5142 1764 5228 beneficiistuispobligatiorem
1776 5151 1910 5228 cun:

331 5207 895 5298 reddenda
922 5220 1145 5298 _ratione
1177 5235 1189 5271 :
1217 5230 1290 5298 Ine
1336 5213 1426 5267 diu

330 5287 482 5352 tanto
523 5299 698 5350 acrius
743 5290 1077 5348 adveniendo
1127 5287 1266 5340 mala
1307 5299 1424 5338 mea
1455 5287 1670 5352 pttniat,
1712 5287 1912 5349 quanto

333 5368 534 5424 diutius
565 5366 810 5420 toleravit
839 5361 979 5432 quod
1010 5358 1181 5429 puniri
1214 5364 1435 5434 poterat.
1518 5423 1530 5434 _
1817 5419 1856 5434 ﬁ
1895 5418 1910 5434 ο

403 5419 632 5491 Tamdiu
653 5419 816 5504 igitur
845 5419 1145 5504 exspectata
1168 5419 1359 5504 cogita,
1391 5423 1621 5504 o_anima
1649 5435 1787 5504 mea,
1817 5419 1913 5504 Dei

333 5492 788 5577 longanimita'tem
815 5492 970 5577 quam
997 5492 1609 5577 e_xbibuit',_electionem
1633 5492 1914 5577 praedestif

335 5560 567 5633 nationis
598 5593 706 5630 Sita:
731 5560 887 5644 quain
916 5571 1122 5644 impleri
1148 5560 1332 5644 voluit,
1359 5560 1916 5644 nimiamcharitatem

336 5665 439 5718 qua
478 5664 574 5702 nos
604 5639 806 5701 dilexit.
843 5639 1191 5718 Propter_boc
1217 5639 1354 5718 enim
1383 5642 1695 5718 exspectans
1722 5646 1913 5718 eda-spe:

338 5703 498 5775 étavit
526 5718 780 5772 Dominus
805 5724 862 5770 et
909 5703 1131 5767 ititeudit
1173 5709 1300 5766 mibi
1328 5726 1340 5763 :
1369 5704 1463 5763 sed
1504 5703 1695 5758 avertit
1734 5703 1914 5758 oculos

1670 5829 1742 5858 Ι..

400 5854 421 5889 ⁸
452 5853 527 5908 Sic
540 5857 649 5906 MSS.
670 5857 727 5906 At
747 5848 882 5915 editi,
901 5846 1065 5904 vincis.

1492 387 1694 445 LIBER
1731 387 1820 446 DE
1859 380 2221 450 DlLlGENDO
2257 389 2413 480 uno.

2012 522 2138 592 suos
2164 521 2193 592 ξι
2219 507 2456 592 peccatis
2484 508 2618 592 meis
2637 549 2652 576 ,
2691 510 2840 592 quasi
2880 510 3070 592 nolens
3107 514 3580 592 adverterequan-

2009 586 2119 653 tum
2149 579 2531 653 delinquerem.
2563 580 2786 650 Propter
2815 581 2948 647 hoc,
2991 583 3204 653 inquam
3229 630 3244 652 ,
3272 579 3582 647 dissimula-

2007 649 2130 726 bat;
2163 659 2218 704 ut
2239 650 2636 726 commendaret
2666 649 2968 726 patientiam
2999 649 3172 719 suam,
3202 649 3443 726 impleret
3466 663 3584 718 ele-

2008 721 2430 799 _ctionem_suam,
2455 721 2789 799 confirmaret
2819 723 3131 799 charitatem
3162 721 3330 782 suam.
3359 732 3582 799 Propter

2007 790 2130 852 hoc,
2159 801 2218 844 ut
2240 791 2374 844 bene
2404 793 2642 858 memini,
2677 794 2945 848 concussit
2971 809 3064 849 cor
3091 813 3264 851 meum
3287 840 3300 860 ,
3339 790 3580 859 excitans

2007 861 2131 936 illud
2172 869 2228 914 ut
2269 861 2579 936 adverteret
2607 878 2823 936 suorum
2867 866 3081 920 vulnera
3123 878 3492 936 peccatorum,
3534 882 3589 927 et

2007 933 2282 985 vulnerum
2309 933 2528 986 sentiret
2549 932 2786 987 dolorem
2808 952 2822 998 ;
2845 937 3002 988 etiam
3026 945 3080 990 et
3107 932 3293 992 terruit
3314 932 3584 998 deducens

2006 1001 2071 1054 ad
2102 1011 2282 1070 portas
2314 1002 2568 1081 inferi,_et
2594 1015 2884 1081 pneparata
2919 1006 3113 1076 iniquis
3142 1011 3396 1081 supplicia
3430 1028 3584 1066 mon-

2006 1082 2182 1150 strans
2206 1090 2218 1124 :
2244 1081 2296 1126 et
2316 1074 2464 1150 ut__n_il
2481 1073 2590 1142 jam
2616 1077 2783 1150 noxio
2807 1073 3106 1150 remaneret
3132 1073 3496 1135 delectationis
3526 1085 3542 1114 ¹
3564 1124 3582 1150 ,

2005 1143 2281 1218 meliorem
2311 1143 2881 1218 mibiconsolationem
2914 1148 3197 1218 inspirans,
3227 1165 3375 1218 Spem
3409 1143 3582 1206 indle

2004 1213 2198 1287 genti-.c
2231 1213 2394 1276 dedit,
2423 1211 2698 1287 deindect
2729 1217 2896 1285 ipsam
2931 1211 3307 1287 indulgentiam
3336 1224 3582 1277 centulit.

2005 1281 2091 1336 Sic
2115 1293 2291 1337 autem
2321 1298 2386 1337 ex
2415 1293 2524 1338 toto
2555 1281 2772 1340 indulsit
2791 1328 2805 1349 ,
2834 1295 2888 1341 et
2917 1296 3021 1340 tam
3054 1281 3343 1345 liberaliter
3367 1307 3580 1350 omnem

2005 1352 2508 1428 donavitinjuriam,
2535 1363 2591 1408 ut
2613 1355 2723 1428 jam
2755 1373 2857 1410 non
2887 1356 3102 1411 damnet
3129 1361 3455 1428 ulciscendo,
3483 1378 3581 1419 nec

2003 1422 2291 1503 confundat
2335 1422 2743 1503 improperaudo
2767 1469 2782 1492 ,
2809 1443 2928 1503 nec
2967 1430 3141 1483 minus
3180 1431 3363 1503 diligat
3405 1422 3582 1503 impu-

2007 1495 2188 1569 taudo.
2223 1494 2356 1569 Sunt
2397 1496 2537 1548 enim
2579 1496 2741 1569 aliqui
2779 1498 2856 1552 sic
2898 1498 3156 1553 donantes
3194 1494 3437 1569 injuriam
3461 1494 3495 1568 ,’
3527 1513 3586 1560 ut

2003 1579 2110 1638 non
2137 1563 2497 1638 ulciscantur,
2507 1563 2706 1638 saepius
2734 1577 2905 1622 tamen
2935 1563 3296 1638 improperent
3324 1591 3336 1625 :
3367 1563 3491 1627 sunt
3527 1583 3583 1629 et

2003 1635 2291 1715 aliqui,qui
2309 1635 2434 1689 licet
2453 1636 2666 1702 sileant,
2688 1648 2867 1692 manet
2885 1635 3057 1715 tamen
3071 1635 3273 1715 aliquid
3288 1643 3388 1696 alta
3406 1654 3584 1700 mente

2003 1710 2317 1772 repositum,
2335 1720 2715 1779 raucoremque
2729 1718 2914 1779 tem-nt
2931 1710 2980 1762 in
2996 1711 3205 1775 animo;
3227 1729 3449 1779 quorum
3475 1716 3582 1768 uti-

2003 1789 2105 1850 que
2137 1784 2332 1850 neutra
2355 1777 2502 1850 plena
2529 1785 2612 1850 est
2650 1778 2992 1850 indulgentia.
3023 1780 3200 1850 Longe
3225 1777 3292 1836 ab
3319 1783 3401 1836 his
3430 1785 3578 1838 beni-

2001 1845 2256 1922 gnissima
2283 1846 2570 1922 divinitatis
2598 1845 2829 1922 natura;
2857 1845 3160 1922 iiberaliter'
3187 1853 3312 1920 agit,
3357 1854 3580 1922 ignoscit

2002 1915 2238 1988 plenarie
2265 1933 2281 1988 ς
2317 1915 2385 1970 ita
2419 1926 2472 1970 ut
2502 1918 2522 1988 ξ
2553 1929 2769 1985 promer
2803 1918 3043 1973 fiduciam
3071 1915 3404 1988 peccatorum
3429 1964 3444 1987 ,
3487 1924 3580 1979 sed

2001 1987 2367 2055 pceuitentium
2387 2027 2402 2051 ,
2435 1986 2522 2040 ubi
2550 1988 2994 2056 superabundavit
3017 1986 3290 2057 delictum,
3327 1986 3497 2048 soleat
3526 2003 3582 2049 et

2001 2057 2166 2124 gratia
2193 2058 2643 2131 superabundare.
2675 2058 2848 2113 Testis
2881 2068 2966 2114 est
2989 2060 3197 2127 Petrus,
3227 2063 3310 2116 cui
3339 2073 3461 2131 post
3482 2065 3580 2118 tri-

2001 2142 2123 2180 nam
2153 2128 2485 2196 negationem
2537 2130 2696 2182 totius
2733 2131 2986 2184 Ecclesia:
3032 2133 3309 2198 pastoralis
3341 2128 3469 2188 cura
3499 2143 3583 2188 est

2001 2199 2284 2270 conuiuis-sa
2311 2217 2324 2252 :
2355 2198 2504 2252 testis
2522 2207 2605 2252 est
2627 2199 2839 2264 Paulus,
2866 2200 2954 2268 qui
2977 2200 3042 2254 de
3065 2201 3313 2256 Ecclesiae
3332 2218 3581 2270 persecu-

2003 2276 2117 2321 tore
2165 2268 2384 2322 effectus
2409 2279 2491 2321 est
2535 2285 2625 2322 vas
2659 2271 2933 2324 electionis
2967 2279 3021 2324 et
3058 2271 3246 2325 doctor
3285 2268 3532 2328 Gentium
3563 2291 3576 2329 :

2002 2338 2151 2410 testis
2174 2349 2257 2392 est
2287 2338 2584 2410 Mattheus,
2615 2339 2703 2410 qui
2732 2339 2798 2394 de
2810 2340 3018 2410 dielonio
3037 2341 3236 2396 electus
3256 2353 3335 2396 est
3361 2342 3412 2397 in
3438 2345 3582 2410 Apo-

2001 2407 2218 2475 stolum,
2248 2408 2333 2463 cui
2355 2411 2514 2480 etiam
2551 2418 2603 2462 et
2637 2407 2772 2463 Novi
2807 2409 3136 2464 Testamenti
3174 2411 3401 2480 primum
3442 2407 3580 2468 scri-

2001 2486 2205 2547 ptorem
2234 2495 2350 2532 esse
2375 2479 2626 2532 dormtum
2654 2487 2754 2534 est.

2069 2546 2302 2622 CAPU'I:
2334 2547 2473 2622 Xlll.
2506 2549 2582 2622 De
2605 2549 2737 2622 dono
2765 2549 3100 2622 continentia.
3129 2550 3288 2622 Cujus
3311 2553 3467 2607 hostis
3488 2554 3581 2606 tri-

2002 2617 2140 2687 plex.
2175 2619 2250 2687 (α)
2276 2619 2399 2672 Post
2422 2621 2535 2674 lucc
2553 2619 2694 2673 dedit
2717 2619 2844 2673 mibi
2869 2620 3120 2673 Dominus
3143 2617 3280 2676 Deus
3305 2624 3580 2678 continen-

2003 2688 2150 2762 tiam.
2193 2689 2582 2744 Continentiam
2619 2700 2795 2744 autem
2823 2690 2959 2757 dico,
3003 2707 3106 2744 non
3131 2706 3159 2744 a
3190 2693 3303 2747 sola
3333 2693 3536 2746 luxuria
3558 2734 3576 2762 ,

2001 2758 2098 2831 sed
2121 2774 2150 2812 a
2175 2764 2380 2831 caneris
2409 2776 2639 2831 quoque.
2668 2762 2805 2814 sicut
2832 2775 3050 2831 necesse
3071 2770 3172 2824 est,
3201 2764 3340 2816 vitiis
3370 2773 3422 2816 et
3452 2758 3580 2831 pec-'-

2001 2830 2153 2882 catis.
2186 2829 2285 2895 Qui
2315 2839 2368 2883 et
2392 2830 2674 2899 aliquando
2701 2831 2786 2884 vix
2820 2846 2914 2900 per
2949 2830 3179 2885 triduum
3207 2829 3576 2900 continebam,

2002 2910 2184 2971 postea
2216 2901 2307 2954 Dei
2327 2901 2612 2954 auxiliante
2636 2903 2802 2969 gratia
2825 2941 2838 2961 ,
2871 2916 2965 2969 per
3003 2903 3217 2971 longum
3252 2914 3458 2968 tempus
3488 2919 3580 2971 po-

2003 2970 2077 3022 tui
2107 2972 2402 3026 continere.
2438 2971 2515 3024 Ex
2547 2972 2644 3023 hoc
2671 2971 2884 3024 invenio
2912 2970 3050 3024 unde
3071 2973 3260 3026 merito
3281 2970 3578 3027 exclamare

2003 3042 2200 3108 possim
2232 3059 2244 3094 :
2277 3041 2408 3105 Quia
2439 3041 2552 3108 fecit
2578 3041 2698 3093 mihi
2727 3058 2909 3108 magna
2937 3042 3020 3108 qui
3049 3051 3224 3109 potens
3250 3053 3320 3095 est
3346 3042 3498 3110 (Luc.
3524 3059 3575 3107 ι,

2002 3111 2118 3178 49).
2150 3112 2307 3164 Forte
2338 3126 2520 3179 parum
2551 3111 2674 3178 quid
2702 3120 2910 3178 reputat
2936 3111 3127 3179 aliquis
3151 3115 3530 3165 continentiam
3557 3129 3574 3166 :

2002 3181 2095 3262 seti
2125 3197 2223 3250 ego
2245 3182 2465 3262 nonui‘ta.
2489 3180 2610 3234 Scio
2631 3182 2772 3234 enim
2795 3195 2928 3262 quos
2955 3179 3145 3262 habent
3163 3192 3576 3262 oppugnatores,

2003 3260 2057 3305 et
2095 3262 2304 3319 quanta:
2329 3251 2484 3321 illam
2520 3266 2738 3306 necesse
2781 3251 2850 3304 sit
2892 3256 3012 3305 esse
3041 3251 3269 3313 virtutis,
3315 3261 3371 3306 ut
3411 3253 3582 3321 possit

2005 3321 2196 3375 talibus
2234 3320 2505 3376 resiStere.
2551 3321 2759 3375 Primus
2802 3321 2968 3375 hostis
3007 3323 3344 3376 continentiae
3385 3320 3580 3377 nostrat

2004 3406 2131 3462 caro
2152 3401 2330 3445 nostra
2350 3403 2431 3462 est
2449 3393 2832 3461 concupiscens
2851 3390 3106 3446 adversus
3126 3393 3386 3462 spiritum.
3409 3393 3579 3461 Quam

2005 3461 2326 3533 domesticus
2353 3461 2541 3521 hostis,
2571 3478 2726 3528 quam
2749 3462 3050 3533 periculosa
3079 3461 3235 3526 lucta,
3261 3479 3417 3533 quam
3445 3466 3580 3533 inte-

2005 3533 2198 3586 stinum
2233 3532 2428 3586 bellum
2454 3533 2468 3588 ε
2500 3533 2714 3587 Hestem
2746 3532 2887 3586 hunc
2910 3531 3336 3588 crudelissimum
3366 3549 3463 3588 nec
3492 3532 3576 3587 fu-

2004 3617 2128 3672 gere
2155 3618 2435 3672 possumus
2459 3644 2474 3668 ,
2507 3619 2539 3656 ο
2567 3605 2740 3656 anima
2771 3617 2919 3665 mea,
2957 3618 3055 3657 nec
3087 3603 3266 3673 fugare
3293 3621 3305 3656 :
3339 3605 3432 3658 sed
3471 3606 3579 3658 cir-

2005 3673 2269 3728 cumferre
2297 3673 2440 3726 illum
2463 3689 2680 3728 necesse
2704 3683 2802 3737 est,
2828 3673 3077 3742 quoniam
3103 3675 3346 3742 alligatus
3369 3683 3451 3730 est
3477 3690 3578 3729 no-

2007 3744 2108 3798 bis.
2131 3744 2267 3811 Quid
2287 3756 2461 3798 autem
2480 3744 2828 3814 periculosius
2849 3752 2904 3796 et
2925 3744 3277 3798 miserabilius
3297 3753 3397 3806 est,
3419 3760 3578 3814 quam

2005 3814 2146 3882 quod
2179 3814 2384 3868 hostem
2419 3813 2656 3868 ttostrmn
2673 3813 2921 3883 cogimur
2943 3823 3241 3869 sustentare
3261 3855 3276 3878 ,
3320 3813 3583 3883 perimere

2006 3899 2126 3938 eum
2157 3901 2261 3938 non
2290 3885 2450 3940 licet?
2479 3884 2640 3940 Vides
2667 3882 2687 3914 ⁸
2715 3899 2840 3953 ergo
2868 3899 3028 3952 quam
3058 3885 3282 3938 sollicite
3323 3882 3374 3939 te
3397 3893 3580 3939 custo-

2006 3953 2120 4009 dire
2149 3969 2368 4008 necesse
2393 3955 2461 4008 sit
2489 3956 2557 4009 ab
2581 3970 2641 4007 ea
2662 3992 2677 4017 ,
2709 3969 2827 4022 qua:
2853 3953 3049 4007 dormit
3084 3955 3134 4009 in
3175 3953 3294 4008 sinu
3333 3964 3445 4008 tuo.
3484 3955 3582 4010 Ve-

2006 4035 2308 4079 rumtamen
2336 4039 2438 4078 non
2469 4033 2551 4078 est
2579 4025 2663 4078 bic
2686 4024 2831 4076 solus
2855 4022 3190 4079 adversarius
3215 4024 3378 4090 mihi;
3420 4025 3582 4079 alium

2007 4095 2180 4148 adhuc
2204 4095 2392 4157 babeo,
2423 4095 2509 4164 qui
2532 4094 2902 4149 circumcinxit
2922 4109 3006 4148 me
3026 4103 3080 4147 et
3099 4094 3307 4149 obsedit
3328 4095 3578 4164 undique.

2007 4164 2188 4218 Hostis
2219 4164 2319 4218 iste
2355 4174 2438 4219 est
2473 4167 2710 4235 pra'sens
2749 4165 2998 4218 sarculum
3048 4181 3271 4234 nequam
3297 4206 3312 4228 ,
3363 4165 3450 4233 qui
3492 4182 3585 4234 per

2008 4236 2240 4316 quinque
2286 4246 2460 4316 portas
2481 4275 2498 4300 ,
2544 4237 2776 4304 quinque
2803 4235 3052 4316 videlicet
3079 4251 3274 4316 sensus
3302 4237 3542 4316 c_orporis
3561 4278 3577 4302 ,

2003 4305 2193 4375 jaculis
2221 4304 2332 4358 suis
2364 4305 2602 4358 vulnerat
2633 4320 2736 4370 me,
2766 4314 2820 4358 et
2849 4319 2993 4358 mors
3009 4305 3174 4375 intrat
3207 4321 3299 4374 per
3324 4304 3584 4360 fenestras

2008 4373 2174 4430 ineas.
2205 4375 2420 4430 Tertius
2447 4376 2610 4429 bustis
2630 4384 2712 4429 est
2731 4375 2977 4446 antiquus
3007 4373 3218 4429 humani
3247 4377 3454 4446 generis
3481 4377 3586 4429 ini-

2009 4447 2180 4502 micas
2200 4488 2214 4508 ,
2253 4447 2500 4515 antiquus
2541 4460 2761 4511 serpens
2790 4444 3032 4496 callidior
3057 4444 3272 4501 cunctis
3293 4447 3582 4501 animanti-

2009 4517 2107 4570 bus
2149 4535 2162 4569 :
2207 4516 2304 4570 iste
2347 4524 2429 4569 est
2473 4515 2654 4584 hostis
2690 4528 2846 4582 queat
2895 4527 2992 4568 nec
3036 4530 3318 4584 possumus
3362 4518 3542 4572 videre
3568 4558 3583 4579 ,

2009 4597 2208 4656 quanto
2239 4587 2410 4638 minus
2431 4583 2661 4638 cavere?
2689 4585 2786 4656 illic
2809 4584 2975 4656 hostis
2995 4583 3138 4656 nunc
3162 4587 3375 4656 quidem
3401 4596 3583 4656 aperte

2009 4654 2063 4710 et
2091 4657 2369 4719 violenter,
2396 4669 2534 4707 nunc
2552 4655 2756 4726 occulte
2777 4669 2830 4709 et
2857 4654 3236 4726 fraudulenter,
3261 4654 3474 4726 semper
3493 4672 3587 4708 au-

2013 4735 2116 4781 tem
2154 4727 2412 4796 malitiose
2440 4734 2493 4778 et
2521 4725 2811 4796 crudeliter
2848 4740 2945 4779 nos
2988 4725 3262 4796 impugnat
3298 4736 3353 4781 et
3379 4725 3584 4794 perse-

2011 4798 2205 4866 quitur.
2241 4795 2306 4849 Et
2343 4795 2409 4849 ad
2442 4797 2552 4866 lta-c
2584 4795 2886 4866 toleranda,
2933 4811 2999 4850 ne
3039 4795 3211 4850 dicant
3251 4796 3584 4866 superanda,

2012 4865 2131 4938 quis
2149 4865 2418 4938 idoneus?
2460 4865 2582 4920 Hch
2611 4865 2732 4938 ideo
2758 4867 2895 4930 dixi,
2938 4874 2997 4919 ut
3024 4867 3377 4938 inntiiesceret
3407 4865 3584 4920 conti-

2014 4937 2207 4992 nentia:
2237 4938 2536 4999 dillicultas,
2574 4945 2629 4990 ut
2665 4937 2894 4990 sciamus
2932 4952 3049 5004 quae
3077 4951 3107 4990 a
3149 4937 3261 4991 Deo
3299 4937 3419 4990 data
3463 4943 3590 4990 sunt

2013 5010 2168 5063 nobis
2195 5007 2236 5076 (Ι
2261 5007 2377 5062 Cor.
2415 5023 2471 5072 ιι,
2507 5006 2593 5073 12)
2626 5025 2638 5060 :
2669 5021 2730 5060 ac
2771 5022 2864 5075 per
2907 5005 3006 5060 hoc
3039 5007 3266 5076 amplius
3307 5006 3589 5076 diligamus

2014 5095 2134 5133 eum
2165 5081 2252 5147 qui
2297 5079 2432 5132 hanc
2473 5079 2624 5130 nobis
2668 5078 2914 5131 virtutem
2945 5076 3144 5130 tribuit.
3175 5075 3420 5130 Omnino
3444 5078 3588 5132 enim

2015 5150 2066 5204 in
2097 5149 2319 5203 Domino
2347 5148 2567 5202 facimus
2599 5147 2733 5200 hanc
2760 5148 3030 5209 virtutem,
3057 5156 3110 5200 et
3137 5147 3250 5214 ipse
3270 5147 3334 5200 ad
3363 5147 3590 5202 nihilum

2014 5219 2226 5274 deducit
2255 5235 2439 5274 Otones
2462 5217 2772 5270 tribulantes
2802 5231 2918 5286 nos.
2947 5217 3062 5284 Ipse
3087 5227 3168 5271 est
3187 5220 3274 5286 qui
3302 5234 3406 5271 non
3432 5217 3591 5273 modo

2016 5305 2230 5344 carnem
2263 5299 2495 5344 mistram
2523 5303 2642 5340 cum
2669 5287 2812 5340 vitiis
2841 5285 2924 5340 vel
2950 5285 3398 5357 concupiscentiis
3437 5290 3546 5343 suis
3571 5329 3587 5353 ,

2016 5370 2072 5418 et
2099 5375 2334 5431 praesens
2363 5358 2614 5415 saeculum
2644 5372 2869 5428 nequam
2911 5371 3033 5412 cum
3060 5359 3454 5416 curiositatibus
3479 5359 3592 5417 suis

2082 5589 2098 5620 ι
2119 5593 2245 5636 Unus
2270 5597 2299 5634 e
2319 5590 2590 5646 Mss.tteg.,
2612 5581 2924 5646 cogitationis.
2941 5583 3078 5644 Editi,
3101 5582 3313 5636 rationis.

2079 5652 2100 5680 ι
2136 5657 2213 5696 Ms.
2242 5649 2414 5706 Regius
2433 5645 2512 5694 hic
2531 5645 2811 5706 addit,"non.
3275 5663 3280 5666 -

2081 5712 2102 5743 3
2137 5709 2274 5764 .-.lias,
2298 5707 2421 5756 ride.

2049 5770 2394 5884 [(gileggarids.
2416 5781 2564 5821 serm.
2583 5770 2614 5820 5
2637 5771 2686 5820 in
2707 5770 2934 5821 Dominic.
2959 5769 2990 5820 6
3011 5776 3118 5833 post
3139 5776 3294 5833 Pent.,
3314 5770 3422 5834 n.5,
3457 5777 3508 5822 et
3529 5769 3601 5842 ii,

2065 5846 2096 5884 e
2127 5847 2143 5882 ι
2168 5867 2180 5881 .
2300 5866 2311 5881 .
2396 5867 2410 5883 .

2024 5843 2180 5885 Mean.
2205 5844 2311 5894 cap.
2336 5843 2410 5897 15.
