4094 6342
351 327 454 386 861

349 444 566 507 tienter,
619 441 728 498 imo
772 442 1020 512 libenter,
1063 459 1169 500 non
1216 443 1389 499 solum
1437 453 1612 498 autem
1663 443 1785 507 hoc,
1837 439 1931 496 sed

351 517 513 588 etiam
554 515 802 572 ardenter
832 534 929 588 pro
958 518 1049 572 illo
1077 517 1337 572 sustinere
1369 515 1576 588 lab_nres
1615 525 1672 588 et
1697 515 1931 588 dolores,

351 585 441 654 qui
473 601 568 654 pro
608 601 665 640 se
708 584 850 640 tanta
879 605 941 643 ac
972 590 1093 643 talia
1119 588 1386 642 sustinuit.
1436 584 1538 640 Per
1568 587 1750 639 multas
1791 587 1932 640 enim

353 656 701 712 tribulatione:
748 669 941 728 Oportet
985 676 1074 712 nos
1123 660 1308 710 intrare
1349 658 1399 710 in
1448 674 1654 728 regnum
1697 656 1936 709 caelorum

355 729 490 794 (Ατι.
529 742 653 790 XIV,
682 728 812 797 21).
861 729 1226 796 Amplectatur
1276 729 1430 796 igilttr
1480 739 1527 782 te
1575 729 1745 780 anima
1793 741 1930 790 mea,

356 797 578 853 Domine
607 798 752 861 Jesu,
783 801 1127 862 crucilivntn,
1162 810 1333 854 sumat
1377 799 1447 852 tui
1489 797 1776 852 dulcissimi
1808 812 1934 852 san-

354 870 530 938 guiuis
581 868 828 924 haustum
885 889 899 925 :
956 880 1177 939 ocrupet
1233 871 1540 924 memoriam
1595 884 1767 922 meam
1823 867 1938 922 luec

356 941 533 993 suavis
579 941 870 1000 tucditatio.
917 959 982 996 ne
1025 959 1089 996 ex
1133 951 1242 994 toto
1285 958 1401 994 eam
1445 940 1639 994 oblivio
1666 940 1934 992 obscuret.

356 1010 597 1066 Judiccm
623 1029 706 1066 me
737 1013 861 1066 nihil
891 1014 1044 1070 scire.
1075 1013 1170 1066 nisi
1199 1011 1380 1066 Je~um
1403 1010 1692 1070 Christum,
1718 1020 1772 1064 et
1800 1010 1936 1063 hunc

357 1082 704 1147 erucilixtnn;
746 1100 811 1137 ne
849 1083 1122 1138 scientiam
1155 1098 1322 1136 meam
1352 1098 1380 1134 a
1410 1083 1671 1135 soliditate
1701 1079 1820 1134 fidei
1850 1097 1940 1131 va-

359 1167 459 1208 nus
510 1170 662 1206 error
711 1153 937 1208 abducat
988 1173 1000 1209 :
1048 1153 1096 1208 vi
1126 1153 1276 1208 idicet
1327 1153 1426 1212 sibi
1483 1162 1649 1206 totum
1697 1165 1936 1205 antorem

358 1238 535 1278 meum
586 1225 698 1277 lucc
748 1235 833 1278 tua
885 1224 1013 1280 mira
1065 1224 1321 1290 dilectio;
1373 1241 1438 1277 ne
1487 1223 1632 1277 illum
1678 1222 1938 1290 cupiditas

358 1293 642 1365 mundialis
684 1295 983 1350 absttrbcat.
1019 1295 1245 1352 Mentem
1277 1295 1416 1352 enim
1448 1311 1604 1365 quam
1649 1303 1784 1365 tuae,
1832 1292 1938 1346 Do-

359 1363 524 1428 mine,
559 1365 782 1420 dub-edo
813 1368 1086 1420 charitatis
1115 1363 1492 1434 compleverit,
1522 1381 1624 1420 non
1658 1364 1814 1418 timor
1840 1378 1938 1416 an-

357 1444 555 1504 gustat,
589 1452 691 1489 non
721 1437 881 1492 libido
912 1439 1283 1500 COIItlltat‘tllﬂt,
1318 1452 1424 1489 non
1455 1435 1530 1489 ira
1562 1435 1804 1494 dilaniat,
1835 1449 1938 1488 non

362 1507 608 1573 Stiperhia
640 1507 837 1568 elevat,
872 1524 973 1560 non
1013 1508 1325 1562 cenodoxite
1357 1507 1523 1560 inanis
1573 1505 1745 1559 fumus
1774 1521 1938 1558 even-

360 1575 496 1638 tilat,
545 1594 647 1630 non
696 1581 923 1648 exagitat
970 1579 1148 1642 furor,
1199 1597 1300 1633 non
1348 1577 1594 1632 stimulus
1638 1575 1942 1648 ambitionis

358 1649 640 1714 evisci-rat,
669 1665 772 1701 non
801 1647 1019 1704 avaritia
1047 1649 1332 1715 contrahit,
1365 1666 1466 1701 non
1497 1647 1675 1714 dejieit
1708 1647 1939 1711 tristitia,

360 1733 466 1774 non
502 1719 693 1774 invidia
741 1720 988 1774 labefecit
1032 1738 1044 1772 :
1091 1722 1290 1774 nullum
1337 1719 1564 1786 denique
1596 1718 1774 1771 vitium
1822 1732 1940 1772 eam

361 1790 688 1858 Corrumpit,
720 1790 845 1845 dum
879 1793 927 1844 in
957 1789 1052 1845 ead
1075 1809 1140 1844 -m
1171 1789 1451 1844 dulcedine
1487 1786 1774 1842 immobilis
1819 1803 1941 1856 per-

362 1859 522 1932 sistit.
546 1861 644 1926 Qui
673 1878 800 1932 ergo
827 1864 935 1916 suis
963 1872 1102 1916 tanta
1133 1871 1347 1932 pra-stat
1373 1862 1423 1914 itt
1457 1860 1722 1932 praesenti,
1748 1868 1942 1928 quanta

361 1931 468 1986 illis
500 1941 674 1986 servat
706 1931 756 1986 itt
791 1934 1005 1987 futuro?
1047 1931 1175 1997 oua-
1205 1933 1294 1986 tlat
1340 1933 1390 1986 in
1425 1931 1668 2000 prtesenti
1693 1972 1705 1992 ,
1742 1940 1946 2000 tempo-

365 2001 496 2072 ralia
524 2011 647 2054 sunt
676 2019 688 2053 :
719 2020 837 2072 qum
868 2016 1042 2057 autem
1077 2004 1127 2056 in
1159 2003 1333 2056 futuro
1361 1999 1572 2072 saiculo
1600 2018 1657 2054 se
1689 1999 1947 2072 promittit

366 2071 509 2126 Deus
538 2073 648 2125 suis
676 2071 943 2137 daturum,
977 2083 1174 2128 :rterna
1202 2083 1346 2137 sunt,
1376 2080 1424 2125 et
1455 2071 1607 2125 benis
1640 2071 1944 2138 temporali-

365 2142 473 2214 bus
496 2143 981 2214 incomparabiliter
1008 2147 1250 2204 meliora.
1281 2144 1611 2214 Temporalia
1639 2142 1780 2214 enim
1811 2144 1945 2195 bona

365 2211 584 2267 difﬁcile
619 2217 995 2283 acquiruntnr,
1027 2225 1080 2268 et
1118 2216 1371 2283 acquisita
1417 2211 1570 2267 facile
1596 2213 1901 2266 dilabuntur
1929 2229 1943 2266 :

366 2293 424 2338 et
461 2300 578 2352 qua:
615 2288 774 2340 etiam
820 2285 998 2341 habita
1042 2296 1193 2349 sunt,
1240 2300 1359 2340 cum
1405 2285 1548 2354 gravi
1592 2283 1949 2338 sollicitudine

331 2355 774 2417 'custodiuntur.
805 2367 859 2410 et
892 2372 1011 2412 cum
1042 2357 1228 2411 dolore
1271 2357 1617 2417 omittuntur,
1658 2364 1712 2408 et
1752 2355 1947 2407 amissa

369 2440 492 2496 cum
519 2428 660 2494 gravi
695 2428 877 2483 labore
916 2436 1314 2496 recuperantur.
1346 2425 1530 2479 Futuri
1561 2434 1736 2479 autem
1767 2424 1946 2482 saeculi

371 2495 508 2549 bona
534 2512 799 2565 nunquam
822 2495 1157 2562 amittttntur,
1184 2513 1448 2565 nunquam
1471 2497 1802 2556 tninttuntur,
1825 2511 1948 2550 cum

369 2567 562 2639 gaudio
591 2579 642 2621 et
668 2571 846 2636 quiete
874 2570 1234 2639 possidentur,
1260 2584 1470 2635 semper
1497 2567 1778 2639 habentur,
1807 2583 1950 2620 sem-

369 2652 468 2706 per
492 2638 884 2705 desiderantur,
906 2650 960 2694 et
989 2657 1254 2709 nunquam
1286 2639 1638 2709 fastidiuntnr.
1672 2638 1799 2705 Quze
1827 2653 1948 2690 cum

371 2710 538 2761 semel
568 2711 686 2778 quis
712 2713 998 2779 acceperit,
1031 2713 1097 2764 ita
1129 2726 1348 2764 seem-us
1373 2709 1468 2761 erit
1502 2724 1562 2761 ea
1591 2724 1649 2761 se
1680 2725 1948 2775 nunquam

369 2779 691 2849 amissurum
713 2822 726 2842 ,
756 2782 893 2836 sicut
920 2793 1099 2838 certus
1124 2792 1205 2836 est
1235 2781 1316 2836 vel
1344 2782 1448 2836 erit
1471 2780 1562 2835 illa
1589 2794 1647 2834 se
1677 2795 1948 2849 nunquam

373 2845 507 2904 velle
536 2851 798 2904 amittere.

442 2919 669 2976 CAPUT
709 2919 869 2976 XVII.
923 2920 1177 2976 Promissa
1219 2921 1329 2977 Dei.
1374 2917 1452 2975 Ea
1493 2920 1704 2974 nimium
1749 2917 1948 2973 deside-

369 2991 476 3064 rari
519 3007 623 3064 non
672 3004 899 3061 possunt.
935 2994 1098 3048 Valde
1143 2995 1300 3064 igitur
1343 2993 1640 3062 diligendus
1683 3001 1766 3064 est
1813 2991 1951 3064 Deus

371 3061 428 3116 in
459 3063 737 3135 promissis
761 3067 872 3120 seis
895 3084 908 3118 :
936 3066 1024 3135 qui
1052 3061 1238 3134 magna
1266 3066 1418 3119 nobis
1443 3061 1608 3126 dedit,
1631 3061 1722 3116 sed
1751 3061 1951 3135 majora

375 3135 638 3203 promisit.
684 3134 931 3192 Promisit
961 3134 1119 3190 nobis
1147 3155 1175 3190 a
1209 3137 1386 3190 labore
1417 3136 1653 3204 requiem
1675 3174 1689 3196 ,
1721 3147 1750 3186 a
1781 3134 1950 3186 servi-

375 3211 487 3258 tute
531 3205 868 3272 libertatetn,
914 3224 942 3262 a
992 3209 1178 3260 timore
1224 3208 1598 3270 Securitatem,
1645 3219 1672 3256 a
1722 3217 1950 3257 ntmrore

373 3276 822 3343 consolationem,
853 3293 880 3330 a
911 3287 1081 3331 morte
1110 3277 1585 3340 resurrectionem,
1615 3285 1666 3328 et
1697 3275 1746 3326 in
1775 3289 1954 3327 resur-

373 3348 610 3418 rectione
665 3348 878 3416 plenum
930 3351 1220 3418 gaudium,
1273 3365 1540 3402 summum
1594 3345 1856 3418 gaudium
1897 3352 1952 3398 et

373 3417 704 3490 indelieiens.
739 3416 977 3488 Denique
1017 3421 1256 3490 promisit
1290 3419 1445 3488 nobis
1475 3435 1540 3490 sc
1579 3419 1780 3490 ipsum,
1814 3416 1953 3490 sicut

369 3487 567 3612 iuravit
595 3490 827 3557 patribus
853 3485 1046 3545 nostris
1066 3491 1312 3546 daturttm
1341 3507 1397 3542 se
1425 3485 1576 3544 nobis
1599 3485 1744 3571 (Luc.
1773 3503 1808 3551 l,
1835 3485 1948 3556 75).

406 3558 579 3612 latina:
608 3569 730 3612 sunt
761 3562 918 3612 initur
945 3564 1327 3612 nromissiones
1359 3560 1486 3612 Dei.
1520 3569 1573 3612 et
1615 3555 1948 3612 ineffabiles:

406 3555 730 3633 legitur—sunt
761 3562 918 3633 igitur
945 3564 1327 3632 promissiones
1359 3560 1502 3633 Dei,
1520 3569 1573 3612 et
1601 3555 1948 3633 ineffabiles;

375 3638 431 3684 et
457 3646 552 3699 pro
579 3631 692 3698 his,
718 3630 853 3687 et'in
884 3630 966 3688 his
994 3636 1106 3688 vult
1131 3634 1296 3687 amari
1325 3647 1353 3684 a
1385 3631 1536 3684 nobis
1565 3631 1743 3699 aliquo
1771 3630 1948 3683 modo.

373 3700 433 3760 Si
459 3701 676 3758 modum
707 3720 946 3773 quaeras,
975 3706 1262 3762 vehemens
1289 3703 1608 3758 desiderium
1637 3701 1952 3769 promissio-

377 3773 461 3826 nis
481 3814 497 3840 ,
528 3775 716 3828 modus
743 3787 822 3830 est
848 3778 1062 3832 autoris.
1101 3775 1386 3830 l’rotnissio
1418 3774 1510 3828 Dei
1541 3781 1952 3842 quantumcum-

375 3858 481 3910 que
529 3843 901 3910 desideretur,
955 3850 1128 3901 minus
1180 3845 1514 3900 desideratur
1559 3859 1716 3910 quam
1771 3842 1950 3897 debet.

376 3913 508 3968 Nam
539 3927 1026 3988 quantumcumque
1070 3917 1388 3987 profecerit,
1418 3917 1535 3988 plus
1563 3913 1741 3988 debet.
1770 3913 1953 3968 Vehe-

379 4001 530 4057 mens
558 3988 732 4057 itaque
759 3985 1084 4044 desiderium
1115 3989 1294 4055 aliquo
1331 3987 1488 4039 modo
1517 4002 1618 4040 non
1650 3985 1808 4038 habet
1835 3999 1953 4057 mo-

377 4056 502 4142 du'm
527 4099 541 4124 ,
567 4055 686 4140 cum
721 4075 822 4140 non
864 4062 1034 4142 possit
1061 4077 1179 4113 esse
1205 4057 1610 4142 nimium..Cum
1653 4057 1703 4109 in
1746 4055 1955 4137 ett-teris

377 4127 537 4182 rebus
585 4127 910 4202 impatientia
961 4133 1128 4183 soleat
1174 4129 1406 4202 culpari.
1461 4130 1511 4182 in
1559 4127 1957 4202 exspectatione

377 4207 540 4252 tantm
569 4201 932 4264 pronti~sionis
963 4201 1237 4254 laudabilis
1263 4199 1344 4255 est
1368 4202 1656 4254 vehemens
1684 4199 1956 4267 impatien-

378 4269 450 4341 tia
481 4270 768 4326 dilationis.
803 4276 932 4326 (litin
977 4290 1098 4326 eum
1143 4273 1229 4340 qui
1274 4274 1392 4341 plus
1421 4279 1596 4328 amat.
1643 4280 1696 4324 et
1720 4271 1808 4336 qui
1840 4270 1956 4337 plus

377 4340 667 4406 desiderat,
699 4344 964 4398 dilationis
1007 4340 1335 4413 impatientia
1367 4343 1534 4412 magis
1557 4341 1794 4406 cruoiat,
1821 4354 1958 4413 Vspes

377 4428 496 4480 qua:
520 4413 626 4464 dill‘t
650 4423 762 4466 rtttr
781 4415 966 4482 allligit
988 4412 1238 4472 animam,
1270 4415 1381 4467 lucc
1408 4426 1583 4466 autent
1614 4413 1790 4464 omnia
1819 4412 1954 4482 bona

379 4483 432 4536 in
459 4485 664 4538 cu‘lesti
697 4480 956 4539 habentur
986 4487 1175 4553 patria.
1213 4487 1283 4539 De
1312 4487 1401 4538 illo
1437 4486 1594 4552 igitur
1621 4484 1781 4548 bono,
1814 4480 1954 4551 quod

377 4555 617 4610 omnium
661 4556 916 4614 honorum
950 4572 1215 4612 summum
1246 4566 1359 4624 est,
1405 4555 1532 4625 quid
1565 4554 1650 4608 vel
1679 4553 1834 4623 quale
1863 4553 1953 4618 sit,

378 4627 606 4694 primum
633 4627 914 4680 dicendum
943 4638 1043 4681 est.

449 4694 674 4768 CAPle
717 4697 900 4751 XVllI.
956 4698 1116 4766 Quale
1144 4707 1190 4750 et
1233 4706 1477 4768 quantum
1524 4695 1792 4768 electorum
1831 4710 1956 4763 gou-

379 4765 536 4818 dium.
595 4765 866 4822 Beutorum
917 4763 1104 4824 mentes
1160 4763 1368 4822 invicem
1420 4767 1672 4835 patrbunt.
1730 4763 1956 4830 Corpora

379 4848 525 4910 erant
552 4838 763 4910 integra.
797 4841 870 4910 (ιι)
906 4841 1206 4896 l-Zxcitemus
1235 4839 1392 4906 igitur
1417 4847 1470 4891 et
1499 4837 1760 4910 erigamus
1787 4845 1953 4910 totum

379 4907 706 4964 intellectum
735 4907 996 4974 nostrum,
1030 4912 1082 4964 in
1119 4919 1372 4980 quantum
1401 4911 1538 4962 Deus
1572 4908 1875 4980 donaverit,
1903 4913 1958 4960 et

379 4981 672 5052 cogitemus
702 4983 856 5050 quale
881 4993 931 5036 et
959 4977 1212 5052 quantum
1255 4982 1541 5034 electorum
1571 4979 1638 5030 sit
1662 4977 1875 5030 Unicum
1903 4983 1958 5030 et

379 5050 646 5121 singulare
687 5054 934 5121 gaudium
979 5050 1148 5118 istud,
1176 5052 1377 5107 scilicet
1407 5065 1568 5104 unum
1596 5059 1650 5103 et
1687 5063 1953 5121 summum

379 5117 598 5187 bonum,
643 5117 783 5192 quod
832 5132 914 5178 est
959 5124 1099 5185 vita,
1134 5117 1273 5185 lux,
1321 5122 1626 5186 beatitudo,
1669 5117 1952 5185 sapietttia,

377 5194 650 5248 mternitas
677 5206 731 5248 et
775 5196 936 5248 multa
981 5193 1280 5262 hujusmodi
1327 5193 1501 5255 bona;
1533 5199 1587 5245 et
1631 5201 1808 5244 tamen
1850 5203 1954 5262 non

377 5273 457 5314 est
505 5265 604 5317 nisi
655 5281 866 5320 unitum
910 5273 964 5319 et
1012 5259 1276 5318 summum
1325 5264 1541 5330 bonum,
1592 5263 1810 5316 onmiuo
1853 5259 1954 5314 sibi

376 5332 682 5399 sufficiens,
730 5337 876 5389 nullo
925 5336 1186 5402 indigens,
1233 5350 1339 5402 quo
1387 5335 1561 5386 omnia
1613 5333 1866 5403 indigeut_
1898 5338 1954 5384 ut

375 5403 516 5469 sint,
553 5415 606 5459 et
638 5406 772 5461 bene
801 5408 924 5460 sint.
976 5400 1085 5460 Hoc
1122 5400 1314 5459 bonum
1346 5415 1427 5458 est
1468 5405 1604 5457 Deus
1633 5400 1822 5464 Pater,
1855 5400 1954 5455 hoc

374 5475 734 5541 eStV'erbum,
788 5478 838 5531 id
884 5489 985 5542 est,
1039 5477 1200 5530 Filius
1247 5476 1452 5536 Patris;
1495 5475 1605 5526 'ltoc
1654 5475 1822 5543 ipsum
1873 5479 1957 5526 est

375 5558 526 5601 amor
553 5563 691 5602 unus
718 5559 769 5602 et
797 5549 1093 5601 Ctllllll'lllttis
1123 5547 1260 5600 Patri
1289 5559 1340 5599 et
1373 5545 1527 5602 Filio,
1562 5545 1763 5597 scilicet
1789 5544 1956 5609 Spiri-

375 5624 462 5672 tus
493 5633 710 5675 sanctus
751 5621 818 5674 ab
861 5629 1082 5688 utroque
1111 5618 1425 5689 procedens.
1459 5616 1612 5682 Quod
1651 5625 1828 5669 autem
1871 5622 1956 5670 est

373 5758 600 5875 "(1235:
617 5757 828 5812 Auselmi
847 5755 1058 5822 Proslog.
1085 5768 1190 5820 cap.
1213 5749 1389 5818 22-33;
1413 5767 1478 5808 ex
1501 5751 1588 5805 lib.
1612 5752 1795 5817 Medit.,
1811 5765 1950 5817 capp.

694 5947 726 5962 ο
821 5943 864 5972 τ’
911 5963 916 5966 _

1511 325 1716 384 LIBER
1750 321 1840 381 DE
1875 318 2246 414 DlLlGENDD
2283 319 2439 382 DEO.

3515 338 3622 397 862

2043 441 2280 521 singulus
2303 445 2562 521 quisque,
2593 445 2693 502 hoc
2719 455 2800 500 est
2841 453 2947 502 tota
2983 448 3214 508 Trinitas
3239 452 3418 521 simul,
3459 449 3622 515 Pater

2041 526 2094 569 et
2121 513 2286 570 Filius
2315 525 2369 570 et
2395 513 2625 600 Spiritus
2649 527 2862 573 sanctus
2892 537 2905 572 :
2935 524 3180 600 quoniam
3208 513 3448 600 singulas
3473 513 3620 600 quis;

2041 602 2144 654 quc
2185 603 2288 641 non
2330 598 2411 642 est
2451 587 2598 668 aliud
2632 605 2790 668 quam
2834 587 3041 646 sumine
3079 587 3524 668 simplex'nnitas',
3566 587 3623 656 et

2043 672 2248 734 suntme
2281 675 2380 734 una
2428 660 2772 734 simplicitas,
2803 677 2920 734 qlia:
2965 678 3061 717 nec
3105 660 3470 734 multiplicari,
3511 660 3619 728 inec

2043 727 2182 782 alind
2217 737 2267 800 e_t
2313 727 2452 784 aliud
2484 727 2603 785 esSe
2644 727 2838 800 potest.
2873 731 3038 787 Porro
3065 750 3225 788 unum
3253 727 3331 792 est
3369 727 3619 796 necessaé

2045 798 2349 869 rium(Luc.
2385 800 2567 868 κω),
2589 798 2754 856 Porro
2785 803 2884 858 hoc
2911 815 2990 860 est
3021 803 3148 859 illttd
3179 823 3336 862 unum
3370 825 3619 865 necessa-

2045 871 2210 936 rium,
2240 871 2291 926 itt
2323 887 2429 940 quo
2457 889 2614 926 omne
2641 873 2834 946 bonum
2871 892 2896 946 :7
2917 875 3022 932 imo
3061 877 3198 946 quod
3229 893 3260 932 e
3293 886 3312 932 t
3345 894 3504 934 omne
3524 921 3538 940 .
3566 891 3622 936 et

2043 957 2204 1019 unum
2223 988 2238 1019 ε
2270 951 2321 1019 et
2364 953 2528 1019 totum
2551 984 2564 1002 .
2593 953 2645 998 et
2675 943 3101 1019 solumbonum.
3143 947 3197 1003 Si
3227 949 3368 1002 enim
3411 951 3616 1019 singula

2044 1011 2177 1087 bona
2209 1013 2540 1087 delectabilia
2579 1023 2729 1078 sunt,
2761 1017 2932 1080 cogita
2959 1027 3160 1073 attente
3195 1035 3352 1087 quam
3381 1011 3617 1078 dulei-tas

2044 1083 2146 1136 bile
2176 1085 2260 1158 rsit
2314 1083 2435 1158 illud
2481 1085 2716 1151 bonttm,
2762 1087 2899 1155 quod
2950 1090 3186 1146 continet
3214 1083 3619 1158 'jttcundilatem

2044 1157 2279 1207 omnium
2322 1155 2614 1210 bonorum.
2647 1167 2700 1210 ct
2743 1173 2846 1210 non
2878 1159 3087 1224 qualem
3132 1161 3186 1214 in
3227 1155 3386 1218 rebus
3428 1163 3622 1218 creatis

2043 1238 2228 1300 sumus
2259 1226 2485 1294 experti,
2519 1227 2613 1280 sed
2642 1236 2788 1300 tanto
2828 1227 3192 1300 diti‘erentem,
3221 1242 3418 1300 quanto
3443 1232 3622 1288 ditl‘ert

2042 1291 2262 1372 Cri-ator
2298 1291 2622 1372 a'creatura.
2670 1297 2726 1354 Si
2772 1299 3038 1372 enimest
3081 1291 3361 1358 bona'vita
3405 1312 3618 1372 creata;

2043 1383 2200 1441 quam
2235 1365 2371 1420 bona
2411 1379 2491 1441 est
2519 1368 2946 1441 Vitacreatrix?
2991 1371 3045 1425 Si
3087 1372 3314 1441 jucunda
3357 1384 3440 1430 est
3477 1365 3620 1430 salus

2046 1435 2219 1510 facta;
2255 1454 2417 1510 quam
2459 1439 2689 1508 jncnmla
2729 1450 2812 1494 est
2837 1441 2991 1496 Salus
3019 1435 3137 1510 quae
3184 1442 3305 1498 fecit
3346 1443 3621 1500 salutem?

2043 1507 2098 1562 Si
2129 1507 2373 1563 amabilis
2410 1507 2488 1564 est
2520 1511 2775 1579 sapientia
2802 1527 2920 1565 cum
2948 1507 3250 1578 cognitione
3279 1530 3455 1568 rerum
3483 1531 3618 1568 con-

2046 1579 2315 1653 ditarum;
2359 1595 2513 1653 quam
2537 1582 2786 1653 amabilis
2825 1592 2904 1635 est
2931 1581 3195 1652 Sapientia
3229 1599 3348 1653 qua:
3385 1585 3621 1640 condidit

2046 1650 2221 1725 omnia
2252 1667 2313 1702 ex
2348 1651 2554 1725 nihilo‘.l
2601 1651 2839 1720 Denique
2873 1650 3126 1725 sitn'ulta:
3153 1664 3207 1710 et
3229 1650 3434 1725 magth
3471 1655 3621 1710 dele-

2046 1720 2306 1774 Ctatioues
2358 1731 2481 1794 sunt
2535 1722 2585 1778 in
2637 1725 2796 1794 rebus
2851 1720 3517 1794 delectabilibus{qualis
3565 1733 3622 1780 et

2047 1799 2242 1863 quanta
2269 1800 2355 1863 est
2383 1791 2666 1847 delectatio
2697 1793 2746 1847 in
2779 1795 2871 1848 illo
2907 1795 2996 1863 qui
3028 1794 3152 1849 fecit
3180 1791 3625 1852 omttia'delecta-

2047 1860 2172 1936 ltitia
2192 1861 2215 1913 ’ἶ
2257 1861 2302 1916 Ο
2330 1864 2418 1936 qui
2449 1866 2547 1936 hoc
2579 1865 2716 1918 bono
2745 1860 2948 1920 fruetur
2967 1907 2981 1930 ,
3004 1866 3129 1933 quid
3165 1867 3236 1920 illi
3266 1868 3386 1929 erit,
3414 1877 3466 1921 et
3493 1865 3622 1936 quid

2049 1931 2134 2008 illi
2154 1948 2255 2008 non
2285 1931 2426 1987 erit?
2463 1933 2897 2008 Certcgquidquid
2928 1931 3086 2001 volet,
3115 1937 3252 2008 erit;
3291 1948 3347 1992 et
3367 1931 3622 2006 quidquid

2049 2004 2234 2076 nolet,
2268 2020 2372 2058 non
2404 2007 2523 2076 erit.
2572 2005 2643 2059 lbi
2683 2007 2878 2076 quippe
2913 2017 3068 2062 erunt
3114 2006 3251 2062 bona
3287 2004 3530 2076 corporis
3567 2015 3625 2064 et

2049 2075 2262 2146 animm,
2307 2075 2477 2146 qualia
2523 2093 2619 2130 nec
2659 2075 2846 2130 oculus
2877 2077 3035 2140 vidit,
3085 2092 3183 2132 nec
3224 2079 3370 2133 auris
3389 2075 3620 2146 audivit,

2051 2160 2148 2198 nec
2181 2145 2230 2198 in
2258 2161 2351 2218 eor
2375 2145 2606 2199 hominis
2631 2148 2867 2202 ascendit
2895 2149 2908 2178 ¹
2941 2147 2990 2209 (Ι
3016 2147 3132 2201 Cor.
3162 2164 3218 2212 ll,
3246 2149 3325 2217 9).
3357 2148 3467 2203 Cur
3495 2145 3625 2218 ergo

2052 2229 2146 2282 per
2171 2217 2331 2268 multa
2356 2233 2604 2284 vagantur
2623 2218 2911 2286 quaerendo
2937 2219 3070 2272 bona
3097 2221 3336 2288 corporis
3356 2227 3407 2272 et
3428 2217 3621 2273 auintze

2051 2288 2289 2357 postne?
2328 2292 2596 2357 Amemus»
2611 2304 2773 2342 unum
2804 2291 2997 2342 bonum
3021 2331 3033 2352 ,
3080 2290 3131 2344 in
3163 2305 3268 2357 quo
3295 2298 3420 2346 sunt
3446 2288 3624 2346 omnia

2050 2355 2185 2410 bona
2214 2373 2226 2419 ;
2256 2367 2305 2410 et
2334 2355 2546 2410 sufficit.
2581 2355 2952 2412 Desideremus
2978 2355 3200 2425 simpleti
3234 2360 3451 2425 bonum,
3481 2357 3625 2428 quod

2051 2436 2134 2480 est
2161 2441 2318 2482 omne
2363 2429 2595 2491 bonum;
2636 2437 2690 2480 et
2718 2430 2846 2482 satis
2878 2438 2977 2482 est.
3027 2428 3164 2494 Quid
3207 2429 3347 2483 enim
3378 2443 3558 2494 amas,
3591 2443 3627 2483 o

2050 2510 2175 2552 caro
2195 2498 2219 2547 ‘l
2263 2498 2388 2566 quid
2432 2497 2724 2569 desideras,
2773 2514 2807 2551 o
2849 2498 3072 2552 anima?
3121 2500 3192 2553 Ibi
3242 2509 3325 2553 est
3369 2498 3626 2569 quidquid

2052 2583 2229 2630 amas,
2265 2569 2519 2639 quidquid
2546 2568 2839 2622 desideras.
2877 2569 3016 2622 Bona
3049 2584 3177 2638 ergo
3204 2571 3351 2639 regni
3390 2568 3624 2625 cmlestis

2052 2639 2231 2692 dicere
2274 2641 2352 2692 vel
2398 2637 2633 2707 cogitare
2678 2639 2759 2692 vel
2805 2637 3205 2708 intelligerent
3245 2637 3402 2706 sunt,
3450 2641 3628 2696 nullus

2052 2719 2227 2778 potest
2256 2726 2416 2764 carne
2446 2711 2666 2764 vestitus
2703 2727 2715 2761 :
2764 2710 2931 2762 nmlto
2972 2712 3112 2778 enim
3165 2711 3363 2776 maiora
3407 2721 3531 2766 sunt
3573 2719 3630 2767 et

2051 2777 2294 2838 meliora.
2325 2796 2484 2850 quam
2513 2796 2631 2848 qua:
2657 2781 2955 2849 cogitamus
2989 2789 3079 2836 aut
3103 2777 3471 2849 intelligimus.
3515 2781 3625 2835 Re-

2051 2867 2210 2922 gnum
2241 2868 2466 2922 namque
2493 2851 2582 2905 Dei
2611 2854 2754 2904 omni
2793 2851 2929 2904 fama
2961 2853 3135 2922 majus
3164 2862 3268 2918 est,
3295 2853 3440 2907 omni
3467 2852 3626 2908 laude

2053 2923 2271 2986 melius,
2314 2921 2456 2975 omni
2497 2923 2714 3008 scientia
2759 2921 3237 3008 ittu'puterabilius,
3284 2924 3431 3008 omni
3455 2923 3625 3008 gloria

2054 3008 2170 3060 qua:
2197 3003 2410 3061 putatur
2437 2993 2797 3046 excellentius.
2834 2993 3094 3060 Regnum,
3128 2993 3364 3060 inquam,
3395 2991 3486 3048 Dei
3516 2991 3627 3062 ple-

2053 3079 2178 3116 num
2207 3074 2286 3116 est
2319 3065 2452 3116 lueis
2475 3077 2538 3116 ac
2566 3063 3028 3134 parisaeharitatis
3055 3073 3107 3116 et
3132 3067 3422 3134 sapientite,
3455 3065 3626 3120 hone-

2053 3134 2204 3188 statis
2231 3143 2285 3188 et
2327 3136 2527 3202 glorite,
2565 3133 2861 3190 dulcedinis
2887 3142 2941 3188 et
2979 3133 3301 3200 dilectionis,
3331 3135 3529 3188 laetitia:
3569 3143 3623 3191 et

2055 3203 2394 3258 beatitudinis
2426 3205 2693 3274 perennis,
2721 3213 2774 3257 et
2803 3204 2975 3258 omnis
3001 3204 3122 3258 boni
3153 3206 3455 3272 inelfahilis,
3482 3205 3626 3274 quod

2055 3274 2275 3328 necdici
2316 3293 2410 3328 nec
2437 3275 2655 3345 cogitari
2684 3283 2876 3343 potest.
2926 3274 3030 3329 Nec
3079 3276 3198 3331 ideo
3241 3287 3412 3329 tamen
3454 3275 3627 3342 debeo
3705 3309 3708 3311 -

2053 3355 2250 3409 tacere,
2279 3348 2370 3400 sed
2399 3348 2576 3400 dicere
2603 3356 2858 3416 quantum
2888 3347 3061 3412 valeo,
3095 3349 3215 3415 quia
3247 3347 3426 3402 dicere
3459 3361 3628 3416 quan-

2055 3425 2164 3470 tum
2192 3417 2314 3472 volo
2344 3433 2449 3472 non
2478 3417 2645 3472 valeo.
2691 3415 2874 3485 Neque
2907 3417 3051 3471 enim
3081 3419 3199 3487 quia
3230 3418 3400 3473 Deum
3444 3415 3627 3473 inetl'a-

2054 3487 2212 3542 bilem
2261 3489 2562 3552 credimus,
2612 3487 2708 3542 fari
2753 3487 2819 3542 de
2867 3487 2959 3541 illo
3009 3488 3147 3557 quod
3197 3504 3478 3556 possumus
3517 3499 3626 3546 non

2052 3557 2328 3612 debemus.
2359 3557 2431 3612 Ita
2459 3575 2585 3611 sane
2612 3567 2658 3610 et
2691 3557 2805 3628 plus
2831 3557 3080 3614 credatur
3102 3559 3284 3629 derilla
3307 3562 3431 3623 vita,
3466 3574 3626 3629 quam

2055 3630 2340 3692 scribitur;
2386 3631 2505 3699 quia
2539 3644 2640 3682 non
2669 3638 2840 3697 potest
2869 3638 3067 3683 tantum
3101 3628 3223 3684 inde
3255 3628 3625 3700 proferri’ser-

2054 3716 2246 3766 mone,
2279 3712 2534 3771 quantum
2573 3709 2750 3768 potest
2794 3711 2970 3755 mente
2996 3700 3316 3770 complecti;
3357 3709 3412 3755 et
3450 3701 3625 3756 minus

2054 3773 2283 3844 concipit
2306 3772 2497 3827 mentis
2524 3771 2769 3844 hutttanze
2790 3771 3180 3844 quantumlibet
3203 3771 3456 3844 profunda
3480 3786 3628 3844 gom-

2093 3841 2259 3908 lexio,
2290 3859 2446 3912 quam
2478 3859 2536 3898 se
2576 3841 2769 3896 habeat
2799 3841 2960 3911 ipsius
3001 3844 3076 3900 rei
3119 3843 3439 3912 magnitudo.
3484 3841 3627 3912 Ergo

2077 3914 2228 3968 'utnra
2262 3915 2368 3986 vita
2394 3913 2641 3968 credatur
2673 3913 2824 3967 beate
2863 3913 3182 3986 sempiterna
3214 3923 3266 3967 et
3303 3913 3626 3986 sempiterne

2057 3984 2209 4038 beata
2239 4002 2252 4037 :
2283 3985 2372 4040 ubi
2409 3993 2495 4038 est
2532 3993 2672 4037 certa
2710 3985 2988 4047 securitas,
3029 3999 3214 4038 secura
3253 3984 3624 4054 tranquillitas,

2059 4056 2341 4125 tranquilla
2377 4055 2700 4125 jucunditas.
2749 4056 2870 4110 felix
2909 4056 3199 4118 attemitas,
3227 4063 3423 4109 aeterna
3456 4054 3625 4109 felicis

2058 4135 2138 4180 tas
2161 4144 2176 4191 ;
2221 4127 2304 4184 ubi
2335 4143 2484 4182 antor
2510 4135 2588 4179 est
2619 4126 2900 4196 perlectus,
2930 4126 3088 4180 timor
3112 4127 3307 4190 nullus,
3334 4127 3449 4180 dies
3473 4133 3629 4196 aiter.-

2059 4213 2194 4262 nus,
2241 4199 2418 4252 alacer
2467 4207 2674 4263 motus,
2717 4205 2773 4268 et
2817 4212 2949 4268 unus
2999 4200 3232 4250 omnium
3262 4197 3514 4268 spiritus,
3561 4195 3629 4268 de

2057 4271 2505 4338 eontetnplatioue
2529 4268 2622 4321 Dei
2649 4267 2726 4321 sui
2749 4309 2764 4332 ,
2801 4281 2863 4321 ac
2897 4265 2964 4320 de
2995 4279 3086 4320 sua
3113 4283 3232 4321 cum
3259 4265 3350 4321 illo
3375 4265 3627 4335 pennati;-

2058 4340 2208 4395 sione
2234 4355 2488 4402 securUs;
2537 4339 2622 4392 ubi
2651 4339 2760 4406 ipsa
2800 4339 3005 4403 civitas,
3037 4353 3156 4407 quae
3189 4346 3276 4391 est
3307 4339 3628 4407 Augetur-um

2059 4427 2294 4464 Otllltlllllt
2323 4423 2479 4478 atque
2506 4418 2808 4464 sanctorum
2836 4409 3241 4478 congregatione
3270 4408 3441 4470 beata,
3471 4409 3631 4462 meri-

2063 4484 2127 4535 tis
2175 4477 2493 4550 fulgentibus
2543 4480 2738 4542 micat;
2791 4477 2875 4550 ubi
2925 4477 3120 4532 teterna
3167 4477 3310 4533 salus
3350 4479 3628 4547 exuberat,

2061 4549 2267 4606 veritas
2282 4560 2500 4620 regnat;
2539 4550 2624 4602 nhi
2655 4564 2754 4602 nec
2785 4549 2918 4602 fallit
2946 4550 3245 4620 quisquam,
3269 4565 3368 4604 nec
3396 4550 3628 4620 fallitur;

2060 4623 2201 4676 u--de
2229 4623 2412 4674 beatus
2438 4620 2612 4673 nullus
2646 4620 2890 4687 ejieitur;
2933 4621 3022 4673 ubi
3050 4622 3222 4674 nullus
3249 4621 3414 4675 miser
3437 4621 3632 4674 admit-

2061 4693 2206 4748 titur.
2235 4693 2355 4748 lltec
2388 4700 2468 4746 est
2496 4692 2903 4758 contemplativa
2928 4692 3032 4744 vita
3071 4691 3244 4754 beata,
3265 4691 3332 4744 ad
3357 4708 3516 4760 quam
3537 4691 3630 4758 qui

2059 4763 2318 4828 bonorum
2347 4778 2568 4832 operum
2589 4763 3048 4818 consummatione
3078 4762 3438 4829 pervenerint,
3465 4763 3631 4816 beatis

2059 4836 2258 4889 similes
2289 4843 2459 4892 erunt.
2488 4841 2542 4886 et
2576 4832 2728 4886 simul
2763 4847 2884 4888 cum
2909 4833 3018 4886 Deo
3047 4834 3162 4886 sine
3190 4833 3293 4886 line
3318 4833 3627 4900 reguabunt.

2059 4906 2210 4970 Quod
2238 4915 2412 4958 autem
2451 4903 2537 4957 hic
2563 4904 2919 4968 crediderunt,
2941 4903 3014 4957 ibi
3046 4903 3298 4956 videbunt
3324 4919 3336 4953 :
3367 4904 3444 4954 sui
3471 4903 3632 4954 Crea-

2061 4978 2190 5031 toris
2220 4975 2565 5030 substantiam
2600 4976 2961 5028 mumhssimis
2995 4974 3242 5028 cordibus
3267 4974 3632 5040 contemplan-

2060 5057 2160 5114 tes,
2188 5057 2383 5102 tett-rna
2426 5048 2774 5102 exsultatione.
2797 5045 3116 5113 gaudebunt,
3143 5044 3332 5097 divinae
3354 5043 3633 5100 charitatis

2058 5129 2112 5173 et
2135 5132 2327 5174 mutuae
2349 5117 2647 5172 dilectionis
2673 5116 3006 5187 posses~ioue
3027 5118 3252 5187 lteoisuo
3274 5115 3323 5166 in
3348 5124 3629 5187 a-_ternum,

2058 5199 2112 5243 et
2142 5191 2364 5244 invicem
2404 5190 2505 5242 sibi
2531 5185 2913 5241 adluerebnnt:
2958 5186 3184 5252 receptis
3223 5200 3342 5240 cum
3389 5185 3631 5238 incorru-

2059 5263 2239 5330 ptiotte
2261 5269 2418 5328 atque
2441 5259 2834 5330 immortalitate
2859 5256 3189 5330 Corporibus,
3216 5256 3593 5330 municipatum
3611 5257 3633 5288 '

2059 5326 2242 5402 patriai
2265 5326 2496 5402 cmllestis
2515 5329 2800 5402 accipient,
2824 5340 2977 5390 atque
2999 5326 3112 5402 ejus
3136 5328 3186 5380 in
3209 5337 3468 5402 aeternum
3489 5327 3633 5402 cives

2059 5397 2228 5456 effecti
2257 5401 2472 5469 pra-mia
2513 5400 2772 5469 promissa
2813 5397 3174 5466 reportabant.
3210 5397 3282 5451 Ibi
3313 5399 3390 5450 eis
3413 5399 3633 5469 exube-

2059 5476 2190 5528 rnbit
2221 5468 2361 5526 tanta
2385 5468 2587 5532 1ςειίιίςι,
2614 5481 2755 5522 tanta
2784 5469 3078 5523 emit-stium
3100 5470 3266 5537 gratia
3289 5468 3632 5538 gaudiorum,

2061 5554 2118 5598 ut
2141 5555 2194 5598 et
2219 5543 2599 5598 retunneratori
2631 5557 2727 5592 suo
2768 5555 2862 5608 pro
2904 5540 3058 5592 tantis
3091 5542 3400 5594 munerilms
3437 5541 3636 5610 gratias

2058 5627 2235 5686 agant,
2259 5629 2312 5669 et
2339 5615 2540 5668 nullum
2579 5611 2844 5665 fastidiunt
2867 5627 2928 5665 ex
2957 5613 3066 5666 ir-sa
3086 5612 3320 5666 afﬂuenti
3341 5611 3634 5683 gratiarum

2122 5753 2141 5820 ξ
2177 5751 2308 5812 Apud
2331 5749 2621 5820 Anselmum,
2646 5761 2734 5820 nec
2756 5762 2845 5820 eoi;
2877 5747 3078 5820 (mnditia
3097 5747 3343 5818 cogitauit.

2123 5817 2144 5848 ι
2177 5810 2258 5865 iis.
2284 5816 2476 5880 Regius,
2500 5826 2672 5866 manus
2695 5810 2994 5882 inde/icium.
3154 5810 3177 5818 ’
3336 5825 3342 5828 ·
