4094 6342
244 492 387 550 rium
438 485 616 545 cordis
656 484 801 550 mei;
852 488 1058 539 teneam
1108 490 1187 547 te,
1234 495 1385 536 amor
1432 480 1623 535 animm
1674 496 1827 535 meae.

246 561 556 629 Amplectat'
608 567 695 623 te,
753 570 966 629 sponse_
1016 554 1287 629 cmlestis,
1356 552 1644 629 exsultatio
1714 567 1830 606 mea

246 622 455 688 summa
488 632 630 685 intus
659 636 712 681 et
737 622 905 682 extra.
937 625 1241 680 Possideam
1271 634 1321 677 te
1345 665 1360 688 ,
1392 622 1662 677 beatitudo
1686 638 1829 677 setn-

286 706 494 766 iterna;
540 698 838 767 possideam
880 707 930 751 te
976 698 1025 749 in
1073 694 1248 749 medio
1294 692 1471 767 cordis
1524 694 1662 756 mei,
1724 694 1831 767 vita

354 785 402 827 ta
429 816 444 837 ,
473 764 697 826 dulcedo
726 784 928 823 summa
955 768 1144 820 animre
1170 780 1322 818 mere.
1356 764 1578 831 Diligam
1608 774 1657 817 te
1681 805 1696 827 ,
1733 764 1833 817 Do-

243 846 391 901 mine
418 842 668 898 fortitudo
692 854 842 899 mea;
873 838 1124 892 Dominus
1156 838 1543 889 lirtnamemmn
1574 850 1750 888 meum
1778 843 1832 889 et

247 916 506 981 refugium
542 926 716 966 meum
742 952 756 976 ,
790 920 842 961 et
879 909 1130 963 liberator
1172 921 1322 981 meus
1366 905 1383 975 (
1414 904 1561 960 Psal.
1593 920 1731 971 xvn,
1757 905 1827 981 2,

248 987 282 1041 5
309 976 582 1053 ).”Αιιιθιιι
637 992 689 1035 te
715 1024 729 1053 ,
780 982 915 1033 Deus
952 994 1101 1032 meus
1126 1020 1139 1044 ,
1178 976 1394 1053 adjutor
1437 991 1586 1053 meus
1609 1018 1624 1041 ,
1659 976 1831 1053 turris

248 1046 571 1112 fortitudinis
598 1052 727 1106 mihi
753 1093 767 1114 ,
790 1059 844 1105 et
861 1064 983 1118 spes
1013 1064 1128 1103 mea
1160 1047 1329 1102 dulcis
1355 1048 1404 1100 iu
1432 1047 1574 1100 omni
1610 1046 1828 1100 tribula-

248 1129 393 1181 tione
439 1140 577 1179 mea.
627 1117 927 1192 Amplectar
970 1130 1060 1181 te,
1106 1120 1337 1192 bonum,
1385 1119 1651 1192 sinequo
1700 1117 1829 1172 nihil

246 1197 446 1253 bonum
477 1214 490 1249 :
524 1195 670 1248 fruar
700 1188 751 1248 te
772 1235 786 1256 ,
818 1193 1015 1259 optime
1040 1192 1080 1257 ‘,
1112 1190 1228 1244 sine
1254 1206 1359 1257 quo
1386 1188 1513 1241 nihil
1543 1189 1824 1256 optitnttm.

245 1268 408 1334 Aperi
434 1266 721 1335 penetralia
749 1264 1211 1335 aurimnmearum
1230 1302 1248 1327 ,
1274 1259 1502 1335 Verbum
1533 1260 1831 1335 penetrabi-

246 1329 351 1393 lius
377 1329 522 1391 omni
550 1336 723 1405 gladio
761 1332 974 1405 ancipiti
1018 1330 1324 1405 (Allobratv,
1355 1329 1484 1399 12),
1525 1339 1584 1384 ιιι
1618 1330 1828 1405 audiam

247 1424 435 1464 vocem
464 1400 629 1461 tuain.
662 1407 841 1459 lntona
862 1400 1132 1470 ,Domine
1154 1443 1169 1463 ,
1209 1402 1439 1470 desuper
1482 1416 1611 1454 voee
1642 1400 1828 1469 grandi

246 1488 303 1535 et
332 1481 475 1533 forti.
505 1478 675 1532 Tonet
708 1490 853 1529 mare
876 1483 929 1527 et
958 1472 1226 1541 plenitudo
1248 1473 1362 1539 ejus
1386 1512 1402 1537 ,
1431 1479 1831 1526 commoveatur

248 1557 388 1604 terra
417 1560 471 1604 et
495 1548 671 1601 omnia
702 1562 818 1615 qua:
847 1545 897 1598 in
930 1545 1007 1597 eis
1035 1553 1157 1598 sunt
1182 1549 1199 1612 (
1231 1542 1374 1615 Psal.
1406 1557 1532 1615 xcv.
1561 1542 1661 1615 llo,
1686 1541 1762 1615 ιε
1784 1541 1826 1612 ).

248 1620 456 1675 lllustra
485 1619 667 1674 oculos
693 1612 873 1679 meos,
898 1615 981 1667 lux
1007 1613 1556 1682 incomprehensibilis
1579 1652 1595 1678 ,
1628 1612 1829 1681 fulgura

245 1691 702 1752 coruscationem,
752 1695 807 1741 et
853 1685 1048 1744 dis~ina
1085 1700 1177 1738 eos
1221 1687 1238 1752 (
1267 1683 1413 1737 Psal.
1440 1698 1641 1748 cxun,
1672 1682 1745 1751 6)
1775 1691 1832 1738 ut

246 1778 354 1816 non
388 1761 603 1815 videant
631 1758 937 1812 vanitatem.
974 1756 1211 1809 Fulmina
1244 1755 1531 1822 nmltipliea
1556 1794 1571 1815 ,
1612 1762 1666 1808 et
1703 1769 1830 1808 con-

249 1833 402 1886 turba
432 1846 525 1886 eos
548 1870 564 1895 ,
593 1839 651 1884 ut
675 1837 959 1896 appareant
982 1826 1156 1896 fontes
1176 1841 1429 1893 aquarum
1455 1835 1505 1879 et
1531 1825 1832 1896 revelentnr

247 1902 593 1957 fundamenta
621 1895 765 1955 orbis
795 1908 1054 1951 terrarum
1089 1897 1107 1966 (
1135 1895 1276 1949 Psal.
1312 1912 1412 1950 xvu
1431 1937 1445 1960 ,
1475 1897 1546 1966 illi
1569 1898 1607 1965 ).
1635 1895 1831 1949 'I'ribue

245 1975 421 2027 visum
448 2016 462 2033 ,
496 1974 579 2026 lux
625 1969 940 2031 invisibilis,
988 1969 1075 2036 qui
1102 1965 1172 2022 te
1217 1966 1409 2021 videat.
1454 1965 1588 2021 Crea
1635 1981 1829 2020 novmn

246 2043 533 2105 olfactutn,
569 2042 701 2097 odor
729 2041 888 2105 vitm,
920 2040 1007 2107 qni
1047 2048 1165 2107 post
1206 2048 1254 2092 te
1295 2045 1474 2091 currat
1515 2038 1565 2089 iu
1609 2036 1830 2091 odarem

247 2127 641 2180 unguentorum
684 2121 893 2166 tuorum
936 2107 1125 2179 (Cant.
1151 2125 1199 2180 ι,
1244 2109 1344 2178 3).
1393 2107 1615 2163 Gustum
1661 2122 1827 2170 sana,

248 2178 340 2255 qui
370 2186 577 2254 sapiat,
606 2194 659 2237 et
691 2190 1008 2255 cognoscat,
1050 2191 1103 2255 et
1135 2178 1402 2255 discernat
1435 2194 1591 2255 quam
1642 2192 1831 2255 magna

249 2248 536 2311 tintltitudo
556 2248 851 2308 dulcedinis
881 2261 985 2306 tum
1010 2290 1027 2314 ,
1054 2251 1276 2319 Domine
1296 2290 1309 2308 .
1332 2266 1490 2319 qttam
1507 2248 1832 2319 abSContlisti

251 2325 340 2382 his
359 2327 447 2396 qui
473 2325 611 2393 pleni
636 2335 759 2379 sunt
784 2323 1057 2396 charitatis
1082 2330 1184 2375 tua:
1208 2322 1242 2396 (Δ
1257 2318 1534 2396 Ρειιζκιιιιχ
1557 2362 1571 2387 ,
1593 2319 1665 2373 ‘20
1690 2318 1729 2390 ).
1759 2319 1831 2372 Da

251 2412 349 2452 cor
373 2389 515 2468 quod
548 2404 598 2451 te
625 2396 819 2468 Cogitet
842 2393 1131 2468 ,__animum
1156 2391 1244 2468 qui
1273 2399 1325 2446 te
1344 2389 1535 2468 diligat
1556 2432 1568 2453 ,
1599 2399 1833 2468 mentem

251 2461 454 2538 qnze'te
483 2461 715 2538 recolat,
757 2464 1082 2520 intellectum
1120 2463 1209 2532 qui
1253 2472 1305 2517 te
1342 2461 1831 2538 intelligat,_rat_io-

250 2530 377 2595 nem
431 2555 547 2608 qua:
600 2537 694 2593 tibi
754 2550 1002 2603 semper,
1059 2530 1324 2608 summum
1382 2530 1570 2608 dulce,
1628 2530 1835 2586 fortiter

251 2602 522 2664 adhaereat
547 2626 561 2674 ;
595 2617 646 2662 te
675 2602 944 2676 sapienter
966 2645 980 2670 ,
1008 2620 1159 2658 amor
1184 2604 1396 2676 sapiens
1416 2643 1430 2667 ,
1461 2602 1661 2676 diligat.

324 2680 369 2736 0
397 2681 503 2735 vita
526 2671 557 2746 ,⁷
588 2679 673 2733 cui
724 2671 901 2732 omnia
948 2676 1163 2739 vivunt;
1210 2674 1349 2738 vita,
1399 2690 1518 2742 qua:
1558 2673 1656 2727 das
1704 2671 1835 2746 mihi

250 2752 416 2806 Vitam
439 2767 453 2815 ;
482 2744 587 2805 vita
612 2791 626 2813 ,
658 2764 777 2819 qua:
800 2764 858 2819 es
888 2762 1005 2801 mea
1032 2746 1135 2800 vita
1160 2760 1175 2803 :
1204 2746 1307 2798 vita
1333 2785 1348 2808 ,
1372 2760 1467 2813 per
1491 2759 1648 2819 quam
1676 2744 1796 2819 vivo
1815 2784 1830 2809 ,

253 2823 370 2878 sine
394 2837 495 2891 qua
541 2815 774 2884 morior;
812 2817 949 2880 vita,
1000 2831 1093 2884 per
1134 2831 1291 2891 quam
1341 2815 1665 2891 resuscitor,
1719 2815 1835 2891 sine

253 2909 355 2961 qua
387 2884 581 2963 pereo;
612 2892 718 2963 vita
746 2905 839 2963 per
880 2903 1037 2963 quam
1059 2886 1281 2963 gaudeo
1307 2927 1338 2963 ,‘
1360 2885 1478 2963 sine
1519 2900 1620 2954 qua
1667 2884 1833 2939 tribu-

254 2956 368 3017 lor:
390 2956 476 3031 ’(αι
523 2963 625 3016 vita
674 2960 847 3015 vitalis
869 2956 911 3025 ,ἡ
934 2958 1103 3013 dulcis
1122 2966 1181 3031 et
1205 2956 1484 3031 amabilis,
1523 2969 1837 3031 semperque

252 3026 602 3089 memoratis.
635 3031 770 3096 Ubi,
800 3044 1011 3099 quaeso,
1044 3028 1140 3083 es?
1168 3027 1265 3099 ubi
1286 3036 1337 3082 te
1366 3026 1632 3081 inveniam
1657 3037 1757 3099 ,_u_t
1783 3027 1836 3099 in

254 3121 341 3159 me
365 3104 611 3160 defuerant
639 3113 693 3158 et
720 3103 772 3155 in
800 3095 852 3157 te
881 3098 1208 3155 subsistam?
1244 3097 1417 3167 Prope
1456 3107 1572 3151 esto
1607 3095 1738 3150 mibi
1784 3098 1836 3151 iu

253 3177 436 3231 animo
461 3217 476 3237 ,
523 3189 689 3247 prope
733 3173 785 3226 in
831 3169 990 3247 corde
1015 3210 1029 3229 ,
1080 3169 1342 3247 prope-in
1379 3182 1489 3247 .ore
1514 3169 1556 3247 ξ,
1590 3182 1755 3247 prope
1785 3169 1838 3224 in

251 3247 456 3301 auxilio
487 3238 649 3314 :quia
675 3259 856 3298 amore
879 3244 1104 3314 langueo
1127 3281 1142 3305 ,
1184 3238 1305 3308 quia
1349 3239 1463 3293 sine
1508 3246 1560 3291 te
1599 3239 1797 3291 morior
1820 3278 1835 3304 ,

252 3319 374 3387 quia
409 3326 461 3371 te
486 3310 727 3370 recolens
754 3315 998 3368 suscitor.
1028 3310 1318 3387 Qdor_tt_ms
1344 3325 1428 3363 me
1451 3316 1654 3363 recreat
1678 3349 1693 3372 ,
1723 3325 1836 3387 me-

254 3380 425 3442 moria
455 3399 541 3440 tua
578 3402 662 3439 me
712 3394 905 3439 sanat:
954 3382 1046 3437 sed
1090 3380 1325 3435 satiabor
1370 3395 1488 3433 cum
1538 3381 1842 3448 apparuerit

253 3459 425 3528 gloria
452 3469 577 3522 tua,
617 3456 722 3528 vita
762 3456 952 3528 animat
994 3468 1144 3507 mem.
1189 3450 1528 3528 Concupisrit
1570 3463 1621 3503 et
1663 3450 1840 3504 deficit

254 3522 430 3583 animo
459 3543 574 3582 mea
600 3527 666 3581 de
693 3527 945 3581 memoria
969 3533 1054 3578 tua
1079 3566 1091 3587 ,
1124 3522 1335 3592 quando
1360 3522 1568 3575 veniam
1595 3529 1647 3574 et
1673 3536 1839 3589 appa-

256 3601 388 3655 rebo
420 3600 511 3653 tibi
532 3638 547 3662 ,
578 3598 755 3651 lmtitia
788 3597 943 3651 mea?
972 3596 1146 3662 Quare
1197 3593 1381 3646 faciem
1422 3600 1565 3646 tuam
1604 3594 1799 3645 avertis
1822 3632 1836 3654 ,

257 3670 512 3739 gaudium
536 3661 635 3739 per
663 3668 801 3739 quod
833 3661 1079 3739 gaudeo?
1106 3663 1204 3718 Ubi
1232 3678 1290 3716 es
1318 3661 1690 3739 absconditus,
1723 3662 1840 3730 pul-

259 3733 388 3795 cher
415 3733 572 3810 quem
603 3733 852 3791 desidero
866 3739 889 3789 ?
915 3736 1143 3810 Odorem
1173 3744 1320 3810 tuum
1364 3733 1582 3796 haurio;
1625 3734 1746 3810 vivo
1787 3741 1843 3786 et

259 3803 465 3881 gaudeo
497 3829 509 3864 ε
544 3820 800 3881 ιογιιιιιριιι
834 3823 937 3881 non
964 3805 1139 3881 video.
1173 3804 1366 3881 Vocem
1396 3803 1723 3881 tuamaudio
1748 3845 1762 3867 ,
1789 3810 1843 3857 et

261 3872 542 3935 reviviseo.
592 3879 696 3933 Sed
744 3894 838 3933 cur
884 3877 1072 3930 faciem
1123 3884 1265 3928 tuam
1311 3873 1629 3927 abscimdis?
1684 3872 1842 3929 Forte

260 3951 393 4007 dicis
417 3993 432 4013 ,
472 3950 588 4004 Non
610 3950 790 4004 videbit
812 3964 890 4001 me
909 3952 1059 4001 homo
1082 3988 1096 4010 ,
1144 3956 1190 3998 et
1230 3946 1352 3998 vivet
1389 3946 1408 4014 (
1438 3945 1603 3998 Exod.
1631 3955 1805 3997 χχχιιι
1824 3985 1839 4009 ,

257 4022 330 4095 20
356 4024 395 4095 ).
432 4023 520 4095 Eia
547 4063 564 4087 ,
592 4020 853 4095 Domine,
878 4018 1076 4071 moriar
1096 4026 1153 4095 ut
1178 4025 1227 4069 te
1254 4015 1458 4095 videam
1482 4032 1494 4075 ;
1528 4013 1763 4095 videam,
1787 4022 1846 4068 ut

260 4085 594 4147 bic'moriar.
631 4090 762 4144 Nolo
790 4091 969 4143 vivere
994 4130 1008 4151 ,
1040 4088 1160 4141 volo
1191 4087 1325 4140 mori
1352 4101 1366 4148 ;
1397 4085 1611 4139 dissolvi
1646 4086 1801 4154 cupio
1825 4125 1840 4150 ,

259 4173 315 4219 et
342 4179 460 4218 esse
486 4162 846 4231 cumClu-isto
879 4163 897 4231 (
922 4158 1153 4229 Philipp.
1182 4173 1233 4221 ι,
1256 4157 1327 4211 23
1347 4154 1388 4227 ).
1416 4156 1841 4231 Moridesidero,

260 4245 318 4288 ut
346 4236 552 4288 videam
595 4226 903 4295 Christum;
948 4226 1125 4283 vivere
1159 4226 1362 4290 renuo,
1408 4235 1465 4280 ut
1507 4226 1677 4280 vivam
1723 4241 1844 4280 cum

260 4306 498 4359 Christo.
529 4303 572 4359 Ο
600 4303 817 4357 Domine
839 4300 963 4356 Jesu
984 4342 999 4366 ,
1030 4301 1210 4366 accipe
1235 4298 1476 4368 spiritnnt
1504 4313 1700 4350 meum.
1730 4297 1843 4350 Vita

264 4393 380 4431 mea
402 4418 418 4443 ,
443 4378 649 4443 suscipe
666 4374 895 4427 animam
918 4386 1111 4425 meam.
1136 4370 1396 4425 Gaudium
1411 4383 1591 4443 meum
1608 4408 1621 4431 ,
1642 4368 1847 4443 attrahe

264 4463 359 4501 cor
389 4438 564 4500 meum
590 4438 604 4509 ξ
632 4444 801 4499 dulcis
828 4444 978 4496 cibus
1006 4456 1155 4495 meus
1176 4482 1190 4505 ,
1240 4439 1515 4494 comedam
1557 4447 1627 4492 te.
1677 4438 1848 4506 Caput

266 4532 444 4571 meum
466 4558 482 4585 ,
511 4515 679 4585 dirige
714 4529 835 4567 me:
882 4513 1059 4565 lumen
1107 4509 1379 4565 oculorum
1416 4523 1656 4585 meorum
1680 4549 1695 4573 ,
1724 4509 1847 4561 illn-

246 4578 404 4642 'mina
434 4578 520 4641 me
545 4604 557 4640 :
587 4578 757 4640 melos
785 4597 958 4636 meum
982 4623 997 4645 ,
1037 4590 1273 4648 tempera
1318 4595 1443 4634 me:
1485 4579 1617 4633 odor
1659 4593 1845 4643 meus,

262 4658 471 4712 vivilica
516 4670 643 4711 me:
689 4653 908 4709 verbum
960 4652 1094 4715 Dei,
1146 4665 1324 4705 recrea
1368 4664 1474 4704 me.
1506 4648 1646 4703 Laus
1688 4664 1845 4715 mea,

264 4727 476 4781 laetifica
502 4726 737 4780 animam
765 4723 906 4779 servi
938 4722 1033 4776 tui.
1062 4721 1204 4776 Intra
1233 4721 1284 4774 in
1318 4734 1435 4775 eam
1461 4761 1476 4785 ,
1507 4734 1689 4774 verum
1720 4734 1850 4788 gau-

263 4797 453 4864 dium,
507 4806 567 4851 ut
610 4796 662 4850 in
707 4805 759 4851 te
809 4793 1036 4865 gaudeat
1065 4810 1095 4865 :_
1135 4792 1273 4845 intra
1320 4791 1372 4844 in
1420 4806 1576 4857 eam,
1626 4789 1851 4865 dub-edo

264 4860 510 4934 summa,
541 4877 598 4921 ut
625 4866 798 4921 dulcia
813 4860 1042 4933 'sapiat:
1083 4862 1259 4917 lumen
1307 4871 1602 4934 maternum,
1646 4860 1852 4915 illustra

264 4955 427 5009 super
448 4930 565 4993 eam
586 4978 603 5004 ,
628 4946 690 4991 ιιι
718 4946 768 4992 te
796 4930 1082 5009 intelligat,
1104 4939 1392 5009 cognoscat
1419 4930 1706 5009 (ξιιιιιίιζειιτ

336 5000 416 5065 Ub
439 5010 541 5064 hoc
559 5000 700 5063 enim
723 5021 828 5060 non
852 5016 903 5060 te
923 5000 1128 5073 diligit,
1157 5000 1379 5058 Domine
1402 5043 1419 5069 ,
1448 5002 1492 5055 si
1516 5000 1815 5073 non‘diligit
1834 5041 1850 5066 ,

261 5080 389 5149 quia
422 5097 527 5134 non
555 5087 606 5133 te
635 5078 910 5149 cognoscit
938 5094 950 5129 :
989 5071 1045 5129 et
1080 5074 1220 5149 ideo‘
1246 5088 1372 5149 ιιοιι⁸
1390 5071 1701 5149 cognoscit,
1729 5071 1852 5141 quia

261 5143 373 5207 lion
402 5150 648 5219 intelligit
675 5143 771 5202 :'et
804 5145 1013 5219 idcirco
1054 5159 1160 5219 non
1208 5143 1491 5219 intelligit,
1519 5144 1643 5219 quia
1675 5144 1854 5196 lumen

261 5232 416 5277 tuum
448 5235 554 5275 non
575 5213 985 5288 comprehendit
1009 5215 1222 5288 :_et'lux
1249 5215 1301 5267 in
1327 5213 1562 5288 tenebris
1589 5214 1765 5288 lucet,
1796 5223 1856 5288 et

262 5292 505 5346 tenebrae
532 5306 651 5347 eam
681 5282 787 5343 non
817 5284 1337 5355 comprehenderunt
1369 5282 1564 5355 (Joun.
1592 5301 1645 5349 ι,
1678 5284 1711 5339 5
1739 5286 1776 5352 ).
1811 5283 1854 5338 0

258 5363 359 5418 lux
390 5364 585 5416 mentis
610 5403 624 5425 ,
653 5376 685 5415 ο
710 5360 892 5415 lucens
918 5356 1111 5410 veritas
1135 5395 1150 5421 ,
1203 5372 1237 5410 ο
1282 5371 1406 5409 vera
1455 5356 1667 5409 claritas
1690 5397 1705 5419 ,
1735 5371 1854 5424 qua:

260 5433 537 5489 illuminas
564 5446 778 5485 omnem
810 5428 1078 5483 hominem
1108 5428 1408 5482 venientem
1445 5426 1496 5479 in
1534 5425 1673 5479 lnmc
1700 5441 1857 5479 mun-

259 5504 395 5559 dum
423 5506 439 5571 (
467 5502 768 5558 venientem
794 5500 1042 5571 quidem,
1071 5498 1169 5571 sed
1203 5512 1308 5552 non
1348 5496 1654 5571 diligentem
1677 5512 1695 5571 _;
1731 5496 1854 5571 quia

260 5575 362 5646 qui
412 5567 584 5645 diligit
654 5567 952 5636 mund—um,
1026 5569 1273 5625 inimicus
1357 5568 1452 5623 Dei
1521 5567 1859 5621 constituitur

337 5751 354 5781 ί
391 5747 530 5806 Alias,
555 5744 805 5809 optimum.

336 5811 358 5843 ’
388 5810 507 5859 miti
538 5808 617 5858 hic
638 5808 834 5866 addunt,
856 5819 944 5868 pro

339 5871 409 5935 (a)
439 5878 506 5922 Ex
528 5869 751 5937 Speculo,
775 5882 880 5935 cap.
905 5869 982 5920 30.

1022 5805 1076 5858 in
1096 5802 1309 5856 auribus.

1134 363 1338 422 LIBER
1374 360 1925 433 souwomoauu
1961 359 2202 420 ΑΝιΜΑι
2240 361 2335 418 AD
2372 314 2579 422 neua.

3415 371 3529 433 860

1945 481 2167 555 [Jacobi
2219 480 2431 555 ms],
2490 481 2695 552 evpelle
2746 484 2996 541 tenebras
3044 486 3277 555 desuper
3332 487 3520 547 faciem

1940 553 2115 623 abyssi
2165 553 2354 606 mentis
2403 568 2571 630 mem;
2621 565 2685 630 ut
2721 555 2894 630 videat
2943 569 2990 609 te
3033 553 3413 630 intelligendo,
3463 568 3521 617 ut

1939 636 2228 702 cognoscat
2255 635 2303 702 te
2329 626 2831 702 comprehendendo
2853 670 2879 702 ,_
2917 637 2975 682 ut
3010 629 3193 702 diligat
3216 626 3283 686 ἰθ
3322 647 3523 702 cogno-

1940 695 2158 768 scendo.
2190 694 2439 762 Quisquis
2466 697 2604 749 enim
2633 699 2907 766 cognoscit
2936 709 2985 752 te
3006 741 3022 763 ,
3053 694 3224 768 diligit
3253 713 3301 755 te
3327 718 3341 765 ;
3382 694 3521 756 obli-

1938 765 2239 840 visciturse
2260 807 2275 830 ,
2310 776 2452 819 amat
2478 777 2528 840 te
2558 768 2672 840 plus
2698 774 2853 838 quam
2883 785 2978 835 se;
3028 765 3275 840 relinquit
3321 785 3379 825 se
3404 813 3419 835 ,
3466 783 3523 828 et

1939 836 2083 912 venit
2103 836 2166 889 ad
2192 846 2240 890 te
2264 877 2280 898 .
2306 846 2362 891 ut
2385 837 2610 912 gaudeat
2630 839 2695 892 de
2718 836 2794 892 ie.
2820 840 2951 895 Hinc
2972 849 3053 897 est
3072 836 3201 912 ergo
3220 883 3237 909 ,
3263 842 3486 898 Domine
3503 885 3520 910 ,

1938 907 2079 984 quod
2108 923 2213 961 non
2258 916 2460 962 tantum
2503 906 2668 984 diligo
2714 920 2970 984 quantum
3016 906 3380 984 debeo,quia
3411 906 3520 969 non

1939 976 2093 1054 plene
2122 993 2386 1054 cognosco
2414 988 2484 1033 te.
2509 976 2757 1054 Sedlqnia
2790 998 2970 1051 parum
2998 976 3295 1049 cognosco,
3329 998 3519 1054 parum

1937 1048 2099 1124 diligo
2123 1090 2137 1111 ,
2167 1059 2221 1103 et
2250 1051 2369 1119 quia
2401 1066 2585 1124 parum
2615 1048 2817 1124 diligo,
2859 1069 3040 1121 parum
3074 1054 3124 1106 in
3176 1063 3227 1109 te
3270 1048 3477 1124 ga'udco
3506 1071 3522 1121 ;

1938 1120 2030 1192 sed
2059 1136 2086 1173 a
2118 1130 2167 1173 te
2190 1137 2315 1174 vero
2336 1121 2529 1189 gaudio
2554 1123 2789 1175 interiori
2817 1120 2908 1191 per
2927 1125 3187 1178 exteriora
3217 1120 3475 1181 recedens
3500 1120 3518 1192 ,

1936 1190 2061 1243 dum
2092 1201 2140 1243 te
2163 1192 2278 1245 solo
2306 1208 2464 1246 careo
2488 1232 2502 1253 ,
2534 1190 2857 1248 adulterinas
2883 1195 3143 1249 amicitias
3176 1194 3225 1249 in
3258 1196 3340 1249 bis
3364 1190 3517 1251 extcé

1936 1261 2163 1342 rioribus
2189 1279 2389 1342 qnmro.
2417 1263 2483 1317 Et
2527 1264 2604 1317 sic
2651 1263 2814 1319 miser
2854 1280 2953 1335 ego
2983 1281 3090 1342 cor
3133 1283 3307 1342 memn
3334 1266 3520 1342 ._quod

1937 1332 2150 1406 tibisoli
2178 1334 2333 1406 debui
2363 1344 2472 1388 toto
2496 1349 2679 1406 amore
2707 1332 2922 1402 totaque
2943 1335 3132 1391 alfectu
3167 1332 3475 1406 impendere
3502 1379 3517 1403 ,

1935 1403 2270 1528 saluisodedi;
2302 1416 2354 1461 et
2382 1420 2550 1460 vanus
2589 1405 2809 1461 ell'ectus
2851 1421 2968 1463 sum
2997 1449 3013 1475 ,
3058 1407 3186 1462 dum
3229 1403 3518 1464 vanitatem

1976 1489 2118 1527 text.

1976 1489 2118 1527 nexu.

2007 1544 2232 1600 C.-\PUT
2275 1545 2341 1599 li.
2416 1545 2512 1599 Dei
2560 1547 2628 1601 ad
2674 1547 2926 1601 hominem
2970 1550 3124 1603 varia:
3176 1549 3515 1605 habitudines.

1938 1614 2071 1689 Hinc
2098 1617 2366 1689 etiamest
2393 1658 2409 1682 ,
2438 1618 2661 1672 Domine
2682 1660 2699 1684 ,
2727 1619 2868 1687 quod
2893 1619 2942 1672 in
2974 1629 3024 1674 te
3051 1637 3155 1674 non
3186 1621 3391 1689 gaudeo
3415 1660 3431 1687 ,
3469 1630 3524 1676 et

1938 1686 2031 1758 tibi
2057 1702 2171 1758 non,
2189 1687 2476 1743 atlhzereo:
2510 1690 2629 1757 quia
2681 1686 2780 1758 ego
2827 1690 2878 1743 in
2923 1686 3313 1756 exterioribus,
3364 1686 3421 1745 tu
3465 1690 3522 1747 in

1937 1755 2316 1831 interioribus;
2349 1775 2447 1827 ego
2474 1755 2851 1831 incarnalibus
2877 1802 2892 1826 ,
2924 1772 2976 1814 ιιι
3018 1761 3070 1815 in
3116 1755 3519 1831 spiritualibus;

1936 1842 2036 1894 ego
2062 1829 2115 1903 iu_
2141 1829 2454 1903 transitoriis
2480 1832 2658 1884 animo
2683 1830 2949 1903 diffundor
2976 1873 2991 1896 ,
3037 1829 3355 1903 cogitatione
3398 1848 3521 1903 ver-

1937 1913 2028 1969 sor
2051 1941 2065 1963 ,
2102 1899 2367 1953 locutione
2394 1902 2636 1969 itnplicor
2659 1944 2672 1961 .
2703 1911 2757 1954 et
2785 1911 2839 1954 ιιι
2865 1944 2880 1965 ,
2912 1899 3131 1956 Domine
3154 1945 3168 1963 ,
3218 1903 3270 1958 in
3307 1902 3524 1957 aeternis

1939 1968 2143 2044 babitas
2169 1968 2539 2044 aeternitatem.
2570 1973 2649 2027 Tu
2695 1972 2747 2026 in
2786 1973 2962 2032 coelo.
3006 1988 3105 2044 ego
3150 1973 3202 2027 in
3243 1983 3420 2036 terra;
3467 1984 3525 2027 tu

1937 2039 2113 2112 diligis
2141 2041 2243 2112 alta
2271 2080 2286 2106 ,
2316 2058 2413 2112 ego
2440 2043 2615 2096 intima
2642 2060 2655 2105 ;
2688 2053 2740 2096 tu
2768 2044 3007 2099 cmlestia
3037 2039 3064 2108 ξ
3100 2060 3199 2112 ego
3225 2044 3523 2099 terrestria.

1939 2110 2003 2164 Et
2028 2111 2239 2177 quando
2267 2110 2512 2177 poterunt
2544 2114 2657 2167 lucc
2681 2114 2946 2168 Contraria
2988 2110 3319 2169 convenire?
3363 2112 3523 2168 Miser

1936 2183 2073 2255 ego!
2104 2183 2331 2255 quando
2362 2185 2554 2250 poterit
2591 2184 2872 2255 obliquitas
2918 2200 3036 2240 mea
3078 2196 3179 2239 tuae
3221 2184 3525 2239 rectitudini

1937 2252 2248 2325 adaequari?
2294 2254 2411 2314 Τιι,
2464 2255 2683 2308 Domine
2706 2252 2730 2318 ,'
2769 2254 2943 2324 diligis
2988 2255 3333 2310 solitudinem
3359 2296 3374 2321 ,
3425 2270 3526 2325 ego

1939 2323 2327 2379 multitudinem
2352 2339 2367 2389 ;
2399 2334 2451 2377 ιιι
2480 2326 2747 2379 silentium
2772 2366 2789 2390 ,
2816 2323 2915 2395 ego
2940 2326 3228 2381 clamorem
3254 2343 3269 2389 ;
3305 2335 3357 2379 tu
3382 2323 3526 2379 veri-

1940 2401 2100 2467 tatem
2128 2437 2142 2459 ,
2171 2409 2270 2463 ego
2289 2395 2585 2467 vanitatem
2610 2412 2624 2460 ;
2654 2396 3051 2467 tumunditiam
3072 2438 3088 2459 ,
3118 2410 3218 2465 ego
3240 2394 3528 2451 immundi-

1938 2464 2066 2518 tiam
2094 2464 2309 2532 sequor'.
2340 2464 2474 2531 Quid
2502 2466 2651 2533 plura
2671 2507 2687 2530 ,
2722 2466 2985 2520 Domine?
3014 2465 3094 2521 Τιι
3144 2481 3271 2521 vere
3315 2466 3487 2521 bonus
3507 2505 3525 2532 ,

1939 2550 2038 2603 ego
2065 2537 2272 2597 malus;
2314 2544 2367 2589 tu
2401 2536 2560 2606 pius,
2606 2550 2705 2605 ego
2748 2535 2979 2605 impius;
3027 2548 3083 2591 tu
3126 2546 3378 2602 sanctus,
3428 2551 3529 2606 ego

1939 2607 2138 2678 miser;
2171 2618 2222 2659 tu
2246 2606 2422 2675 justus
2445 2648 2461 2672 ,
2492 2622 2592 2677 ego
2619 2606 2876 2675 injustas;
2907 2615 2960 2660 tu
2999 2607 3089 2662 lux
3113 2648 3128 2670 ,
3170 2623 3270 2678 ego
3311 2622 3526 2672 aecus;

1939 2683 1994 2730 tu
2028 2676 2136 2730 vita
2159 2717 2174 2741 ,
2205 2693 2305 2746 ego
2334 2676 2611 2741 mortuus;
2642 2686 2697 2730 tu
2742 2678 3003 2732 medicina
3027 2718 3044 2742 ,
3094 2676 3419 2747 ego‘aeger;
3471 2687 3529 2732 tu

1939 2747 2188 2817 gaudium
2215 2789 2230 2811 ,
2259 2762 2357 2817 ego
2382 2748 2591 2802 tristitia
2617 2765 2632 2810 ;
2665 2757 2720 2819 tu
2745 2763 2950 2801 summa
2982 2749 3178 2819 veritas
3201 2789 3217 2813 ,
3236 2818 3239 2819 ν
3258 2764 3358 2819 ego
3403 2748 3527 2803 uni-

1941 2832 2094 2956 ἕεις-δα
2121 2819 2324 2873 vanitas
2346 2858 2363 2885 ,
2395 2829 2453 2871 ut
2477 2819 2648 2872 omnis
2675 2817 2836 2874 homo
2859 2820 3045 2874 vivens
3069 2818 3088 2891 (
3112 2817 3260 2875 Psal.
3285 2817 3485 2875 xxxvm
3507 2859 3522 2885 ,

2012 2957 2164 3012 Heu!
2216 2957 2353 3029 Quid
2389 2959 2584 3029 igitur,
2629 2972 2663 3012 ο
2702 2957 2961 3023 Creator,
3006 2959 3223 3016 dicam?
3268 2960 3449 3028 Audi,
3497 2975 3531 3015 ο

1939 3029 2181 3084 Creator.
2210 3027 2463 3084 Creatura
2494 3040 2578 3099 tua
2608 3043 2726 3084 sum
2751 3070 2767 3094 ,
2810 3029 2918 3099 jam
2946 3031 3075 3099 perii
3102 3048 3117 3095 ;
3156 3041 3400 3086 creatura
3441 3040 3529 3085 tua

1942 3114 2059 3171 sum
2085 3100 2232 3171 ,jam
2263 3101 2499 3171 morior;
2550 3098 2755 3155 factura
2809 3098 2896 3155 tua
2924 3098 3082 3167 s'um,
3121 3101 3232 3171 jam
3276 3102 3341 3156 ad
3385 3101 3531 3155 nihi-

1942 3170 2051 3224 lum
2075 3170 2301 3238 reiligor.
2326 3170 2531 3224 Plasma
2556 3179 2702 3224 tuum
2724 3186 2841 3225 sum
2868 3190 2880 3225 :
2906 3186 3093 3225 manus
3117 3170 3220 3225 tuze
3244 3213 3260 3237 ,
3285 3172 3528 3235 Domine,

1943 3240 2288 3314 feceruutme
2312 3257 2325 3303 ;
2349 3250 2403 3295 et
2426 3241 2817 3314 plasmaverunt
2842 3257 2926 3297 tne
2953 3241 3140 3314 (Psal.
3165 3258 3327 3297 cxvut
3351 3284 3366 3309 ,
3395 3243 3463 3297 75
3484 3243 3529 3314 );

1943 3327 2153 3376 manus,
2183 3312 2394 3380 inquam
2421 3353 2437 3377 ,
2469 3312 2573 3366 illa:
2599 3329 2716 3382 qua:
2741 3313 2903 3367 t-lavis
2931 3312 3106 3367 allisa:
3130 3321 3253 3367 sunt
3284 3330 3377 3381 pro
3400 3312 3527 3377 me;

1943 3396 2077 3450 Optls
2103 3398 2351 3436 manuum
2384 3393 2590 3437 tuarum
2616 3424 2630 3449 ,
2683 3383 2904 3438 Domine
2928 3425 2943 3448 ,
2978 3400 3044 3437 ne
3074 3384 3377 3454 despicias;
3412 3386 3532 3439 vul—

1944 3469 2069 3507 nera
2117 3470 2366 3507 mauuum
2414 3464 2618 3509 tuarum
2668 3469 2855 3523 preciir
2893 3466 2949 3508 ut
2996 3456 3247 3523 aspicias.
3295 3455 3434 3510 Ecce
3478 3457 3532 3510 in

1945 3525 2190 3578 manibus
2216 3525 2317 3577 tuis
2342 3524 2667 3592 descripsisti
2692 3540 2776 3577 me
2800 3542 2813 3589 ;
2841 3525 2955 3595 lege
2979 3525 3146 3593 ipsam
3170 3526 3486 3595 scripturam
3514 3566 3529 3588 ,

1945 3603 1999 3649 et
2027 3596 2166 3648 salva
2198 3610 2302 3647 tne.
2330 3595 2404 3648 Eu
2429 3595 2492 3649 at]
2521 3605 2570 3649 te
2601 3597 2809 3663 suSpiro
2851 3608 3090 3650 creatura
3134 3605 3219 3650 tua
3246 3613 3260 3660 ;
3310 3597 3535 3652 Creator

1946 3681 2004 3720 es
2028 3706 2042 3723 .
2072 3680 2251 3719 recrea
2282 3681 2387 3718 me.
2427 3665 2506 3719 En
2535 3666 2600 3719 ad
2630 3676 2680 3721 te
2707 3666 2880 3720 clamo
2911 3668 3109 3720 factura
3140 3677 3224 3721 tua
3252 3684 3266 3731 ;
3296 3668 3400 3720 vita
3430 3682 3488 3721 es
3512 3709 3529 3734 ,

1947 3735 2107 3789 refice
2134 3751 2236 3789 mc.
2272 3735 2348 3789 En
2380 3736 2445 3789 ad
2475 3745 2524 3791 te
2550 3737 2776 3803 l't'SpiClO
2800 3746 2944 3791 tuum
2970 3739 3169 3806 plasma
3194 3755 3209 3804 ;
3241 3738 3533 3807 plasmator

1947 3821 2006 3860 es
2033 3847 2049 3871 ,
2080 3817 2315 3859 restaura
2344 3822 2448 3861 me.
2495 3807 2657 3861 Parce
2699 3808 2826 3862 mihi
2852 3848 2867 3871 ,
2914 3808 3171 3872 Domine,
3219 3809 3347 3863 nihil
3388 3810 3531 3863 enim

1947 3876 2221 3949 suntdivs
2269 3877 2558 3949 ιιιρίᾼ(.ΙοΙ›
2608 3894 2717 3944 vlt,
2752 3878 2880 3949 16).
2928 3879 3064 3947 Quid
3117 3889 3200 3934 est
3244 3880 3443 3945 homo,
3478 3888 3536 3933 ιιι

1947 3948 2116 4070 possit
2140 3946 2335 4015 alloqui
2368 3947 2534 4001 Demn
2564 3949 2811 4003 factorem
2840 3946 3040 4003 suum?
3067 3950 3231 4003 Parce
3262 3950 3386 4003 mihi
3414 3950 3531 4003 col-

1972 4021 2186 4070 oouenli
2218 4017 2311 4070 tibi
2337 4060 2350 4070 .
2400 4018 2612 4070 ignesce
2640 4035 2794 4070 servo
2823 4022 2910 4070 oui
2945 4022 3216 4070 nrmsmnit
3246 4021 3389 4070 loum
3422 4021 3531 4070 Do-

1972 4021 2186 4089 oquenli
2218 4017 2311 4070 tibi
2337 4060 2350 4079 ,
2400 4018 2612 4087 ignosce
2640 4035 2794 4072 servo
2823 4022 2910 4089 qui
2945 4022 3216 4088 przcsumit
3245 4021 3389 4088 loqm
3422 4021 3531 4074 Do-

1949 4088 2113 4141 mino.
2144 4087 2336 4157 Legem
2362 4106 2463 4142 non
2494 4089 2655 4143 habet
2679 4087 2986 4144 necessitas.
3014 4092 3173 4144 Dolor
3196 4108 3279 4145 me
3300 4087 3535 4159 compel-

1950 4159 2006 4213 lit
2059 4159 2291 4223 dicere,
2326 4169 2379 4214 et
2432 4160 2704 4213 calamitas
2755 4178 2912 4231 quam
2971 4163 3179 4229 patior,
3241 4164 3383 4231 c0git
3450 4178 3535 4215 me

1950 4231 2270 4284 exclamare.
2294 4231 2546 4299 Aigrotus
2566 4247 2681 4284 sum
2708 4272 2722 4295 ,
2748 4233 2811 4285 ad
2837 4232 3097 4286 medicum
3119 4233 3291 4285 clamo
3316 4250 3329 4297 ;
3361 4248 3536 4287 cmcus

1951 4315 2106 4363 smn,
2155 4300 2220 4354 ad
2263 4301 2432 4355 lucem
2475 4317 2734 4370 prepero;
2778 4313 3018 4359 mortuus
3089 4303 3325 4365 sum,ad
3376 4305 3537 4358 vitam

1952 4373 2180 4441 SuSpiro.
2215 4372 2291 4425 Τιι
2321 4387 2379 4426 es
2405 4373 2673 4436 medicus,
2708 4380 2761 4426 tu
2791 4373 2879 4427 lux
2900 4414 2913 4436 ,
2946 4382 2999 4427 tu
3028 4374 3153 4427 vita.
3200 4373 3326 4428 Jesn
3364 4373 3535 4428 Naza-

1952 4457 2115 4516 rene,
2133 4442 2395 4516 miserere
2420 4443 2521 4516 mei
2549 4458 2564 4506 ;
2588 4444 2660 4516 liii
2685 4444 2878 4516 David,
2904 4444 3159 4516 miserere
3187 4445 3290 4516 mei
3322 4443 3533 4516 (Matth.

1955 4528 2057 4585 ιιι)
2087 4512 2155 4567 50
2183 4513 2200 4582 )
2228 4529 2241 4565 :
2270 4511 2391 4585 fons
2419 4512 2800 4585 misericordia:
2820 4554 2841 4585 ,ί
2878 4513 2998 4567 audi
3033 4514 3122 4585 qui
3152 4514 3219 4569 ad
3249 4524 3300 4570 te
3331 4511 3541 4570 ‘clamat

1954 4581 2244 4654 infirmum.
2299 4581 2414 4636 Lux
2464 4584 2627 4654 quaet
2683 4584 2916 4647 transis,
2973 4581 3225 4654 exspecta
3287 4601 3538 4640 caecum:

1992 4652 2134 4707 rzebe
2159 4667 2371 4706 manum
2398 4663 2503 4721 ,γιιι
2531 4651 2595 4708 ad
2640 4662 2692 4707 te
2740 4657 2953 4721 veniat,
2999 4651 3151 4709 et'in
3199 4655 3399 4709 lumine
3449 4666 3541 4709 tuo

1981 4737 2133 4777 mnen
2162 4722 2336 4778 videat
2362 4721 2380 4794 (
2402 4720 2548 4777 Psal.
2578 4739 2751 4791 xxxv,
2782 4725 2850 4780 10
2871 4724 2914 4797 ).
2940 4720 3064 4781 Vita
3092 4726 3275 4782 vivens
3297 4768 3313 4794 ,
3342 4740 3537 4781 revoca
3570 4752 3571 4755 η

1957 4805 2245 4848 mortuum.

2028 4863 2162 4929 Quid
2188 4879 2305 4919 sum
2336 4879 2455 4935 ego,
2485 4864 2585 4934 qui
2604 4864 2793 4935 loquor
2822 4865 3029 4920 tecum?
3057 4865 3150 4921 Vae
3179 4865 3330 4930 mihi,
3361 4865 3543 4921 Domi-

1958 4949 2047 5001 ne,
2072 4950 2229 5003 parce
2252 4935 2377 4989 mihi
2399 4955 2413 4989 :
2434 4950 2533 5005 ego
2552 4939 2781 4992 cadaver
2801 4938 3087 5005 putridum,
3113 4952 3233 4991 esca
3258 4937 3535 5001 vermium,

1958 5021 2051 5060 vas
2084 5005 2301 5077 fetidum
2323 5048 2336 5069 ,
2376 5006 2524 5077 cibus
2551 5008 2770 5073 ignium.
2800 5007 2935 5075 Quid
2965 5022 3085 5063 sum
3111 5022 3210 5077 ego
3228 5007 3322 5077 (qui
3352 5007 3541 5076 loquor

1960 5078 2176 5147 tecum?
2206 5076 2295 5131 Va:
2334 5076 2496 5144 mihi,
2542 5077 2796 5142 Domine,
2841 5092 2999 5147 parce
3028 5077 3156 5130 mihi
3183 5095 3197 5131 :
3221 5076 3403 5131 infelix
3442 5092 3541 5147 ego

1960 5146 2153 5213 homo;
2187 5147 2346 5202 homo
2369 5189 2383 5213 ,
2412 5148 2663 5217 inquam,
2694 5146 2853 5201 natus
2893 5148 2960 5202 de
2985 5148 3241 5217 muliere,
3276 5148 3420 5202 brevi
3460 5146 3542 5202 vi-

1959 5233 2089 5272 vens
2122 5228 2389 5287 tempore,
2420 5216 2652 5286 repletus
2683 5219 2862 5271 multis
2890 5218 3117 5272 miseriis
3148 5216 3265 5287 (Job
3298 5233 3405 5281 xw,
3442 5219 3535 5287 l);

1961 5289 2143 5349 homo,
2170 5290 2401 5359 inquam.
2426 5290 2640 5342 vanitati
2663 5289 2852 5359 similis
2875 5288 3040 5342 factus
3064 5287 3232 5355 (Psal.
3256 5303 3436 5352 exuit,
3459 5290 3538 5357 4),

1962 5358 2298 5427 comparatus
2323 5360 2577 5427 jnmeutis
2609 5358 2998 5428 insipientibus,
3026 5370 3078 5413 et
3096 5361 3206 5427 jam
3232 5359 3419 5414 similis
3441 5359 3544 5413 illis

1964 5430 2133 5484 factus
2168 5429 2329 5500 (Pw!
2356 5446 2510 5484 xcvm
2534 5472 2547 5493 ,
2582 5431 2705 5498 l3).
2744 5430 2879 5495 Quid
2920 5431 3109 5484 iterum
3135 5429 3276 5500 ego?
3306 5430 3543 5500 Abyssus

1965 5503 2267 5567 tenebrosa,
2294 5513 2431 5555 terra
2456 5501 2702 5564 miseriae,
2729 5500 2864 5554 ﬁlius
2887 5501 3000 5566 irze,
3025 5516 3114 5554 vas
3130 5512 3309 5568 aptum
3328 5502 3391 5554 ad
3416 5516 3545 5555 con-

1964 5573 2257 5633 tumeliam,
2289 5574 2497 5639 genitus
2523 5588 2612 5639 per
2643 5572 3052 5637 immunditiam,
3083 5573 3264 5626 vivens
3293 5572 3346 5626 in
3379 5575 3540 5625 misc-

1964 5644 2063 5704 ria,
2096 5645 2381 5695 moriturus
2407 5644 2457 5695 in
2486 5644 2745 5712 angustia.
2779 5643 2887 5697 lleu
2912 5645 3073 5697 miser
3098 5642 3222 5712 quid
3249 5642 3407 5697 sum?
3436 5644 3539 5696 heu

1964 5713 2093 5787 quid
2129 5714 2337 5767 futurus
2378 5713 2536 5768 sum?
2573 5714 2639 5768 Et
2676 5713 2800 5785 quid
2839 5716 2999 5771 sum?
3044 5714 3148 5773 Vas
3186 5713 3500 5789 sterquilinii
3525 5753 3541 5781 ,
3622 5752 3627 5753 ν

2028 5864 2046 5895 ⁸
2078 5869 2205 5921 Mss,
2229 5863 2327 5924 qui.
