4094 6342
306 564 450 618 bono
472 562 512 627 ¹,
542 557 638 630 νει
660 557 800 630 quod
829 555 965 612 facta
994 555 1118 611 sunt
1141 553 1316 630 omnia
1345 552 1483 630 bona
1511 550 1683 604 valde.
1715 549 1884 630 Sena...

307 617 411 688 rari
445 617 620 697 autem
648 617 898 692 a'Verlio,
930 644 1023 696 per
1049 628 1186 690 quod
1215 627 1388 676 omnia
1420 624 1550 697 facta
1581 631 1721 697 sunt,
1756 617 1890 697 nihil

307 705 447 759 aliud
481 693 568 755 est
592 717 748 769 quam
777 689 1029 760 deficere,
1057 689 1112 752 et
1139 711 1166 751 a
1200 697 1334 769 facto
1365 694 1611 769 ‘transire
1638 694 1694 769 in
1739 689 1889 769 defe-

308 784 454 828 ctum
482 791 494 827 :
520 760 638 842 quia
663 773 776 826 sine
804 772 917 839 ipso
943 778 1024 824 est
1048 769 1195 842 nihil.
1222 766 1439 842 Quoties
1453 779 1620 842 ergoa
1638 763 1775 814 bono
1799 760 1893 842 def

306 847 418 896 vias
438 886 452 908 ,
483 861 510 896 a
541 836 720 910 Verbo
750 849 800 896 te
827 836 1074 910 separas,
1106 840 1228 910 quia
1258 839 1428 906 ipsum
1460 836 1763 910 estbonum
1788 839 1891 910 ;_et

307 901 586 970 ideo'uihil
619 913 865 978 efficeris,
895 901 1018 982 quia
1047 901 1163 966 sine
1191 901 1363 963 Verbo
1389 922 1468 971 es,
1499 905 1613 960 sine
1655 919 1762 974 quo
1813 901 1890 956 fa-

308 999 452 1058 etum
484 985 746 1058 estnihil.
1010 1052 1021 1058 _
1149 1050 1161 1058 _
1367 1057 1373 1058 ί
1439 1047 1488 1058 η
1668 1055 1676 1058 έ

379 1057 553 1118 Nunc,
584 1055 828 1118 Domine,
856 1050 1164 1108 illuminasti
1187 1065 1294 1114 me,
1323 1057 1378 1103 ut
1402 1047 1636 1102 viderem
1663 1055 1716 1101 te
1743 1061 1756 1098 :
1780 1042 1889 1098 vidi

310 1136 381 1192 te,
412 1135 466 1182 et
491 1126 715 1195 cognOvi
747 1140 850 1188 me,
879 1123 999 1194 quia
1032 1123 1196 1195 toties,
1215 1121 1343 1174 nihil
1376 1119 1545 1195 factus
1571 1133 1687 1172 sum
1714 1159 1728 1181 ,
1758 1131 1892 1195 quo-

312 1186 410 1251 ties
439 1209 466 1250 a
497 1186 846 1264 te‘separatus
867 1186 1018 1256 sitm;
1042 1193 1162 1260 qttia
1185 1194 1379 1248 bonmu
1401 1190 1542 1264 quod
1567 1201 1729 1264 _t_u_es,
1753 1186 1889 1264 obli-_-

313 1275 395 1321 tus
413 1270 560 1331 sum,
584 1257 644 1321 et'
659 1267 778 1320 ideo
800 1267 967 1320 malus
988 1257 1206 1338 effectus
1232 1279 1370 1338 sum.
1399 1257 1636 1338 Vae_mihi
1661 1257 1886 1338 misero!

295 1346 368 1410 ιιι
392 1340 519 1410 quid
547 1327 782 1410 hocrnon‘
807 1335 1379 1410 cogii050ebam,_quia_
1397 1342 1448 1410 te
1475 1332 1730 1386 deserens
1760 1327 1890 1382 nihil

311 1404 542 1464 fiebam?
567 1409 670 1464 Sed
699 1408 820 1478 quid
854 1411 952 1462 hoc
980 1405 1198 1478 umero?
1224 1404 1279 1458 Si
1309 1405 1438 1478 nihil
1467 1413 1892 1478 eratutquomo-

309 1479 380 1533 do
407 1471 732 1548 cognoscere
759 1471 1042 1532 volebam?
1067 1477 1275 1530 Scimus
1298 1476 1418 1548 quia
1447 1474 1573 1527 nihil
1603 1471 1733 1548 nihil
1765 1480 1846 1525 εει
1871 1486 1884 1534 ;

309 1560 361 1606 et
389 1542 529 1620 quod
559 1549 690 1604 nihil
721 1557 835 1620 est,
859 1565 973 1620 non
1007 1557 1122 1620 est;
1159 1554 1213 1600 et
1240 1542 1512 1620 quodnon
1543 1554 1625 1598 est
1645 1582 1658 1608 ,
1691 1542 1887 1620 bonum

310 1613 419 1703 non
446 1630 548 1687 est,
577 1622 709 1703 quia.
735 1619 868 1703 nihil
895 1627 994 1674 est.
1023 1619 1075 1672 Si
1092 1632 1244 1703 ergo.
1261 1613 1391 1703 nihil
1421 1615 1514 1677 fui,
1544 1628 1670 1703 ςιιιιιι
1693 1613 1890 1703 sine-le

308 1691 383 1746 fui
410 1735 424 1757 ,
458 1683 611 1762 quasi
640 1691 769 1744 nihil
797 1688 910 1762 fui,
944 1699 997 1762 et
1026 1683 1565 1762 velut—idolunrqnod
1598 1683 1725 1762 nihil
1756 1692 1884 1762 est:

309 1753 453 1833 quod
478 1753 691 1833 quidem
719 1774 884 1833 aures
896 1753 1078 1833 habet,
1106 1766 1161 1812 et
1185 1773 1291 1811 non
1317 1753 1494 1833 audit;
1525 1771 1679 1809 nares
1705 1753 1885 1833 habet,

309 1823 364 1889 ἐι
389 1823 744 1896 non-odorat;
772 1832 954 1886 oculos
984 1830 1160 1889 habet,
1189 1838 1242 1882 et
1272 1843 1377 1881 non
1410 1827 1550 1896 videt
1574 1843 1588 1889 ;
1619 1841 1678 1878 os
1707 1823 1885 1896 habet,

307 1913 362 1958 et
391 1919 495 1958 non
526 1895 793 1972 loquitur;
827 1914 1015 1954 manus
1042 1899 1228 1963 habet,
1258 1907 1312 1972 et
1339 1911 1443 1972 non
1471 1895 1686 1967 palpat;
1721 1895 1885 1964 pedes

309 1973 472 2028 habet
493 2017 510 2041 ,
537 1969 724 2029 etnon
750 1973 1025 2035 ambulat;
1066 1977 1119 2025 et
1144 1969 1321 2023 omnia
1356 1969 1675 2023 lineamenta
1715 1981 1882 2021 mem-

307 2044 526 2099 brorum
556 2046 670 2097 sine
695 2059 853 2098 sensu
879 2058 1084 2095 eorum.

378 2115 604 2171 CAPUT
637 2114 724 2169 VI.
770 2113 1059 2166 Peccatoris
1113 2111 1334 2164 miseria.
1396 2108 1521 2164 Sine
1571 2106 1733 2162 Verbo
1760 2105 1890 2160 nihil

309 2197 402 2251 est,
432 2188 560 2240 nihil
584 2196 924 2239 conservatur.
964 2183 1097 2236 Cum
1126 2183 1282 2251 igitur
1307 2180 1381 2236 fui
1407 2183 1520 2234 sine
1545 2191 1614 2242 te,
1643 2193 1748 2233 non
1779 2177 1884 2244 fui;

308 2259 432 2325 quia
459 2257 587 2311 nihil
615 2256 710 2310 fui.
741 2255 806 2310 Et
833 2255 952 2310 ideo
977 2267 1149 2325 eiectis
1173 2268 1342 2325 eram,
1369 2251 1564 2306 surdus
1585 2260 1638 2305 et
1665 2251 1889 2325 insensi-

309 2320 466 2403 Bilis;
507 2329 629 2398 quia
655 2341 752 2403 nec
780 2327 976 2403 bonum
1013 2323 1376 2403 discernebam
1398 2365 1412 2388 ,
1447 2337 1547 2377 nec
1586 2320 1779 2403 malum
1811 2321 1888 2375 fu-

307 2392 547 2470 gieham‘,
568 2411 680 2470 nec
707 2397 945 2470 dolorem
961 2396 1252 2470 vulnerum
1279 2407 1526 2470 ineorum
1555 2392 1848 2470 sentiebam
1870 2433 1885 2457 ,

307 2463 413 2523 nec
440 2468 688 2523 tenebras
716 2482 862 2522 meas
889 2466 1170 2531 videbam;
1204 2464 1328 2536 quia
1359 2480 1505 2519 eram
1539 2463 1652 2536 sine
1685 2472 1735 2517 te
1764 2477 1889 2536 vera

308 2539 430 2594 luce.
454 2581 470 2606 ,
509 2555 626 2609 qua:
642 2537 920 2609 illuminas
951 2533 1463 2609 omnem_h'onii_i_tcin
1505 2534 1802 2609 venientem
1835 2533 1886 2588 in

309 2605 462 2663 hunc
493 2605 746 2663 mundum
772 2607 950 2676 (Joan.
977 2622 1013 2668 ι.
1039 2606 1117 2678 9).
1144 2605 1236 2660 Va:
1272 2606 1434 2660 mihi!
1478 2605 1890 2678 vulneraverunt

310 2694 398 2734 me
417 2721 433 2746 ,
466 2691 521 2734 et
548 2696 649 2734 non
676 2679 818 2735 dolui
843 2696 857 2742 ;
889 2676 1164 2732 traxerunt
1194 2693 1278 2730 tne
1299 2719 1313 2742 ,
1347 2685 1401 2730 ct
1429 2692 1532 2730 non
1561 2676 1701 2728 sensi
1730 2693 1743 2729 :
1767 2677 1889 2744 quia

310 2750 442 2804 nihil
469 2766 637 2814 eram,
666 2753 786 2820 quia
814 2750 930 2803 sine
956 2751 1059 2801 vita
1084 2763 1250 2820 eram,
1283 2757 1512 2820 qtneest
1537 2746 1770 2820 Verbum
1796 2761 1888 2820 per

307 2820 450 2890 quod
475 2822 608 2875 facta
632 2817 754 2875 sunt
776 2820 973 2874 omnia.
1001 2820 1143 2880 ldeo,
1172 2819 1393 2890 Domine
1417 2819 1500 2872 lux
1525 2833 1660 2880 mea,
1690 2817 1887 2871 inimici

307 2889 413 2945 mei
441 2893 508 2946 de
536 2908 620 2946 me
645 2892 886 2946 fecerunt
909 2905 1256 2960 (pia-cumque
1281 2889 1579 2953 voluerunt,
1610 2901 1887 2960 percusse-

307 2972 451 3026 runt,
480 2963 810 3016 nudaverunt
831 3004 842 3025 ,
874 2958 1204 3030 polluerunt,
1233 2969 1614 3028 cormperunt,
1643 2958 1888 3030 vulnera-

305 3043 500 3086 verunt
529 3045 582 3087 et
609 3029 913 3087 occiderunt
944 3049 1027 3086 me
1051 3049 1064 3084 :
1089 3032 1210 3100 quia
1241 3033 1435 3085 recessi
1463 3046 1489 3083 a
1520 3040 1570 3084 te
1594 3070 1609 3096 ,
1639 3039 1694 3084 et
1724 3029 1889 3100 factus

306 3115 426 3156 sum
453 3104 586 3158 nihil
616 3105 732 3158 sine
763 3113 831 3157 te.
866 3102 1008 3162 Heu,
1046 3099 1292 3168 limitinc,
1325 3104 1428 3155 vita
1458 3115 1572 3152 mea
1601 3102 1687 3168 qui
1720 3099 1887 3153 fecisti

303 3175 394 3226 ine
414 3217 427 3238 ,
473 3178 559 3227 lux
591 3190 703 3228 mea
731 3174 816 3244 qui
844 3173 1081 3228 direxisti
1104 3176 1123 3205 '
1149 3190 1251 3244 me.
1288 3173 1544 3226 Defensor
1561 3171 1689 3244 vita:
1717 3185 1848 3225 meae
1871 3211 1885 3235 ,

312 3245 569 3299 miserere
611 3246 714 3298 inci
751 3243 802 3300 et
843 3246 1096 3298 resuscita
1126 3262 1209 3297 me
1231 3243 1270 3296 ⁸.
1305 3244 1522 3297 Domine
1551 3243 1684 3296 Deus
1715 3256 1885 3307 mens,

307 3327 430 3384 Spes
459 3333 594 3378 mea,
627 3317 791 3368 virtus
817 3331 952 3380 mea,
985 3315 1236 3368 fortitudo
1267 3329 1382 3368 mea
1406 3356 1420 3379 ,
1449 3314 1741 3367 consolatio
1771 3329 1888 3368 mea

307 3386 361 3439 in
393 3388 476 3440 die
506 3387 858 3441 tribulationis
891 3403 1020 3440 mea:
1041 3427 1056 3452 ,
1097 3387 1302 3455 respice
1339 3387 1576 3438 inimicos
1608 3397 1755 3438 meos
1779 3425 1794 3450 ,
1834 3391 1888 3438 et

310 3457 458 3524 eripe
488 3475 572 3512 tne
601 3476 614 3511 :
647 3459 845 3526 fugiant
875 3473 903 3511 a
937 3458 1066 3511 facie
1100 3467 1184 3510 tua
1217 3458 1303 3526 qui
1335 3457 1560 3510 oderunt
1589 3465 1638 3509 te
1664 3497 1678 3515 ,
1710 3465 1763 3508 et
1789 3469 1888 3524 ego

307 3527 486 3580 vivam
517 3528 570 3581 in
600 3539 651 3583 te
684 3544 778 3596 per
805 3537 874 3581 te.
910 3527 1009 3596 Ipsi
1042 3530 1206 3592 enim,
1243 3528 1483 3592 Domine,
1512 3526 1887 3582 Consideravc-

306 3607 432 3652 runt
460 3616 562 3664 me,
594 3608 648 3652 et
671 3600 909 3653 videntes
937 3615 1022 3652 me
1048 3600 1163 3653 sine
1188 3609 1256 3660 te,
1283 3599 1640 3664 desiicxerunt
1668 3613 1771 3652 me.
1799 3596 1888 3650 Di-

309 3670 553 3722 viserunt
591 3669 688 3723 sibi
731 3671 1041 3722 vestimenta
1084 3671 1332 3722 virtutum
1373 3671 1561 3737 quibus
1601 3683 1892 3722 ornaveras

305 3751 396 3793 me
422 3739 595 3808 (f’sat.
629 3756 758 3803 χιιι.
790 3743 855 3793 18
876 3780 890 3804 ,
921 3741 1010 3802 19)
1033 3781 1046 3801 ,
1081 3739 1320 3794 fet-ermit
1348 3741 1444 3793 sibi
1475 3744 1610 3793 viain
1641 3754 1735 3808 per
1765 3755 1848 3793 me
1869 3781 1884 3805 ,

313 3809 413 3863 sub
446 3810 670 3879 pedibus
697 3810 806 3864 suis
833 3811 1275 3865 conculcaveruut
1303 3826 1389 3864 me
1415 3828 1429 3864 :
1460 3811 1672 3864 (ιιιρίῑιιις
1704 3824 1888 3877 pecca-

312 3888 489 3953 torum
520 3883 819 3950 polluerunt
847 3883 1099 3953 templum
1127 3891 1365 3935 sanctum
1398 3891 1564 3940 tuum,
1598 3889 1890 3952 posuerunt

308 3965 396 4005 me
426 3951 722 4004 desolattnn
755 3962 807 4006 et
839 3951 1069 4006 maerore
1103 3955 1424 4004 confertum.
1471 3951 1613 4005 Ibam
1650 3961 1766 4020 post
1794 3967 1890 4006 eos

309 4033 484 4092 caecus
516 4031 569 4075 et
605 4022 776 4074 nudus
799 4065 815 4089 ,
856 4034 910 4077 et
949 4023 1260 4092 illaqueatns
1292 4021 1502 4076 funibus
1526 4035 1884 4089 peccatorum.

306 4088 616 4146 Trahebant
655 4109 742 4146 me
774 4103 891 4162 post
916 4110 973 4146 se
1003 4088 1069 4147 in'
1084 4095 1303 4148 circuitu
1333 4096 1400 4146 de
1439 4088 1566 4147 vitio
1597 4094 1647 4147 in
1681 4095 1886 4159 vitium,

308 4171 362 4234 et
388 4164 454 4216 de
485 4167 594 4215 luto
623 4165 672 4215 in
711 4165 878 4216 lutum
908 4181 920 4216 :
951 4173 1004 4217 et
1035 4166 1170 4217 ibant
1197 4172 1396 4234 absqtte
1427 4163 1733 4219 fortitudine
1765 4175 1889 4219 ante

309 4229 500 4305 faciem
542 4235 930 4305 subsequentis.
965 4233 1162 4296 Servus
1187 4229 1331 4289 eram
1357 4277 1370 4300 ,
1403 4237 1710 4290 servitutem
1739 4251 1887 4290 ama-

306 4302 454 4358 bam.
486 4305 668 4358 Caecus
707 4302 852 4359 erant
875 4348 888 4368 ,
921 4307 1212 4360 caecitatem
1251 4305 1643 4360 deSIderabam.
1677 4307 1891 4364 Vinctus

308 4385 476 4434 eram,
505 4377 711 4430 vincula
738 4393 840 4430 non
865 4377 1167 4430 horrebam.
1193 4379 1443 4431 Amaruin
1466 4378 1640 4446 dulce,
1666 4387 1719 4432 et
1737 4379 1890 4434 dulce

307 4455 547 4518 amarum
576 4447 881 4518 credebam.
905 4448 1078 4518 "Miser
1105 4465 1249 4502 eram
1270 4489 1286 4514 ,
1328 4463 1432 4502 non
1463 4452 1844 4518 cognoscebam
1872 4467 1887 4515 ;

308 4516 496 4586 ethoc
527 4517 646 4586 quia
676 4518 793 4572 sine
820 4529 871 4572 te
901 4517 1076 4575 Verbo
1105 4535 1270 4584 eram,
1303 4521 1419 4574 sine
1449 4516 1553 4586 quo
1583 4521 1776 4574 factum
1809 4531 1892 4577 est

307 4583 462 4657 nihil,
496 4583 592 4654 per
623 4589 762 4657 quod
795 4589 972 4642 omnia
998 4583 1404 4653 conservantur,
1437 4583 1555 4645 sine
1583 4607 1686 4654 quo
1711 4593 1890 4646 omnia

307 4656 688 4730 annihilantur.
713 4659 861 4730 Sicut
890 4661 1034 4714 enim
1059 4661 1236 4714 omnia
1266 4676 1358 4730 per
1385 4663 1554 4730 ipsum
1583 4661 1717 4715 facta
1742 4671 1889 4728 Sunt,

306 4734 362 4779 et
398 4731 515 4782 sine
559 4729 671 4797 ipso
702 4729 896 4784 factum
936 4741 1016 4784 est
1049 4731 1212 4793 nihil;
1255 4729 1331 4784 sic
1360 4729 1458 4802 per
1500 4732 1671 4800 ipsum
1712 4734 1891 4789 omnia

310 4808 702 4870 eonservantur
729 4816 1078 4870 qinrcumqnc
1107 4812 1250 4862 sunt,
1286 4805 1400 4856 sive
1432 4803 1480 4854 in
1510 4803 1666 4865 caalo,
1699 4805 1811 4859 sive
1839 4806 1888 4858 in

308 4877 486 4944 terra,
519 4869 708 4944 sivcin
735 4873 866 4944 mari
888 4913 902 4938 ,
935 4869 1067 4926 etin
1098 4873 1346 4944 omnibus
1373 4873 1599 4944 abyssis.
1632 4872 1740 4928 Nec
1770 4889 1891 4944 pars

307 4939 442 5012 parti
473 4941 522 4992 in
548 4941 720 5012 lapide
744 4942 1000 5006 adhaeret,
1028 4957 1124 4997 nec
1148 4943 1199 4996 in
1223 4944 1399 5012 aliquo
1425 4939 1722 4997 creatorum
1749 4939 1890 5000 {nisi

306 5011 423 5078 quia
452 5025 554 5084 per
577 5011 810 5066 Verbum
839 5025 1244 5076 conservantur,
1277 5011 1370 5083 per
1390 5014 1532 5084 quod
1556 5017 1731 5070 omnia
1758 5016 1892 5072 facta

303 5090 445 5154 sunt.
476 5081 791 5154 Adhmream
814 5100 941 5154 ergo
965 5086 1078 5146 tibi,
1110 5081 1358 5146 Verbum,
1387 5081 1441 5138 ut
1463 5101 1748 5141 Conserves
1774 5103 1888 5152 me;

303 5152 421 5228 quia
469 5151 556 5205 tibi
585 5167 612 5204 a
647 5163 697 5228 te
730 5151 936 5228 recessi
958 5156 1135 5228 ,_perii
1169 5156 1221 5220 in
1253 5171 1343 5228 me
1377 5174 1388 5210 :
1428 5157 1528 5211 nisi
1555 5158 1674 5226 quia
1721 5169 1772 5211 tu
1803 5151 1892 5228 qui

303 5219 508 5276 feceras
527 5224 813 5297 _,_refccisti
847 5219 1099 5292 inengo
1131 5219 1345 5296 peccavi
1373 5268 1388 5294 ,
1424 5237 1477 5281 tu
1508 5219 1594 5282 me
1625 5219 1846 5284 visitast'i
1875 5247 1890 5297 ;

299 5305 399 5360 ego
424 5293 618 5355 cecidi,
651 5301 701 5347 tu
733 5311 817 5350 me
843 5297 1058 5351 erexisli
1081 5312 1094 5358 ;
1119 5293 1218 5364 ego
1248 5299 1503 5366 ignoravi,
1530 5308 1582 5353 tu
1607 5317 1691 5356 me
1712 5293 1896 5356 docui-'-

300 5366 402 5427 Iti;
437 5379 538 5428 ego
571 5381 672 5417 non
705 5366 830 5432 vidi,
867 5379 920 5419 tu
950 5383 1032 5420 me
1065 5368 1392 5422 illuminasti.

369 5433 602 5490 CAPUT
634 5434 744 5490 VII.
770 5439 924 5490 Amor
945 5436 1040 5490 Dei
1056 5440 1409 5504 beneﬁciorum
1431 5441 1611 5495 intuitu
1629 5443 1892 5499 excitatur.

301 5502 584 5583 greatiouis
613 5507 927 5583 bene/icium.
957 5506 1125 5562 Homo
1155 5502 1398 5576 quatenus
1429 5515 1620 5580 angelis
1664 5513 1892 5583 inferior.

302 5573 463 5630 Miser
491 5593 621 5647 ego,
656 5573 797 5633 Deus
825 5595 975 5634 meus
995 5621 1010 5646 ,
1044 5573 1297 5649 quantum
1346 5573 1531 5637 teneor
1555 5573 1774 5654 diligere
1807 5597 1855 5641 te
1878 5629 1894 5656 ,

365 5733 379 5761 ι
407 5731 754 5805 sic_itss.,_nisi
793 5731 920 5795 quod
942 5733 995 5782 in
1017 5739 1157 5797 Reg,
1181 5747 1414 5798 separatis
1447 5750 1477 5788 a
1501 5736 1634 5802 bona.
1669 5744 1725 5790 At
1756 5740 1892 5805 editi,

366 5916 390 5949 ³
411 5891 917 5982 ἷιῖἶιθᾜῖἶιῖἶᾱὼι,
940 5923 990 5972 et
1011 5917 1274 5983 retribuam
1291 5933 1390 5972 nte.

1217 439 1421 496 LIBER
1455 427 2006 503 SOLlLOQUIORUM
2044 425 2280 485 ANIME.
2319 425 2410 484 AD
2448 425 2654 484 DEUM.

3483 431 3587 490 870

1999 541 2219 596 ostende
2247 540 2410 604 mihi;
2437 549 2690 608 quantum
2722 537 2892 594 debeo
2921 538 3137 596 laudare
3167 549 3249 609 te,
3277 540 3584 600 demonstra

1998 613 2163 677 mihi;
2192 619 2442 679 quantum
2465 611 2632 664 debeo
2658 611 2864 682 placere
2891 611 3003 682 tibi,
3031 613 3300 667 innotesee
3320 617 3470 671 mihi.
3504 617 3588 670 lit-

1997 693 2144 746 tona,
2177 683 2418 743 Domine,
2448 696 2576 734 voce
2602 681 2786 749 grandi
2819 693 2871 735 et
2900 681 3020 734 forti
3054 685 3104 735 iii
3149 685 3452 740 interiorem
3486 703 3583 740 au-

1999 769 2109 807 rem
2141 754 2316 807 cordis
2345 753 2444 804 mei
2481 770 2494 806 :
2525 752 2657 806 doce
2689 767 2773 806 me
2799 763 2848 806 et
2881 754 3024 806 salva
3058 769 3161 816 me,
3194 769 3246 808 et
3273 756 3586 812 collaudabo

1999 831 2090 886 te;
2122 827 2208 894 qui
2238 824 2427 877 creasti
2458 838 2576 894 me,
2605 837 2726 876 cum
2760 823 2888 877 nihil
2919 838 3128 894 essem;
3164 825 3250 893 qui
3278 826 3584 882 illuminasti

1996 909 2102 954 me,
2130 893 2248 947 cum
2277 895 2326 946 in
2356 893 2589 948 tenebris
2617 909 2788 948 essem
2811 910 2825 958 ;
2845 895 2943 963 “qui
2970 893 3292 950 resuScitasti
3325 912 3438 958 me,
3461 912 3586 952 cum

1995 973 2236 1020 mortuus
2265 980 2469 1028 essem;
2500 966 2586 1031 qtti
2621 965 2806 1034 pavisti
2836 981 2920 1020 me
2947 981 2976 1018 a
3012 966 3290 1034 jnventute
3320 984 3433 1020 mea
3464 983 3583 1021 om-

1995 1036 2151 1090 nibus
2197 1036 2348 1090 bonis
2394 1038 2516 1088 tuis.
2549 1034 2698 1090 llnne
2729 1035 2966 1089 inutilem
3007 1051 3241 1092 vermem
3265 1079 3280 1102 ,
3311 1039 3583 1093 ftetentem

1995 1107 2480 1178 peccatis,inutris
2518 1107 2774 1178 omnibus
2809 1106 3022 1175 optimis
3068 1107 3220 1161 donis
3266 1110 3387 1162 luis.
3423 1107 3586 1178 Aperi

1996 1175 2155 1239 mihi,
2187 1192 2220 1229 ο
2248 1177 2408 1230 clavis
2443 1175 2642 1235 David.
2690 1177 2779 1245 qui
2826 1179 3034 1244 aperis,
3083 1186 3138 1231 et
3185 1193 3343 1232 nemo
3387 1175 3585 1234 claudit

1997 1248 2070 1332 illi
2099 1247 2180 1332 eiii
2215 1255 2268 1300 tn
2297 1247 2472 1330 aperis
2494 1246 2742 1332 ;”c.laud.is
2762 1289 2778 1313 ,
2829 1257 2884 1332 et
2913 1263 3069 1329 nemo
3097 1251 3268 1332 aperit
3293 1249 3368 1332 illi
3413 1251 3496 1332 cui
3527 1257 3584 1305 tu

1995 1317 2196 1390 claudis
2233 1335 2243 1368 :
2275 1317 2420 1387 aperi
2453 1317 2576 1370 mihi
2605 1318 2798 1370 ostium
2831 1318 3041 1370 luminis
3073 1317 3182 1386 tui,
3211 1320 3580 1390 utiugrediar,

1995 1396 2049 1442 et
2071 1388 2313 1454 videam,
2359 1399 2412 1441 et
2457 1402 2795 1456 cognoscam,
2820 1396 2874 1442 et
2924 1390 3180 1444 conﬁtear
3228 1389 3317 1444 tibi
3355 1388 3414 1445 in
3469 1388 3584 1446 toto

1994 1459 2156 1513 corde
2185 1473 2330 1521 meo,
2365 1459 2487 1527 quia
2526 1459 2894 1530 misericordia
2949 1469 3035 1512 tua
3081 1474 3264 1530 magna
3296 1468 3381 1516 est
3423 1475 3584 1530 super

1997 1545 2120 1593 me,
2163 1539 2218 1583 et
2239 1530 2420 1583 eruiszi
2451 1529 2681 1582 animam
2734 1545 2904 1583 meam
2953 1545 3015 1584 ex
3068 1529 3276 1583 inferno
3319 1529 3579 1587 inferiori.

1994 1599 2219 1652 Domine
2249 1600 2389 1652 Deus
2419 1614 2570 1652 mens
2593 1641 2605 1661 ,
2638 1613 2796 1668 quam
2823 1599 3133 1653 admirabile
3157 1642 3171 1664 ,
3207 1611 3364 1668 quam
3396 1599 3582 1656 lauda-

1993 1668 2096 1740 bile
2124 1678 2205 1723 est
2235 1684 2426 1740 nomen
2457 1677 2602 1722 tuum
2630 1670 2682 1722 in
2712 1671 2954 1740 universa
2986 1679 3126 1725 terra
3152 1673 3165 1725 ι
3216 1668 3282 1725 Et
3328 1673 3452 1740 qttid
3499 1679 3580 1727 est

1995 1738 2156 1792 homo
2185 1738 2324 1811 quod
2368 1755 2578 1812 memor
2595 1754 2674 1812 ges
2703 1741 2817 1810 ejus
2838 1739 2971 1805 ,'aut
3012 1740 3152 1812 filius
3194 1738 3422 1796 hominis
3450 1758 3584 1812 quo-

1993 1812 2133 1864 niam
2181 1808 2362 1864 v‘isilas
2388 1825 2508 1863 eum
2559 1808 2892 1884 (Ρεςιιςνιιι,
2931 1812 2989 1884 2,
3034 1811 3132 1882 5)?
3183 1813 3404 1884 Domine
3453 1808 3581 1884 spes

1995 1889 2297 1935 sanctorum
2317 1923 2330 1945 ,
2363 1890 2417 1934 ct
2459 1880 2621 1935 turris
2649 1880 2972 1936 fortitudinis
3002 1880 3219 1949 eorum;
3252 1883 3355 1936 vita
3386 1880 3582 1938 animm

1993 1965 2161 2022 mete,
2197 1966 2290 2020 per
2318 1967 2476 2021 quam
2517 1951 2668 2015 vivo,
2704 1953 2818 2022 sine
2842 1967 2944 2022 qua
2972 1954 3203 2018 morior;
3238 1954 3416 2008 lumen
3445 1969 3578 2009 ocu-

1994 2021 2167 2076 lorum
2209 2037 2483 2087 meorum,
2514 2036 2611 2090 per
2654 2021 2795 2090 quod
2836 2021 3022 2087 video,
3068 2025 3185 2078 sine
3231 2039 3336 2092 quo
3379 2025 3582 2082 orbor:

1993 2093 2243 2178 gaudium
2273 2093 2450 2178 cqrdis
2481 2093 2618 2178 mei‘,
2643 2103 2707 2178 et
2735 2093 2914 2174 iul-lilia
2943 2095 3291 2178 spiritns‘inei
3313 2135 3328 2160 ,
3357 2095 3577 2178 diligant

1996 2169 2046 2216 te
2073 2171 2183 2218 toto
2213 2167 2372 2216 corde
2401 2179 2550 2229 meo,
2583 2171 2692 2216 tota
2720 2164 2891 2216 anima
2917 2179 3036 2218 mea
3056 2207 3070 2227 ,
3103 2165 3227 2219 totis
3256 2164 3500 2220 medullis
3526 2173 3582 2222 et

1992 2234 2284 2307 visceribus
2307 2236 2473 2307 meis,
2500 2234 2620 2307 quia
2644 2241 2696 2307 ιιι
2722 2235 2867 2302 prior
2889 2234 3124 2288 dtlexistl
3149 2251 3231 2289 me
3255 2233 3296 2307 (Ι
3319 2234 3476 2290 Joan.
3499 2249 3580 2304 tv,

1995 2304 2109 2374 l0).
2155 2304 2220 2358 Et
2251 2304 2392 2358 unde
2419 2305 2518 2356 hoc
2545 2303 2698 2365 mihi,
2728 2317 2762 2357 o
2804 2311 3028 2358 creator
3060 2307 3179 2360 caeli
3226 2303 3280 2360 et
3327 2315 3483 2361 terra:
3526 2303 3582 2362 et

1994 2375 2202 2448 abyssi,
2236 2377 2325 2448 qui
2352 2377 2612 2448 bonorum
2639 2389 2879 2448 meorum
2907 2389 3012 2448 non
3037 2376 3273 2448 indiges;
3307 2376 3456 2448 unde,
3477 2375 3581 2432 hoc'

1992 2443 2152 2510 mihi,
2185 2443 2306 2513 quia
2351 2443 2579 2498 dilexisti
2608 2445 2730 2498 me?
2771 2445 2816 2498 0
2857 2445 3114 2515 sapientia
3153 2443 3274 2514 quae
3316 2447 3492 2515 aperis
3521 2461 3582 2502 os

1993 2523 2283 2579 mutorum,
2307 2529 2342 2567 ο
2371 2515 2598 2587 Verbum
2623 2529 2714 2581 per
2739 2514 2878 2583 quod
2905 2514 3037 2587 facta
3056 2525 3181 2571 sunt
3201 2514 3409 2584 omnia,
3432 2517 3580 2587 aperi
3620 2563 3624 2566 _

1994 2601 2054 2639 os
2083 2601 2288 2648 meum,
2334 2587 2400 2639 da
2433 2586 2561 2638 mihi
2593 2599 2772 2638 vocem
2806 2584 2972 2640 laudis
2994 2627 3008 2650 ,
3053 2596 3108 2640 ut
3134 2601 3376 2641 enarrem
3403 2584 3581 2643 omni:

1996 2656 2251 2728 lienetnzia
2281 2666 2364 2709 tua
2389 2698 2400 2728 ,
2430 2669 2545 2726 qua:
2575 2656 2724 2720 mihi,
2759 2657 3000 2716 Domine,
3032 2671 3061 2710 a
3095 2657 3352 2728 principio
3381 2667 3573 2713 contu-

1995 2726 2119 2780 listi.
2150 2725 2290 2780 Ecce
2318 2725 2462 2780 enini
2486 2740 2621 2800 sum
2647 2766 2661 2788 ,
2687 2727 2807 2794 quia
2855 2735 2908 2780 tu
2945 2725 3134 2781 creasti
3181 2725 3312 2782 me‘:
3345 2738 3398 2783 et
3437 2727 3581 2800 quod

1994 2811 2079 2850 me
2109 2811 2321 2851 creares
2343 2839 2356 2862 ,
2402 2807 2456 2850 et
2485 2797 2536 2850 in
2588 2812 2810 2850 nmnero
2851 2809 3211 2851 creaturarum
3241 2797 3580 2855 tuarum—nu-

1994 2881 2230 2940 merares
2250 2912 2263 2932 ,
2293 2868 2361 2920 ab
2383 2879 2582 2940 aeterno
2603 2875 2668 2940 tu
2690 2867 3076 2933 przeordinasti.
3109 2871 3404 2939 Antequam
3428 2871 3582 2940 quid-

1993 2953 2150 3007 quam
2179 2937 2380 2993 faceres
2395 2955 2424 2989 a
2453 2937 2738 3008 principio.
2757 2947 3038 3006 antequam
3061 2937 3374 2995 extendercs
3392 2937 3578 3008 cdilos;

1994 3011 2218 3062 necdum
2245 3017 2396 3062 erant
2418 3009 2594 3076 abyssi
2616 3049 2630 3072 ,
2659 3007 2833 3062 adhuc
2855 3017 3046 3062 terram
3078 3025 3181 3063 non
3211 3011 3412 3066 feceras
3435 3053 3449 3076 ,
3481 3007 3581 3066 nec

1994 3087 2204 3152 montes
2238 3077 2557 3152 fundaveras
2578 3119 2591 3140 ,
2623 3078 2849 3152 necdum
2879 3078 3056 3132 fontes
3087 3091 3372 3152 eruperant
3395 3081 3577 3152 (Prov.

1996 3163 2113 3224 vni,
2137 3149 2332 3224 ἢεί-27)
2358 3191 2372 3214 ,
2417 3158 2698 3217 antequam
2733 3148 2844 3201 h:ec
2870 3152 3045 3202 omnia
3067 3148 3198 3224 qme
3235 3148 3437 3224 fecisti,
3485 3167 3582 3224 per

1994 3219 2224 3273 Verbum
2257 3219 2456 3272 faccres
2477 3263 2490 3282 ,
2522 3235 2606 3271 me
2627 3229 2923 3272 creaturam
2947 3229 3088 3273 tuam
3111 3221 3250 3284 fore,
3279 3219 3580 3278 certissima

1991 3290 2230 3345 veritatis
2258 3301 2358 3342 tua:
2379 3289 2703 3358 providentia
2723 3291 3028 3358 przevidisti,
3059 3300 3106 3345 et
3131 3307 3250 3348 esse
3269 3309 3352 3347 me
3367 3303 3581 3348 creata-

1993 3375 2106 3414 ram
2141 3369 2280 3413 tuam
2310 3359 2542 3414 Voluisti.
2591 3360 2655 3414 Et
2685 3362 2784 3414 hoc
2807 3360 2951 3415 uude
2982 3363 3108 3414 mihi
3129 3404 3142 3426 ,
3181 3362 3402 3418 Domine
3432 3366 3581 3420 beni-

1992 3431 2282 3502 gnissime,
2335 3431 2471 3484 Deus
2515 3432 2800 3495 altissime,
2859 3441 3012 3501 pater
3051 3434 3580 3503 misericordissime,

1993 3512 2204 3557 creator
2221 3503 2596 3574 potentissime
2626 3511 2679 3555 et
2708 3517 2919 3570 semper
2945 3504 3223 3558 mitissime
3245 3505 3270 3558 ?
3292 3509 3422 3572 Quae
3463 3522 3583 3562 mea

1993 3573 2228 3638 merita,
2250 3589 2366 3642 qua:
2395 3587 2511 3626 mea
2556 3577 2756 3642 gratia,
2783 3584 2842 3627 ut
2879 3575 3236 3644 coiuplaceret
3284 3589 3408 3632 ante
3450 3593 3582 3631 con-

1994 3654 2232 3716 Spectum
2262 3655 2363 3698 tua:
2385 3644 2981 3718 magniﬁcaamajestatis
3011 3663 3195 3700 creare
3224 3648 3344 3700 me?
3368 3647 3446 3718 (a)
3468 3644 3584 3718 Non

1994 3715 2175 3782 eram,
2201 3723 2254 3770 et
2279 3716 2469 3769 creasti
2503 3731 2620 3778 me;
2665 3717 2796 3768 nihil
2824 3715 3026 3769 fuerant
3054 3759 3066 3781 ,
3099 3728 3152 3770 ct
3192 3719 3257 3772 tle
3303 3715 3466 3772 nihilo
3497 3715 3583 3775 me

1993 3787 2191 3856 aliquid
2225 3802 2344 3840 esse
2386 3784 2596 3839 fecisti?
2638 3787 2801 3854 Quale
2839 3795 3018 3858 autem
3039 3788 3274 3858 aliquid?
3309 3789 3422 3843 Neu
3450 3790 3584 3844 stel-
3665 3801 3676 3816 ‘

1994 3858 2116 3918 iam,
2153 3873 2256 3910 non
2285 3860 2478 3928 ignem,
2507 3869 2610 3909 non
2633 3873 2782 3911 avem
2801 3856 2882 3912 vel
2909 3856 3256 3926 piseemfnon
3281 3873 3584 3928 serpentem

1995 3928 2077 3999 vel
2107 3927 2302 3997 aliquid
2335 3943 2398 3980 ex
2449 3929 2616 3981 brutis
2660 3929 3007 3996 animalibus,
3063 3944 3165 3984 non
3214 3927 3442 3999 lapidein
3493 3935 3582 3988 vel

1994 3997 2229 4066 lignum;
2274 4012 2376 4069 non
2405 4013 2468 4050 ex
2509 4013 2692 4052 eorum
2735 4013 2958 4068 genere;
3001 4016 3118 4069 qua:
3148 3997 3348 4055 tantum
3390 4002 3589 4059 habent

2000 4083 2152 4131 esse;
2205 4068 2288 4121 vel
2337 4084 2400 4122 ex
2429 4083 2611 4123 eorum
2639 4110 2653 4134 ,
2711 4086 2830 4139 qua:
2873 4068 3074 4125 tantum
3125 4085 3244 4127 esse
3281 4084 3498 4142 possunt
3534 4081 3590 4130 et

1995 4151 2273 4205 crescere;
2304 4155 2405 4192 non
2435 4155 2498 4192 ex
2525 4155 2708 4193 eorum
2737 4156 2928 4210 genere
2954 4183 2967 4207 ,
3012 4157 3130 4210 qua:
3157 4153 3356 4196 tantum
3389 4159 3507 4198 esse
3535 4153 3590 4200 et

1995 4221 2238 4282 crescere
2269 4219 2320 4264 et
2365 4211 2562 4266 sentire
2605 4221 2870 4278 possunt:
2918 4211 3012 4265 sed
3039 4229 3201 4282 super
3249 4215 3424 4269 omnia
3476 4215 3590 4272 lucc

1996 4281 2212 4357 voluisti
2239 4295 2323 4335 me
2347 4295 2464 4357 esse
2491 4295 2552 4357 ex
2588 4281 2669 4335 his
2696 4295 2814 4352 quae
2856 4283 3050 4338 habent
3079 4281 3218 4352 esse,
3267 4289 3388 4356 quia
3435 4287 3587 4357 sumj;

1995 4360 2047 4405 et
2069 4369 2132 4405 ex
2164 4352 2248 4406 his
2274 4369 2391 4421 qua:
2421 4352 2632 4426 habent
2672 4367 2791 4426 esse
2821 4363 2874 4408 et
2909 4369 3186 4422 crescere,
3222 4352 3343 4426 quia
3387 4372 3503 4411 sum
3535 4352 3592 4412 et

1996 4435 2213 4500 cresco;
2247 4433 2300 4477 et
2325 4437 2392 4475 ex
2421 4422 2504 4477 his
2529 4439 2647 4492 qu.e
2671 4425 2866 4500 habent
2886 4422 3275 4491 esse,crcscere
3298 4438 3352 4482 et
3366 4429 3589 4500 sentire,

1996 4494 2115 4564 quia
2143 4509 2296 4564 sum,
2324 4507 2507 4564 cresco
2535 4504 2586 4545 et
2610 4495 2806 4551 sentio.

2069 4562 2292 4618 CAPUT
2343 4561 2732 4636 Vlli._Quando
2771 4565 2999 4636 aequalis.
3052 4565 3309 4632 Quatenus
3350 4579 3587 4628 creatura

1997 4633 2312 4701 dignissima.
2362 4633 2525 4697 Quale
2571 4633 2863 4702 beneﬁcium
2917 4653 3063 4706 posse
3104 4639 3270 4763 Clima
3314 4639 3409 4694 Dei
3451 4641 3586 4710 ﬁeri.

1998 4701 2126 4758 Haec
2156 4705 2298 4757 nobis
2327 4704 2582 4763 capacitas
2626 4721 2688 4758 ea:
2724 4721 2858 4759 mera
2887 4711 3070 4763 oratiu.
3131 4711 3169 4763 ‘t
3215 4712 3369 4763 paulo
3413 4711 3586 4763 minus

1998 4701 2126 4758 Haec
2156 4705 2298 4757 nobis
2327 4704 2582 4780 capacitas
2626 4701 2858 4780 exintera
2887 4701 3070 4780 gratia.
3104 4701 3169 4764 Et
3215 4712 3369 4780 paulo
3413 4701 3592 4768 minus

1999 4781 2086 4830 me
2118 4789 2300 4851 parem
2328 4775 2518 4851 creasti
2549 4777 2782 4845 Angelis,
2816 4775 2934 4846 quia
2985 4775 3244 4834 rationem
3296 4792 3346 4834 te
3395 4796 3592 4851 Cogno-

2001 4845 2183 4922 sceudi
2229 4860 2349 4922 eum
2381 4846 2566 4922 ipsise
2597 4855 2648 4900 te
2692 4845 3032 4922 communem
3054 4851 3252 4922 accepi.
3298 4853 3402 4906 Sed
3433 4845 3590 4921 thulo

2001 4919 2178 4971 minus
2205 4917 2384 4986 utique
2428 4917 2577 4984 dixi;
2621 4934 2743 4972 nam
2793 4920 2864 4973 illi
2915 4931 3053 4973 tuam
3099 4917 3304 4976 felicem
3348 4917 3588 4978 notitiam

1996 4987 2105 5062 jam
2138 4988 2332 5062 habent
2364 5005 2457 5058 per
2486 4990 2715 5058 speciem
2738 5031 2753 5056 ,
2783 5005 2882 5060 ego
2911 5007 3040 5044 vero
3068 5006 3165 5062 per
3189 5006 3370 5060 spem;
3402 4994 3473 5046 illi
3511 4991 3593 5047 fa-

2001 5061 2084 5134 cie
2112 5061 2175 5113 ad
2219 5059 2441 5124 faciem,
2471 5075 2570 5130 ego
2601 5076 2693 5130 per
2724 5059 2996 5134 speCulnm
3049 5059 3100 5115 in
3148 5059 3466 5134 aanigmatc;
3517 5065 3590 5119 illi

2001 5133 2180 5205 plene,
2209 5146 2307 5201 ego
2335 5142 2509 5186 autem
2560 5147 2623 5184 ex
2667 5142 2836 5205 parte.
2887 5132 2992 5186 Sed
3034 5147 3154 5185 cum
3203 5132 3405 5189 venerit
3451 5135 3592 5205 qttOd

2004 5201 2294 5283 perfectum
2325 5211 2432 5283 est,
2463 5201 2804 5283 evacuabitur
2823 5205 2962 5283 quod
2986 5217 3056 5283 e_x_
3076 5213 3221 5283 parte
3251 5217 3354 5283 est,
3380 5201 3593 5283 quando

1999 5272 2114 5346 jam
2138 5273 2367 5346 revelata
2397 5272 2527 5328 facie
2554 5281 2698 5325 tuam
2744 5272 2930 5346 faciem
2973 5274 3288 5328 videbimus.
3318 5272 3452 5343 Quid
3479 5277 3592 5346 jam

2002 5343 2306 5413 prohibebit
2332 5357 2428 5396 nos
2458 5359 2562 5396 non
2593 5357 2712 5397 esse
2740 5344 2972 5398 minores
3003 5347 3160 5414 paulo
3186 5346 3359 5400 minus
3387 5347 3454 5400 ab
3482 5343 3568 5400 λιι

2001 5418 2168 5488 gelis,
2199 5429 2332 5484 quos
2363 5424 2473 5488 tu,_
2503 5415 2752 5488 Domine,
2797 5429 2994 5468 corona
3039 5416 3190 5488 spei,
3243 5433 3359 5488 qua:
3406 5428 3604 5473 ornata-

2003 5485 2084 5539 est
2113 5485 2276 5555 gloria
2299 5528 2312 5551 ,
2345 5485 2509 5552 gloria
2541 5497 2592 5537 et
2620 5485 2821 5538 honore
2845 5487 3218 5554 coronaveris;
3261 5485 3395 5557 quos
3421 5499 3476 5543 tu
3505 5489 3593 5544 ni-

2007 5557 2106 5610 mi's
2135 5558 2282 5626 quasi
2314 5557 2512 5608 amiCos
2545 5564 2661 5608 tuos
2709 5557 3137 5628 lionorilic:iveri<
3159 5601 3172 5623 ,
3208 5559 3316 5613 imo
3349 5575 3440 5628 per
3469 5577 3589 5616 om-

2005 5629 2278 5702 niapares
2308 5629 2630 5702 et__:eqnalcs
2659 5628 2879 5702 Angelis
2901 5627 3088 5682 feceris
3107 5628 3134 5682 ?
3171 5627 3370 5702 Nempe
3415 5640 3468 5686 et
3495 5633 3595 5688 hoc

2005 5701 2202 5772 veritas
2230 5698 2506 5772 tua_dicit:
2538 5698 2770 5772 :t-qtlales
2799 5699 2939 5772 enim
2964 5711 3080 5772 sunt
3112 5698 3326 5772 Angelis
3347 5745 3360 5764 ,
3405 5715 3458 5757 et
3501 5703 3594 5758 lilii

2006 5769 2099 5824 Dei
2133 5780 2251 5821 sunt
2284 5767 2550 5844 (L‘ttc.Ax_._\‘,
2583 5770 2694 5836 56').
2723 5771 2914 5844 Quidni
2946 5772 3033 5824 lilii
3066 5771 3157 5844 Dei
3187 5767 3339 5842 sunt,
3370 5775 3413 5829 si
3439 5789 3594 5844 pares

2006 5848 2166 5896 erunt
2191 5839 2449 5908 Angelis?
2481 5839 2615 5894 Vere
2657 5841 2870 5909 quidem
2903 5853 3060 5897 erunt
3087 5843 3182 5900 lilii
3212 5839 3341 5915 Dei,
3381 5839 3503 5915 quia
3533 5844 3599 5900 fi-

2071 5928 2146 5992 (a)
2167 5926 2268 5977 vid.
2292 5925 2469 5980 librum
2483 5929 2549 5981 de
2570 5931 2744 5995 Spiritu
2768 5937 2820 5983 et
2843 5933 3024 6004 Anima,
3045 5927 3153 6001 cap.
3173 5929 3254 5988 l7.
