  <div class='ocr_page' id='page_1' title='image "/cluster/home/n/w/nwhite01/storage/ocr_20150623/40/hvd.32044024147290/443.png"; bbox 0 0 4094 6342; ppageno 0'>
   <div class='ocr_carea' id='block_1_1' title="bbox 507 381 606 438">
    <p class='ocr_par' dir='ltr' id='par_1_1' title="bbox 507 381 606 438">
     <span class='ocr_line' id='line_1_1' title="bbox 507 381 606 438; baseline -0.02 0"><span class='ocrx_word' id='word_1_1' title='bbox 507 381 606 438; x_wconf 77' lang='grc'><strong>871</strong></span> 
     </span>
    </p>
   </div>
   <div class='ocr_carea' id='block_1_2' title="bbox 508 488 2091 560">
    <p class='ocr_par' dir='ltr' id='par_1_2' title="bbox 508 488 2091 560">
     <span class='ocr_line' id='line_1_2' title="bbox 508 488 2091 560; baseline -0.006 -6"><span class='ocrx_word' id='word_1_2' title='bbox 508 499 609 554; x_wconf 91' lang='lat' dir='ltr'><strong>lius</strong></span> <span class='ocrx_word' id='word_1_3' title='bbox 646 493 876 552; x_wconf 98' lang='lat' dir='ltr'><strong>hominis</strong></span> <span class='ocrx_word' id='word_1_4' title='bbox 904 497 1076 550; x_wconf 87' lang='lat' dir='ltr'><strong>tactus</strong></span> <span class='ocrx_word' id='word_1_5' title='bbox 1101 498 1183 548; x_wconf 85' lang='lat' dir='ltr'><strong>est</strong></span> <span class='ocrx_word' id='word_1_6' title='bbox 1208 489 1378 546; x_wconf 86' lang='lat' dir='ltr'><strong>Filius</strong></span> <span class='ocrx_word' id='word_1_7' title='bbox 1403 488 1519 546; x_wconf 87' lang='lat' dir='ltr'><strong>Dei.</strong></span> <span class='ocrx_word' id='word_1_8' title='bbox 1564 491 1678 546; x_wconf 79' lang='lat' dir='ltr'><strong>Hoc</strong></span> <span class='ocrx_word' id='word_1_9' title='bbox 1706 489 1883 560; x_wconf 94' lang='lat' dir='ltr'><strong>itaque</strong></span> <span class='ocrx_word' id='word_1_10' title='bbox 1910 491 2091 545; x_wconf 87' lang='lat' dir='ltr'><strong>consi-</strong></span> 
     </span>
    </p>
   </div>
   <div class='ocr_carea' id='block_1_3' title="bbox 507 561 2094 624">
    <p class='ocr_par' dir='ltr' id='par_1_3' title="bbox 507 561 2094 624">
     <span class='ocr_line' id='line_1_3' title="bbox 507 561 2094 624; baseline -0.005 0"><span class='ocrx_word' id='word_1_11' title='bbox 507 570 710 624; x_wconf 90' lang='lat' dir='ltr'><strong>deranti</strong></span> <span class='ocrx_word' id='word_1_12' title='bbox 762 566 888 621; x_wconf 90' lang='lat' dir='ltr'><strong>mihi</strong></span> <span class='ocrx_word' id='word_1_13' title='bbox 939 565 1127 620; x_wconf 90' lang='lat' dir='ltr'><strong>ﬁducia</strong></span> <span class='ocrx_word' id='word_1_14' title='bbox 1184 575 1264 616; x_wconf 90' lang='lat' dir='ltr'><strong>est</strong></span> <span class='ocrx_word' id='word_1_15' title='bbox 1309 562 1516 624; x_wconf 86' lang='lat' dir='ltr'><strong>dicere,</strong></span> <span class='ocrx_word' id='word_1_16' title='bbox 1551 562 1662 615; x_wconf 91' lang='lat' dir='ltr'><strong>Non</strong></span> <span class='ocrx_word' id='word_1_17' title='bbox 1714 561 1874 615; x_wconf 91' lang='lat' dir='ltr'><strong>homo</strong></span> <span class='ocrx_word' id='word_1_18' title='bbox 1921 566 2094 616; x_wconf 88' lang='lat' dir='ltr'><strong>minor</strong></span> 
     </span>
    </p>
   </div>
   <div class='ocr_carea' id='block_1_4' title="bbox 544 633 2095 704">
    <p class='ocr_par' dir='ltr' id='par_1_4' title="bbox 544 633 2095 704">
     <span class='ocr_line' id='line_1_4' title="bbox 544 633 2095 704; baseline -0.008 -8"><span class='ocrx_word' id='word_1_19' title='bbox 544 640 664 696; x_wconf 84' lang='lat' dir='ltr'><strong>aulo</strong></span> <span class='ocrx_word' id='word_1_20' title='bbox 695 641 868 692; x_wconf 88' lang='lat' dir='ltr'><strong>minus</strong></span> <span class='ocrx_word' id='word_1_21' title='bbox 890 646 972 690; x_wconf 88' lang='lat' dir='ltr'><strong>est</strong></span> <span class='ocrx_word' id='word_1_22' title='bbox 997 637 1064 690; x_wconf 91' lang='lat' dir='ltr'><strong>ab</strong></span> <span class='ocrx_word' id='word_1_23' title='bbox 1087 633 1302 704; x_wconf 82' lang='lat' dir='ltr'><strong>Angelis</strong></span> <span class='ocrx_word' id='word_1_24' title='bbox 1321 674 1337 695; x_wconf 97' lang='lat'><strong>,</strong></span> <span class='ocrx_word' id='word_1_25' title='bbox 1371 649 1473 704; x_wconf 89' lang='lat' dir='ltr'><strong>non</strong></span> <span class='ocrx_word' id='word_1_26' title='bbox 1499 634 1675 698; x_wconf 87' lang='lat' dir='ltr'><strong>utique</strong></span> <span class='ocrx_word' id='word_1_27' title='bbox 1695 640 1896 686; x_wconf 59' lang='lat' dir='ltr'><strong>tantum</strong></span> <span class='ocrx_word' id='word_1_28' title='bbox 1919 647 2095 700; x_wconf 48' lang='lat' dir='ltr'><strong>atqua-</strong></span> 
     </span>
    </p>
   </div>
   <div class='ocr_carea' id='block_1_5' title="bbox 529 703 2092 779">
    <p class='ocr_par' dir='ltr' id='par_1_5' title="bbox 529 703 2092 779">
     <span class='ocr_line' id='line_1_5' title="bbox 529 703 2092 779; baseline -0.003 -17"><span class='ocrx_word' id='word_1_29' title='bbox 529 713 572 764; x_wconf 89' lang='lat' dir='ltr'><strong>is</strong></span> <span class='ocrx_word' id='word_1_30' title='bbox 603 710 844 779; x_wconf 82' lang='lat' dir='ltr'><strong>Angelis;</strong></span> <span class='ocrx_word' id='word_1_31' title='bbox 877 707 970 761; x_wconf 81' lang='lat' dir='ltr'><strong>sed</strong></span> <span class='ocrx_word' id='word_1_32' title='bbox 1011 703 1254 774; x_wconf 90' lang='lat' dir='ltr'><strong>superior</strong></span> <span class='ocrx_word' id='word_1_33' title='bbox 1283 703 1499 779; x_wconf 67' lang='lat' dir='ltr'><strong>Angelis</strong></span> <span class='ocrx_word' id='word_1_34' title='bbox 1530 720 1542 752; x_wconf 90' lang='lat'>:</span> <span class='ocrx_word' id='word_1_35' title='bbox 1569 704 1700 779; x_wconf 71' lang='lat' dir='ltr'><strong>quia</strong></span> <span class='ocrx_word' id='word_1_36' title='bbox 1727 707 1883 756; x_wconf 93' lang='lat' dir='ltr'><strong>homo</strong></span> <span class='ocrx_word' id='word_1_37' title='bbox 1917 704 2052 779; x_wconf 81' lang='lat' dir='ltr'><strong>Deus</strong></span> <span class='ocrx_word' id='word_1_38' title='bbox 2075 743 2092 769; x_wconf 94' lang='lat'><strong>,</strong></span> 
     </span>
    </p>
   </div>
   <div class='ocr_carea' id='block_1_6' title="bbox 507 773 2096 844">
    <p class='ocr_par' dir='ltr' id='par_1_6' title="bbox 507 773 2096 844">
     <span class='ocr_line' id='line_1_6' title="bbox 507 773 2096 844; baseline -0.004 -9"><span class='ocrx_word' id='word_1_39' title='bbox 507 789 561 835; x_wconf 87' lang='lat' dir='ltr'><strong>et</strong></span> <span class='ocrx_word' id='word_1_40' title='bbox 609 773 746 834; x_wconf 72' lang='lat' dir='ltr'><strong>Deus</strong></span> <span class='ocrx_word' id='word_1_41' title='bbox 778 780 969 843; x_wconf 88' lang='lat' dir='ltr'><strong>homo,</strong></span> <span class='ocrx_word' id='word_1_42' title='bbox 1022 773 1125 831; x_wconf 82' lang='lat' dir='ltr'><strong>non</strong></span> <span class='ocrx_word' id='word_1_43' title='bbox 1175 775 1411 844; x_wconf 60' lang='lat' dir='ltr'><strong>angi-lus.</strong></span> <span class='ocrx_word' id='word_1_44' title='bbox 1460 775 1526 828; x_wconf 86' lang='lat' dir='ltr'><strong>Et</strong></span> <span class='ocrx_word' id='word_1_45' title='bbox 1551 774 1718 828; x_wconf 84' lang='lat' dir='ltr'><strong>(licam</strong></span> <span class='ocrx_word' id='word_1_46' title='bbox 1753 782 1968 844; x_wconf 83' lang='lat' dir='ltr'><strong>propter</strong></span> <span class='ocrx_word' id='word_1_47' title='bbox 1994 773 2096 828; x_wconf 90' lang='lat' dir='ltr'><strong>hoc</strong></span> 
     </span>
    </p>
   </div>
   <div class='ocr_carea' id='block_1_7' title="bbox 508 844 2094 914">
    <p class='ocr_par' dir='ltr' id='par_1_7' title="bbox 508 844 2094 914">
     <span class='ocr_line' id='line_1_7' title="bbox 508 844 2094 914; baseline -0.005 -8"><span class='ocrx_word' id='word_1_48' title='bbox 508 851 778 906; x_wconf 79' lang='lat' dir='ltr'><strong>hominem</strong></span> <span class='ocrx_word' id='word_1_49' title='bbox 803 865 921 906; x_wconf 86' lang='lat' dir='ltr'><strong>esse</strong></span> <span class='ocrx_word' id='word_1_50' title='bbox 944 857 1244 903; x_wconf 74' lang='lat' dir='ltr'><strong>creaturam</strong></span> <span class='ocrx_word' id='word_1_51' title='bbox 1279 844 1673 914; x_wconf 86' lang='lat' dir='ltr'><strong>dignissimam,</strong></span> <span class='ocrx_word' id='word_1_52' title='bbox 1713 846 1835 914; x_wconf 86' lang='lat' dir='ltr'><strong>quia</strong></span> <span class='ocrx_word' id='word_1_53' title='bbox 1866 844 2094 898; x_wconf 81' lang='lat' dir='ltr'><strong>Verbum</strong></span> 
     </span>
    </p>
   </div>
   <div class='ocr_carea' id='block_1_8' title="bbox 508 914 2094 990">
    <p class='ocr_par' dir='ltr' id='par_1_8' title="bbox 508 914 2094 990">
     <span class='ocr_line' id='line_1_8' title="bbox 508 914 2094 990; baseline -0.005 -15"><span class='ocrx_word' id='word_1_54' title='bbox 508 922 646 990; x_wconf 89' lang='lat' dir='ltr'><strong>quod</strong></span> <span class='ocrx_word' id='word_1_55' title='bbox 678 929 794 976; x_wconf 92' lang='lat' dir='ltr'><strong>erat</strong></span> <span class='ocrx_word' id='word_1_56' title='bbox 831 921 893 974; x_wconf 86' lang='lat' dir='ltr'><strong>.in</strong></span> <span class='ocrx_word' id='word_1_57' title='bbox 930 916 1378 990; x_wconf 73' lang='lat' dir='ltr'><strong>principi9__De_tts</strong></span> <span class='ocrx_word' id='word_1_58' title='bbox 1421 915 1560 990; x_wconf 81' lang='lat' dir='ltr'><strong>apud</strong></span> <span class='ocrx_word' id='word_1_59' title='bbox 1607 915 1770 970; x_wconf 90' lang='lat' dir='ltr'><strong>Deum</strong></span> <span class='ocrx_word' id='word_1_60' title='bbox 1795 933 1826 990; x_wconf 87' lang='lat'><strong>;_</strong></span> <span class='ocrx_word' id='word_1_61' title='bbox 1859 914 2094 990; x_wconf 71' lang='lat' dir='ltr'><strong>Verbum</strong></span> 
     </span>
    </p>
   </div>
   <div class='ocr_carea' id='block_1_9' title="bbox 507 983 2090 1062">
    <p class='ocr_par' dir='ltr' id='par_1_9' title="bbox 507 983 2090 1062">
     <span class='ocr_line' id='line_1_9' title="bbox 507 983 2090 1062; baseline -0.004 -16"><span class='ocrx_word' id='word_1_62' title='bbox 507 983 602 1062; x_wconf 81' lang='lat' dir='ltr'><strong>per</strong></span> <span class='ocrx_word' id='word_1_63' title='bbox 621 991 761 1060; x_wconf 84' lang='lat' dir='ltr'><strong>quod</strong></span> <span class='ocrx_word' id='word_1_64' title='bbox 791 983 1122 1062; x_wconf 46' lang='lat' dir='ltr'><strong>Datis—diuit,</strong></span> <span class='ocrx_word' id='word_1_65' title='bbox 1157 986 1277 1040; x_wconf 79' lang='lat' dir='ltr'><strong>Fiat</strong></span> <span class='ocrx_word' id='word_1_66' title='bbox 1305 983 1664 1062; x_wconf 44' lang='lat' dir='ltr'><strong>tuxLetfacta</strong></span> <span class='ocrx_word' id='word_1_67' title='bbox 1709 995 1780 1039; x_wconf 85' lang='lat' dir='ltr'><strong>est</strong></span> <span class='ocrx_word' id='word_1_68' title='bbox 1808 983 2090 1062; x_wconf 75' lang='lat' dir='ltr'><strong>lux_(_Gen.</strong></span> 
     </span>
    </p>
   </div>
   <div class='ocr_carea' id='block_1_10' title="bbox 509 1051 2095 1132">
    <p class='ocr_par' dir='ltr' id='par_1_10' title="bbox 509 1051 2095 1132">
     <span class='ocr_line' id='line_1_10' title="bbox 509 1051 2095 1132; baseline -0.005 -14"><span class='ocrx_word' id='word_1_69' title='bbox 509 1051 546 1126; x_wconf 65' lang='grc' dir='ltr'><strong>ί,</strong></span> <span class='ocrx_word' id='word_1_70' title='bbox 577 1051 654 1132; x_wconf 61' lang='grc' dir='ltr'><strong>5)ξ</strong></span> <span class='ocrx_word' id='word_1_71' title='bbox 685 1062 922 1131; x_wconf 81' lang='lat' dir='ltr'><strong>angelica</strong></span> <span class='ocrx_word' id='word_1_72' title='bbox 939 1059 1144 1132; x_wconf 84' lang='lat' dir='ltr'><strong>scilicet</strong></span> <span class='ocrx_word' id='word_1_73' title='bbox 1170 1051 1637 1132; x_wconf 66' lang='lat' dir='ltr'><strong>tt:ttttra,_Ver[tttttt</strong></span> <span class='ocrx_word' id='word_1_74' title='bbox 1669 1071 1763 1126; x_wconf 88' lang='lat' dir='ltr'><strong>per</strong></span> <span class='ocrx_word' id='word_1_75' title='bbox 1785 1051 2095 1132; x_wconf 14' lang='lat' dir='ltr'><strong>quodflteus</strong></span> 
     </span>
    </p>
   </div>
   <div class='ocr_carea' id='block_1_11' title="bbox 507 1126 2096 1198">
    <p class='ocr_par' dir='ltr' id='par_1_11' title="bbox 507 1126 2096 1198">
     <span class='ocr_line' id='line_1_11' title="bbox 507 1126 2096 1198; baseline -0.005 -12"><span class='ocrx_word' id='word_1_76' title='bbox 507 1126 698 1186; x_wconf 79' lang='lat' dir='ltr'><strong>creavit</strong></span> <span class='ocrx_word' id='word_1_77' title='bbox 734 1126 908 1184; x_wconf 70' lang='lat' dir='ltr'><strong>munia</strong></span> <span class='ocrx_word' id='word_1_78' title='bbox 937 1132 988 1182; x_wconf 93' lang='lat' dir='ltr'><strong>in</strong></span> <span class='ocrx_word' id='word_1_79' title='bbox 1018 1128 1276 1198; x_wconf 80' lang='lat' dir='ltr'><strong>principio</strong></span> <span class='ocrx_word' id='word_1_80' title='bbox 1295 1169 1310 1190; x_wconf 94' lang='lat'><strong>,</strong></span> <span class='ocrx_word' id='word_1_81' title='bbox 1341 1127 1478 1181; x_wconf 85' lang='lat' dir='ltr'><strong>idem</strong></span> <span class='ocrx_word' id='word_1_82' title='bbox 1517 1126 1733 1181; x_wconf 83' lang='lat' dir='ltr'><strong>Verbum</strong></span> <span class='ocrx_word' id='word_1_83' title='bbox 1761 1143 1877 1180; x_wconf 83' lang='lat' dir='ltr'><strong>cara</strong></span> <span class='ocrx_word' id='word_1_84' title='bbox 1905 1131 2096 1198; x_wconf 70' lang='lat' dir='ltr'><strong>factum</strong></span> 
     </span>
    </p>
   </div>
   <div class='ocr_carea' id='block_1_12' title="bbox 507 1195 2092 1268">
    <p class='ocr_par' dir='ltr' id='par_1_12' title="bbox 507 1195 2092 1268">
     <span class='ocr_line' id='line_1_12' title="bbox 507 1195 2092 1268; baseline -0.003 -11"><span class='ocrx_word' id='word_1_85' title='bbox 507 1214 580 1258; x_wconf 78' lang='lat' dir='ltr'><strong>est</strong></span> <span class='ocrx_word' id='word_1_86' title='bbox 599 1244 613 1267; x_wconf 95' lang='lat'><strong>,</strong></span> <span class='ocrx_word' id='word_1_87' title='bbox 641 1212 686 1256; x_wconf 88' lang='lat' dir='ltr'><strong>et</strong></span> <span class='ocrx_word' id='word_1_88' title='bbox 714 1202 951 1254; x_wconf 82' lang='lat' dir='ltr'><strong>habitavit</strong></span> <span class='ocrx_word' id='word_1_89' title='bbox 971 1195 1029 1253; x_wconf 9' lang='lat' dir='ltr'><strong>in,</strong></span> <span class='ocrx_word' id='word_1_90' title='bbox 1045 1195 1215 1263; x_wconf 67' lang='lat' dir='ltr'><strong>nobis,</strong></span> <span class='ocrx_word' id='word_1_91' title='bbox 1239 1209 1285 1252; x_wconf 89' lang='lat' dir='ltr'><strong>et</strong></span> <span class='ocrx_word' id='word_1_92' title='bbox 1307 1198 1521 1252; x_wconf 78' lang='lat' dir='ltr'><strong>vidimus</strong></span> <span class='ocrx_word' id='word_1_93' title='bbox 1542 1198 1758 1268; x_wconf 80' lang='lat' dir='ltr'><strong>gloriam</strong></span> <span class='ocrx_word' id='word_1_94' title='bbox 1777 1200 1885 1267; x_wconf 84' lang='lat' dir='ltr'><strong>ejus</strong></span> <span class='ocrx_word' id='word_1_95' title='bbox 1907 1195 1964 1266; x_wconf 78' lang='lat'><strong>(1</strong></span> <span class='ocrx_word' id='word_1_96' title='bbox 1973 1213 2092 1253; x_wconf 84' lang='lat' dir='ltr'><strong>oan.</strong></span> 
     </span>
    </p>
   </div>
   <div class='ocr_carea' id='block_1_13' title="bbox 507 1267 2094 1342">
    <p class='ocr_par' dir='ltr' id='par_1_13' title="bbox 507 1267 2094 1342">
     <span class='ocr_line' id='line_1_13' title="bbox 507 1267 2094 1342; baseline -0.004 -14"><span class='ocrx_word' id='word_1_97' title='bbox 507 1289 558 1338; x_wconf 88' lang='grc' dir='ltr'>ι,</span> <span class='ocrx_word' id='word_1_98' title='bbox 590 1274 615 1326; x_wconf 79' lang='grc'><strong>1</strong></span> <span class='ocrx_word' id='word_1_99' title='bbox 639 1315 654 1336; x_wconf 85' lang='grc'><em>,</em></span> <span class='ocrx_word' id='word_1_100' title='bbox 689 1274 800 1340; x_wconf 79' lang='grc'><strong>14).</strong></span> <span class='ocrx_word' id='word_1_101' title='bbox 838 1272 972 1326; x_wconf 80' lang='lat' dir='ltr'><strong>Ecce</strong></span> <span class='ocrx_word' id='word_1_102' title='bbox 996 1271 1160 1342; x_wconf 81' lang='lat' dir='ltr'><strong>gloria</strong></span> <span class='ocrx_word' id='word_1_103' title='bbox 1189 1285 1284 1342; x_wconf 88' lang='lat' dir='ltr'><strong>per</strong></span> <span class='ocrx_word' id='word_1_104' title='bbox 1327 1284 1482 1338; x_wconf 90' lang='lat' dir='ltr'><strong>quam</strong></span> <span class='ocrx_word' id='word_1_105' title='bbox 1513 1267 1974 1342; x_wconf 86' lang='lat' dir='ltr'><strong>glorior,_quando</strong></span> <span class='ocrx_word' id='word_1_106' title='bbox 2004 1282 2094 1342; x_wconf 74' lang='lat' dir='ltr'><strong>sa-</strong></span> 
     </span>
    </p>
   </div>
   <div class='ocr_carea' id='block_1_14' title="bbox 508 1338 2097 1413">
    <p class='ocr_par' dir='ltr' id='par_1_14' title="bbox 508 1338 2097 1413">
     <span class='ocr_line' id='line_1_14' title="bbox 508 1338 2097 1413; baseline -0.004 -16"><span class='ocrx_word' id='word_1_107' title='bbox 508 1359 634 1398; x_wconf 92' lang='lat' dir='ltr'><strong>num</strong></span> <span class='ocrx_word' id='word_1_108' title='bbox 659 1338 875 1413; x_wconf 83' lang='lat' dir='ltr'><strong>glorior.</strong></span> <span class='ocrx_word' id='word_1_109' title='bbox 905 1338 1041 1396; x_wconf 75' lang='lat' dir='ltr'><strong>Ecce</strong></span> <span class='ocrx_word' id='word_1_110' title='bbox 1066 1338 1313 1413; x_wconf 79' lang='lat' dir='ltr'><strong>gaudium</strong></span> <span class='ocrx_word' id='word_1_111' title='bbox 1343 1355 1436 1408; x_wconf 90' lang='lat' dir='ltr'><strong>per</strong></span> <span class='ocrx_word' id='word_1_112' title='bbox 1457 1338 1596 1408; x_wconf 79' lang='lat' dir='ltr'><strong>quod</strong></span> <span class='ocrx_word' id='word_1_113' title='bbox 1617 1339 1856 1413; x_wconf 85' lang='lat' dir='ltr'><strong>gaudeo,</strong></span> <span class='ocrx_word' id='word_1_114' title='bbox 1883 1338 2097 1413; x_wconf 83' lang='lat' dir='ltr'><strong>quando</strong></span> 
     </span>
    </p>
   </div>
   <div class='ocr_carea' id='block_1_15' title="bbox 507 1408 2098 1483">
    <p class='ocr_par' dir='ltr' id='par_1_15' title="bbox 507 1408 2098 1483">
     <span class='ocr_line' id='line_1_15' title="bbox 507 1408 2098 1483; baseline -0.003 -14"><span class='ocrx_word' id='word_1_115' title='bbox 507 1408 696 1469; x_wconf 78' lang='lat' dir='ltr'><strong>sanum</strong></span> <span class='ocrx_word' id='word_1_116' title='bbox 723 1413 957 1483; x_wconf 88' lang='lat' dir='ltr'><strong>gaudeo,</strong></span> <span class='ocrx_word' id='word_1_117' title='bbox 989 1408 1219 1467; x_wconf 82' lang='lat' dir='ltr'><strong>Domine</strong></span> <span class='ocrx_word' id='word_1_118' title='bbox 1259 1411 1402 1464; x_wconf 85' lang='lat' dir='ltr'><strong>Deus</strong></span> <span class='ocrx_word' id='word_1_119' title='bbox 1449 1408 1640 1476; x_wconf 72' lang='lat' dir='ltr'><strong>meus,</strong></span> <span class='ocrx_word' id='word_1_120' title='bbox 1677 1411 1784 1465; x_wconf 88' lang='lat' dir='ltr'><strong>vita</strong></span> <span class='ocrx_word' id='word_1_121' title='bbox 1830 1408 2098 1480; x_wconf 86' lang='lat' dir='ltr'><strong>etgloria</strong></span> 
     </span>
    </p>
   </div>
   <div class='ocr_carea' id='block_1_16' title="bbox 505 1485 1016 1540">
    <p class='ocr_par' dir='ltr' id='par_1_16' title="bbox 505 1485 1016 1540">
     <span class='ocr_line' id='line_1_16' title="bbox 505 1485 1016 1540; baseline -0.008 0"><span class='ocrx_word' id='word_1_122' title='bbox 505 1491 616 1540; x_wconf 88' lang='lat' dir='ltr'><strong>tota</strong></span> <span class='ocrx_word' id='word_1_123' title='bbox 641 1485 831 1538; x_wconf 74' lang='lat' dir='ltr'><strong>anima:</strong></span> <span class='ocrx_word' id='word_1_124' title='bbox 862 1498 1016 1538; x_wconf 80' lang='lat' dir='ltr'><strong>meae.</strong></span> 
     </span>
    </p>
   </div>
   <div class='ocr_carea' id='block_1_17' title="bbox 576 1551 2100 1623">
    <p class='ocr_par' dir='ltr' id='par_1_17' title="bbox 576 1551 2100 1623">
     <span class='ocr_line' id='line_1_17' title="bbox 576 1551 2100 1623; baseline -0.001 -15"><span class='ocrx_word' id='word_1_125' title='bbox 576 1555 848 1610; x_wconf 88' lang='lat' dir='ltr'><strong>Conliteor</strong></span> <span class='ocrx_word' id='word_1_126' title='bbox 895 1569 1058 1623; x_wconf 87' lang='lat' dir='ltr'><strong>ergo,</strong></span> <span class='ocrx_word' id='word_1_127' title='bbox 1110 1551 1336 1606; x_wconf 91' lang='lat' dir='ltr'><strong>Domine</strong></span> <span class='ocrx_word' id='word_1_128' title='bbox 1390 1551 1531 1606; x_wconf 86' lang='lat' dir='ltr'><strong>Deus</strong></span> <span class='ocrx_word' id='word_1_129' title='bbox 1584 1565 1772 1623; x_wconf 84' lang='lat' dir='ltr'><strong>meus,</strong></span> <span class='ocrx_word' id='word_1_130' title='bbox 1838 1565 1959 1623; x_wconf 87' lang='lat' dir='ltr'><strong>cum</strong></span> <span class='ocrx_word' id='word_1_131' title='bbox 2013 1565 2100 1606; x_wconf 90' lang='lat' dir='ltr'><strong>me</strong></span> 
     </span>
    </p>
   </div>
   <div class='ocr_carea' id='block_1_18' title="bbox 513 1621 2100 1692">
    <p class='ocr_par' dir='ltr' id='par_1_18' title="bbox 513 1621 2100 1692">
     <span class='ocr_line' id='line_1_18' title="bbox 513 1621 2100 1692; baseline -0.006 -10"><span class='ocrx_word' id='word_1_132' title='bbox 513 1625 708 1682; x_wconf 87' lang='lat' dir='ltr'><strong>creain</strong></span> <span class='ocrx_word' id='word_1_133' title='bbox 737 1621 1260 1692; x_wconf 54' lang='lat' dir='ltr'><strong>rationis&#39;capacetn,</strong></span> <span class='ocrx_word' id='word_1_134' title='bbox 1308 1623 1522 1691; x_wconf 82' lang='lat' dir='ltr'><strong>Angelis</strong></span> <span class='ocrx_word' id='word_1_135' title='bbox 1551 1622 1777 1692; x_wconf 84' lang='lat' dir='ltr'><strong>quodam</strong></span> <span class='ocrx_word' id='word_1_136' title='bbox 1813 1621 1974 1676; x_wconf 88' lang='lat' dir='ltr'><strong>modo</strong></span> <span class='ocrx_word' id='word_1_137' title='bbox 2003 1636 2100 1691; x_wconf 77' lang='lat' dir='ltr'><strong>pa-</strong></span> 
     </span>
    </p>
   </div>
   <div class='ocr_carea' id='block_1_19' title="bbox 509 1691 2096 1763">
    <p class='ocr_par' dir='ltr' id='par_1_19' title="bbox 509 1691 2096 1763">
     <span class='ocr_line' id='line_1_19' title="bbox 509 1691 2096 1763; baseline -0.005 -11"><span class='ocrx_word' id='word_1_138' title='bbox 509 1712 623 1752; x_wconf 91' lang='lat' dir='ltr'><strong>rem</strong></span> <span class='ocrx_word' id='word_1_139' title='bbox 651 1695 841 1749; x_wconf 81' lang='lat' dir='ltr'><strong>creasti</strong></span> <span class='ocrx_word' id='word_1_140' title='bbox 870 1713 884 1749; x_wconf 87' lang='lat'><strong>:</strong></span> <span class='ocrx_word' id='word_1_141' title='bbox 913 1695 1033 1763; x_wconf 83' lang='lat' dir='ltr'><strong>quia</strong></span> <span class='ocrx_word' id='word_1_142' title='bbox 1059 1692 1275 1762; x_wconf 69' lang='lat' dir='ltr'><strong>perﬁci!</strong></span> <span class='ocrx_word' id='word_1_143' title='bbox 1311 1707 1523 1760; x_wconf 90' lang='lat' dir='ltr'><strong>possum</strong></span> <span class='ocrx_word' id='word_1_144' title='bbox 1549 1707 1643 1761; x_wconf 92' lang='lat' dir='ltr'><strong>per</strong></span> <span class='ocrx_word' id='word_1_145' title='bbox 1663 1691 1894 1763; x_wconf 83' lang='lat' dir='ltr'><strong>Verbum</strong></span> <span class='ocrx_word' id='word_1_146' title='bbox 1927 1700 2096 1763; x_wconf 89' lang='lat' dir='ltr'><strong>tuum,</strong></span> 
     </span>
    </p>
   </div>
   <div class='ocr_carea' id='block_1_20' title="bbox 509 1762 2100 1833">
    <p class='ocr_par' dir='ltr' id='par_1_20' title="bbox 509 1762 2100 1833">
     <span class='ocr_line' id='line_1_20' title="bbox 509 1762 2100 1833; baseline -0.003 -13"><span class='ocrx_word' id='word_1_147' title='bbox 509 1776 568 1820; x_wconf 91' lang='lat' dir='ltr'><strong>ut</strong></span> <span class='ocrx_word' id='word_1_148' title='bbox 595 1767 802 1819; x_wconf 82' lang='lat' dir='ltr'><strong>veniam</strong></span> <span class='ocrx_word' id='word_1_149' title='bbox 847 1762 1315 1832; x_wconf 65' lang='lat' dir='ltr'><strong>adaequalitatem</strong></span> <span class='ocrx_word' id='word_1_150' title='bbox 1364 1763 1724 1833; x_wconf 88' lang='lat' dir='ltr'><strong>Angelorum,</strong></span> <span class='ocrx_word' id='word_1_151' title='bbox 1770 1772 1829 1815; x_wconf 88' lang='lat' dir='ltr'><strong>ut</strong></span> <span class='ocrx_word' id='word_1_152' title='bbox 1875 1762 2100 1816; x_wconf 83' lang='lat' dir='ltr'><strong>habeam</strong></span> 
     </span>
    </p>
   </div>
   <div class='ocr_carea' id='block_1_21' title="bbox 509 1833 2135 1905">
    <p class='ocr_par' dir='ltr' id='par_1_21' title="bbox 509 1833 2135 1905">
     <span class='ocr_line' id='line_1_21' title="bbox 509 1833 2135 1905; baseline -0.003 -15"><span class='ocrx_word' id='word_1_153' title='bbox 509 1836 848 1905; x_wconf 83' lang='lat' dir='ltr'><strong>adoptionem</strong></span> <span class='ocrx_word' id='word_1_154' title='bbox 890 1834 1117 1905; x_wconf 91' lang='lat' dir='ltr'><strong>ﬁliorum</strong></span> <span class='ocrx_word' id='word_1_155' title='bbox 1164 1849 1259 1902; x_wconf 91' lang='lat' dir='ltr'><strong>per</strong></span> <span class='ocrx_word' id='word_1_156' title='bbox 1289 1833 1878 1905; x_wconf 88' lang='lat' dir='ltr'><strong>tmigenitumVerbum</strong></span> <span class='ocrx_word' id='word_1_157' title='bbox 1909 1842 2056 1887; x_wconf 92' lang='lat' dir='ltr'><strong>tuum</strong></span> <span class='ocrx_word' id='word_1_158' title='bbox 2082 1873 2096 1898; x_wconf 89' lang='lat'><strong>,</strong></span> <span class='ocrx_word' id='word_1_159' title='bbox 2133 1853 2135 1856; x_wconf 43' lang='lat'><em>‘</em></span> 
     </span>
    </p>
   </div>
   <div class='ocr_carea' id='block_1_22' title="bbox 509 1904 2102 1973">
    <p class='ocr_par' dir='ltr' id='par_1_22' title="bbox 509 1904 2102 1973">
     <span class='ocr_line' id='line_1_22' title="bbox 509 1904 2102 1973; baseline -0.001 -12"><span class='ocrx_word' id='word_1_160' title='bbox 509 1904 766 1969; x_wconf 87' lang='lat' dir='ltr'><strong>Domine,</strong></span> <span class='ocrx_word' id='word_1_161' title='bbox 798 1922 890 1973; x_wconf 88' lang='lat' dir='ltr'><strong>per</strong></span> <span class='ocrx_word' id='word_1_162' title='bbox 917 1904 1108 1960; x_wconf 85' lang='lat' dir='ltr'><strong>Filium</strong></span> <span class='ocrx_word' id='word_1_163' title='bbox 1139 1913 1284 1957; x_wconf 89' lang='lat' dir='ltr'><strong>tuum</strong></span> <span class='ocrx_word' id='word_1_164' title='bbox 1309 1905 1560 1958; x_wconf 86' lang='lat' dir='ltr'><strong>dilectum</strong></span> <span class='ocrx_word' id='word_1_165' title='bbox 1583 1945 1597 1966; x_wconf 86' lang='lat'><strong>,</strong></span> <span class='ocrx_word' id='word_1_166' title='bbox 1625 1904 1674 1957; x_wconf 91' lang='lat' dir='ltr'><strong>iu</strong></span> <span class='ocrx_word' id='word_1_167' title='bbox 1706 1919 1812 1973; x_wconf 89' lang='lat' dir='ltr'><strong>quo</strong></span> <span class='ocrx_word' id='word_1_168' title='bbox 1836 1904 1930 1956; x_wconf 87' lang='lat' dir='ltr'><strong>tibi</strong></span> <span class='ocrx_word' id='word_1_169' title='bbox 1961 1905 2102 1959; x_wconf 84' lang='lat' dir='ltr'><strong>bene</strong></span> 
     </span>
    </p>
   </div>
   <div class='ocr_carea' id='block_1_23' title="bbox 508 1975 2101 2046">
    <p class='ocr_par' dir='ltr' id='par_1_23' title="bbox 508 1975 2101 2046">
     <span class='ocr_line' id='line_1_23' title="bbox 508 1975 2101 2046; baseline -0.003 -14"><span class='ocrx_word' id='word_1_170' title='bbox 508 1977 861 2046; x_wconf 84' lang='lat' dir='ltr'><strong>complacuit,</strong></span> <span class='ocrx_word' id='word_1_171' title='bbox 895 1991 990 2045; x_wconf 88' lang='lat' dir='ltr'><strong>per</strong></span> <span class='ocrx_word' id='word_1_172' title='bbox 1029 1976 1201 2029; x_wconf 92' lang='lat' dir='ltr'><strong>virum</strong></span> <span class='ocrx_word' id='word_1_173' title='bbox 1228 1975 1586 2046; x_wconf 51' lang='lat' dir='ltr'><strong>collarrentem</strong></span> <span class='ocrx_word' id='word_1_174' title='bbox 1609 1977 1723 2046; x_wconf 10' lang='lat' dir='ltr'><strong>&#39;ret</strong></span> <span class='ocrx_word' id='word_1_175' title='bbox 1747 1975 2101 2028; x_wconf 90' lang='lat' dir='ltr'><strong>consubstan-</strong></span> 
     </span>
    </p>
   </div>
   <div class='ocr_carea' id='block_1_24' title="bbox 509 2043 2101 2110">
    <p class='ocr_par' dir='ltr' id='par_1_24' title="bbox 509 2043 2101 2110">
     <span class='ocr_line' id='line_1_24' title="bbox 509 2043 2101 2110; baseline -0.001 -8"><span class='ocrx_word' id='word_1_176' title='bbox 509 2043 689 2103; x_wconf 82' lang='lat' dir='ltr'><strong>tialem</strong></span> <span class='ocrx_word' id='word_1_177' title='bbox 721 2047 812 2100; x_wconf 86' lang='lat' dir='ltr'><strong>tibi</strong></span> <span class='ocrx_word' id='word_1_178' title='bbox 839 2043 909 2101; x_wconf 51' lang='lat' dir='ltr'><strong>et&#39;</strong></span> <span class='ocrx_word' id='word_1_179' title='bbox 939 2053 1265 2101; x_wconf 67' lang='lat' dir='ltr'><strong>coa‘teruum</strong></span> <span class='ocrx_word' id='word_1_180' title='bbox 1307 2043 1489 2100; x_wconf 78' lang='lat' dir='ltr'><strong>Jesum</strong></span> <span class='ocrx_word' id='word_1_181' title='bbox 1535 2045 1800 2101; x_wconf 86' lang='lat' dir='ltr'><strong>Christum</strong></span> <span class='ocrx_word' id='word_1_182' title='bbox 1825 2087 1840 2110; x_wconf 93' lang='lat'><strong>,</strong></span> <span class='ocrx_word' id='word_1_183' title='bbox 1887 2046 2101 2100; x_wconf 85' lang='lat' dir='ltr'><strong>unicum</strong></span> 
     </span>
    </p>
   </div>
   <div class='ocr_carea' id='block_1_25' title="bbox 510 2116 2100 2184">
    <p class='ocr_par' dir='ltr' id='par_1_25' title="bbox 510 2116 2100 2184">
     <span class='ocr_line' id='line_1_25' title="bbox 510 2116 2100 2184; baseline -0.003 -10"><span class='ocrx_word' id='word_1_184' title='bbox 510 2117 794 2174; x_wconf 89' lang='lat' dir='ltr'><strong>Dominum</strong></span> <span class='ocrx_word' id='word_1_185' title='bbox 820 2127 876 2171; x_wconf 91' lang='lat' dir='ltr'><strong>et</strong></span> <span class='ocrx_word' id='word_1_186' title='bbox 917 2116 1312 2184; x_wconf 87' lang='lat' dir='ltr'><strong>redemptorem</strong></span> <span class='ocrx_word' id='word_1_187' title='bbox 1361 2127 1638 2180; x_wconf 89' lang='lat' dir='ltr'><strong>nostrum,</strong></span> <span class='ocrx_word' id='word_1_188' title='bbox 1690 2116 2100 2170; x_wconf 90' lang='lat' dir='ltr'><strong>illuminatorem</strong></span> 
     </span>
    </p>
   </div>
   <div class='ocr_carea' id='block_1_26' title="bbox 511 2185 2104 2256">
    <p class='ocr_par' dir='ltr' id='par_1_26' title="bbox 511 2185 2104 2256">
     <span class='ocr_line' id='line_1_26' title="bbox 511 2185 2104 2256; baseline -0.002 -13"><span class='ocrx_word' id='word_1_189' title='bbox 511 2197 568 2243; x_wconf 91' lang='lat' dir='ltr'><strong>et</strong></span> <span class='ocrx_word' id='word_1_190' title='bbox 613 2189 1003 2243; x_wconf 81' lang='lat' dir='ltr'><strong>consolatorem</strong></span> <span class='ocrx_word' id='word_1_191' title='bbox 1036 2197 1306 2249; x_wconf 90' lang='lat' dir='ltr'><strong>nostrum,</strong></span> <span class='ocrx_word' id='word_1_192' title='bbox 1335 2188 1647 2241; x_wconf 87' lang='lat' dir='ltr'><strong>advocatum</strong></span> <span class='ocrx_word' id='word_1_193' title='bbox 1676 2199 1916 2241; x_wconf 90' lang='lat' dir='ltr'><strong>nostrum</strong></span> <span class='ocrx_word' id='word_1_194' title='bbox 1961 2185 2104 2256; x_wconf 89' lang='lat' dir='ltr'><strong>apud</strong></span> 
     </span>
    </p>
   </div>
   <div class='ocr_carea' id='block_1_27' title="bbox 511 2257 2106 2327">
    <p class='ocr_par' dir='ltr' id='par_1_27' title="bbox 511 2257 2106 2327">
     <span class='ocr_line' id='line_1_27' title="bbox 511 2257 2106 2327; baseline -0.003 -13"><span class='ocrx_word' id='word_1_195' title='bbox 511 2265 596 2321; x_wconf 90' lang='lat' dir='ltr'><strong>te.</strong></span> <span class='ocrx_word' id='word_1_196' title='bbox 637 2269 692 2314; x_wconf 85' lang='lat' dir='ltr'><strong>et</strong></span> <span class='ocrx_word' id='word_1_197' title='bbox 717 2259 894 2313; x_wconf 89' lang='lat' dir='ltr'><strong>lumen</strong></span> <span class='ocrx_word' id='word_1_198' title='bbox 939 2258 1214 2312; x_wconf 90' lang='lat' dir='ltr'><strong>oculorum</strong></span> <span class='ocrx_word' id='word_1_199' title='bbox 1263 2267 1601 2323; x_wconf 90' lang='lat' dir='ltr'><strong>nostrorum,</strong></span> <span class='ocrx_word' id='word_1_200' title='bbox 1641 2259 1730 2327; x_wconf 91' lang='lat' dir='ltr'><strong>qui</strong></span> <span class='ocrx_word' id='word_1_201' title='bbox 1777 2266 1860 2312; x_wconf 90' lang='lat' dir='ltr'><strong>est</strong></span> <span class='ocrx_word' id='word_1_202' title='bbox 1902 2257 2006 2310; x_wconf 91' lang='lat' dir='ltr'><strong>vita</strong></span> <span class='ocrx_word' id='word_1_203' title='bbox 2051 2264 2106 2311; x_wconf 91' lang='lat' dir='ltr'><strong>et</strong></span> 
     </span>
    </p>
   </div>
   <div class='ocr_carea' id='block_1_28' title="bbox 513 2327 2105 2397">
    <p class='ocr_par' dir='ltr' id='par_1_28' title="bbox 513 2327 2105 2397">
     <span class='ocr_line' id='line_1_28' title="bbox 513 2327 2105 2397; baseline -0.004 -11"><span class='ocrx_word' id='word_1_204' title='bbox 513 2330 747 2386; x_wconf 86' lang='lat' dir='ltr'><strong>salvator</strong></span> <span class='ocrx_word' id='word_1_205' title='bbox 770 2337 976 2390; x_wconf 78' lang='lat' dir='ltr'><strong>uoster,</strong></span> <span class='ocrx_word' id='word_1_206' title='bbox 1008 2338 1061 2381; x_wconf 88' lang='lat' dir='ltr'><strong>et</strong></span> <span class='ocrx_word' id='word_1_207' title='bbox 1086 2342 1208 2397; x_wconf 82' lang='lat' dir='ltr'><strong>Spes</strong></span> <span class='ocrx_word' id='word_1_208' title='bbox 1248 2328 1398 2381; x_wconf 90' lang='lat' dir='ltr'><strong>unica</strong></span> <span class='ocrx_word' id='word_1_209' title='bbox 1422 2338 1634 2390; x_wconf 90' lang='lat' dir='ltr'><strong>nostra;</strong></span> <span class='ocrx_word' id='word_1_210' title='bbox 1679 2328 1766 2395; x_wconf 90' lang='lat' dir='ltr'><strong>qui</strong></span> <span class='ocrx_word' id='word_1_211' title='bbox 1800 2342 1897 2380; x_wconf 90' lang='lat' dir='ltr'><strong>nos</strong></span> <span class='ocrx_word' id='word_1_212' title='bbox 1920 2327 2105 2381; x_wconf 82' lang='lat' dir='ltr'><strong>dilexit</strong></span> 
     </span>
    </p>
   </div>
   <div class='ocr_carea' id='block_1_29' title="bbox 514 2397 2108 2470">
    <p class='ocr_par' dir='ltr' id='par_1_29' title="bbox 514 2397 2108 2470">
     <span class='ocr_line' id='line_1_29' title="bbox 514 2397 2108 2470; baseline -0.002 -17"><span class='ocrx_word' id='word_1_213' title='bbox 514 2400 684 2470; x_wconf 88' lang='lat' dir='ltr'><strong>magis</strong></span> <span class='ocrx_word' id='word_1_214' title='bbox 711 2415 868 2468; x_wconf 84' lang='lat' dir='ltr'><strong>quam</strong></span> <span class='ocrx_word' id='word_1_215' title='bbox 900 2413 990 2464; x_wconf 89' lang='lat' dir='ltr'><strong>se,</strong></span> <span class='ocrx_word' id='word_1_216' title='bbox 1023 2413 1119 2466; x_wconf 90' lang='lat' dir='ltr'><strong>per</strong></span> <span class='ocrx_word' id='word_1_217' title='bbox 1159 2413 1316 2470; x_wconf 85' lang='lat' dir='ltr'><strong>quem</strong></span> <span class='ocrx_word' id='word_1_218' title='bbox 1347 2397 1603 2452; x_wconf 90' lang='lat' dir='ltr'><strong>habemus</strong></span> <span class='ocrx_word' id='word_1_219' title='bbox 1633 2397 1876 2452; x_wconf 88' lang='lat' dir='ltr'><strong>ﬁduciam</strong></span> <span class='ocrx_word' id='word_1_220' title='bbox 1902 2397 2108 2470; x_wconf 56' lang='lat' dir='ltr'><strong>reposi:</strong></span> 
     </span>
    </p>
   </div>
   <div class='ocr_carea' id='block_1_30' title="bbox 515 2467 2104 2538">
    <p class='ocr_par' dir='ltr' id='par_1_30' title="bbox 515 2467 2104 2538">
     <span class='ocr_line' id='line_1_30' title="bbox 515 2467 2104 2538; baseline -0.001 -14"><span class='ocrx_word' id='word_1_221' title='bbox 515 2467 626 2524; x_wconf 80' lang='lat' dir='ltr'><strong>tam</strong></span> <span class='ocrx_word' id='word_1_222' title='bbox 649 2479 704 2525; x_wconf 90' lang='lat' dir='ltr'><strong>et</strong></span> <span class='ocrx_word' id='word_1_223' title='bbox 732 2467 938 2522; x_wconf 88' lang='lat' dir='ltr'><strong>ﬁrmam</strong></span> <span class='ocrx_word' id='word_1_224' title='bbox 965 2483 1114 2538; x_wconf 86' lang='lat' dir='ltr'><strong>spent</strong></span> <span class='ocrx_word' id='word_1_225' title='bbox 1145 2468 1282 2537; x_wconf 87' lang='lat' dir='ltr'><strong>apud</strong></span> <span class='ocrx_word' id='word_1_226' title='bbox 1316 2476 1366 2520; x_wconf 91' lang='lat' dir='ltr'><strong>te</strong></span> <span class='ocrx_word' id='word_1_227' title='bbox 1386 2508 1399 2530; x_wconf 89' lang='lat'><strong>,</strong></span> <span class='ocrx_word' id='word_1_228' title='bbox 1447 2479 1500 2521; x_wconf 93' lang='lat' dir='ltr'><strong>et</strong></span> <span class='ocrx_word' id='word_1_229' title='bbox 1545 2483 1817 2522; x_wconf 89' lang='lat' dir='ltr'><strong>accessum</strong></span> <span class='ocrx_word' id='word_1_230' title='bbox 1860 2467 2104 2522; x_wconf 87' lang='lat' dir='ltr'><strong>veniendi</strong></span> 
     </span>
    </p>
   </div>
   <div class='ocr_carea' id='block_1_31' title="bbox 516 2538 2104 2610">
    <p class='ocr_par' dir='ltr' id='par_1_31' title="bbox 516 2538 2104 2610">
     <span class='ocr_line' id='line_1_31' title="bbox 516 2538 2104 2610; baseline -0.003 -15"><span class='ocrx_word' id='word_1_231' title='bbox 516 2541 584 2595; x_wconf 85' lang='lat' dir='ltr'><strong>ad</strong></span> <span class='ocrx_word' id='word_1_232' title='bbox 612 2549 696 2604; x_wconf 89' lang='lat' dir='ltr'><strong>te;</strong></span> <span class='ocrx_word' id='word_1_233' title='bbox 724 2540 972 2610; x_wconf 89' lang='lat' dir='ltr'><strong>quoniam</strong></span> <span class='ocrx_word' id='word_1_234' title='bbox 1003 2539 1140 2590; x_wconf 82' lang='lat' dir='ltr'><strong>dedit</strong></span> <span class='ocrx_word' id='word_1_235' title='bbox 1169 2546 1462 2610; x_wconf 75' lang='lat' dir='ltr'><strong>potestatem</strong></span> <span class='ocrx_word' id='word_1_236' title='bbox 1475 2539 1622 2610; x_wconf 65' lang='lat' dir='ltr'><strong>filios</strong></span> <span class='ocrx_word' id='word_1_237' title='bbox 1655 2538 1746 2592; x_wconf 88' lang='lat' dir='ltr'><strong>Dei</strong></span> <span class='ocrx_word' id='word_1_238' title='bbox 1774 2538 1886 2606; x_wconf 78' lang='lat' dir='ltr'><strong>fieri</strong></span> <span class='ocrx_word' id='word_1_239' title='bbox 1913 2540 1991 2610; x_wconf 83' lang='lat' dir='ltr'><strong>his</strong></span> <span class='ocrx_word' id='word_1_240' title='bbox 2017 2538 2104 2609; x_wconf 84' lang='lat' dir='ltr'><strong>qui</strong></span> 
     </span>
    </p>
   </div>
   <div class='ocr_carea' id='block_1_32' title="bbox 515 2607 2106 2681">
    <p class='ocr_par' dir='ltr' id='par_1_32' title="bbox 515 2607 2106 2681">
     <span class='ocr_line' id='line_1_32' title="bbox 515 2607 2106 2681; baseline -0.001 -17"><span class='ocrx_word' id='word_1_241' title='bbox 515 2613 724 2666; x_wconf 85' lang='lat' dir='ltr'><strong>credunt</strong></span> <span class='ocrx_word' id='word_1_242' title='bbox 742 2607 801 2664; x_wconf 73' lang='lat' dir='ltr'><strong>in</strong></span> <span class='ocrx_word' id='word_1_243' title='bbox 830 2607 1179 2681; x_wconf 73' lang='lat' dir='ltr'><strong>nomineejus</strong></span> <span class='ocrx_word' id='word_1_244' title='bbox 1227 2607 1544 2681; x_wconf 62' lang='grc' dir='ltr'><strong>(ιὺὶιληιὲ).</strong></span> <span class='ocrx_word' id='word_1_245' title='bbox 1592 2608 1827 2681; x_wconf 82' lang='lat' dir='ltr'><strong>Laudem</strong></span> <span class='ocrx_word' id='word_1_246' title='bbox 1875 2607 2106 2681; x_wconf 77' lang='lat' dir='ltr'><strong>tribuam</strong></span> 
     </span>
    </p>
   </div>
   <div class='ocr_carea' id='block_1_33' title="bbox 518 2679 2098 2748">
    <p class='ocr_par' dir='ltr' id='par_1_33' title="bbox 518 2679 2098 2748">
     <span class='ocr_line' id='line_1_33' title="bbox 518 2679 2098 2748; baseline -0.003 -12"><span class='ocrx_word' id='word_1_247' title='bbox 518 2681 718 2736; x_wconf 92' lang='lat' dir='ltr'><strong>nomini</strong></span> <span class='ocrx_word' id='word_1_248' title='bbox 751 2692 842 2734; x_wconf 91' lang='lat' dir='ltr'><strong>tuo</strong></span> <span class='ocrx_word' id='word_1_249' title='bbox 862 2721 877 2745; x_wconf 90' lang='lat'><strong>,</strong></span> <span class='ocrx_word' id='word_1_250' title='bbox 904 2679 1130 2734; x_wconf 90' lang='lat' dir='ltr'><strong>Domine</strong></span> <span class='ocrx_word' id='word_1_251' title='bbox 1148 2721 1163 2745; x_wconf 93' lang='lat'><strong>,</strong></span> <span class='ocrx_word' id='word_1_252' title='bbox 1191 2679 1279 2748; x_wconf 88' lang='lat' dir='ltr'><strong>qui</strong></span> <span class='ocrx_word' id='word_1_253' title='bbox 1308 2693 1392 2732; x_wconf 88' lang='lat' dir='ltr'><strong>me</strong></span> <span class='ocrx_word' id='word_1_254' title='bbox 1418 2681 1483 2732; x_wconf 90' lang='lat' dir='ltr'><strong>ad</strong></span> <span class='ocrx_word' id='word_1_255' title='bbox 1514 2680 1793 2748; x_wconf 88' lang='lat' dir='ltr'><strong>imaginetn</strong></span> <span class='ocrx_word' id='word_1_256' title='bbox 1828 2688 1882 2732; x_wconf 92' lang='lat' dir='ltr'><strong>et</strong></span> <span class='ocrx_word' id='word_1_257' title='bbox 1909 2679 2098 2733; x_wconf 89' lang='lat' dir='ltr'><strong>simili-</strong></span> 
     </span>
    </p>
   </div>
   <div class='ocr_carea' id='block_1_34' title="bbox 517 2748 2106 2818">
    <p class='ocr_par' dir='ltr' id='par_1_34' title="bbox 517 2748 2106 2818">
     <span class='ocr_line' id='line_1_34' title="bbox 517 2748 2106 2818; baseline -0.002 -11"><span class='ocrx_word' id='word_1_258' title='bbox 517 2752 756 2808; x_wconf 85' lang='lat' dir='ltr'><strong>tudinem</strong></span> <span class='ocrx_word' id='word_1_259' title='bbox 785 2759 926 2805; x_wconf 91' lang='lat' dir='ltr'><strong>tuam</strong></span> <span class='ocrx_word' id='word_1_260' title='bbox 956 2751 1188 2804; x_wconf 87' lang='lat' dir='ltr'><strong>creando</strong></span> <span class='ocrx_word' id='word_1_261' title='bbox 1219 2748 1367 2817; x_wconf 83' lang='lat' dir='ltr'><strong>(Gen.</strong></span> <span class='ocrx_word' id='word_1_262' title='bbox 1398 2765 1444 2816; x_wconf 89' lang='grc' dir='ltr'>ι,</span> <span class='ocrx_word' id='word_1_263' title='bbox 1476 2750 1570 2818; x_wconf 73' lang='lat'><strong>27)</strong></span> <span class='ocrx_word' id='word_1_264' title='bbox 1589 2791 1602 2812; x_wconf 93' lang='lat'><strong>,</strong></span> <span class='ocrx_word' id='word_1_265' title='bbox 1638 2758 1796 2804; x_wconf 62' lang='lat' dir='ltr'><strong>tantae</strong></span> <span class='ocrx_word' id='word_1_266' title='bbox 1823 2749 2006 2818; x_wconf 75' lang='lat' dir='ltr'><strong>glorite</strong></span> <span class='ocrx_word' id='word_1_267' title='bbox 2029 2750 2106 2804; x_wconf 87' lang='lat' dir='ltr'><strong>fe-</strong></span> 
     </span>
    </p>
   </div>
   <div class='ocr_carea' id='block_1_35' title="bbox 519 2819 2104 2890">
    <p class='ocr_par' dir='ltr' id='par_1_35' title="bbox 519 2819 2104 2890">
     <span class='ocr_line' id='line_1_35' title="bbox 519 2819 2104 2890; baseline -0.002 -14"><span class='ocrx_word' id='word_1_268' title='bbox 519 2823 640 2878; x_wconf 92' lang='lat' dir='ltr'><strong>cisti</strong></span> <span class='ocrx_word' id='word_1_269' title='bbox 667 2839 752 2876; x_wconf 91' lang='lat' dir='ltr'><strong>me</strong></span> <span class='ocrx_word' id='word_1_270' title='bbox 779 2820 892 2876; x_wconf 82' lang='lat' dir='ltr'><strong>fore</strong></span> <span class='ocrx_word' id='word_1_271' title='bbox 920 2820 1313 2890; x_wconf 83' lang='lat' dir='ltr'><strong>susceptibilem</strong></span> <span class='ocrx_word' id='word_1_272' title='bbox 1337 2861 1349 2880; x_wconf 96' lang='lat'><strong>,</strong></span> <span class='ocrx_word' id='word_1_273' title='bbox 1380 2829 1437 2872; x_wconf 92' lang='lat' dir='ltr'><strong>ut</strong></span> <span class='ocrx_word' id='word_1_274' title='bbox 1459 2821 1655 2889; x_wconf 88' lang='lat' dir='ltr'><strong>possim</strong></span> <span class='ocrx_word' id='word_1_275' title='bbox 1682 2821 1821 2874; x_wconf 84' lang='lat' dir='ltr'><strong>ﬁlius</strong></span> <span class='ocrx_word' id='word_1_276' title='bbox 1848 2820 1942 2874; x_wconf 86' lang='lat' dir='ltr'><strong>Dei</strong></span> <span class='ocrx_word' id='word_1_277' title='bbox 1967 2819 2104 2874; x_wconf 89' lang='lat' dir='ltr'><strong>ﬁeri.</strong></span> 
     </span>
    </p>
   </div>
   <div class='ocr_carea' id='block_1_36' title="bbox 518 2890 2106 2962">
    <p class='ocr_par' dir='ltr' id='par_1_36' title="bbox 518 2890 2106 2962">
     <span class='ocr_line' id='line_1_36' title="bbox 518 2890 2106 2962; baseline -0.003 -14"><span class='ocrx_word' id='word_1_278' title='bbox 518 2892 634 2948; x_wconf 80' lang='lat' dir='ltr'><strong>Hoc</strong></span> <span class='ocrx_word' id='word_1_279' title='bbox 655 2893 838 2962; x_wconf 89' lang='lat' dir='ltr'><strong>utique</strong></span> <span class='ocrx_word' id='word_1_280' title='bbox 877 2907 984 2946; x_wconf 91' lang='lat' dir='ltr'><strong>non</strong></span> <span class='ocrx_word' id='word_1_281' title='bbox 1017 2903 1239 2962; x_wconf 88' lang='lat' dir='ltr'><strong>possunt</strong></span> <span class='ocrx_word' id='word_1_282' title='bbox 1267 2891 1484 2945; x_wconf 86' lang='lat' dir='ltr'><strong>arbores</strong></span> <span class='ocrx_word' id='word_1_283' title='bbox 1507 2931 1523 2955; x_wconf 95' lang='lat'><strong>,</strong></span> <span class='ocrx_word' id='word_1_284' title='bbox 1569 2907 1673 2944; x_wconf 91' lang='lat' dir='ltr'><strong>non</strong></span> <span class='ocrx_word' id='word_1_285' title='bbox 1701 2901 1924 2961; x_wconf 85' lang='lat' dir='ltr'><strong>possunt</strong></span> <span class='ocrx_word' id='word_1_286' title='bbox 1968 2890 2106 2959; x_wconf 90' lang='lat' dir='ltr'><strong>lapi-</strong></span> 
     </span>
    </p>
   </div>
   <div class='ocr_carea' id='block_1_37' title="bbox 519 2962 2110 3032">
    <p class='ocr_par' dir='ltr' id='par_1_37' title="bbox 519 2962 2110 3032">
     <span class='ocr_line' id='line_1_37' title="bbox 519 2962 2110 3032; baseline -0.001 -14"><span class='ocrx_word' id='word_1_287' title='bbox 519 2964 614 3018; x_wconf 88' lang='lat' dir='ltr'><strong>des</strong></span> <span class='ocrx_word' id='word_1_288' title='bbox 634 3005 648 3027; x_wconf 92' lang='lat'><strong>,</strong></span> <span class='ocrx_word' id='word_1_289' title='bbox 683 2979 788 3017; x_wconf 90' lang='lat' dir='ltr'><strong>non</strong></span> <span class='ocrx_word' id='word_1_290' title='bbox 819 2963 1141 3032; x_wconf 89' lang='lat' dir='ltr'><strong>generaliter</strong></span> <span class='ocrx_word' id='word_1_291' title='bbox 1165 2962 1344 3016; x_wconf 90' lang='lat' dir='ltr'><strong>omnia</strong></span> <span class='ocrx_word' id='word_1_292' title='bbox 1372 2977 1491 3030; x_wconf 72' lang='lat' dir='ltr'><strong>qua:</strong></span> <span class='ocrx_word' id='word_1_293' title='bbox 1511 2971 1811 3029; x_wconf 88' lang='lat' dir='ltr'><strong>moventur,</strong></span> <span class='ocrx_word' id='word_1_294' title='bbox 1855 2962 1936 3016; x_wconf 90' lang='lat' dir='ltr'><strong>vel</strong></span> <span class='ocrx_word' id='word_1_295' title='bbox 1991 2975 2110 3016; x_wconf 88' lang='lat' dir='ltr'><strong>cre—</strong></span> 
     </span>
    </p>
   </div>
   <div class='ocr_carea' id='block_1_38' title="bbox 519 3032 2108 3102">
    <p class='ocr_par' dir='ltr' id='par_1_38' title="bbox 519 3032 2108 3102">
     <span class='ocr_line' id='line_1_38' title="bbox 519 3032 2108 3102; baseline 0.001 -15"><span class='ocrx_word' id='word_1_296' title='bbox 519 3042 676 3087; x_wconf 90' lang='lat' dir='ltr'><strong>scunt</strong></span> <span class='ocrx_word' id='word_1_297' title='bbox 700 3034 754 3088; x_wconf 91' lang='lat' dir='ltr'><strong>in</strong></span> <span class='ocrx_word' id='word_1_298' title='bbox 783 3049 940 3097; x_wconf 90' lang='lat' dir='ltr'><strong>aere,</strong></span> <span class='ocrx_word' id='word_1_299' title='bbox 986 3033 1068 3086; x_wconf 88' lang='lat' dir='ltr'><strong>vel</strong></span> <span class='ocrx_word' id='word_1_300' title='bbox 1099 3032 1150 3086; x_wconf 90' lang='lat' dir='ltr'><strong>in</strong></span> <span class='ocrx_word' id='word_1_301' title='bbox 1181 3033 1346 3096; x_wconf 89' lang='lat' dir='ltr'><strong>mari,</strong></span> <span class='ocrx_word' id='word_1_302' title='bbox 1371 3033 1452 3086; x_wconf 84' lang='lat' dir='ltr'><strong>vel</strong></span> <span class='ocrx_word' id='word_1_303' title='bbox 1481 3033 1532 3085; x_wconf 92' lang='lat' dir='ltr'><strong>in</strong></span> <span class='ocrx_word' id='word_1_304' title='bbox 1584 3040 1722 3086; x_wconf 90' lang='lat' dir='ltr'><strong>terra</strong></span> <span class='ocrx_word' id='word_1_305' title='bbox 1775 3049 1790 3086; x_wconf 90' lang='lat'><strong>:</strong></span> <span class='ocrx_word' id='word_1_306' title='bbox 1833 3033 1954 3102; x_wconf 90' lang='lat' dir='ltr'><strong>quia</strong></span> <span class='ocrx_word' id='word_1_307' title='bbox 1999 3046 2108 3088; x_wconf 89' lang='lat' dir='ltr'><strong>non</strong></span> 
     </span>
    </p>
   </div>
   <div class='ocr_carea' id='block_1_39' title="bbox 519 3102 2102 3172">
    <p class='ocr_par' dir='ltr' id='par_1_39' title="bbox 519 3102 2102 3172">
     <span class='ocr_line' id='line_1_39' title="bbox 519 3102 2102 3172; baseline -0.002 -14"><span class='ocrx_word' id='word_1_308' title='bbox 519 3103 665 3158; x_wconf 89' lang='lat' dir='ltr'><strong>dedit</strong></span> <span class='ocrx_word' id='word_1_309' title='bbox 693 3105 772 3159; x_wconf 90' lang='lat' dir='ltr'><strong>eis</strong></span> <span class='ocrx_word' id='word_1_310' title='bbox 804 3112 1117 3172; x_wconf 90' lang='lat' dir='ltr'><strong>potestatem</strong></span> <span class='ocrx_word' id='word_1_311' title='bbox 1164 3102 1400 3156; x_wconf 77' lang='lat' dir='ltr'><strong>Verbum</strong></span> <span class='ocrx_word' id='word_1_312' title='bbox 1446 3111 1590 3156; x_wconf 91' lang='lat' dir='ltr'><strong>tuum</strong></span> <span class='ocrx_word' id='word_1_313' title='bbox 1630 3103 1768 3156; x_wconf 90' lang='lat' dir='ltr'><strong>ﬁlios</strong></span> <span class='ocrx_word' id='word_1_314' title='bbox 1813 3103 1908 3158; x_wconf 91' lang='lat' dir='ltr'><strong>Dei</strong></span> <span class='ocrx_word' id='word_1_315' title='bbox 1955 3102 2102 3168; x_wconf 92' lang='lat' dir='ltr'><strong>ﬁeri,</strong></span> 
     </span>
    </p>
   </div>
   <div class='ocr_carea' id='block_1_40' title="bbox 518 3173 2107 3244">
    <p class='ocr_par' dir='ltr' id='par_1_40' title="bbox 518 3173 2107 3244">
     <span class='ocr_line' id='line_1_40' title="bbox 518 3173 2107 3244; baseline -0.001 -15"><span class='ocrx_word' id='word_1_316' title='bbox 518 3177 640 3244; x_wconf 92' lang='lat' dir='ltr'><strong>quia</strong></span> <span class='ocrx_word' id='word_1_317' title='bbox 682 3175 944 3229; x_wconf 89' lang='lat' dir='ltr'><strong>rationem</strong></span> <span class='ocrx_word' id='word_1_318' title='bbox 975 3188 1081 3228; x_wconf 92' lang='lat' dir='ltr'><strong>non</strong></span> <span class='ocrx_word' id='word_1_319' title='bbox 1115 3173 1344 3238; x_wconf 88' lang='lat' dir='ltr'><strong>habent;</strong></span> <span class='ocrx_word' id='word_1_320' title='bbox 1389 3188 1510 3226; x_wconf 91' lang='lat' dir='ltr'><strong>nam</strong></span> <span class='ocrx_word' id='word_1_321' title='bbox 1541 3180 1595 3226; x_wconf 88' lang='lat' dir='ltr'><strong>et</strong></span> <span class='ocrx_word' id='word_1_322' title='bbox 1636 3175 1751 3229; x_wconf 71' lang='lat' dir='ltr'><strong>hare</strong></span> <span class='ocrx_word' id='word_1_323' title='bbox 1777 3182 2012 3244; x_wconf 87' lang='lat' dir='ltr'><strong>potestas</strong></span> <span class='ocrx_word' id='word_1_324' title='bbox 2052 3174 2107 3228; x_wconf 89' lang='lat' dir='ltr'><strong>in</strong></span> 
     </span>
    </p>
   </div>
   <div class='ocr_carea' id='block_1_41' title="bbox 519 3244 2108 3312">
    <p class='ocr_par' dir='ltr' id='par_1_41' title="bbox 519 3244 2108 3312">
     <span class='ocr_line' id='line_1_41' title="bbox 519 3244 2108 3312; baseline -0.001 -12"><span class='ocrx_word' id='word_1_325' title='bbox 519 3247 726 3300; x_wconf 88' lang='lat' dir='ltr'><strong>ratione</strong></span> <span class='ocrx_word' id='word_1_326' title='bbox 751 3245 1027 3309; x_wconf 78' lang='lat' dir='ltr'><strong>Consistit,</strong></span> <span class='ocrx_word' id='word_1_327' title='bbox 1061 3259 1155 3312; x_wconf 89' lang='lat' dir='ltr'><strong>per</strong></span> <span class='ocrx_word' id='word_1_328' title='bbox 1195 3258 1366 3312; x_wconf 74' lang='lat' dir='ltr'><strong>quam.</strong></span> <span class='ocrx_word' id='word_1_329' title='bbox 1389 3244 1760 3312; x_wconf 81' lang='lat' dir='ltr'><strong>cognoscimus</strong></span> <span class='ocrx_word' id='word_1_330' title='bbox 1791 3247 1977 3298; x_wconf 92' lang='lat' dir='ltr'><strong>Deum.</strong></span> <span class='ocrx_word' id='word_1_331' title='bbox 2007 3244 2108 3300; x_wconf 91' lang='lat' dir='ltr'><strong>De-</strong></span> 
     </span>
    </p>
   </div>
   <div class='ocr_carea' id='block_1_42' title="bbox 519 3314 2106 3382">
    <p class='ocr_par' dir='ltr' id='par_1_42' title="bbox 519 3314 2106 3382">
     <span class='ocr_line' id='line_1_42' title="bbox 519 3314 2106 3382; baseline 0 -12"><span class='ocrx_word' id='word_1_332' title='bbox 519 3315 598 3370; x_wconf 91' lang='lat' dir='ltr'><strong>dit</strong></span> <span class='ocrx_word' id='word_1_333' title='bbox 622 3325 796 3370; x_wconf 75' lang='lat' dir='ltr'><strong>autem</strong></span> <span class='ocrx_word' id='word_1_334' title='bbox 823 3315 958 3370; x_wconf 89' lang='lat' dir='ltr'><strong>hanc</strong></span> <span class='ocrx_word' id='word_1_335' title='bbox 1004 3314 1308 3368; x_wconf 89' lang='lat' dir='ltr'><strong>hominibus</strong></span> <span class='ocrx_word' id='word_1_336' title='bbox 1327 3355 1342 3379; x_wconf 92' lang='lat'><strong>,</strong></span> <span class='ocrx_word' id='word_1_337' title='bbox 1370 3329 1504 3382; x_wconf 91' lang='lat' dir='ltr'><strong>quos</strong></span> <span class='ocrx_word' id='word_1_338' title='bbox 1534 3316 1733 3368; x_wconf 92' lang='lat' dir='ltr'><strong>creavit</strong></span> <span class='ocrx_word' id='word_1_339' title='bbox 1761 3314 2106 3370; x_wconf 85' lang='lat' dir='ltr'><strong>rationabiles</strong></span> 
     </span>
    </p>
   </div>
   <div class='ocr_carea' id='block_1_43' title="bbox 519 3384 2103 3456">
    <p class='ocr_par' dir='ltr' id='par_1_43' title="bbox 519 3384 2103 3456">
     <span class='ocr_line' id='line_1_43' title="bbox 519 3384 2103 3456; baseline -0.001 -16"><span class='ocrx_word' id='word_1_340' title='bbox 519 3385 588 3456; x_wconf 87' lang='lat' dir='ltr'><strong>ad</strong></span> <span class='ocrx_word' id='word_1_341' title='bbox 637 3386 918 3456; x_wconf 87' lang='lat' dir='ltr'><strong>imaginem</strong></span> <span class='ocrx_word' id='word_1_342' title='bbox 957 3393 1008 3440; x_wconf 89' lang='lat' dir='ltr'><strong>et</strong></span> <span class='ocrx_word' id='word_1_343' title='bbox 1033 3384 1431 3456; x_wconf 78' lang='lat' dir='ltr'><strong>similitudinem</strong></span> <span class='ocrx_word' id='word_1_344' title='bbox 1461 3398 1633 3438; x_wconf 91' lang='lat' dir='ltr'><strong>suam.</strong></span> <span class='ocrx_word' id='word_1_345' title='bbox 1664 3385 1729 3438; x_wconf 88' lang='lat' dir='ltr'><strong>Et</strong></span> <span class='ocrx_word' id='word_1_346' title='bbox 1775 3400 1875 3456; x_wconf 88' lang='lat' dir='ltr'><strong>ego</strong></span> <span class='ocrx_word' id='word_1_347' title='bbox 1902 3385 2103 3454; x_wconf 87' lang='lat' dir='ltr'><strong>utique,</strong></span> 
     </span>
    </p>
   </div>
   <div class='ocr_carea' id='block_1_44' title="bbox 520 3453 2182 3526">
    <p class='ocr_par' dir='ltr' id='par_1_44' title="bbox 520 3453 2182 3526">
     <span class='ocr_line' id='line_1_44' title="bbox 520 3453 2182 3526; baseline 0.001 -16"><span class='ocrx_word' id='word_1_348' title='bbox 520 3453 778 3523; x_wconf 55' lang='lat' dir='ltr'><strong>Domine&#39;,</strong></span> <span class='ocrx_word' id='word_1_349' title='bbox 810 3472 904 3526; x_wconf 91' lang='lat' dir='ltr'><strong>per</strong></span> <span class='ocrx_word' id='word_1_350' title='bbox 929 3465 1068 3510; x_wconf 90' lang='lat' dir='ltr'><strong>tuam</strong></span> <span class='ocrx_word' id='word_1_351' title='bbox 1091 3455 1314 3525; x_wconf 87' lang='lat' dir='ltr'><strong>gratiam</strong></span> <span class='ocrx_word' id='word_1_352' title='bbox 1334 3496 1348 3518; x_wconf 95' lang='lat'><strong>,</strong></span> <span class='ocrx_word' id='word_1_353' title='bbox 1378 3453 1539 3526; x_wconf 86' lang='lat' dir='ltr'><strong>homo</strong></span> <span class='ocrx_word' id='word_1_354' title='bbox 1564 3471 1678 3510; x_wconf 92' lang='lat' dir='ltr'><strong>sum</strong></span> <span class='ocrx_word' id='word_1_355' title='bbox 1707 3474 1720 3510; x_wconf 89' lang='lat'><strong>:</strong></span> <span class='ocrx_word' id='word_1_356' title='bbox 1744 3466 1798 3510; x_wconf 93' lang='lat' dir='ltr'><strong>et</strong></span> <span class='ocrx_word' id='word_1_357' title='bbox 1815 3453 1960 3509; x_wconf 84' lang='lat' dir='ltr'><strong>ﬁlius</strong></span> <span class='ocrx_word' id='word_1_358' title='bbox 1985 3466 2108 3511; x_wconf 91' lang='lat' dir='ltr'><strong>tuus</strong></span> <span class='ocrx_word' id='word_1_359' title='bbox 2173 3456 2182 3464; x_wconf 93' lang='grc'><strong>’</strong></span> 
     </span>
    </p>
   </div>
   <div class='ocr_carea' id='block_1_45' title="bbox 521 3525 1963 3596">
    <p class='ocr_par' dir='ltr' id='par_1_45' title="bbox 521 3525 1963 3596">
     <span class='ocr_line' id='line_1_45' title="bbox 521 3525 1963 3596; baseline -0.001 -14"><span class='ocrx_word' id='word_1_360' title='bbox 521 3543 641 3582; x_wconf 87' lang='lat' dir='ltr'><strong>esse</strong></span> <span class='ocrx_word' id='word_1_361' title='bbox 665 3525 877 3594; x_wconf 88' lang='lat' dir='ltr'><strong>possunt</strong></span> <span class='ocrx_word' id='word_1_362' title='bbox 905 3543 1002 3596; x_wconf 92' lang='lat' dir='ltr'><strong>per</strong></span> <span class='ocrx_word' id='word_1_363' title='bbox 1027 3527 1249 3596; x_wconf 86' lang='lat' dir='ltr'><strong>gratiam</strong></span> <span class='ocrx_word' id='word_1_364' title='bbox 1274 3567 1289 3590; x_wconf 92' lang='lat'><strong>,</strong></span> <span class='ocrx_word' id='word_1_365' title='bbox 1318 3525 1458 3596; x_wconf 88' lang='lat' dir='ltr'><strong>quod</strong></span> <span class='ocrx_word' id='word_1_366' title='bbox 1489 3527 1560 3578; x_wconf 89' lang='lat' dir='ltr'><strong>illi</strong></span> <span class='ocrx_word' id='word_1_367' title='bbox 1589 3542 1692 3580; x_wconf 92' lang='lat' dir='ltr'><strong>non</strong></span> <span class='ocrx_word' id='word_1_368' title='bbox 1723 3535 1963 3596; x_wconf 90' lang='lat' dir='ltr'><strong>possunt.</strong></span> 
     </span>
    </p>
   </div>
   <div class='ocr_carea' id='block_1_46' title="bbox 590 3597 2108 3666">
    <p class='ocr_par' dir='ltr' id='par_1_46' title="bbox 590 3597 2108 3666">
     <span class='ocr_line' id='line_1_46' title="bbox 590 3597 2108 3666; baseline 0.001 -14"><span class='ocrx_word' id='word_1_369' title='bbox 590 3597 741 3653; x_wconf 88' lang='lat' dir='ltr'><strong>Unde</strong></span> <span class='ocrx_word' id='word_1_370' title='bbox 771 3598 872 3652; x_wconf 91' lang='lat' dir='ltr'><strong>hoc</strong></span> <span class='ocrx_word' id='word_1_371' title='bbox 899 3598 1027 3651; x_wconf 88' lang='lat' dir='ltr'><strong>tnihi</strong></span> <span class='ocrx_word' id='word_1_372' title='bbox 1048 3637 1062 3660; x_wconf 93' lang='lat'><strong>,</strong></span> <span class='ocrx_word' id='word_1_373' title='bbox 1097 3597 1320 3651; x_wconf 90' lang='lat' dir='ltr'><strong>Domine</strong></span> <span class='ocrx_word' id='word_1_374' title='bbox 1341 3637 1356 3661; x_wconf 90' lang='lat'><strong>,</strong></span> <span class='ocrx_word' id='word_1_375' title='bbox 1387 3598 1582 3651; x_wconf 88' lang='lat' dir='ltr'><strong>veritas</strong></span> <span class='ocrx_word' id='word_1_376' title='bbox 1607 3612 1811 3650; x_wconf 90' lang='lat' dir='ltr'><strong>summa</strong></span> <span class='ocrx_word' id='word_1_377' title='bbox 1832 3638 1846 3662; x_wconf 93' lang='lat'><strong>,</strong></span> <span class='ocrx_word' id='word_1_378' title='bbox 1877 3611 2108 3666; x_wconf 85' lang='lat' dir='ltr'><strong>veraque</strong></span> 
     </span>
    </p>
   </div>
   <div class='ocr_carea' id='block_1_47' title="bbox 521 3667 2108 3735">
    <p class='ocr_par' dir='ltr' id='par_1_47' title="bbox 521 3667 2108 3735">
     <span class='ocr_line' id='line_1_47' title="bbox 521 3667 2108 3735; baseline -0.001 -11"><span class='ocrx_word' id='word_1_379' title='bbox 521 3670 799 3724; x_wconf 88' lang='lat' dir='ltr'><strong>summitas</strong></span> <span class='ocrx_word' id='word_1_380' title='bbox 819 3709 834 3735; x_wconf 92' lang='lat'><strong>,</strong></span> <span class='ocrx_word' id='word_1_381' title='bbox 867 3679 919 3722; x_wconf 90' lang='lat' dir='ltr'><strong>et</strong></span> <span class='ocrx_word' id='word_1_382' title='bbox 951 3667 1262 3735; x_wconf 84' lang='lat' dir='ltr'><strong>principium</strong></span> <span class='ocrx_word' id='word_1_383' title='bbox 1288 3668 1524 3721; x_wconf 90' lang='lat' dir='ltr'><strong>omnium</strong></span> <span class='ocrx_word' id='word_1_384' title='bbox 1545 3676 1936 3733; x_wconf 89' lang='lat' dir='ltr'><strong>creaturarum;</strong></span> <span class='ocrx_word' id='word_1_385' title='bbox 1967 3667 2108 3722; x_wconf 87' lang='lat' dir='ltr'><strong>unde</strong></span> 
     </span>
    </p>
   </div>
   <div class='ocr_carea' id='block_1_48' title="bbox 523 3737 2110 3806">
    <p class='ocr_par' dir='ltr' id='par_1_48' title="bbox 523 3737 2110 3806">
     <span class='ocr_line' id='line_1_48' title="bbox 523 3737 2110 3806; baseline 0.001 -15"><span class='ocrx_word' id='word_1_386' title='bbox 523 3739 624 3792; x_wconf 85' lang='lat' dir='ltr'><strong>hoc</strong></span> <span class='ocrx_word' id='word_1_387' title='bbox 648 3739 778 3794; x_wconf 92' lang='lat' dir='ltr'><strong>mihi</strong></span> <span class='ocrx_word' id='word_1_388' title='bbox 803 3779 816 3802; x_wconf 93' lang='lat'><strong>,</strong></span> <span class='ocrx_word' id='word_1_389' title='bbox 849 3739 1070 3792; x_wconf 87' lang='lat' dir='ltr'><strong>Domine</strong></span> <span class='ocrx_word' id='word_1_390' title='bbox 1090 3781 1103 3800; x_wconf 83' lang='lat'><strong>,</strong></span> <span class='ocrx_word' id='word_1_391' title='bbox 1150 3747 1205 3791; x_wconf 91' lang='lat' dir='ltr'><strong>ut</strong></span> <span class='ocrx_word' id='word_1_392' title='bbox 1231 3740 1426 3805; x_wconf 88' lang='lat' dir='ltr'><strong>possim</strong></span> <span class='ocrx_word' id='word_1_393' title='bbox 1461 3737 1597 3790; x_wconf 91' lang='lat' dir='ltr'><strong>ﬁlius</strong></span> <span class='ocrx_word' id='word_1_394' title='bbox 1642 3747 1760 3790; x_wconf 89' lang='lat' dir='ltr'><strong>tuus</strong></span> <span class='ocrx_word' id='word_1_395' title='bbox 1789 3738 1901 3792; x_wconf 91' lang='lat' dir='ltr'><strong>ﬁeri</strong></span> <span class='ocrx_word' id='word_1_396' title='bbox 1924 3779 1936 3802; x_wconf 91' lang='lat'><strong>,</strong></span> <span class='ocrx_word' id='word_1_397' title='bbox 1966 3737 2110 3806; x_wconf 90' lang='lat' dir='ltr'><strong>quod</strong></span> 
     </span>
    </p>
   </div>
   <div class='ocr_carea' id='block_1_49' title="bbox 521 3806 2108 3878">
    <p class='ocr_par' dir='ltr' id='par_1_49' title="bbox 521 3806 2108 3878">
     <span class='ocr_line' id='line_1_49' title="bbox 521 3806 2108 3878; baseline -0.003 -14"><span class='ocrx_word' id='word_1_398' title='bbox 521 3808 598 3864; x_wconf 83' lang='lat' dir='ltr'><strong>illi</strong></span> <span class='ocrx_word' id='word_1_399' title='bbox 625 3827 728 3864; x_wconf 92' lang='lat' dir='ltr'><strong>non</strong></span> <span class='ocrx_word' id='word_1_400' title='bbox 759 3809 1021 3878; x_wconf 85' lang='lat' dir='ltr'><strong>possunt?</strong></span> <span class='ocrx_word' id='word_1_401' title='bbox 1064 3809 1139 3861; x_wconf 85' lang='lat' dir='ltr'><strong>&#39;l‘u</strong></span> <span class='ocrx_word' id='word_1_402' title='bbox 1186 3810 1326 3862; x_wconf 92' lang='lat' dir='ltr'><strong>enim</strong></span> <span class='ocrx_word' id='word_1_403' title='bbox 1371 3820 1591 3878; x_wconf 85' lang='lat' dir='ltr'><strong>manens</strong></span> <span class='ocrx_word' id='word_1_404' title='bbox 1621 3806 1671 3878; x_wconf 87' lang='lat' dir='ltr'><strong>in</strong></span> <span class='ocrx_word' id='word_1_405' title='bbox 1704 3815 1958 3862; x_wconf 72' lang='lat' dir='ltr'><strong>teternum</strong></span> <span class='ocrx_word' id='word_1_406' title='bbox 1987 3823 2108 3862; x_wconf 86' lang='lat' dir='ltr'><strong>om-</strong></span> 
     </span>
    </p>
   </div>
   <div class='ocr_carea' id='block_1_50' title="bbox 531 3876 2105 3947">
    <p class='ocr_par' dir='ltr' id='par_1_50' title="bbox 531 3876 2105 3947">
     <span class='ocr_line' id='line_1_50' title="bbox 531 3876 2105 3947; baseline -0.001 -14"><span class='ocrx_word' id='word_1_407' title='bbox 531 3881 615 3933; x_wconf 91' lang='lat' dir='ltr'><strong>nia</strong></span> <span class='ocrx_word' id='word_1_408' title='bbox 649 3876 842 3934; x_wconf 81' lang='lat' dir='ltr'><strong>creasti</strong></span> <span class='ocrx_word' id='word_1_409' title='bbox 876 3880 1051 3934; x_wconf 88' lang='lat' dir='ltr'><strong>simul.</strong></span> <span class='ocrx_word' id='word_1_410' title='bbox 1083 3879 1251 3934; x_wconf 86' lang='lat' dir='ltr'><strong>Simul</strong></span> <span class='ocrx_word' id='word_1_411' title='bbox 1279 3878 1469 3932; x_wconf 78' lang='lat' dir='ltr'><strong>creasti</strong></span> <span class='ocrx_word' id='word_1_412' title='bbox 1500 3876 1740 3931; x_wconf 87' lang='lat' dir='ltr'><strong>homines</strong></span> <span class='ocrx_word' id='word_1_413' title='bbox 1767 3885 1821 3931; x_wconf 92' lang='lat' dir='ltr'><strong>et</strong></span> <span class='ocrx_word' id='word_1_414' title='bbox 1843 3879 2105 3947; x_wconf 71' lang='lat' dir='ltr'><strong>iumenta,</strong></span> 
     </span>
    </p>
   </div>
   <div class='ocr_carea' id='block_1_51' title="bbox 523 3948 2105 4018">
    <p class='ocr_par' dir='ltr' id='par_1_51' title="bbox 523 3948 2105 4018">
     <span class='ocr_line' id='line_1_51' title="bbox 523 3948 2105 4018; baseline -0.001 -14"><span class='ocrx_word' id='word_1_415' title='bbox 523 3951 724 4018; x_wconf 83' lang='lat' dir='ltr'><strong>lapides</strong></span> <span class='ocrx_word' id='word_1_416' title='bbox 753 3962 806 4006; x_wconf 91' lang='lat' dir='ltr'><strong>et</strong></span> <span class='ocrx_word' id='word_1_417' title='bbox 835 3951 1058 4004; x_wconf 84' lang='lat' dir='ltr'><strong>virentia</strong></span> <span class='ocrx_word' id='word_1_418' title='bbox 1108 3959 1282 4004; x_wconf 71' lang='lat' dir='ltr'><strong>terr-.12.</strong></span> <span class='ocrx_word' id='word_1_419' title='bbox 1315 3948 1430 4003; x_wconf 86' lang='lat' dir='ltr'><strong>Non</strong></span> <span class='ocrx_word' id='word_1_420' title='bbox 1458 3958 1848 4017; x_wconf 57' lang='lat' dir='ltr'><strong>praecesserunt</strong></span> <span class='ocrx_word' id='word_1_421' title='bbox 1883 3949 2069 4003; x_wconf 89' lang='lat' dir='ltr'><strong>merita</strong></span> <span class='ocrx_word' id='word_1_422' title='bbox 2088 3990 2105 4016; x_wconf 97' lang='lat'><strong>,</strong></span> 
     </span>
    </p>
   </div>
   <div class='ocr_carea' id='block_1_52' title="bbox 526 4019 2109 4088">
    <p class='ocr_par' dir='ltr' id='par_1_52' title="bbox 526 4019 2109 4088">
     <span class='ocr_line' id='line_1_52' title="bbox 526 4019 2109 4088; baseline -0.001 -13"><span class='ocrx_word' id='word_1_423' title='bbox 526 4023 669 4075; x_wconf 91' lang='lat' dir='ltr'><strong>nulla</strong></span> <span class='ocrx_word' id='word_1_424' title='bbox 716 4037 898 4076; x_wconf 89' lang='lat' dir='ltr'><strong>eorum</strong></span> <span class='ocrx_word' id='word_1_425' title='bbox 930 4022 1212 4074; x_wconf 88' lang='lat' dir='ltr'><strong>antecessit</strong></span> <span class='ocrx_word' id='word_1_426' title='bbox 1239 4021 1408 4087; x_wconf 86' lang='lat' dir='ltr'><strong>gratia</strong></span> <span class='ocrx_word' id='word_1_427' title='bbox 1440 4037 1452 4072; x_wconf 91' lang='lat'><strong>:</strong></span> <span class='ocrx_word' id='word_1_428' title='bbox 1485 4019 1608 4088; x_wconf 88' lang='lat' dir='ltr'><strong>quia</strong></span> <span class='ocrx_word' id='word_1_429' title='bbox 1635 4019 1811 4072; x_wconf 89' lang='lat' dir='ltr'><strong>omnia</strong></span> <span class='ocrx_word' id='word_1_430' title='bbox 1861 4027 1948 4073; x_wconf 86' lang='lat' dir='ltr'><strong>tua</strong></span> <span class='ocrx_word' id='word_1_431' title='bbox 1992 4029 2109 4073; x_wconf 85' lang='lat' dir='ltr'><strong>tan-</strong></span> 
     </span>
    </p>
   </div>
   <div class='ocr_carea' id='block_1_53' title="bbox 529 4088 2109 4159">
    <p class='ocr_par' dir='ltr' id='par_1_53' title="bbox 529 4088 2109 4159">
     <span class='ocr_line' id='line_1_53' title="bbox 529 4088 2109 4159; baseline 0 -15"><span class='ocrx_word' id='word_1_432' title='bbox 529 4099 638 4144; x_wconf 92' lang='lat' dir='ltr'><strong>tum</strong></span> <span class='ocrx_word' id='word_1_433' title='bbox 669 4092 906 4145; x_wconf 87' lang='lat' dir='ltr'><strong>bonitate</strong></span> <span class='ocrx_word' id='word_1_434' title='bbox 933 4092 1121 4145; x_wconf 85' lang='lat' dir='ltr'><strong>creasti</strong></span> <span class='ocrx_word' id='word_1_435' title='bbox 1150 4132 1164 4156; x_wconf 87' lang='lat'><strong>,</strong></span> <span class='ocrx_word' id='word_1_436' title='bbox 1197 4102 1250 4144; x_wconf 80' lang='lat' dir='ltr'><strong>et</strong></span> <span class='ocrx_word' id='word_1_437' title='bbox 1280 4105 1433 4159; x_wconf 91' lang='lat' dir='ltr'><strong>pares</strong></span> <span class='ocrx_word' id='word_1_438' title='bbox 1457 4103 1644 4142; x_wconf 89' lang='lat' dir='ltr'><strong>omnes</strong></span> <span class='ocrx_word' id='word_1_439' title='bbox 1672 4099 1930 4143; x_wconf 78' lang='lat' dir='ltr'><strong>creatura:</strong></span> <span class='ocrx_word' id='word_1_440' title='bbox 1957 4088 2109 4144; x_wconf 80' lang='lat' dir='ltr'><strong>fuere</strong></span> 
     </span>
    </p>
   </div>
   <div class='ocr_carea' id='block_1_54' title="bbox 525 4160 2108 4230">
    <p class='ocr_par' dir='ltr' id='par_1_54' title="bbox 525 4160 2108 4230">
     <span class='ocr_line' id='line_1_54' title="bbox 525 4160 2108 4230; baseline -0.001 -14"><span class='ocrx_word' id='word_1_441' title='bbox 525 4160 578 4216; x_wconf 89' lang='lat' dir='ltr'><strong>in</strong></span> <span class='ocrx_word' id='word_1_442' title='bbox 611 4163 812 4215; x_wconf 87' lang='lat' dir='ltr'><strong>meritis</strong></span> <span class='ocrx_word' id='word_1_443' title='bbox 833 4203 847 4223; x_wconf 96' lang='lat'><strong>,</strong></span> <span class='ocrx_word' id='word_1_444' title='bbox 879 4163 998 4230; x_wconf 89' lang='lat' dir='ltr'><strong>quia</strong></span> <span class='ocrx_word' id='word_1_445' title='bbox 1031 4163 1266 4216; x_wconf 89' lang='lat' dir='ltr'><strong>omnium</strong></span> <span class='ocrx_word' id='word_1_446' title='bbox 1294 4161 1434 4214; x_wconf 88' lang='lat' dir='ltr'><strong>nulla</strong></span> <span class='ocrx_word' id='word_1_447' title='bbox 1463 4161 1606 4214; x_wconf 79' lang='lat' dir='ltr'><strong>fuere</strong></span> <span class='ocrx_word' id='word_1_448' title='bbox 1634 4160 1838 4213; x_wconf 88' lang='lat' dir='ltr'><strong>merita.</strong></span> <span class='ocrx_word' id='word_1_449' title='bbox 1871 4160 1939 4214; x_wconf 86' lang='lat' dir='ltr'><strong>Et</strong></span> <span class='ocrx_word' id='word_1_450' title='bbox 1966 4161 2108 4214; x_wconf 88' lang='lat' dir='ltr'><strong>unde</strong></span> 
     </span>
    </p>
   </div>
   <div class='ocr_carea' id='block_1_55' title="bbox 526 4231 2107 4301">
    <p class='ocr_par' dir='ltr' id='par_1_55' title="bbox 526 4231 2107 4301">
     <span class='ocr_line' id='line_1_55' title="bbox 526 4231 2107 4301; baseline -0.001 -14"><span class='ocrx_word' id='word_1_451' title='bbox 526 4246 655 4300; x_wconf 86' lang='lat' dir='ltr'><strong>ergo</strong></span> <span class='ocrx_word' id='word_1_452' title='bbox 685 4231 851 4301; x_wconf 87' lang='lat' dir='ltr'><strong>magis</strong></span> <span class='ocrx_word' id='word_1_453' title='bbox 898 4242 982 4284; x_wconf 87' lang='lat' dir='ltr'><strong>ttta</strong></span> <span class='ocrx_word' id='word_1_454' title='bbox 1015 4232 1220 4284; x_wconf 87' lang='lat' dir='ltr'><strong>bonitas</strong></span> <span class='ocrx_word' id='word_1_455' title='bbox 1250 4233 1299 4284; x_wconf 92' lang='lat' dir='ltr'><strong>in</strong></span> <span class='ocrx_word' id='word_1_456' title='bbox 1346 4232 1443 4284; x_wconf 89' lang='lat' dir='ltr'><strong>hac</strong></span> <span class='ocrx_word' id='word_1_457' title='bbox 1486 4239 1574 4283; x_wconf 84' lang='lat' dir='ltr'><strong>tua</strong></span> <span class='ocrx_word' id='word_1_458' title='bbox 1621 4239 1902 4295; x_wconf 70' lang='lat' dir='ltr'><strong>creatura,</strong></span> <span class='ocrx_word' id='word_1_459' title='bbox 1948 4246 2107 4300; x_wconf 89' lang='lat' dir='ltr'><strong>quam</strong></span> 
     </span>
    </p>
   </div>
   <div class='ocr_carea' id='block_1_56' title="bbox 526 4301 2109 4370">
    <p class='ocr_par' dir='ltr' id='par_1_56' title="bbox 526 4301 2109 4370">
     <span class='ocr_line' id='line_1_56' title="bbox 526 4301 2109 4370; baseline -0.001 -14"><span class='ocrx_word' id='word_1_460' title='bbox 526 4302 698 4357; x_wconf 83' lang='lat' dir='ltr'><strong>fecisti</strong></span> <span class='ocrx_word' id='word_1_461' title='bbox 749 4302 1090 4366; x_wconf 88' lang='lat' dir='ltr'><strong>rationalem,</strong></span> <span class='ocrx_word' id='word_1_462' title='bbox 1123 4317 1278 4369; x_wconf 88' lang='lat' dir='ltr'><strong>quam</strong></span> <span class='ocrx_word' id='word_1_463' title='bbox 1313 4302 1360 4354; x_wconf 95' lang='lat' dir='ltr'><strong>in</strong></span> <span class='ocrx_word' id='word_1_464' title='bbox 1392 4302 1638 4354; x_wconf 85' lang='lat' dir='ltr'><strong>omnibus</strong></span> <span class='ocrx_word' id='word_1_465' title='bbox 1681 4301 1799 4352; x_wconf 91' lang='lat' dir='ltr'><strong>aliis</strong></span> <span class='ocrx_word' id='word_1_466' title='bbox 1836 4316 1956 4370; x_wconf 64' lang='lat' dir='ltr'><strong>qua:</strong></span> <span class='ocrx_word' id='word_1_467' title='bbox 1987 4310 2109 4355; x_wconf 91' lang='lat' dir='ltr'><strong>sunt</strong></span> 
     </span>
    </p>
   </div>
   <div class='ocr_carea' id='block_1_57' title="bbox 531 4371 2108 4442">
    <p class='ocr_par' dir='ltr' id='par_1_57' title="bbox 531 4371 2108 4442">
     <span class='ocr_line' id='line_1_57' title="bbox 531 4371 2108 4442; baseline -0.001 -14"><span class='ocrx_word' id='word_1_468' title='bbox 531 4373 648 4428; x_wconf 88' lang='lat' dir='ltr'><strong>sine</strong></span> <span class='ocrx_word' id='word_1_469' title='bbox 691 4373 896 4428; x_wconf 89' lang='lat' dir='ltr'><strong>ratione</strong></span> <span class='ocrx_word' id='word_1_470' title='bbox 917 4415 931 4440; x_wconf 92' lang='lat'><strong>,</strong></span> <span class='ocrx_word' id='word_1_471' title='bbox 981 4373 1260 4442; x_wconf 84' lang='lat' dir='ltr'><strong>apparuit?</strong></span> <span class='ocrx_word' id='word_1_472' title='bbox 1285 4374 1458 4436; x_wconf 81' lang='lat' dir='ltr'><strong>Quare</strong></span> <span class='ocrx_word' id='word_1_473' title='bbox 1489 4387 1594 4424; x_wconf 87' lang='lat' dir='ltr'><strong>non</strong></span> <span class='ocrx_word' id='word_1_474' title='bbox 1634 4385 1734 4440; x_wconf 85' lang='lat' dir='ltr'><strong>ego</strong></span> <span class='ocrx_word' id='word_1_475' title='bbox 1760 4371 1894 4425; x_wconf 83' lang='lat' dir='ltr'><strong>sicut</strong></span> <span class='ocrx_word' id='word_1_476' title='bbox 1924 4387 2108 4426; x_wconf 91' lang='lat' dir='ltr'><strong>omnes</strong></span> 
     </span>
    </p>
   </div>
   <div class='ocr_carea' id='block_1_58' title="bbox 529 4442 2108 4511">
    <p class='ocr_par' dir='ltr' id='par_1_58' title="bbox 529 4442 2108 4511">
     <span class='ocr_line' id='line_1_58' title="bbox 529 4442 2108 4511; baseline -0.002 -12"><span class='ocrx_word' id='word_1_477' title='bbox 529 4443 660 4508; x_wconf 72' lang='lat' dir='ltr'><strong>illm,</strong></span> <span class='ocrx_word' id='word_1_478' title='bbox 687 4452 778 4497; x_wconf 90' lang='lat' dir='ltr'><strong>aut</strong></span> <span class='ocrx_word' id='word_1_479' title='bbox 803 4459 899 4497; x_wconf 90' lang='lat' dir='ltr'><strong>cur</strong></span> <span class='ocrx_word' id='word_1_480' title='bbox 923 4459 1028 4497; x_wconf 89' lang='lat' dir='ltr'><strong>non</strong></span> <span class='ocrx_word' id='word_1_481' title='bbox 1055 4459 1241 4498; x_wconf 88' lang='lat' dir='ltr'><strong>omnes</strong></span> <span class='ocrx_word' id='word_1_482' title='bbox 1271 4443 1373 4496; x_wconf 82' lang='lat' dir='ltr'><strong>illa:</strong></span> <span class='ocrx_word' id='word_1_483' title='bbox 1398 4443 1536 4496; x_wconf 90' lang='lat' dir='ltr'><strong>sicut</strong></span> <span class='ocrx_word' id='word_1_484' title='bbox 1557 4457 1656 4511; x_wconf 84' lang='lat' dir='ltr'><strong>ego</strong></span> <span class='ocrx_word' id='word_1_485' title='bbox 1675 4481 1689 4504; x_wconf 90' lang='lat'><strong>,</strong></span> <span class='ocrx_word' id='word_1_486' title='bbox 1717 4451 1808 4496; x_wconf 90' lang='lat' dir='ltr'><strong>aut</strong></span> <span class='ocrx_word' id='word_1_487' title='bbox 1833 4457 1934 4511; x_wconf 87' lang='lat' dir='ltr'><strong>ego</strong></span> <span class='ocrx_word' id='word_1_488' title='bbox 1961 4442 2108 4496; x_wconf 89' lang='lat' dir='ltr'><strong>solus</strong></span> 
     </span>
    </p>
   </div>
   <div class='ocr_carea' id='block_1_59' title="bbox 525 4513 2110 4582">
    <p class='ocr_par' dir='ltr' id='par_1_59' title="bbox 525 4513 2110 4582">
     <span class='ocr_line' id='line_1_59' title="bbox 525 4513 2110 4582; baseline -0.001 -14"><span class='ocrx_word' id='word_1_489' title='bbox 525 4515 665 4570; x_wconf 86' lang='lat' dir='ltr'><strong>sicut</strong></span> <span class='ocrx_word' id='word_1_490' title='bbox 693 4525 747 4568; x_wconf 91' lang='lat' dir='ltr'><strong>et</strong></span> <span class='ocrx_word' id='word_1_491' title='bbox 772 4514 916 4568; x_wconf 72' lang='lat' dir='ltr'><strong>illae?</strong></span> <span class='ocrx_word' id='word_1_492' title='bbox 945 4515 1070 4582; x_wconf 78' lang='lat' dir='ltr'><strong>Qua:</strong></span> <span class='ocrx_word' id='word_1_493' title='bbox 1099 4529 1213 4567; x_wconf 85' lang='lat' dir='ltr'><strong>utea</strong></span> <span class='ocrx_word' id='word_1_494' title='bbox 1245 4513 1432 4568; x_wconf 89' lang='lat' dir='ltr'><strong>merita</strong></span> <span class='ocrx_word' id='word_1_495' title='bbox 1453 4554 1468 4577; x_wconf 90' lang='lat'><strong>,</strong></span> <span class='ocrx_word' id='word_1_496' title='bbox 1502 4528 1617 4581; x_wconf 69' lang='lat' dir='ltr'><strong>qute</strong></span> <span class='ocrx_word' id='word_1_497' title='bbox 1656 4527 1772 4566; x_wconf 89' lang='lat' dir='ltr'><strong>mea</strong></span> <span class='ocrx_word' id='word_1_498' title='bbox 1819 4514 1984 4580; x_wconf 87' lang='lat' dir='ltr'><strong>gratia</strong></span> <span class='ocrx_word' id='word_1_499' title='bbox 2011 4553 2024 4576; x_wconf 93' lang='lat'><strong>,</strong></span> <span class='ocrx_word' id='word_1_500' title='bbox 2052 4522 2110 4567; x_wconf 88' lang='lat' dir='ltr'><strong>ut</strong></span> 
     </span>
    </p>
   </div>
   <div class='ocr_carea' id='block_1_60' title="bbox 525 4583 2106 4654">
    <p class='ocr_par' dir='ltr' id='par_1_60' title="bbox 525 4583 2106 4654">
     <span class='ocr_line' id='line_1_60' title="bbox 525 4583 2106 4654; baseline -0.002 -13"><span class='ocrx_word' id='word_1_501' title='bbox 525 4599 616 4641; x_wconf 85' lang='lat' dir='ltr'><strong>me</strong></span> <span class='ocrx_word' id='word_1_502' title='bbox 661 4584 868 4640; x_wconf 73' lang='lat' dir='ltr'><strong>lilium’</strong></span> <span class='ocrx_word' id='word_1_503' title='bbox 919 4585 1006 4640; x_wconf 89' lang='lat' dir='ltr'><strong>Dei</strong></span> <span class='ocrx_word' id='word_1_504' title='bbox 1060 4599 1214 4654; x_wconf 79' lang='lat' dir='ltr'><strong>posse</strong></span> <span class='ocrx_word' id='word_1_505' title='bbox 1262 4584 1372 4638; x_wconf 89' lang='lat' dir='ltr'><strong>ﬁeri</strong></span> <span class='ocrx_word' id='word_1_506' title='bbox 1420 4583 1814 4654; x_wconf 80' lang='lat' dir='ltr'><strong>susceptibilem</strong></span> <span class='ocrx_word' id='word_1_507' title='bbox 1857 4598 2106 4650; x_wconf 78' lang='lat' dir='ltr'><strong>creat-es,</strong></span> 
     </span>
    </p>
   </div>
   <div class='ocr_carea' id='block_1_61' title="bbox 527 4653 2111 4726">
    <p class='ocr_par' dir='ltr' id='par_1_61' title="bbox 527 4653 2111 4726">
     <span class='ocr_line' id='line_1_61' title="bbox 527 4653 2111 4726; baseline -0.003 -14"><span class='ocrx_word' id='word_1_508' title='bbox 527 4656 670 4726; x_wconf 86' lang='lat' dir='ltr'><strong>quod</strong></span> <span class='ocrx_word' id='word_1_509' title='bbox 699 4658 802 4712; x_wconf 92' lang='lat' dir='ltr'><strong>illis</strong></span> <span class='ocrx_word' id='word_1_510' title='bbox 850 4653 1093 4710; x_wconf 90' lang='lat' dir='ltr'><strong>omnibus</strong></span> <span class='ocrx_word' id='word_1_511' title='bbox 1141 4653 1474 4726; x_wconf 83' lang='lat' dir='ltr'><strong>denegares?</strong></span> <span class='ocrx_word' id='word_1_512' title='bbox 1519 4654 1700 4718; x_wconf 82' lang='lat' dir='ltr'><strong>Absit,</strong></span> <span class='ocrx_word' id='word_1_513' title='bbox 1753 4653 2019 4726; x_wconf 79' lang='lat' dir='ltr'><strong>Domine,</strong></span> <span class='ocrx_word' id='word_1_514' title='bbox 2055 4663 2111 4709; x_wconf 88' lang='lat' dir='ltr'><strong>ut</strong></span> 
     </span>
    </p>
   </div>
   <div class='ocr_carea' id='block_1_62' title="bbox 526 4724 2111 4789">
    <p class='ocr_par' dir='ltr' id='par_1_62' title="bbox 526 4724 2111 4789">
     <span class='ocr_line' id='line_1_62' title="bbox 526 4724 2111 4789; baseline -0.001 -7"><span class='ocrx_word' id='word_1_515' title='bbox 526 4724 632 4784; x_wconf 77' lang='lat' dir='ltr'><strong>hoc</strong></span> <span class='ocrx_word' id='word_1_516' title='bbox 655 4727 902 4783; x_wconf 86' lang='lat' dir='ltr'><strong>sentiam.</strong></span> <span class='ocrx_word' id='word_1_517' title='bbox 931 4726 1040 4780; x_wconf 89' lang='lat' dir='ltr'><strong>Tua</strong></span> <span class='ocrx_word' id='word_1_518' title='bbox 1070 4735 1271 4780; x_wconf 85' lang='lat' dir='ltr'><strong>tantum</strong></span> <span class='ocrx_word' id='word_1_519' title='bbox 1301 4724 1498 4789; x_wconf 78' lang='lat' dir='ltr'><strong>gratia,</strong></span> <span class='ocrx_word' id='word_1_520' title='bbox 1528 4733 1614 4776; x_wconf 88' lang='lat' dir='ltr'><strong>ttta</strong></span> <span class='ocrx_word' id='word_1_521' title='bbox 1661 4732 1860 4777; x_wconf 89' lang='lat' dir='ltr'><strong>tantum</strong></span> <span class='ocrx_word' id='word_1_522' title='bbox 1902 4724 2111 4780; x_wconf 85' lang='lat' dir='ltr'><strong>bonitas</strong></span> 
     </span>
    </p>
   </div>
   <div class='ocr_carea' id='block_1_63' title="bbox 528 4793 2110 4865">
    <p class='ocr_par' dir='ltr' id='par_1_63' title="bbox 528 4793 2110 4865">
     <span class='ocr_line' id='line_1_63' title="bbox 528 4793 2110 4865; baseline -0.004 -10"><span class='ocrx_word' id='word_1_523' title='bbox 528 4797 634 4855; x_wconf 81' lang='lat' dir='ltr'><strong>hoc</strong></span> <span class='ocrx_word' id='word_1_524' title='bbox 660 4799 812 4863; x_wconf 81' lang='lat' dir='ltr'><strong>fecit,</strong></span> <span class='ocrx_word' id='word_1_525' title='bbox 843 4805 900 4852; x_wconf 91' lang='grc' dir='ltr'><strong>ιιι</strong></span> <span class='ocrx_word' id='word_1_526' title='bbox 923 4812 1094 4851; x_wconf 88' lang='lat' dir='ltr'><strong>essem</strong></span> <span class='ocrx_word' id='word_1_527' title='bbox 1128 4795 1389 4865; x_wconf 78' lang='lat' dir='ltr'><strong>particeps</strong></span> <span class='ocrx_word' id='word_1_528' title='bbox 1414 4793 1868 4865; x_wconf 87' lang='lat' dir='ltr'><strong>dulcedinisejus.</strong></span> <span class='ocrx_word' id='word_1_529' title='bbox 1894 4793 1986 4847; x_wconf 92' lang='lat' dir='ltr'><strong>llla</strong></span> <span class='ocrx_word' id='word_1_530' title='bbox 2015 4795 2110 4865; x_wconf 92' lang='lat' dir='ltr'><strong>igi-</strong></span> 
     </span>
    </p>
   </div>
   <div class='ocr_carea' id='block_1_64' title="bbox 525 4864 2107 4940">
    <p class='ocr_par' dir='ltr' id='par_1_64' title="bbox 525 4864 2107 4940">
     <span class='ocr_line' id='line_1_64' title="bbox 525 4864 2107 4940; baseline -0.005 -17"><span class='ocrx_word' id='word_1_531' title='bbox 525 4876 615 4940; x_wconf 86' lang='lat' dir='ltr'><strong>tur</strong></span> <span class='ocrx_word' id='word_1_532' title='bbox 641 4871 962 4940; x_wconf 73' lang='lat' dir='ltr'><strong>gratiaqua</strong></span> <span class='ocrx_word' id='word_1_533' title='bbox 987 4883 1070 4940; x_wconf 87' lang='lat' dir='ltr'><strong>me</strong></span> <span class='ocrx_word' id='word_1_534' title='bbox 1097 4866 1164 4940; x_wconf 83' lang='lat' dir='ltr'><strong>de</strong></span> <span class='ocrx_word' id='word_1_535' title='bbox 1195 4864 1358 4919; x_wconf 87' lang='lat' dir='ltr'><strong>nihilo</strong></span> <span class='ocrx_word' id='word_1_536' title='bbox 1379 4935 1390 4940; x_wconf 82' lang='lat'><strong><em>_</em></strong></span> <span class='ocrx_word' id='word_1_537' title='bbox 1400 4865 1592 4940; x_wconf 77' lang='lat' dir='ltr'><strong>creasti</strong></span> <span class='ocrx_word' id='word_1_538' title='bbox 1610 4905 1624 4931; x_wconf 87' lang='lat'><strong>,</strong></span> <span class='ocrx_word' id='word_1_539' title='bbox 1675 4864 1814 4940; x_wconf 75' lang='lat' dir='ltr'><strong>illam</strong></span> <span class='ocrx_word' id='word_1_540' title='bbox 1836 4906 1851 4930; x_wconf 91' lang='lat'><strong>,</strong></span> <span class='ocrx_word' id='word_1_541' title='bbox 1883 4864 2064 4940; x_wconf 74' lang='lat' dir='ltr'><strong>quzuso</strong></span> <span class='ocrx_word' id='word_1_542' title='bbox 2091 4905 2107 4933; x_wconf 85' lang='lat'><strong>,</strong></span> 
     </span>
    </p>
   </div>
   <div class='ocr_carea' id='block_1_65' title="bbox 528 4934 2108 5007">
    <p class='ocr_par' dir='ltr' id='par_1_65' title="bbox 528 4934 2108 5007">
     <span class='ocr_line' id='line_1_65' title="bbox 528 4934 2108 5007; baseline -0.003 -12"><span class='ocrx_word' id='word_1_543' title='bbox 528 4934 776 5003; x_wconf 75' lang='lat' dir='ltr'><strong>Domine,</strong></span> <span class='ocrx_word' id='word_1_544' title='bbox 795 4934 1002 4993; x_wconf 42' lang='lat' dir='ltr'><strong>da‘tnihi</strong></span> <span class='ocrx_word' id='word_1_545' title='bbox 1027 4938 1272 5007; x_wconf 88' lang='lat' dir='ltr'><strong>gratiam,</strong></span> <span class='ocrx_word' id='word_1_546' title='bbox 1287 4944 1344 4988; x_wconf 93' lang='lat' dir='ltr'><strong>ut</strong></span> <span class='ocrx_word' id='word_1_547' title='bbox 1357 4935 1448 5007; x_wconf 86' lang='lat' dir='ltr'><strong>tibi</strong></span> <span class='ocrx_word' id='word_1_548' title='bbox 1462 4934 1534 5007; x_wconf 74' lang='lat' dir='ltr'><strong>de</strong></span> <span class='ocrx_word' id='word_1_549' title='bbox 1543 4937 1641 4988; x_wconf 83' lang='lat' dir='ltr'><strong>hoc</strong></span> <span class='ocrx_word' id='word_1_550' title='bbox 1653 4934 1877 5007; x_wconf 74' lang='lat' dir='ltr'><strong>r_el‘eram</strong></span> <span class='ocrx_word' id='word_1_551' title='bbox 1891 4936 2108 5004; x_wconf 90' lang='lat' dir='ltr'><strong>gratias.</strong></span> 
     </span>
    </p>
   </div>
   <div class='ocr_carea' id='block_1_66' title="bbox 601 5003 2110 5075">
    <p class='ocr_par' dir='ltr' id='par_1_66' title="bbox 601 5003 2110 5075">
     <span class='ocr_line' id='line_1_66' title="bbox 601 5003 2110 5075; baseline -0.005 -10"><span class='ocrx_word' id='word_1_552' title='bbox 601 5010 828 5066; x_wconf 80' lang='lat' dir='ltr'><strong>CAPUT</strong></span> <span class='ocrx_word' id='word_1_553' title='bbox 875 5008 965 5063; x_wconf 78' lang='lat' dir='ltr'><strong>IX.</strong></span> <span class='ocrx_word' id='word_1_554' title='bbox 998 5003 1074 5061; x_wconf 75' lang='lat' dir='ltr'><strong>Ue</strong></span> <span class='ocrx_word' id='word_1_555' title='bbox 1115 5006 1476 5075; x_wconf 84' lang='lat' dir='ltr'><strong>omuipotenlia</strong></span> <span class='ocrx_word' id='word_1_556' title='bbox 1507 5005 1620 5060; x_wconf 86' lang='lat' dir='ltr'><strong>Dei.</strong></span> <span class='ocrx_word' id='word_1_557' title='bbox 1651 5003 1755 5059; x_wconf 83' lang='lat' dir='ltr'><strong>Cur</strong></span> <span class='ocrx_word' id='word_1_558' title='bbox 1781 5023 1873 5058; x_wconf 84' lang='lat' dir='ltr'><strong>nos</strong></span> <span class='ocrx_word' id='word_1_559' title='bbox 1899 5003 2000 5058; x_wconf 73' lang='lat' dir='ltr'><strong>non</strong></span> <span class='ocrx_word' id='word_1_560' title='bbox 2030 5007 2110 5058; x_wconf 84' lang='lat' dir='ltr'><strong>la-</strong></span> 
     </span>
    </p>
   </div>
   <div class='ocr_carea' id='block_1_67' title="bbox 527 5077 2113 5154">
    <p class='ocr_par' dir='ltr' id='par_1_67' title="bbox 527 5077 2113 5154">
     <span class='ocr_line' id='line_1_67' title="bbox 527 5077 2113 5154; baseline -0.003 -19"><span class='ocrx_word' id='word_1_561' title='bbox 527 5081 628 5154; x_wconf 86' lang='lat' dir='ltr'><strong>pis,</strong></span> <span class='ocrx_word' id='word_1_562' title='bbox 647 5082 816 5144; x_wconf 89' lang='lat' dir='ltr'><strong>arbor,</strong></span> <span class='ocrx_word' id='word_1_563' title='bbox 839 5089 954 5154; x_wconf 81' lang='lat' dir='ltr'><strong>etc.</strong></span> <span class='ocrx_word' id='word_1_564' title='bbox 984 5120 1001 5148; x_wconf 85' lang='lat'><strong>,</strong></span> <span class='ocrx_word' id='word_1_565' title='bbox 1029 5077 1545 5154; x_wconf 77' lang='lat' dir='ltr'><strong>{acti._0mnipolens</strong></span> <span class='ocrx_word' id='word_1_566' title='bbox 1571 5091 1761 5154; x_wconf 82' lang='lat' dir='ltr'><strong>manus</strong></span> <span class='ocrx_word' id='word_1_567' title='bbox 1795 5086 1885 5154; x_wconf 76' lang='lat' dir='ltr'><strong>tua</strong></span> <span class='ocrx_word' id='word_1_568' title='bbox 1901 5091 2113 5145; x_wconf 88' lang='lat' dir='ltr'><strong>semper</strong></span> 
     </span>
    </p>
   </div>
   <div class='ocr_carea' id='block_1_68' title="bbox 529 5146 2111 5217">
    <p class='ocr_par' dir='ltr' id='par_1_68' title="bbox 529 5146 2111 5217">
     <span class='ocr_line' id='line_1_68' title="bbox 529 5146 2111 5217; baseline -0.004 -9"><span class='ocrx_word' id='word_1_569' title='bbox 529 5146 632 5208; x_wconf 74' lang='lat' dir='ltr'><strong>una</strong></span> <span class='ocrx_word' id='word_1_570' title='bbox 665 5162 718 5207; x_wconf 91' lang='lat' dir='ltr'><strong>et</strong></span> <span class='ocrx_word' id='word_1_571' title='bbox 754 5146 993 5217; x_wconf 67' lang='lat' dir='ltr'><strong>eadem,</strong></span> <span class='ocrx_word' id='word_1_572' title='bbox 1022 5146 1222 5202; x_wconf 88' lang='lat' dir='ltr'><strong>creavit</strong></span> <span class='ocrx_word' id='word_1_573' title='bbox 1269 5149 1320 5200; x_wconf 93' lang='lat' dir='ltr'><strong>in</strong></span> <span class='ocrx_word' id='word_1_574' title='bbox 1373 5147 1511 5201; x_wconf 63' lang='lat' dir='ltr'><strong>caelo</strong></span> <span class='ocrx_word' id='word_1_575' title='bbox 1554 5148 1824 5214; x_wconf 87' lang='lat' dir='ltr'><strong>Angelos,</strong></span> <span class='ocrx_word' id='word_1_576' title='bbox 1873 5146 1925 5200; x_wconf 93' lang='lat' dir='ltr'><strong>in</strong></span> <span class='ocrx_word' id='word_1_577' title='bbox 1973 5157 2111 5202; x_wconf 89' lang='lat' dir='ltr'><strong>terra</strong></span> 
     </span>
    </p>
   </div>
   <div class='ocr_carea' id='block_1_69' title="bbox 529 5217 2109 5287">
    <p class='ocr_par' dir='ltr' id='par_1_69' title="bbox 529 5217 2109 5287">
     <span class='ocr_line' id='line_1_69' title="bbox 529 5217 2109 5287; baseline -0.004 -9"><span class='ocrx_word' id='word_1_578' title='bbox 529 5225 848 5279; x_wconf 84' lang='lat' dir='ltr'><strong>vermiculos</strong></span> <span class='ocrx_word' id='word_1_579' title='bbox 875 5239 888 5276; x_wconf 88' lang='lat'><strong>:</strong></span> <span class='ocrx_word' id='word_1_580' title='bbox 912 5236 1014 5274; x_wconf 91' lang='lat' dir='ltr'><strong>non</strong></span> <span class='ocrx_word' id='word_1_581' title='bbox 1036 5219 1279 5287; x_wconf 88' lang='lat' dir='ltr'><strong>superior</strong></span> <span class='ocrx_word' id='word_1_582' title='bbox 1305 5218 1356 5272; x_wconf 90' lang='lat' dir='ltr'><strong>in</strong></span> <span class='ocrx_word' id='word_1_583' title='bbox 1383 5219 1503 5280; x_wconf 83' lang='lat' dir='ltr'><strong>illis,</strong></span> <span class='ocrx_word' id='word_1_584' title='bbox 1535 5233 1638 5270; x_wconf 87' lang='lat' dir='ltr'><strong>non</strong></span> <span class='ocrx_word' id='word_1_585' title='bbox 1669 5217 1949 5270; x_wconf 82' lang='lat' dir='ltr'><strong>inl&#39;criorin</strong></span> <span class='ocrx_word' id='word_1_586' title='bbox 1974 5219 2109 5272; x_wconf 80' lang='lat' dir='ltr'><strong>istis.</strong></span> 
     </span>
    </p>
   </div>
   <div class='ocr_carea' id='block_1_70' title="bbox 529 5287 2115 5358">
    <p class='ocr_par' dir='ltr' id='par_1_70' title="bbox 529 5287 2115 5358">
     <span class='ocr_line' id='line_1_70' title="bbox 529 5287 2115 5358; baseline -0.006 -6"><span class='ocrx_word' id='word_1_587' title='bbox 529 5295 677 5352; x_wconf 89' lang='lat' dir='ltr'><strong>Sicut</strong></span> <span class='ocrx_word' id='word_1_588' title='bbox 706 5294 844 5349; x_wconf 90' lang='lat' dir='ltr'><strong>enim</strong></span> <span class='ocrx_word' id='word_1_589' title='bbox 896 5291 1034 5345; x_wconf 91' lang='lat' dir='ltr'><strong>nulla</strong></span> <span class='ocrx_word' id='word_1_590' title='bbox 1067 5305 1258 5344; x_wconf 91' lang='lat' dir='ltr'><strong>manus</strong></span> <span class='ocrx_word' id='word_1_591' title='bbox 1301 5289 1590 5358; x_wconf 84' lang='lat' dir='ltr'><strong>Angelum,</strong></span> <span class='ocrx_word' id='word_1_592' title='bbox 1635 5287 1705 5340; x_wconf 87' lang='lat' dir='ltr'><strong>ita</strong></span> <span class='ocrx_word' id='word_1_593' title='bbox 1750 5287 1894 5342; x_wconf 89' lang='lat' dir='ltr'><strong>nulla</strong></span> <span class='ocrx_word' id='word_1_594' title='bbox 1938 5298 2115 5358; x_wconf 57' lang='lat' dir='ltr'><strong>posst-t</strong></span> 
     </span>
    </p>
   </div>
   <div class='ocr_carea' id='block_1_71' title="bbox 528 5359 2112 5424">
    <p class='ocr_par' dir='ltr' id='par_1_71' title="bbox 528 5359 2112 5424">
     <span class='ocr_line' id='line_1_71' title="bbox 528 5359 2112 5424; baseline -0.006 -3"><span class='ocrx_word' id='word_1_595' title='bbox 528 5381 715 5421; x_wconf 86' lang='lat' dir='ltr'><strong>creare</strong></span> <span class='ocrx_word' id='word_1_596' title='bbox 744 5363 1088 5418; x_wconf 88' lang='lat' dir='ltr'><strong>vermiculmn</strong></span> <span class='ocrx_word' id='word_1_597' title='bbox 1142 5378 1156 5416; x_wconf 90' lang='lat'><strong>:</strong></span> <span class='ocrx_word' id='word_1_598' title='bbox 1195 5363 1329 5415; x_wconf 91' lang='lat' dir='ltr'><strong>sicut</strong></span> <span class='ocrx_word' id='word_1_599' title='bbox 1376 5359 1516 5412; x_wconf 88' lang='lat' dir='ltr'><strong>nulla</strong></span> <span class='ocrx_word' id='word_1_600' title='bbox 1567 5361 1800 5424; x_wconf 73' lang='lat' dir='ltr'><strong>coelum,</strong></span> <span class='ocrx_word' id='word_1_601' title='bbox 1850 5359 1921 5414; x_wconf 88' lang='lat' dir='ltr'><strong>ila</strong></span> <span class='ocrx_word' id='word_1_602' title='bbox 1969 5360 2112 5413; x_wconf 88' lang='lat' dir='ltr'><strong>nulla</strong></span> 
     </span>
    </p>
   </div>
   <div class='ocr_carea' id='block_1_72' title="bbox 528 5428 2114 5507">
    <p class='ocr_par' dir='ltr' id='par_1_72' title="bbox 528 5428 2114 5507">
     <span class='ocr_line' id='line_1_72' title="bbox 528 5428 2114 5507; baseline -0.003 -17"><span class='ocrx_word' id='word_1_603' title='bbox 528 5444 711 5507; x_wconf 86' lang='lat' dir='ltr'><strong>posset</strong></span> <span class='ocrx_word' id='word_1_604' title='bbox 737 5449 920 5507; x_wconf 81' lang='lat' dir='ltr'><strong>creare</strong></span> <span class='ocrx_word' id='word_1_605' title='bbox 962 5432 1239 5507; x_wconf 77' lang='lat' dir='ltr'><strong>minimum</strong></span> <span class='ocrx_word' id='word_1_606' title='bbox 1269 5431 1472 5507; x_wconf 73' lang='lat' dir='ltr'><strong>arboris</strong></span> <span class='ocrx_word' id='word_1_607' title='bbox 1502 5428 1680 5507; x_wconf 79' lang='lat' dir='ltr'><strong>folium</strong></span> <span class='ocrx_word' id='word_1_608' title='bbox 1729 5446 1742 5481; x_wconf 94' lang='lat'>:</span> <span class='ocrx_word' id='word_1_609' title='bbox 1790 5431 2114 5507; x_wconf 36' lang='lat' dir='ltr'><strong>sicutAn&#39;tlla</strong></span> 
     </span>
    </p>
   </div>
   <div class='ocr_carea' id='block_1_73' title="bbox 529 5500 2113 5578">
    <p class='ocr_par' dir='ltr' id='par_1_73' title="bbox 529 5500 2113 5578">
     <span class='ocr_line' id='line_1_73' title="bbox 529 5500 2113 5578; baseline -0.003 -18"><span class='ocrx_word' id='word_1_610' title='bbox 529 5500 727 5578; x_wconf 70' lang='lat' dir='ltr'><strong>corpus</strong></span> <span class='ocrx_word' id='word_1_611' title='bbox 747 5546 760 5566; x_wconf 86' lang='lat'><strong>,</strong></span> <span class='ocrx_word' id='word_1_612' title='bbox 791 5505 857 5557; x_wconf 88' lang='lat' dir='ltr'><strong>ita</strong></span> <span class='ocrx_word' id='word_1_613' title='bbox 889 5503 1028 5578; x_wconf 81' lang='lat' dir='ltr'><strong>nulla</strong></span> <span class='ocrx_word' id='word_1_614' title='bbox 1056 5519 1218 5578; x_wconf 86' lang='lat' dir='ltr'><strong>unum</strong></span> <span class='ocrx_word' id='word_1_615' title='bbox 1249 5501 1495 5569; x_wconf 89' lang='lat' dir='ltr'><strong>capillum</strong></span> <span class='ocrx_word' id='word_1_616' title='bbox 1524 5500 1700 5553; x_wconf 88' lang='lat' dir='ltr'><strong>allmm</strong></span> <span class='ocrx_word' id='word_1_617' title='bbox 1733 5513 1909 5578; x_wconf 76' lang='lat' dir='ltr'><strong>posset</strong></span> <span class='ocrx_word' id='word_1_618' title='bbox 1938 5500 2113 5578; x_wconf 78' lang='lat' dir='ltr'><strong>facere</strong></span> 
     </span>
    </p>
   </div>
   <div class='ocr_carea' id='block_1_74' title="bbox 531 5574 2113 5643">
    <p class='ocr_par' dir='ltr' id='par_1_74' title="bbox 531 5574 2113 5643">
     <span class='ocr_line' id='line_1_74' title="bbox 531 5574 2113 5643; baseline -0.003 -13"><span class='ocrx_word' id='word_1_619' title='bbox 531 5574 891 5643; x_wconf 50' lang='lat' dir='ltr'><strong>aut&#39;nigrum;</strong></span> <span class='ocrx_word' id='word_1_620' title='bbox 921 5574 1012 5629; x_wconf 86' lang='lat' dir='ltr'><strong>sed</strong></span> <span class='ocrx_word' id='word_1_621' title='bbox 1044 5574 1383 5643; x_wconf 78' lang='lat' dir='ltr'><strong>omnipotens</strong></span> <span class='ocrx_word' id='word_1_622' title='bbox 1409 5588 1596 5625; x_wconf 86' lang='lat' dir='ltr'><strong>manus</strong></span> <span class='ocrx_word' id='word_1_623' title='bbox 1641 5581 1756 5626; x_wconf 88' lang='lat' dir='ltr'><strong>tua.</strong></span> <span class='ocrx_word' id='word_1_624' title='bbox 1807 5574 1890 5626; x_wconf 88' lang='lat' dir='ltr'><strong>cui</strong></span> <span class='ocrx_word' id='word_1_625' title='bbox 1936 5574 2113 5627; x_wconf 86' lang='lat' dir='ltr'><strong>omnia</strong></span> 
     </span>
    </p>
   </div>
   <div class='ocr_carea' id='block_1_75' title="bbox 533 5641 2115 5718">
    <p class='ocr_par' dir='ltr' id='par_1_75' title="bbox 533 5641 2115 5718">
     <span class='ocr_line' id='line_1_75' title="bbox 533 5641 2115 5718; baseline 0 -19"><span class='ocrx_word' id='word_1_626' title='bbox 533 5648 649 5718; x_wconf 87' lang='lat' dir='ltr'><strong>pari</strong></span> <span class='ocrx_word' id='word_1_627' title='bbox 677 5641 834 5700; x_wconf 82' lang='lat' dir='ltr'><strong>modo</strong></span> <span class='ocrx_word' id='word_1_628' title='bbox 871 5654 996 5698; x_wconf 91' lang='lat' dir='ltr'><strong>sunt</strong></span> <span class='ocrx_word' id='word_1_629' title='bbox 1026 5645 1312 5714; x_wconf 88' lang='lat' dir='ltr'><strong>possibilia.</strong></span> <span class='ocrx_word' id='word_1_630' title='bbox 1342 5641 1450 5698; x_wconf 90' lang='lat' dir='ltr'><strong>Nec</strong></span> <span class='ocrx_word' id='word_1_631' title='bbox 1493 5643 1634 5696; x_wconf 89' lang='lat' dir='ltr'><strong>enim</strong></span> <span class='ocrx_word' id='word_1_632' title='bbox 1685 5644 1988 5713; x_wconf 85' lang='lat' dir='ltr'><strong>possibilius</strong></span> <span class='ocrx_word' id='word_1_633' title='bbox 2032 5650 2115 5699; x_wconf 84' lang='lat' dir='ltr'><strong>est</strong></span> 
     </span>
    </p>
   </div>
   <div class='ocr_carea' id='block_1_76' title="bbox 597 5739 1283 5848">
    <p class='ocr_par' dir='ltr' id='par_1_76' title="bbox 597 5739 1283 5848">
     <span class='ocr_line' id='line_1_76' title="bbox 599 5739 1283 5848; baseline -0.003 -62"><span class='ocrx_word' id='word_1_634' title='bbox 599 5739 615 5770; x_wconf 78' lang='grc' dir='ltr'>ί</span> <span class='ocrx_word' id='word_1_635' title='bbox 639 5743 720 5786; x_wconf 77' lang='lat' dir='ltr'><strong>Its.</strong></span> <span class='ocrx_word' id='word_1_636' title='bbox 741 5743 877 5800; x_wconf 78' lang='lat' dir='ltr'><strong>neg.,</strong></span> <span class='ocrx_word' id='word_1_637' title='bbox 902 5739 1150 5848; x_wconf 47' lang='lat' dir='ltr'><strong>perﬁcere.</strong></span> <span class='ocrx_word' id='word_1_638' title='bbox 1271 5794 1283 5805; x_wconf 80' lang='lat'><em>_</em></span> 
     </span>
     <span class='ocr_line' id='line_1_77' title="bbox 597 5799 1283 5848; baseline 0 0"><span class='ocrx_word' id='word_1_639' title='bbox 597 5802 617 5832; x_wconf 78' lang='grc'>³</span> <span class='ocrx_word' id='word_1_640' title='bbox 639 5805 708 5848; x_wconf 75' lang='grc' dir='ltr'><strong>ιω</strong></span> <span class='ocrx_word' id='word_1_641' title='bbox 725 5807 828 5848; x_wconf 79' lang='lat' dir='ltr'><strong>Mss.</strong></span> <span class='ocrx_word' id='word_1_642' title='bbox 853 5805 908 5847; x_wconf 83' lang='grc' dir='ltr'>Αι</span> <span class='ocrx_word' id='word_1_643' title='bbox 933 5811 964 5846; x_wconf 90' lang='lat' dir='ltr'><strong>e</strong></span> <span class='ocrx_word' id='word_1_644' title='bbox 999 5799 1070 5848; x_wconf 88' lang='lat' dir='ltr'><strong>&#39;ti.</strong></span> <span class='ocrx_word' id='word_1_645' title='bbox 1093 5809 1180 5848; x_wconf 73' lang='lat' dir='ltr'><strong>per</strong></span> <span class='ocrx_word' id='word_1_646' title='bbox 1198 5808 1283 5848; x_wconf 80' lang='lat' dir='ltr'><strong>um</strong></span> 
     </span>
    </p>
   </div>
   <div class='ocr_carea' id='block_1_77' title="bbox 596 5792 1733 5938">
    <p class='ocr_par' dir='ltr' id='par_1_77' title="bbox 596 5792 1733 5938">
     <span class='ocr_line' id='line_1_78' title="bbox 597 5792 1733 5869; baseline -0.001 -21"><span class='ocrx_word' id='word_1_647' title='bbox 597 5802 617 5832; x_wconf 75' lang='grc'>³</span> <span class='ocrx_word' id='word_1_648' title='bbox 639 5805 708 5850; x_wconf 77' lang='lat' dir='ltr'><strong>tta</strong></span> <span class='ocrx_word' id='word_1_649' title='bbox 725 5792 833 5848; x_wconf 61' lang='lat' dir='ltr'><strong>Mss:</strong></span> <span class='ocrx_word' id='word_1_650' title='bbox 853 5792 913 5847; x_wconf 67' lang='lat' dir='ltr'><strong>At</strong></span> <span class='ocrx_word' id='word_1_651' title='bbox 932 5792 1070 5869; x_wconf 66' lang='lat' dir='ltr'><strong>editi,</strong></span> <span class='ocrx_word' id='word_1_652' title='bbox 1093 5809 1180 5862; x_wconf 87' lang='lat' dir='ltr'><strong>per</strong></span> <span class='ocrx_word' id='word_1_653' title='bbox 1198 5794 1393 5852; x_wconf 76' lang='lat' dir='ltr'><strong>micum</strong></span> <span class='ocrx_word' id='word_1_654' title='bbox 1413 5792 1733 5850; x_wconf 62' lang='lat' dir='ltr'><strong>coheredem.</strong></span> 
     </span>
     <span class='ocr_line' id='line_1_79' title="bbox 596 5859 1012 5938; baseline -0.014 -20"><span class='ocrx_word' id='word_1_655' title='bbox 596 5862 619 5898; x_wconf 90' lang='grc'><em>³</em></span> <span class='ocrx_word' id='word_1_656' title='bbox 641 5867 722 5918; x_wconf 71' lang='grc'><strong>115.</strong></span> <span class='ocrx_word' id='word_1_657' title='bbox 743 5867 878 5928; x_wconf 57' lang='lat' dir='ltr'><strong>Reg,</strong></span> <span class='ocrx_word' id='word_1_658' title='bbox 902 5859 1012 5938; x_wconf 67' lang='lat' dir='ltr'><strong>(tm.</strong></span> 
     </span>
    </p>
   </div>
   <div class='ocr_carea' id='block_1_78' title="bbox 1973 324 2860 448">
    <p class='ocr_par' dir='ltr' id='par_1_78' title="bbox 1973 324 2860 448">
     <span class='ocr_line' id='line_1_80' title="bbox 1973 324 2860 448; baseline -0.005 -18"><span class='ocrx_word' id='word_1_659' title='bbox 1973 371 2337 431; x_wconf 78' lang='lat' dir='ltr'><strong>APPENDIX.</strong></span> <span class='ocrx_word' id='word_1_660' title='bbox 2533 337 2540 340; x_wconf 69' lang='grc'><em>’</em></span> <span class='ocrx_word' id='word_1_661' title='bbox 2601 399 2613 406; x_wconf 60' lang='grc' dir='ltr'><strong>ι</strong></span> 
     </span>
    </p>
   </div>
   <div class='ocr_carea' id='block_1_79' title="bbox 3687 377 3798 439">
    <p class='ocr_par' dir='ltr' id='par_1_79' title="bbox 3687 377 3798 439">
     <span class='ocr_line' id='line_1_81' title="bbox 3687 377 3798 439; baseline -0.018 0"><span class='ocrx_word' id='word_1_662' title='bbox 3687 377 3798 439; x_wconf 70' lang='grc'><strong>8⁸12</strong></span> 
     </span>
    </p>
   </div>
   <div class='ocr_carea' id='block_1_80' title="bbox 2203 491 3793 565">
    <p class='ocr_par' dir='ltr' id='par_1_80' title="bbox 2203 491 3793 565">
     <span class='ocr_line' id='line_1_82' title="bbox 2203 491 3793 565; baseline 0.004 -20"><span class='ocrx_word' id='word_1_663' title='bbox 2203 491 2463 565; x_wconf 71' lang='lat' dir='ltr'><strong>eicreare</strong></span> <span class='ocrx_word' id='word_1_664' title='bbox 2485 491 2830 565; x_wconf 87' lang='lat' dir='ltr'><strong>vermiculum</strong></span> <span class='ocrx_word' id='word_1_665' title='bbox 2851 533 2867 560; x_wconf 88' lang='lat'><strong>,</strong></span> <span class='ocrx_word' id='word_1_666' title='bbox 2894 506 3053 564; x_wconf 90' lang='lat' dir='ltr'><strong>quam</strong></span> <span class='ocrx_word' id='word_1_667' title='bbox 3093 491 3374 565; x_wconf 88' lang='lat' dir='ltr'><strong>angelum;</strong></span> <span class='ocrx_word' id='word_1_668' title='bbox 3402 506 3505 550; x_wconf 85' lang='lat' dir='ltr'><strong>nec</strong></span> <span class='ocrx_word' id='word_1_669' title='bbox 3531 493 3793 565; x_wconf 88' lang='lat' dir='ltr'><strong>impossi-</strong></span> 
     </span>
    </p>
   </div>
   <div class='ocr_carea' id='block_1_81' title="bbox 2201 561 3796 634">
    <p class='ocr_par' dir='ltr' id='par_1_81' title="bbox 2201 561 3796 634">
     <span class='ocr_line' id='line_1_83' title="bbox 2201 561 3796 634; baseline 0.006 -20"><span class='ocrx_word' id='word_1_670' title='bbox 2201 561 2360 634; x_wconf 82' lang='lat' dir='ltr'><strong>bilius</strong></span> <span class='ocrx_word' id='word_1_671' title='bbox 2391 565 2678 618; x_wconf 83' lang='lat' dir='ltr'><strong>extendere</strong></span> <span class='ocrx_word' id='word_1_672' title='bbox 2722 561 2953 629; x_wconf 50' lang='lat' dir='ltr'><strong>caelum&#39;,</strong></span> <span class='ocrx_word' id='word_1_673' title='bbox 3005 561 3187 634; x_wconf 54' lang='lat' dir='ltr'><strong>quam&#39;</strong></span> <span class='ocrx_word' id='word_1_674' title='bbox 3212 564 3430 628; x_wconf 82' lang='lat' dir='ltr'><strong>folium;</strong></span> <span class='ocrx_word' id='word_1_675' title='bbox 3478 581 3576 620; x_wconf 88' lang='lat' dir='ltr'><strong>nec</strong></span> <span class='ocrx_word' id='word_1_676' title='bbox 3611 561 3796 624; x_wconf 81' lang='lat' dir='ltr'><strong>levius</strong></span> 
     </span>
    </p>
   </div>
   <div class='ocr_carea' id='block_1_82' title="bbox 2201 632 3796 704">
    <p class='ocr_par' dir='ltr' id='par_1_82' title="bbox 2201 632 3796 704">
     <span class='ocr_line' id='line_1_84' title="bbox 2201 632 3796 704; baseline 0.006 -20"><span class='ocrx_word' id='word_1_677' title='bbox 2201 632 2431 704; x_wconf 80' lang='lat' dir='ltr'><strong>formare</strong></span> <span class='ocrx_word' id='word_1_678' title='bbox 2458 636 2736 704; x_wconf 91' lang='lat' dir='ltr'><strong>capillum,</strong></span> <span class='ocrx_word' id='word_1_679' title='bbox 2782 650 2941 704; x_wconf 91' lang='lat' dir='ltr'><strong>quam</strong></span> <span class='ocrx_word' id='word_1_680' title='bbox 2985 632 3212 702; x_wconf 87' lang='lat' dir='ltr'><strong>corpus;</strong></span> <span class='ocrx_word' id='word_1_681' title='bbox 3243 651 3340 690; x_wconf 90' lang='lat' dir='ltr'><strong>nec</strong></span> <span class='ocrx_word' id='word_1_682' title='bbox 3365 634 3638 691; x_wconf 84' lang='lat' dir='ltr'><strong>difﬁcilius</strong></span> <span class='ocrx_word' id='word_1_683' title='bbox 3667 638 3796 693; x_wconf 82' lang='lat' dir='ltr'><strong>lun-</strong></span> 
     </span>
    </p>
   </div>
   <div class='ocr_carea' id='block_1_83' title="bbox 2201 703 3800 780">
    <p class='ocr_par' dir='ltr' id='par_1_83' title="bbox 2201 703 3800 780">
     <span class='ocr_line' id='line_1_85' title="bbox 2201 703 3800 780; baseline 0.004 -23"><span class='ocrx_word' id='word_1_684' title='bbox 2201 703 2329 758; x_wconf 87' lang='lat' dir='ltr'><strong>dare</strong></span> <span class='ocrx_word' id='word_1_685' title='bbox 2355 703 2548 780; x_wconf 76' lang='lat' dir='ltr'><strong>terram</strong></span> <span class='ocrx_word' id='word_1_686' title='bbox 2575 721 2734 780; x_wconf 80' lang='lat' dir='ltr'><strong>super</strong></span> <span class='ocrx_word' id='word_1_687' title='bbox 2759 703 2953 780; x_wconf 80' lang='lat' dir='ltr'><strong>aquas,</strong></span> <span class='ocrx_word' id='word_1_688' title='bbox 2983 721 3139 774; x_wconf 88' lang='lat' dir='ltr'><strong>quam</strong></span> <span class='ocrx_word' id='word_1_689' title='bbox 3169 721 3337 780; x_wconf 79' lang='lat' dir='ltr'><strong>aquas</strong></span> <span class='ocrx_word' id='word_1_690' title='bbox 3377 706 3600 780; x_wconf 79' lang='lat' dir='ltr'><strong>fundare</strong></span> <span class='ocrx_word' id='word_1_691' title='bbox 3629 725 3800 780; x_wconf 85' lang='lat' dir='ltr'><strong>super</strong></span> 
     </span>
    </p>
   </div>
   <div class='ocr_carea' id='block_1_84' title="bbox 2203 775 3883 845">
    <p class='ocr_par' dir='ltr' id='par_1_84' title="bbox 2203 775 3883 845">
     <span class='ocr_line' id='line_1_86' title="bbox 2203 775 3883 845; baseline 0.004 -17"><span class='ocrx_word' id='word_1_692' title='bbox 2203 783 2398 829; x_wconf 89' lang='lat' dir='ltr'><strong>terram</strong></span> <span class='ocrx_word' id='word_1_693' title='bbox 2425 776 2440 806; x_wconf 82' lang='grc'>¹</span> <span class='ocrx_word' id='word_1_694' title='bbox 2470 794 2482 829; x_wconf 88' lang='lat'><strong>:</strong></span> <span class='ocrx_word' id='word_1_695' title='bbox 2511 777 2602 830; x_wconf 93' lang='lat' dir='ltr'><strong>sed</strong></span> <span class='ocrx_word' id='word_1_696' title='bbox 2626 777 2803 830; x_wconf 74' lang='lat' dir='ltr'><strong>omnia</strong></span> <span class='ocrx_word' id='word_1_697' title='bbox 2827 791 3172 845; x_wconf 65' lang='lat' dir='ltr'><strong>quazcuntque</strong></span> <span class='ocrx_word' id='word_1_698' title='bbox 3199 775 3365 830; x_wconf 89' lang='lat' dir='ltr'><strong>voluit</strong></span> <span class='ocrx_word' id='word_1_699' title='bbox 3395 776 3545 841; x_wconf 83' lang='lat' dir='ltr'><strong>fecit,</strong></span> <span class='ocrx_word' id='word_1_700' title='bbox 3575 779 3627 832; x_wconf 94' lang='lat' dir='ltr'><strong>in</strong></span> <span class='ocrx_word' id='word_1_701' title='bbox 3653 775 3799 835; x_wconf 71' lang='lat' dir='ltr'><strong>cfelo</strong></span> <span class='ocrx_word' id='word_1_702' title='bbox 3844 819 3883 842; x_wconf 84' lang='grc'><strong>..</strong></span> 
     </span>
    </p>
   </div>
   <div class='ocr_carea' id='block_1_85' title="bbox 2201 847 3886 918">
    <p class='ocr_par' dir='ltr' id='par_1_85' title="bbox 2201 847 3886 918">
     <span class='ocr_line' id='line_1_87' title="bbox 2201 847 3886 918; baseline 0.002 -21"><span class='ocrx_word' id='word_1_703' title='bbox 2201 854 2255 918; x_wconf 75' lang='lat' dir='ltr'><strong>et</strong></span> <span class='ocrx_word' id='word_1_704' title='bbox 2279 847 2332 899; x_wconf 89' lang='lat' dir='ltr'><strong>in</strong></span> <span class='ocrx_word' id='word_1_705' title='bbox 2362 855 2502 900; x_wconf 89' lang='lat' dir='ltr'><strong>terra</strong></span> <span class='ocrx_word' id='word_1_706' title='bbox 2527 888 2542 912; x_wconf 91' lang='lat'><strong>,</strong></span> <span class='ocrx_word' id='word_1_707' title='bbox 2576 847 2628 900; x_wconf 92' lang='lat' dir='ltr'><strong>in</strong></span> <span class='ocrx_word' id='word_1_708' title='bbox 2657 847 2791 918; x_wconf 87' lang='lat' dir='ltr'><strong>mari</strong></span> <span class='ocrx_word' id='word_1_709' title='bbox 2830 855 2884 900; x_wconf 91' lang='lat' dir='ltr'><strong>et</strong></span> <span class='ocrx_word' id='word_1_710' title='bbox 2907 847 2972 918; x_wconf 80' lang='lat' dir='ltr'><strong>in</strong></span> <span class='ocrx_word' id='word_1_711' title='bbox 3020 847 3268 901; x_wconf 90' lang='lat' dir='ltr'><strong>omnibus</strong></span> <span class='ocrx_word' id='word_1_712' title='bbox 3314 847 3558 918; x_wconf 82' lang='lat' dir='ltr'><strong>abyssis,</strong></span> <span class='ocrx_word' id='word_1_713' title='bbox 3609 858 3665 903; x_wconf 90' lang='lat' dir='ltr'><strong>et</strong></span> <span class='ocrx_word' id='word_1_714' title='bbox 3710 865 3802 906; x_wconf 87' lang='lat' dir='ltr'><strong>me</strong></span> <span class='ocrx_word' id='word_1_715' title='bbox 3843 847 3886 918; x_wconf 47' lang='grc' dir='ltr'><strong>ξε</strong></span> 
     </span>
    </p>
   </div>
   <div class='ocr_carea' id='block_1_86' title="bbox 2201 914 3803 986">
    <p class='ocr_par' dir='ltr' id='par_1_86' title="bbox 2201 914 3803 986">
     <span class='ocr_line' id='line_1_88' title="bbox 2201 914 3803 986; baseline 0.004 -17"><span class='ocrx_word' id='word_1_716' title='bbox 2201 914 2338 970; x_wconf 88' lang='lat' dir='ltr'><strong>inter</strong></span> <span class='ocrx_word' id='word_1_717' title='bbox 2392 918 2605 983; x_wconf 90' lang='lat' dir='ltr'><strong>omnia,</strong></span> <span class='ocrx_word' id='word_1_718' title='bbox 2655 917 2790 972; x_wconf 89' lang='lat' dir='ltr'><strong>sicut</strong></span> <span class='ocrx_word' id='word_1_719' title='bbox 2836 917 3030 983; x_wconf 90' lang='lat' dir='ltr'><strong>voluit,</strong></span> <span class='ocrx_word' id='word_1_720' title='bbox 3077 918 3251 986; x_wconf 90' lang='lat' dir='ltr'><strong>potuit</strong></span> <span class='ocrx_word' id='word_1_721' title='bbox 3306 927 3360 971; x_wconf 90' lang='lat' dir='ltr'><strong>et</strong></span> <span class='ocrx_word' id='word_1_722' title='bbox 3386 914 3576 973; x_wconf 65' lang='lat' dir='ltr'><strong>&#39;scivit.</strong></span> <span class='ocrx_word' id='word_1_723' title='bbox 3620 919 3803 975; x_wconf 86' lang='lat' dir='ltr'><strong>Potuit</strong></span> 
     </span>
    </p>
   </div>
   <div class='ocr_carea' id='block_1_87' title="bbox 2201 986 3799 1058">
    <p class='ocr_par' dir='ltr' id='par_1_87' title="bbox 2201 986 3799 1058">
     <span class='ocr_line' id='line_1_89' title="bbox 2201 986 3799 1058; baseline 0.005 -22"><span class='ocrx_word' id='word_1_724' title='bbox 2201 986 2413 1055; x_wconf 89' lang='lat' dir='ltr'><strong>quidem</strong></span> <span class='ocrx_word' id='word_1_725' title='bbox 2447 1003 2634 1042; x_wconf 90' lang='lat' dir='ltr'><strong>manus</strong></span> <span class='ocrx_word' id='word_1_726' title='bbox 2661 997 2769 1049; x_wconf 82' lang='lat' dir='ltr'><strong>tua.</strong></span> <span class='ocrx_word' id='word_1_727' title='bbox 2801 987 3042 1052; x_wconf 88' lang='lat' dir='ltr'><strong>Domine,</strong></span> <span class='ocrx_word' id='word_1_728' title='bbox 3063 1004 3162 1058; x_wconf 86' lang='lat' dir='ltr'><strong>me</strong></span> <span class='ocrx_word' id='word_1_729' title='bbox 3190 988 3444 1056; x_wconf 89' lang='lat' dir='ltr'><strong>lapidem,</strong></span> <span class='ocrx_word' id='word_1_730' title='bbox 3492 990 3575 1043; x_wconf 89' lang='lat' dir='ltr'><strong>vel</strong></span> <span class='ocrx_word' id='word_1_731' title='bbox 3616 1005 3799 1058; x_wconf 86' lang='lat' dir='ltr'><strong>avem,</strong></span> 
     </span>
    </p>
   </div>
   <div class='ocr_carea' id='block_1_88' title="bbox 3817 847 3887 1034">
    <p class='ocr_par' dir='ltr' id='par_1_88' title="bbox 3817 847 3887 1034">
     <span class='ocr_line' id='line_1_90' title="bbox 3835 847 3887 942; baseline 0.115 -6"><span class='ocrx_word' id='word_1_732' title='bbox 3835 847 3887 942; x_wconf 56' lang='grc' dir='ltr'><strong>,δέ</strong></span> 
     </span>
     <span class='ocr_line' id='line_1_91' title="bbox 3817 940 3887 1034; baseline 0 -20"><span class='ocrx_word' id='word_1_733' title='bbox 3817 940 3887 1034; x_wconf 72' lang='lat' dir='ltr'><strong>ts</strong></span> 
     </span>
    </p>
   </div>
   <div class='ocr_carea' id='block_1_89' title="bbox 2206 1057 3878 1128">
    <p class='ocr_par' dir='ltr' id='par_1_89' title="bbox 2206 1057 3878 1128">
     <span class='ocr_line' id='line_1_92' title="bbox 2206 1057 3878 1128; baseline 0.003 -18"><span class='ocrx_word' id='word_1_734' title='bbox 2206 1058 2292 1128; x_wconf 83' lang='lat' dir='ltr'><strong>vel</strong></span> <span class='ocrx_word' id='word_1_735' title='bbox 2318 1069 2620 1126; x_wconf 88' lang='lat' dir='ltr'><strong>serpentem</strong></span> <span class='ocrx_word' id='word_1_736' title='bbox 2652 1059 2733 1113; x_wconf 81' lang='lat' dir='ltr'><strong>vel</strong></span> <span class='ocrx_word' id='word_1_737' title='bbox 2766 1058 2993 1112; x_wconf 89' lang='lat' dir='ltr'><strong>belluam</strong></span> <span class='ocrx_word' id='word_1_738' title='bbox 3026 1057 3256 1128; x_wconf 90' lang='lat' dir='ltr'><strong>aliquam</strong></span> <span class='ocrx_word' id='word_1_739' title='bbox 3278 1066 3565 1125; x_wconf 85' lang='lat' dir='ltr'><strong>creare,&#39;et</strong></span> <span class='ocrx_word' id='word_1_740' title='bbox 3590 1059 3750 1114; x_wconf 84' lang='lat' dir='ltr'><strong>scivit</strong></span> <span class='ocrx_word' id='word_1_741' title='bbox 3783 1057 3801 1115; x_wconf 68' lang='grc' dir='ltr'><em>ὲ</em></span> <span class='ocrx_word' id='word_1_742' title='bbox 3869 1093 3878 1100; x_wconf 90' lang='grc'><strong>-</strong></span> 
     </span>
    </p>
   </div>
   <div class='ocr_carea' id='block_1_90' title="bbox 2202 1127 3803 1199">
    <p class='ocr_par' dir='ltr' id='par_1_90' title="bbox 2202 1127 3803 1199">
     <span class='ocr_line' id='line_1_93' title="bbox 2202 1127 3803 1199; baseline 0.004 -20"><span class='ocrx_word' id='word_1_743' title='bbox 2202 1127 2301 1199; x_wconf 11' lang='lat' dir='ltr'><strong>sed,</strong></span> <span class='ocrx_word' id='word_1_744' title='bbox 2341 1129 2506 1182; x_wconf 89' lang='lat' dir='ltr'><strong>noluit</strong></span> <span class='ocrx_word' id='word_1_745' title='bbox 2542 1139 2754 1199; x_wconf 80' lang='lat' dir='ltr'><strong>propter</strong></span> <span class='ocrx_word' id='word_1_746' title='bbox 2780 1144 2930 1183; x_wconf 86' lang='lat' dir='ltr'><strong>suam</strong></span> <span class='ocrx_word' id='word_1_747' title='bbox 2961 1127 3268 1182; x_wconf 85' lang='lat' dir='ltr'><strong>bonitatem.</strong></span> <span class='ocrx_word' id='word_1_748' title='bbox 3316 1129 3493 1196; x_wconf 88' lang='lat' dir='ltr'><strong>Quare</strong></span> <span class='ocrx_word' id='word_1_749' title='bbox 3537 1145 3637 1199; x_wconf 86' lang='lat' dir='ltr'><strong>ego</strong></span> <span class='ocrx_word' id='word_1_750' title='bbox 3694 1146 3803 1186; x_wconf 91' lang='lat' dir='ltr'><strong>non</strong></span> 
     </span>
    </p>
   </div>
   <div class='ocr_carea' id='block_1_91' title="bbox 2203 1197 3800 1270">
    <p class='ocr_par' dir='ltr' id='par_1_91' title="bbox 2203 1197 3800 1270">
     <span class='ocr_line' id='line_1_94' title="bbox 2203 1197 3800 1270; baseline 0.003 -19"><span class='ocrx_word' id='word_1_751' title='bbox 2203 1197 2356 1270; x_wconf 80' lang='lat' dir='ltr'><strong>lapis,</strong></span> <span class='ocrx_word' id='word_1_752' title='bbox 2385 1201 2464 1252; x_wconf 91' lang='lat' dir='ltr'><strong>vel</strong></span> <span class='ocrx_word' id='word_1_753' title='bbox 2490 1197 2668 1255; x_wconf 73' lang='lat' dir='ltr'><strong>arbor.</strong></span> <span class='ocrx_word' id='word_1_754' title='bbox 2699 1201 2780 1254; x_wconf 76' lang='lat' dir='ltr'><strong>vel</strong></span> <span class='ocrx_word' id='word_1_755' title='bbox 2822 1199 2993 1270; x_wconf 90' lang='lat' dir='ltr'><strong>aliqua</strong></span> <span class='ocrx_word' id='word_1_756' title='bbox 3036 1199 3233 1254; x_wconf 87' lang='lat' dir='ltr'><strong>bellua?</strong></span> <span class='ocrx_word' id='word_1_757' title='bbox 3258 1199 3390 1266; x_wconf 85' lang='lat' dir='ltr'><strong>Quia</strong></span> <span class='ocrx_word' id='word_1_758' title='bbox 3425 1197 3800 1256; x_wconf 49' lang='lat' dir='ltr'><strong>sic&#39;ordinavit</strong></span> 
     </span>
    </p>
   </div>
   <div class='ocr_carea' id='block_1_92' title="bbox 2201 1267 3805 1350">
    <p class='ocr_par' dir='ltr' id='par_1_92' title="bbox 2201 1267 3805 1350">
     <span class='ocr_line' id='line_1_95' title="bbox 2201 1267 3805 1350; baseline 0.004 -28"><span class='ocrx_word' id='word_1_759' title='bbox 2201 1267 2409 1350; x_wconf 73' lang='lat' dir='ltr'><strong>bonitas</strong></span> <span class='ocrx_word' id='word_1_760' title='bbox 2434 1280 2539 1324; x_wconf 89' lang='lat' dir='ltr'><strong>tua.</strong></span> <span class='ocrx_word' id='word_1_761' title='bbox 2559 1271 2627 1325; x_wconf 82' lang='lat' dir='ltr'><strong>Et</strong></span> <span class='ocrx_word' id='word_1_762' title='bbox 2642 1282 2698 1326; x_wconf 92' lang='lat' dir='ltr'><strong>ut</strong></span> <span class='ocrx_word' id='word_1_763' title='bbox 2718 1271 2818 1326; x_wconf 91' lang='lat' dir='ltr'><strong>hoc</strong></span> <span class='ocrx_word' id='word_1_764' title='bbox 2833 1267 3124 1336; x_wconf 86' lang='lat' dir='ltr'><strong>ordinaret,</strong></span> <span class='ocrx_word' id='word_1_765' title='bbox 3142 1285 3248 1325; x_wconf 90' lang='lat' dir='ltr'><strong>non</strong></span> <span class='ocrx_word' id='word_1_766' title='bbox 3275 1284 3662 1342; x_wconf 79' lang='lat' dir='ltr'><strong>przecesseruut</strong></span> <span class='ocrx_word' id='word_1_767' title='bbox 3688 1287 3805 1329; x_wconf 85' lang='lat' dir='ltr'><strong>me—</strong></span> 
     </span>
    </p>
   </div>
   <div class='ocr_carea' id='block_1_93' title="bbox 2202 1347 2454 1394">
    <p class='ocr_par' dir='ltr' id='par_1_93' title="bbox 2202 1347 2454 1394">
     <span class='ocr_line' id='line_1_96' title="bbox 2202 1347 2454 1394; baseline 0 -1"><span class='ocrx_word' id='word_1_768' title='bbox 2202 1347 2454 1394; x_wconf 67' lang='lat' dir='ltr'><strong>numm.</strong></span> 
     </span>
    </p>
   </div>
   <div class='ocr_carea' id='block_1_94' title="bbox 2275 1411 3799 1483">
    <p class='ocr_par' dir='ltr' id='par_1_94' title="bbox 2275 1411 3799 1483">
     <span class='ocr_line' id='line_1_97' title="bbox 2275 1411 3799 1483; baseline 0.005 -22"><span class='ocrx_word' id='word_1_769' title='bbox 2275 1411 2500 1483; x_wconf 60' lang='lat' dir='ltr'><strong>CAPUT</strong></span> <span class='ocrx_word' id='word_1_770' title='bbox 2529 1411 2596 1466; x_wconf 81' lang='grc' dir='ltr'><strong>Χ.</strong></span> <span class='ocrx_word' id='word_1_771' title='bbox 2643 1411 2810 1467; x_wconf 86' lang='lat' dir='ltr'><strong>Homo</strong></span> <span class='ocrx_word' id='word_1_772' title='bbox 2835 1413 3141 1483; x_wconf 75' lang='lat' dir='ltr'><strong>insuﬂiciens</strong></span> <span class='ocrx_word' id='word_1_773' title='bbox 3165 1411 3234 1465; x_wconf 87' lang='lat' dir='ltr'><strong>ad</strong></span> <span class='ocrx_word' id='word_1_774' title='bbox 3259 1411 3574 1483; x_wconf 73' lang='lat' dir='ltr'><strong>laudandum</strong></span> <span class='ocrx_word' id='word_1_775' title='bbox 3607 1411 3799 1468; x_wconf 75' lang='lat' dir='ltr'><strong>Deum.</strong></span> 
     </span>
    </p>
   </div>
   <div class='ocr_carea' id='block_1_95' title="bbox 2209 1481 3802 1548">
    <p class='ocr_par' dir='ltr' id='par_1_95' title="bbox 2209 1481 3802 1548">
     <span class='ocr_line' id='line_1_98' title="bbox 2209 1481 3802 1548; baseline 0.004 -16"><span class='ocrx_word' id='word_1_776' title='bbox 2209 1481 2334 1548; x_wconf 84' lang='lat' dir='ltr'><strong>Quis</strong></span> <span class='ocrx_word' id='word_1_777' title='bbox 2363 1481 2524 1536; x_wconf 83' lang='lat' dir='ltr'><strong>Deum</strong></span> <span class='ocrx_word' id='word_1_778' title='bbox 2567 1484 2754 1536; x_wconf 76' lang='lat' dir='ltr'><strong>laudet.</strong></span> <span class='ocrx_word' id='word_1_779' title='bbox 2787 1483 2921 1538; x_wconf 86' lang='lat' dir='ltr'><strong>Laus</strong></span> <span class='ocrx_word' id='word_1_780' title='bbox 2949 1481 3165 1536; x_wconf 70' lang='lat' dir='ltr'><strong>hominis</strong></span> <span class='ocrx_word' id='word_1_781' title='bbox 3208 1498 3343 1537; x_wconf 81' lang='lat' dir='ltr'><strong>vera.</strong></span> <span class='ocrx_word' id='word_1_782' title='bbox 3376 1482 3599 1537; x_wconf 81' lang='lat' dir='ltr'><strong>Rursum</strong></span> <span class='ocrx_word' id='word_1_783' title='bbox 3627 1486 3690 1537; x_wconf 87' lang='lat' dir='ltr'><strong>de</strong></span> <span class='ocrx_word' id='word_1_784' title='bbox 3715 1485 3802 1538; x_wconf 67' lang='lat' dir='ltr'><strong>iut-</strong></span> 
     </span>
    </p>
   </div>
   <div class='ocr_carea' id='block_1_96' title="bbox 2203 1552 3806 1622">
    <p class='ocr_par' dir='ltr' id='par_1_96' title="bbox 2203 1552 3806 1622">
     <span class='ocr_line' id='line_1_99' title="bbox 2203 1552 3806 1622; baseline 0.004 -19"><span class='ocrx_word' id='word_1_785' title='bbox 2203 1552 2500 1622; x_wconf 75' lang='lat' dir='ltr'><strong>suﬂicientia</strong></span> <span class='ocrx_word' id='word_1_786' title='bbox 2548 1554 2615 1606; x_wconf 81' lang='lat' dir='ltr'><strong>ad</strong></span> <span class='ocrx_word' id='word_1_787' title='bbox 2666 1555 2868 1609; x_wconf 84' lang='lat' dir='ltr'><strong>laudem</strong></span> <span class='ocrx_word' id='word_1_788' title='bbox 2915 1554 3033 1608; x_wconf 86' lang='lat' dir='ltr'><strong>Dei.</strong></span> <span class='ocrx_word' id='word_1_789' title='bbox 3088 1552 3235 1607; x_wconf 83' lang='lat' dir='ltr'><strong>Unde</strong></span> <span class='ocrx_word' id='word_1_790' title='bbox 3282 1555 3599 1622; x_wconf 83' lang='lat' dir='ltr'><strong>suppleatur.</strong></span> <span class='ocrx_word' id='word_1_791' title='bbox 3646 1554 3806 1610; x_wconf 85' lang='lat' dir='ltr'><strong>Unde</strong></span> 
     </span>
    </p>
   </div>
   <div class='ocr_carea' id='block_1_97' title="bbox 2206 1621 3806 1682">
    <p class='ocr_par' dir='ltr' id='par_1_97' title="bbox 2206 1621 3806 1682">
     <span class='ocr_line' id='line_1_100' title="bbox 2206 1621 3806 1682; baseline 0.002 -7"><span class='ocrx_word' id='word_1_792' title='bbox 2206 1621 2308 1676; x_wconf 88' lang='lat' dir='ltr'><strong>hoc</strong></span> <span class='ocrx_word' id='word_1_793' title='bbox 2339 1624 2465 1677; x_wconf 90' lang='lat' dir='ltr'><strong>tnihi</strong></span> <span class='ocrx_word' id='word_1_794' title='bbox 2486 1665 2500 1682; x_wconf 94' lang='lat'><strong>.</strong></span> <span class='ocrx_word' id='word_1_795' title='bbox 2537 1625 2795 1680; x_wconf 80' lang='lat' dir='ltr'><strong>Domine?</strong></span> <span class='ocrx_word' id='word_1_796' title='bbox 2825 1625 2963 1678; x_wconf 90' lang='lat' dir='ltr'><strong>unde</strong></span> <span class='ocrx_word' id='word_1_797' title='bbox 2992 1625 3120 1678; x_wconf 90' lang='lat' dir='ltr'><strong>mihi</strong></span> <span class='ocrx_word' id='word_1_798' title='bbox 3151 1621 3431 1678; x_wconf 31' lang='lat' dir='ltr'><strong>laudes&#39;ad</strong></span> <span class='ocrx_word' id='word_1_799' title='bbox 3475 1624 3806 1679; x_wconf 77' lang='lat' dir='ltr'><strong>laudandum</strong></span> 
     </span>
    </p>
   </div>
   <div class='ocr_carea' id='block_1_98' title="bbox 2207 1693 3807 1762">
    <p class='ocr_par' dir='ltr' id='par_1_98' title="bbox 2207 1693 3807 1762">
     <span class='ocr_line' id='line_1_101' title="bbox 2207 1693 3807 1762; baseline 0.002 -16"><span class='ocrx_word' id='word_1_800' title='bbox 2207 1693 2304 1747; x_wconf 70' lang='lat' dir='ltr'><strong>te?</strong></span> <span class='ocrx_word' id='word_1_801' title='bbox 2339 1693 2484 1749; x_wconf 89' lang='lat' dir='ltr'><strong>Sicut</strong></span> <span class='ocrx_word' id='word_1_802' title='bbox 2517 1695 2684 1750; x_wconf 80' lang='lat' dir='ltr'><strong>fecisti</strong></span> <span class='ocrx_word' id='word_1_803' title='bbox 2717 1713 2800 1749; x_wconf 90' lang='lat' dir='ltr'><strong>me</strong></span> <span class='ocrx_word' id='word_1_804' title='bbox 2835 1697 2958 1754; x_wconf 85' lang='lat' dir='ltr'><strong>sine</strong></span> <span class='ocrx_word' id='word_1_805' title='bbox 2983 1711 3069 1750; x_wconf 89' lang='lat' dir='ltr'><strong>me</strong></span> <span class='ocrx_word' id='word_1_806' title='bbox 3093 1736 3107 1756; x_wconf 95' lang='lat'><strong>,</strong></span> <span class='ocrx_word' id='word_1_807' title='bbox 3153 1696 3291 1749; x_wconf 85' lang='lat' dir='ltr'><strong>sicut</strong></span> <span class='ocrx_word' id='word_1_808' title='bbox 3323 1695 3517 1762; x_wconf 82' lang='lat' dir='ltr'><strong>placuit</strong></span> <span class='ocrx_word' id='word_1_809' title='bbox 3559 1706 3684 1749; x_wconf 87' lang='lat' dir='ltr'><strong>ante</strong></span> <span class='ocrx_word' id='word_1_810' title='bbox 3713 1705 3807 1760; x_wconf 87' lang='lat' dir='ltr'><strong>te;</strong></span> 
     </span>
    </p>
   </div>
   <div class='ocr_carea' id='block_1_99' title="bbox 2207 1763 3806 1833">
    <p class='ocr_par' dir='ltr' id='par_1_99' title="bbox 2207 1763 3806 1833">
     <span class='ocr_line' id='line_1_102' title="bbox 2207 1763 3806 1833; baseline 0.001 -16"><span class='ocrx_word' id='word_1_811' title='bbox 2207 1763 2278 1817; x_wconf 86' lang='lat' dir='ltr'><strong>ita</strong></span> <span class='ocrx_word' id='word_1_812' title='bbox 2307 1764 2418 1818; x_wconf 89' lang='lat' dir='ltr'><strong>laus</strong></span> <span class='ocrx_word' id='word_1_813' title='bbox 2463 1766 2555 1820; x_wconf 90' lang='lat' dir='ltr'><strong>tibi</strong></span> <span class='ocrx_word' id='word_1_814' title='bbox 2602 1768 2822 1820; x_wconf 87' lang='lat' dir='ltr'><strong>estsine</strong></span> <span class='ocrx_word' id='word_1_815' title='bbox 2865 1781 2982 1830; x_wconf 85' lang='lat' dir='ltr'><strong>me,</strong></span> <span class='ocrx_word' id='word_1_816' title='bbox 3033 1765 3169 1819; x_wconf 87' lang='lat' dir='ltr'><strong>sicut</strong></span> <span class='ocrx_word' id='word_1_817' title='bbox 3212 1766 3509 1833; x_wconf 86' lang='lat' dir='ltr'><strong>complacet</strong></span> <span class='ocrx_word' id='word_1_818' title='bbox 3550 1777 3674 1820; x_wconf 83' lang='lat' dir='ltr'><strong>ante</strong></span> <span class='ocrx_word' id='word_1_819' title='bbox 3725 1775 3806 1819; x_wconf 85' lang='lat' dir='ltr'><strong>te.</strong></span> 
     </span>
    </p>
   </div>
   <div class='ocr_carea' id='block_1_100' title="bbox 2207 1833 3807 1905">
    <p class='ocr_par' dir='ltr' id='par_1_100' title="bbox 2207 1833 3807 1905">
     <span class='ocr_line' id='line_1_103' title="bbox 2207 1833 3807 1905; baseline 0.001 -17"><span class='ocrx_word' id='word_1_820' title='bbox 2207 1833 2348 1888; x_wconf 87' lang='lat' dir='ltr'><strong>Laus</strong></span> <span class='ocrx_word' id='word_1_821' title='bbox 2380 1845 2466 1889; x_wconf 91' lang='lat' dir='ltr'><strong>tua</strong></span> <span class='ocrx_word' id='word_1_822' title='bbox 2487 1876 2502 1902; x_wconf 91' lang='lat'><strong>,</strong></span> <span class='ocrx_word' id='word_1_823' title='bbox 2537 1837 2759 1892; x_wconf 90' lang='lat' dir='ltr'><strong>Domine</strong></span> <span class='ocrx_word' id='word_1_824' title='bbox 2779 1880 2792 1898; x_wconf 88' lang='lat'><strong>.</strong></span> <span class='ocrx_word' id='word_1_825' title='bbox 2827 1845 2880 1892; x_wconf 88' lang='grc' dir='ltr'><strong>ιιι</strong></span> <span class='ocrx_word' id='word_1_826' title='bbox 2913 1838 3026 1905; x_wconf 92' lang='lat' dir='ltr'><strong>ipse</strong></span> <span class='ocrx_word' id='word_1_827' title='bbox 3050 1851 3130 1890; x_wconf 91' lang='lat' dir='ltr'><strong>es.</strong></span> <span class='ocrx_word' id='word_1_828' title='bbox 3170 1836 3412 1890; x_wconf 88' lang='lat' dir='ltr'><strong>Laudent</strong></span> <span class='ocrx_word' id='word_1_829' title='bbox 3442 1844 3492 1890; x_wconf 91' lang='lat' dir='ltr'><strong>te</strong></span> <span class='ocrx_word' id='word_1_830' title='bbox 3519 1852 3682 1904; x_wconf 90' lang='lat' dir='ltr'><strong>opera</strong></span> <span class='ocrx_word' id='word_1_831' title='bbox 3712 1845 3807 1890; x_wconf 64' lang='lat' dir='ltr'><strong>tua</strong></span> 
     </span>
    </p>
   </div>
   <div class='ocr_carea' id='block_1_101' title="bbox 2209 1905 3803 1976">
    <p class='ocr_par' dir='ltr' id='par_1_101' title="bbox 2209 1905 3803 1976">
     <span class='ocr_line' id='line_1_104' title="bbox 2209 1905 3803 1976; baseline 0.001 -18"><span class='ocrx_word' id='word_1_832' title='bbox 2209 1906 2500 1976; x_wconf 83' lang='lat' dir='ltr'><strong>secundum</strong></span> <span class='ocrx_word' id='word_1_833' title='bbox 2529 1908 2916 1963; x_wconf 88' lang='lat' dir='ltr'><strong>multitudinem</strong></span> <span class='ocrx_word' id='word_1_834' title='bbox 2945 1907 3326 1976; x_wconf 87' lang='lat' dir='ltr'><strong>magnitudinis</strong></span> <span class='ocrx_word' id='word_1_835' title='bbox 3359 1919 3480 1960; x_wconf 77' lang='lat' dir='ltr'><strong>tute.</strong></span> <span class='ocrx_word' id='word_1_836' title='bbox 3515 1905 3654 1960; x_wconf 89' lang='lat' dir='ltr'><strong>Laus</strong></span> <span class='ocrx_word' id='word_1_837' title='bbox 3686 1917 3803 1972; x_wconf 80' lang='lat' dir='ltr'><strong>tua,</strong></span> 
     </span>
    </p>
   </div>
   <div class='ocr_carea' id='block_1_102' title="bbox 2208 1975 3810 2048">
    <p class='ocr_par' dir='ltr' id='par_1_102' title="bbox 2208 1975 3810 2048">
     <span class='ocr_line' id='line_1_105' title="bbox 2208 1975 3810 2048; baseline 0 -18"><span class='ocrx_word' id='word_1_838' title='bbox 2208 1975 2464 2048; x_wconf 79' lang='lat' dir='ltr'><strong>Domine,</strong></span> <span class='ocrx_word' id='word_1_839' title='bbox 2500 1975 3050 2048; x_wconf 85' lang='lat' dir='ltr'><strong>incomprehensibilis</strong></span> <span class='ocrx_word' id='word_1_840' title='bbox 3080 1988 3199 2041; x_wconf 90' lang='lat' dir='ltr'><strong>est;</strong></span> <span class='ocrx_word' id='word_1_841' title='bbox 3232 1977 3393 2031; x_wconf 87' lang='lat' dir='ltr'><strong>corde</strong></span> <span class='ocrx_word' id='word_1_842' title='bbox 3419 1992 3523 2030; x_wconf 92' lang='lat' dir='ltr'><strong>non</strong></span> <span class='ocrx_word' id='word_1_843' title='bbox 3554 1992 3810 2043; x_wconf 71' lang='lat' dir='ltr'><strong>compre-</strong></span> 
     </span>
    </p>
   </div>
   <div class='ocr_carea' id='block_1_103' title="bbox 2208 2044 3802 2116">
    <p class='ocr_par' dir='ltr' id='par_1_103' title="bbox 2208 2044 3802 2116">
     <span class='ocr_line' id='line_1_106' title="bbox 2208 2044 3802 2116; baseline 0.001 -16"><span class='ocrx_word' id='word_1_844' title='bbox 2208 2044 2478 2113; x_wconf 89' lang='lat' dir='ltr'><strong>henditur,</strong></span> <span class='ocrx_word' id='word_1_845' title='bbox 2508 2065 2601 2103; x_wconf 91' lang='lat' dir='ltr'><strong>ore</strong></span> <span class='ocrx_word' id='word_1_846' title='bbox 2634 2044 2738 2102; x_wconf 84' lang='lat' dir='ltr'><strong>non</strong></span> <span class='ocrx_word' id='word_1_847' title='bbox 2768 2059 3126 2113; x_wconf 86' lang='lat' dir='ltr'><strong>mensuratur,</strong></span> <span class='ocrx_word' id='word_1_848' title='bbox 3161 2062 3292 2102; x_wconf 89' lang='lat' dir='ltr'><strong>aure</strong></span> <span class='ocrx_word' id='word_1_849' title='bbox 3319 2064 3425 2102; x_wconf 92' lang='lat' dir='ltr'><strong>non</strong></span> <span class='ocrx_word' id='word_1_850' title='bbox 3457 2048 3748 2116; x_wconf 86' lang='lat' dir='ltr'><strong>percipitur</strong></span> <span class='ocrx_word' id='word_1_851' title='bbox 3783 2065 3802 2101; x_wconf 91' lang='lat'><strong>:</strong></span> 
     </span>
    </p>
   </div>
   <div class='ocr_carea' id='block_1_104' title="bbox 2249 2118 3802 2180">
    <p class='ocr_par' dir='ltr' id='par_1_104' title="bbox 2249 2118 3802 2180">
     <span class='ocr_line' id='line_1_107' title="bbox 2249 2118 3802 2180; baseline -0.001 -11"><span class='ocrx_word' id='word_1_852' title='bbox 2249 2118 2330 2170; x_wconf 93' lang='lat' dir='ltr'><strong>uia</strong></span> <span class='ocrx_word' id='word_1_853' title='bbox 2363 2119 2462 2172; x_wconf 83' lang='lat' dir='ltr'><strong>ista</strong></span> <span class='ocrx_word' id='word_1_854' title='bbox 2487 2128 2794 2180; x_wconf 86' lang='lat' dir='ltr'><strong>transeunt,</strong></span> <span class='ocrx_word' id='word_1_855' title='bbox 2826 2129 2881 2174; x_wconf 90' lang='lat' dir='ltr'><strong>et</strong></span> <span class='ocrx_word' id='word_1_856' title='bbox 2918 2119 3032 2173; x_wconf 90' lang='lat' dir='ltr'><strong>laus</strong></span> <span class='ocrx_word' id='word_1_857' title='bbox 3060 2129 3146 2172; x_wconf 89' lang='lat' dir='ltr'><strong>tua</strong></span> <span class='ocrx_word' id='word_1_858' title='bbox 3194 2128 3374 2173; x_wconf 89' lang='lat' dir='ltr'><strong>manet</strong></span> <span class='ocrx_word' id='word_1_859' title='bbox 3415 2119 3466 2172; x_wconf 92' lang='lat' dir='ltr'><strong>in</strong></span> <span class='ocrx_word' id='word_1_860' title='bbox 3513 2129 3802 2172; x_wconf 75' lang='lat' dir='ltr'><strong>aeternum.</strong></span> 
     </span>
    </p>
   </div>
   <div class='ocr_carea' id='block_1_105' title="bbox 2253 2189 3808 2260">
    <p class='ocr_par' dir='ltr' id='par_1_105' title="bbox 2253 2189 3808 2260">
     <span class='ocr_line' id='line_1_108' title="bbox 2253 2189 3808 2260; baseline -0.001 -19"><span class='ocrx_word' id='word_1_861' title='bbox 2253 2189 2470 2258; x_wconf 87' lang='lat' dir='ltr'><strong>ogitatio</strong></span> <span class='ocrx_word' id='word_1_862' title='bbox 2497 2190 2699 2260; x_wconf 90' lang='lat' dir='ltr'><strong>incipit,</strong></span> <span class='ocrx_word' id='word_1_863' title='bbox 2731 2191 2979 2260; x_wconf 88' lang='lat' dir='ltr'><strong>cogitatio</strong></span> <span class='ocrx_word' id='word_1_864' title='bbox 3008 2189 3221 2253; x_wconf 84' lang='lat' dir='ltr'><strong>ﬁnitur;</strong></span> <span class='ocrx_word' id='word_1_865' title='bbox 3248 2204 3348 2244; x_wconf 87' lang='lat' dir='ltr'><strong>vox</strong></span> <span class='ocrx_word' id='word_1_866' title='bbox 3371 2196 3524 2242; x_wconf 88' lang='lat' dir='ltr'><strong>sonat</strong></span> <span class='ocrx_word' id='word_1_867' title='bbox 3546 2197 3601 2242; x_wconf 91' lang='lat' dir='ltr'><strong>et</strong></span> <span class='ocrx_word' id='word_1_868' title='bbox 3630 2201 3808 2242; x_wconf 82' lang='lat' dir='ltr'><strong>trans-</strong></span> 
     </span>
    </p>
   </div>
   <div class='ocr_carea' id='block_1_106' title="bbox 2209 2257 3802 2326">
    <p class='ocr_par' dir='ltr' id='par_1_106' title="bbox 2209 2257 3802 2326">
     <span class='ocr_line' id='line_1_109' title="bbox 2209 2257 3802 2326; baseline -0.001 -14"><span class='ocrx_word' id='word_1_869' title='bbox 2209 2257 2456 2324; x_wconf 32' lang='lat' dir='ltr'><strong>it;’auris</strong></span> <span class='ocrx_word' id='word_1_870' title='bbox 2481 2257 2658 2326; x_wconf 80' lang='lat' dir='ltr'><strong>audit,</strong></span> <span class='ocrx_word' id='word_1_871' title='bbox 2691 2270 2745 2315; x_wconf 91' lang='lat' dir='ltr'><strong>et</strong></span> <span class='ocrx_word' id='word_1_872' title='bbox 2779 2257 2991 2314; x_wconf 74' lang='lat' dir='ltr'><strong>auditus</strong></span> <span class='ocrx_word' id='word_1_873' title='bbox 3035 2260 3310 2324; x_wconf 75' lang='lat' dir='ltr'><strong>desinit&#39;;</strong></span> <span class='ocrx_word' id='word_1_874' title='bbox 3361 2260 3476 2312; x_wconf 88' lang='lat' dir='ltr'><strong>laus</strong></span> <span class='ocrx_word' id='word_1_875' title='bbox 3525 2273 3654 2312; x_wconf 85' lang='lat' dir='ltr'><strong>vero</strong></span> <span class='ocrx_word' id='word_1_876' title='bbox 3707 2267 3802 2311; x_wconf 83' lang='lat' dir='ltr'><strong>tua</strong></span> 
     </span>
    </p>
   </div>
   <div class='ocr_carea' id='block_1_107' title="bbox 2211 2327 3808 2399">
    <p class='ocr_par' dir='ltr' id='par_1_107' title="bbox 2211 2327 3808 2399">
     <span class='ocr_line' id='line_1_110' title="bbox 2211 2327 3808 2399; baseline 0 -16"><span class='ocrx_word' id='word_1_877' title='bbox 2211 2328 2264 2383; x_wconf 92' lang='lat' dir='ltr'><strong>in</strong></span> <span class='ocrx_word' id='word_1_878' title='bbox 2290 2340 2547 2384; x_wconf 64' lang='lat' dir='ltr'><strong>aeternum</strong></span> <span class='ocrx_word' id='word_1_879' title='bbox 2577 2340 2698 2386; x_wconf 87' lang='lat' dir='ltr'><strong>stat.</strong></span> <span class='ocrx_word' id='word_1_880' title='bbox 2727 2332 2858 2398; x_wconf 86' lang='lat' dir='ltr'><strong>Quis</strong></span> <span class='ocrx_word' id='word_1_881' title='bbox 2901 2345 3030 2399; x_wconf 88' lang='lat' dir='ltr'><strong>ergo</strong></span> <span class='ocrx_word' id='word_1_882' title='bbox 3072 2337 3156 2384; x_wconf 90' lang='lat' dir='ltr'><strong>est</strong></span> <span class='ocrx_word' id='word_1_883' title='bbox 3199 2329 3288 2397; x_wconf 91' lang='lat' dir='ltr'><strong>qui</strong></span> <span class='ocrx_word' id='word_1_884' title='bbox 3340 2337 3392 2384; x_wconf 92' lang='lat' dir='ltr'><strong>te</strong></span> <span class='ocrx_word' id='word_1_885' title='bbox 3421 2327 3639 2383; x_wconf 88' lang='lat' dir='ltr'><strong>laudet?</strong></span> <span class='ocrx_word' id='word_1_886' title='bbox 3669 2329 3808 2396; x_wconf 86' lang='lat' dir='ltr'><strong>Quis</strong></span> 
     </span>
    </p>
   </div>
   <div class='ocr_carea' id='block_1_108' title="bbox 2211 2399 3801 2468">
    <p class='ocr_par' dir='ltr' id='par_1_108' title="bbox 2211 2399 3801 2468">
     <span class='ocr_line' id='line_1_111' title="bbox 2211 2399 3801 2468; baseline 0 -16"><span class='ocrx_word' id='word_1_887' title='bbox 2211 2399 2374 2455; x_wconf 90' lang='lat' dir='ltr'><strong>homo</strong></span> <span class='ocrx_word' id='word_1_888' title='bbox 2397 2403 2673 2456; x_wconf 88' lang='lat' dir='ltr'><strong>annuntict</strong></span> <span class='ocrx_word' id='word_1_889' title='bbox 2697 2402 2907 2456; x_wconf 89' lang='lat' dir='ltr'><strong>laudem</strong></span> <span class='ocrx_word' id='word_1_890' title='bbox 2930 2401 3116 2454; x_wconf 89' lang='lat' dir='ltr'><strong>tuam?</strong></span> <span class='ocrx_word' id='word_1_891' title='bbox 3141 2399 3279 2454; x_wconf 89' lang='lat' dir='ltr'><strong>Laus</strong></span> <span class='ocrx_word' id='word_1_892' title='bbox 3309 2407 3396 2454; x_wconf 92' lang='lat' dir='ltr'><strong>tua</strong></span> <span class='ocrx_word' id='word_1_893' title='bbox 3417 2411 3670 2468; x_wconf 90' lang='lat' dir='ltr'><strong>perpetua</strong></span> <span class='ocrx_word' id='word_1_894' title='bbox 3693 2407 3801 2464; x_wconf 90' lang='lat' dir='ltr'><strong>est,</strong></span> 
     </span>
    </p>
   </div>
   <div class='ocr_carea' id='block_1_109' title="bbox 2211 2469 3804 2551">
    <p class='ocr_par' dir='ltr' id='par_1_109' title="bbox 2211 2469 3804 2551">
     <span class='ocr_line' id='line_1_112' title="bbox 2211 2469 3804 2551; baseline -0.003 -25"><span class='ocrx_word' id='word_1_895' title='bbox 2211 2471 2514 2551; x_wconf 71' lang='lat' dir='ltr'><strong>transitoria</strong></span> <span class='ocrx_word' id='word_1_896' title='bbox 2540 2473 2907 2551; x_wconf 71' lang='lat' dir='ltr'><strong>non_est.__llic</strong></span> <span class='ocrx_word' id='word_1_897' title='bbox 2937 2480 2994 2551; x_wconf 77' lang='lat' dir='ltr'><strong>te</strong></span> <span class='ocrx_word' id='word_1_898' title='bbox 3021 2469 3232 2551; x_wconf 79' lang='lat' dir='ltr'><strong>laudat,</strong></span> <span class='ocrx_word' id='word_1_899' title='bbox 3261 2471 3350 2551; x_wconf 84' lang='lat' dir='ltr'><strong>qui</strong></span> <span class='ocrx_word' id='word_1_900' title='bbox 3399 2478 3450 2551; x_wconf 79' lang='lat' dir='ltr'><strong>t_e</strong></span> <span class='ocrx_word' id='word_1_901' title='bbox 3479 2470 3652 2538; x_wconf 91' lang='lat' dir='ltr'><strong>ipsum</strong></span> <span class='ocrx_word' id='word_1_902' title='bbox 3680 2469 3804 2551; x_wconf 60' lang='lat' dir='ltr'><strong>Ian:</strong></span> 
     </span>
    </p>
   </div>
   <div class='ocr_carea' id='block_1_110' title="bbox 2211 2539 3808 2610">
    <p class='ocr_par' dir='ltr' id='par_1_110' title="bbox 2211 2539 3808 2610">
     <span class='ocr_line' id='line_1_113' title="bbox 2211 2539 3808 2610; baseline -0.001 -14"><span class='ocrx_word' id='word_1_903' title='bbox 2211 2542 2334 2596; x_wconf 91' lang='lat' dir='ltr'><strong>dem</strong></span> <span class='ocrx_word' id='word_1_904' title='bbox 2367 2552 2506 2596; x_wconf 89' lang='lat' dir='ltr'><strong>tuam</strong></span> <span class='ocrx_word' id='word_1_905' title='bbox 2545 2543 2732 2598; x_wconf 90' lang='lat' dir='ltr'><strong>credit.</strong></span> <span class='ocrx_word' id='word_1_906' title='bbox 2766 2543 2865 2598; x_wconf 86' lang='lat' dir='ltr'><strong>Hic</strong></span> <span class='ocrx_word' id='word_1_907' title='bbox 2889 2549 2940 2596; x_wconf 88' lang='lat' dir='ltr'><strong>te</strong></span> <span class='ocrx_word' id='word_1_908' title='bbox 2967 2541 3181 2606; x_wconf 88' lang='lat' dir='ltr'><strong>laudat,</strong></span> <span class='ocrx_word' id='word_1_909' title='bbox 3211 2539 3298 2610; x_wconf 86' lang='lat' dir='ltr'><strong>qui</strong></span> <span class='ocrx_word' id='word_1_910' title='bbox 3327 2555 3385 2593; x_wconf 92' lang='lat' dir='ltr'><strong>se</strong></span> <span class='ocrx_word' id='word_1_911' title='bbox 3413 2541 3583 2608; x_wconf 92' lang='lat' dir='ltr'><strong>ipsum</strong></span> <span class='ocrx_word' id='word_1_912' title='bbox 3627 2539 3808 2594; x_wconf 80' lang='lat' dir='ltr'><strong>noscit</strong></span> 
     </span>
    </p>
   </div>
   <div class='ocr_carea' id='block_1_111' title="bbox 2211 2610 3804 2681">
    <p class='ocr_par' dir='ltr' id='par_1_111' title="bbox 2211 2610 3804 2681">
     <span class='ocr_line' id='line_1_114' title="bbox 2211 2610 3804 2681; baseline -0.003 -15"><span class='ocrx_word' id='word_1_913' title='bbox 2211 2612 2265 2666; x_wconf 88' lang='lat' dir='ltr'><strong>in</strong></span> <span class='ocrx_word' id='word_1_914' title='bbox 2296 2621 2438 2666; x_wconf 89' lang='lat' dir='ltr'><strong>tuam</strong></span> <span class='ocrx_word' id='word_1_915' title='bbox 2466 2613 2673 2668; x_wconf 88' lang='lat' dir='ltr'><strong>laudem</strong></span> <span class='ocrx_word' id='word_1_916' title='bbox 2697 2630 2800 2667; x_wconf 89' lang='lat' dir='ltr'><strong>non</strong></span> <span class='ocrx_word' id='word_1_917' title='bbox 2832 2626 2987 2681; x_wconf 90' lang='lat' dir='ltr'><strong>posse</strong></span> <span class='ocrx_word' id='word_1_918' title='bbox 3019 2613 3339 2681; x_wconf 90' lang='lat' dir='ltr'><strong>pertingere.</strong></span> <span class='ocrx_word' id='word_1_919' title='bbox 3361 2610 3498 2664; x_wconf 86' lang='lat' dir='ltr'><strong>Laus</strong></span> <span class='ocrx_word' id='word_1_920' title='bbox 3514 2619 3804 2680; x_wconf 87' lang='lat' dir='ltr'><strong>perpetua,</strong></span> 
     </span>
    </p>
   </div>
   <div class='ocr_carea' id='block_1_112' title="bbox 2212 2681 3810 2751">
    <p class='ocr_par' dir='ltr' id='par_1_112' title="bbox 2212 2681 3810 2751">
     <span class='ocr_line' id='line_1_115' title="bbox 2212 2681 3810 2751; baseline -0.001 -15"><span class='ocrx_word' id='word_1_921' title='bbox 2212 2697 2330 2751; x_wconf 69' lang='lat' dir='ltr'><strong>qure</strong></span> <span class='ocrx_word' id='word_1_922' title='bbox 2360 2699 2628 2750; x_wconf 87' lang='lat' dir='ltr'><strong>nunquam</strong></span> <span class='ocrx_word' id='word_1_923' title='bbox 2660 2684 2889 2750; x_wconf 89' lang='lat' dir='ltr'><strong>transis,</strong></span> <span class='ocrx_word' id='word_1_924' title='bbox 2923 2683 2976 2736; x_wconf 91' lang='lat' dir='ltr'><strong>in</strong></span> <span class='ocrx_word' id='word_1_925' title='bbox 3019 2694 3070 2738; x_wconf 92' lang='lat' dir='ltr'><strong>te</strong></span> <span class='ocrx_word' id='word_1_926' title='bbox 3098 2691 3180 2736; x_wconf 91' lang='lat' dir='ltr'><strong>est</strong></span> <span class='ocrx_word' id='word_1_927' title='bbox 3226 2682 3340 2751; x_wconf 89' lang='lat' dir='ltr'><strong>laus</strong></span> <span class='ocrx_word' id='word_1_928' title='bbox 3388 2692 3600 2744; x_wconf 86' lang='lat' dir='ltr'><strong>nostra,</strong></span> <span class='ocrx_word' id='word_1_929' title='bbox 3651 2681 3710 2751; x_wconf 84' lang='lat' dir='ltr'><strong>in</strong></span> <span class='ocrx_word' id='word_1_930' title='bbox 3746 2687 3810 2747; x_wconf 83' lang='lat' dir='ltr'><strong>te</strong></span> 
     </span>
    </p>
   </div>
   <div class='ocr_carea' id='block_1_113' title="bbox 2212 2750 3810 2808">
    <p class='ocr_par' dir='ltr' id='par_1_113' title="bbox 2212 2750 3810 2808">
     <span class='ocr_line' id='line_1_116' title="bbox 2212 2750 3810 2808; baseline -0.001 -2"><span class='ocrx_word' id='word_1_931' title='bbox 2212 2750 2510 2807; x_wconf 87' lang='lat' dir='ltr'><strong>laudabitur</strong></span> <span class='ocrx_word' id='word_1_932' title='bbox 2535 2755 2712 2808; x_wconf 89' lang='lat' dir='ltr'><strong>anima</strong></span> <span class='ocrx_word' id='word_1_933' title='bbox 2743 2770 2880 2808; x_wconf 90' lang='lat' dir='ltr'><strong>mea.</strong></span> <span class='ocrx_word' id='word_1_934' title='bbox 2912 2753 3025 2807; x_wconf 88' lang='lat' dir='ltr'><strong>Non</strong></span> <span class='ocrx_word' id='word_1_935' title='bbox 3056 2768 3153 2806; x_wconf 93' lang='lat' dir='ltr'><strong>nos</strong></span> <span class='ocrx_word' id='word_1_936' title='bbox 3177 2750 3457 2806; x_wconf 90' lang='lat' dir='ltr'><strong>laudamus</strong></span> <span class='ocrx_word' id='word_1_937' title='bbox 3495 2759 3547 2805; x_wconf 89' lang='lat' dir='ltr'><strong>te</strong></span> <span class='ocrx_word' id='word_1_938' title='bbox 3580 2769 3592 2804; x_wconf 92' lang='lat'>:</span> <span class='ocrx_word' id='word_1_939' title='bbox 3621 2750 3716 2804; x_wconf 89' lang='lat' dir='ltr'><strong>sed</strong></span> <span class='ocrx_word' id='word_1_940' title='bbox 3749 2759 3810 2804; x_wconf 86' lang='lat' dir='ltr'><strong>tu</strong></span> 
     </span>
    </p>
   </div>
   <div class='ocr_carea' id='block_1_114' title="bbox 2216 2821 3807 2891">
    <p class='ocr_par' dir='ltr' id='par_1_114' title="bbox 2216 2821 3807 2891">
     <span class='ocr_line' id='line_1_117' title="bbox 2216 2821 3807 2891; baseline 0 -15"><span class='ocrx_word' id='word_1_941' title='bbox 2216 2832 2266 2876; x_wconf 88' lang='lat' dir='ltr'><strong>te</strong></span> <span class='ocrx_word' id='word_1_942' title='bbox 2294 2863 2310 2888; x_wconf 89' lang='lat'><strong>,</strong></span> <span class='ocrx_word' id='word_1_943' title='bbox 2339 2834 2391 2877; x_wconf 91' lang='lat' dir='ltr'><strong>et</strong></span> <span class='ocrx_word' id='word_1_944' title='bbox 2419 2838 2512 2891; x_wconf 89' lang='lat' dir='ltr'><strong>per</strong></span> <span class='ocrx_word' id='word_1_945' title='bbox 2533 2833 2618 2890; x_wconf 90' lang='lat' dir='ltr'><strong>te,</strong></span> <span class='ocrx_word' id='word_1_946' title='bbox 2662 2835 2716 2880; x_wconf 89' lang='lat' dir='ltr'><strong>et</strong></span> <span class='ocrx_word' id='word_1_947' title='bbox 2740 2825 2792 2878; x_wconf 91' lang='lat' dir='ltr'><strong>in</strong></span> <span class='ocrx_word' id='word_1_948' title='bbox 2819 2836 2903 2889; x_wconf 88' lang='lat' dir='ltr'><strong>te;</strong></span> <span class='ocrx_word' id='word_1_949' title='bbox 2931 2833 2986 2878; x_wconf 91' lang='lat' dir='ltr'><strong>et</strong></span> <span class='ocrx_word' id='word_1_950' title='bbox 3030 2823 3182 2878; x_wconf 84' lang='lat' dir='ltr'><strong>nobis</strong></span> <span class='ocrx_word' id='word_1_951' title='bbox 3211 2823 3370 2877; x_wconf 88' lang='lat' dir='ltr'><strong>etiam</strong></span> <span class='ocrx_word' id='word_1_952' title='bbox 3397 2822 3514 2876; x_wconf 92' lang='lat' dir='ltr'><strong>laus</strong></span> <span class='ocrx_word' id='word_1_953' title='bbox 3537 2831 3620 2876; x_wconf 89' lang='lat' dir='ltr'><strong>est</strong></span> <span class='ocrx_word' id='word_1_954' title='bbox 3648 2821 3703 2874; x_wconf 91' lang='lat' dir='ltr'><strong>in</strong></span> <span class='ocrx_word' id='word_1_955' title='bbox 3728 2831 3807 2876; x_wconf 83' lang='lat' dir='ltr'><strong>te.</strong></span> 
     </span>
    </p>
   </div>
   <div class='ocr_carea' id='block_1_115' title="bbox 2213 2891 3806 2963">
    <p class='ocr_par' dir='ltr' id='par_1_115' title="bbox 2213 2891 3806 2963">
     <span class='ocr_line' id='line_1_118' title="bbox 2213 2891 3806 2963; baseline 0.001 -16"><span class='ocrx_word' id='word_1_956' title='bbox 2213 2893 2363 2947; x_wconf 88' lang='lat' dir='ltr'><strong>Tunc</strong></span> <span class='ocrx_word' id='word_1_957' title='bbox 2381 2910 2560 2948; x_wconf 88' lang='lat' dir='ltr'><strong>veram</strong></span> <span class='ocrx_word' id='word_1_958' title='bbox 2588 2895 2842 2949; x_wconf 90' lang='lat' dir='ltr'><strong>habemus</strong></span> <span class='ocrx_word' id='word_1_959' title='bbox 2870 2894 3078 2948; x_wconf 88' lang='lat' dir='ltr'><strong>laudem</strong></span> <span class='ocrx_word' id='word_1_960' title='bbox 3102 2935 3117 2958; x_wconf 91' lang='lat'><strong>,</strong></span> <span class='ocrx_word' id='word_1_961' title='bbox 3145 2892 3358 2963; x_wconf 88' lang='lat' dir='ltr'><strong>quando</strong></span> <span class='ocrx_word' id='word_1_962' title='bbox 3400 2908 3430 2945; x_wconf 89' lang='lat' dir='ltr'><strong>a</strong></span> <span class='ocrx_word' id='word_1_963' title='bbox 3459 2901 3510 2946; x_wconf 89' lang='lat' dir='ltr'><strong>te</strong></span> <span class='ocrx_word' id='word_1_964' title='bbox 3541 2891 3806 2948; x_wconf 84' lang='lat' dir='ltr'><strong>habemus</strong></span> 
     </span>
    </p>
   </div>
   <div class='ocr_carea' id='block_1_116' title="bbox 2215 2963 3808 3034">
    <p class='ocr_par' dir='ltr' id='par_1_116' title="bbox 2215 2963 3808 3034">
     <span class='ocr_line' id='line_1_119' title="bbox 2215 2963 3808 3034; baseline 0.002 -19"><span class='ocrx_word' id='word_1_965' title='bbox 2215 2963 2426 3034; x_wconf 73' lang='lat' dir='ltr'><strong>laudem</strong></span> <span class='ocrx_word' id='word_1_966' title='bbox 2452 3006 2467 3028; x_wconf 92' lang='lat'><strong>,</strong></span> <span class='ocrx_word' id='word_1_967' title='bbox 2497 2966 2708 3033; x_wconf 87' lang='lat' dir='ltr'><strong>quando</strong></span> <span class='ocrx_word' id='word_1_968' title='bbox 2740 2967 2827 3019; x_wconf 82' lang='lat' dir='ltr'><strong>lux</strong></span> <span class='ocrx_word' id='word_1_969' title='bbox 2855 2966 3118 3034; x_wconf 88' lang='lat' dir='ltr'><strong>approbat</strong></span> <span class='ocrx_word' id='word_1_970' title='bbox 3147 2965 3316 3018; x_wconf 90' lang='lat' dir='ltr'><strong>lucem</strong></span> <span class='ocrx_word' id='word_1_971' title='bbox 3342 2980 3357 3027; x_wconf 86' lang='lat'><strong>;</strong></span> <span class='ocrx_word' id='word_1_972' title='bbox 3405 2963 3526 3029; x_wconf 86' lang='lat' dir='ltr'><strong>quia</strong></span> <span class='ocrx_word' id='word_1_973' title='bbox 3575 2972 3631 3014; x_wconf 92' lang='lat' dir='ltr'><strong>tu</strong></span> <span class='ocrx_word' id='word_1_974' title='bbox 3675 2976 3808 3018; x_wconf 82' lang='lat' dir='ltr'><strong>vera</strong></span> 
     </span>
    </p>
   </div>
   <div class='ocr_carea' id='block_1_117' title="bbox 2213 3033 3810 3102">
    <p class='ocr_par' dir='ltr' id='par_1_117' title="bbox 2213 3033 3810 3102">
     <span class='ocr_line' id='line_1_120' title="bbox 2213 3033 3810 3102; baseline -0.001 -14"><span class='ocrx_word' id='word_1_975' title='bbox 2213 3033 2327 3088; x_wconf 88' lang='lat' dir='ltr'><strong>laus</strong></span> <span class='ocrx_word' id='word_1_976' title='bbox 2352 3051 2530 3089; x_wconf 85' lang='lat' dir='ltr'><strong>veram</strong></span> <span class='ocrx_word' id='word_1_977' title='bbox 2563 3035 2750 3090; x_wconf 87' lang='lat' dir='ltr'><strong>tribuis</strong></span> <span class='ocrx_word' id='word_1_978' title='bbox 2780 3033 3008 3089; x_wconf 88' lang='lat' dir='ltr'><strong>laudem.</strong></span> <span class='ocrx_word' id='word_1_979' title='bbox 3039 3035 3258 3102; x_wconf 89' lang='lat' dir='ltr'><strong>Quoties</strong></span> <span class='ocrx_word' id='word_1_980' title='bbox 3288 3034 3354 3087; x_wconf 90' lang='lat' dir='ltr'><strong>ab</strong></span> <span class='ocrx_word' id='word_1_981' title='bbox 3383 3035 3490 3087; x_wconf 92' lang='lat' dir='ltr'><strong>alio</strong></span> <span class='ocrx_word' id='word_1_982' title='bbox 3514 3047 3671 3102; x_wconf 90' lang='lat' dir='ltr'><strong>quam</strong></span> <span class='ocrx_word' id='word_1_983' title='bbox 3697 3047 3728 3085; x_wconf 89' lang='lat' dir='ltr'><strong>a</strong></span> <span class='ocrx_word' id='word_1_984' title='bbox 3752 3041 3810 3086; x_wconf 84' lang='lat' dir='ltr'><strong>te</strong></span> 
     </span>
    </p>
   </div>
   <div class='ocr_carea' id='block_1_118' title="bbox 2214 3103 3804 3174">
    <p class='ocr_par' dir='ltr' id='par_1_118' title="bbox 2214 3103 3804 3174">
     <span class='ocr_line' id='line_1_121' title="bbox 2214 3103 3804 3174; baseline -0.001 -17"><span class='ocrx_word' id='word_1_985' title='bbox 2214 3106 2500 3174; x_wconf 75' lang='lat' dir='ltr'><strong>quterimus</strong></span> <span class='ocrx_word' id='word_1_986' title='bbox 2529 3106 2771 3172; x_wconf 87' lang='lat' dir='ltr'><strong>laudem,</strong></span> <span class='ocrx_word' id='word_1_987' title='bbox 2805 3107 2960 3161; x_wconf 88' lang='lat' dir='ltr'><strong>toties</strong></span> <span class='ocrx_word' id='word_1_988' title='bbox 3006 3114 3153 3159; x_wconf 87' lang='lat' dir='ltr'><strong>tuam</strong></span> <span class='ocrx_word' id='word_1_989' title='bbox 3195 3104 3490 3159; x_wconf 89' lang='lat' dir='ltr'><strong>amittimus</strong></span> <span class='ocrx_word' id='word_1_990' title='bbox 3540 3103 3752 3156; x_wconf 89' lang='lat' dir='ltr'><strong>laudem</strong></span> <span class='ocrx_word' id='word_1_991' title='bbox 3786 3119 3804 3156; x_wconf 90' lang='lat'>:</span> 
     </span>
    </p>
   </div>
   <div class='ocr_carea' id='block_1_119' title="bbox 2213 3174 3807 3246">
    <p class='ocr_par' dir='ltr' id='par_1_119' title="bbox 2213 3174 3807 3246">
     <span class='ocr_line' id='line_1_122' title="bbox 2213 3174 3807 3246; baseline 0.001 -19"><span class='ocrx_word' id='word_1_992' title='bbox 2213 3177 2335 3246; x_wconf 89' lang='lat' dir='ltr'><strong>quia</strong></span> <span class='ocrx_word' id='word_1_993' title='bbox 2363 3176 2447 3229; x_wconf 90' lang='lat' dir='ltr'><strong>illa</strong></span> <span class='ocrx_word' id='word_1_994' title='bbox 2482 3177 2784 3230; x_wconf 87' lang='lat' dir='ltr'><strong>transitoria</strong></span> <span class='ocrx_word' id='word_1_995' title='bbox 2813 3185 2894 3230; x_wconf 90' lang='lat' dir='ltr'><strong>est</strong></span> <span class='ocrx_word' id='word_1_996' title='bbox 2914 3219 2929 3244; x_wconf 89' lang='lat'><strong>,</strong></span> <span class='ocrx_word' id='word_1_997' title='bbox 2961 3176 3054 3231; x_wconf 88' lang='lat' dir='ltr'><strong>sed</strong></span> <span class='ocrx_word' id='word_1_998' title='bbox 3083 3185 3169 3229; x_wconf 90' lang='lat' dir='ltr'><strong>tua</strong></span> <span class='ocrx_word' id='word_1_999' title='bbox 3215 3184 3434 3229; x_wconf 65' lang='lat' dir='ltr'><strong>aeterna.</strong></span> <span class='ocrx_word' id='word_1_1000' title='bbox 3464 3174 3518 3229; x_wconf 90' lang='lat' dir='ltr'><strong>Si</strong></span> <span class='ocrx_word' id='word_1_1001' title='bbox 3549 3174 3807 3228; x_wconf 57' lang='lat' dir='ltr'><strong>transito-</strong></span> 
     </span>
    </p>
   </div>
   <div class='ocr_carea' id='block_1_120' title="bbox 2212 3246 3810 3316">
    <p class='ocr_par' dir='ltr' id='par_1_120' title="bbox 2212 3246 3810 3316">
     <span class='ocr_line' id='line_1_123' title="bbox 2212 3246 3810 3316; baseline -0.002 -15"><span class='ocrx_word' id='word_1_1002' title='bbox 2212 3247 2346 3301; x_wconf 85' lang='lat' dir='ltr'><strong>riam</strong></span> <span class='ocrx_word' id='word_1_1003' title='bbox 2377 3247 2697 3316; x_wconf 57' lang='lat' dir='ltr'><strong>quaerimus,</strong></span> <span class='ocrx_word' id='word_1_1004' title='bbox 2728 3256 2980 3302; x_wconf 66' lang='lat' dir='ltr'><strong>ualet-nam</strong></span> <span class='ocrx_word' id='word_1_1005' title='bbox 3011 3247 3323 3300; x_wconf 89' lang='lat' dir='ltr'><strong>amittimus.</strong></span> <span class='ocrx_word' id='word_1_1006' title='bbox 3351 3246 3406 3298; x_wconf 92' lang='lat' dir='ltr'><strong>Si</strong></span> <span class='ocrx_word' id='word_1_1007' title='bbox 3432 3255 3810 3316; x_wconf 62' lang='lat' dir='ltr'><strong>aeternamvo-</strong></span> 
     </span>
    </p>
   </div>
   <div class='ocr_carea' id='block_1_121' title="bbox 2215 3315 3803 3382">
    <p class='ocr_par' dir='ltr' id='par_1_121' title="bbox 2215 3315 3803 3382">
     <span class='ocr_line' id='line_1_124' title="bbox 2215 3315 3803 3382; baseline -0.001 -12"><span class='ocrx_word' id='word_1_1008' title='bbox 2215 3315 2423 3382; x_wconf 27' lang='lat' dir='ltr'><strong>lumus’,</strong></span> <span class='ocrx_word' id='word_1_1009' title='bbox 2455 3318 2809 3372; x_wconf 88' lang='lat' dir='ltr'><strong>transitoriam</strong></span> <span class='ocrx_word' id='word_1_1010' title='bbox 2834 3334 2940 3372; x_wconf 90' lang='lat' dir='ltr'><strong>non</strong></span> <span class='ocrx_word' id='word_1_1011' title='bbox 2968 3333 3227 3371; x_wconf 85' lang='lat' dir='ltr'><strong>amemus.</strong></span> <span class='ocrx_word' id='word_1_1012' title='bbox 3256 3316 3398 3370; x_wconf 88' lang='lat' dir='ltr'><strong>Laus</strong></span> <span class='ocrx_word' id='word_1_1013' title='bbox 3424 3325 3623 3370; x_wconf 71' lang='lat' dir='ltr'><strong>mterna</strong></span> <span class='ocrx_word' id='word_1_1014' title='bbox 3641 3358 3656 3379; x_wconf 88' lang='lat'><strong>,</strong></span> <span class='ocrx_word' id='word_1_1015' title='bbox 3694 3315 3803 3368; x_wconf 89' lang='lat' dir='ltr'><strong>Do-</strong></span> 
     </span>
    </p>
   </div>
   <div class='ocr_carea' id='block_1_122' title="bbox 2213 3385 3808 3458">
    <p class='ocr_par' dir='ltr' id='par_1_122' title="bbox 2213 3385 3808 3458">
     <span class='ocr_line' id='line_1_125' title="bbox 2213 3385 3808 3458; baseline -0.002 -16"><span class='ocrx_word' id='word_1_1016' title='bbox 2213 3391 2358 3442; x_wconf 90' lang='lat' dir='ltr'><strong>mine</strong></span> <span class='ocrx_word' id='word_1_1017' title='bbox 2389 3389 2530 3445; x_wconf 91' lang='lat' dir='ltr'><strong>Deus</strong></span> <span class='ocrx_word' id='word_1_1018' title='bbox 2570 3404 2720 3444; x_wconf 90' lang='lat' dir='ltr'><strong>meus</strong></span> <span class='ocrx_word' id='word_1_1019' title='bbox 2742 3430 2755 3451; x_wconf 89' lang='lat'><strong>,</strong></span> <span class='ocrx_word' id='word_1_1020' title='bbox 2785 3405 2812 3442; x_wconf 91' lang='lat' dir='ltr'><strong>a</strong></span> <span class='ocrx_word' id='word_1_1021' title='bbox 2840 3403 2947 3458; x_wconf 89' lang='lat' dir='ltr'><strong>quo</strong></span> <span class='ocrx_word' id='word_1_1022' title='bbox 2974 3391 3148 3442; x_wconf 88' lang='lat' dir='ltr'><strong>omnis</strong></span> <span class='ocrx_word' id='word_1_1023' title='bbox 3173 3390 3284 3440; x_wconf 91' lang='lat' dir='ltr'><strong>laus</strong></span> <span class='ocrx_word' id='word_1_1024' title='bbox 3305 3429 3320 3452; x_wconf 90' lang='lat'><strong>,</strong></span> <span class='ocrx_word' id='word_1_1025' title='bbox 3366 3389 3481 3442; x_wconf 87' lang='lat' dir='ltr'><strong>sine</strong></span> <span class='ocrx_word' id='word_1_1026' title='bbox 3509 3401 3615 3454; x_wconf 88' lang='lat' dir='ltr'><strong>quo</strong></span> <span class='ocrx_word' id='word_1_1027' title='bbox 3657 3385 3808 3439; x_wconf 83' lang='lat' dir='ltr'><strong>nulla</strong></span> 
     </span>
    </p>
   </div>
   <div class='ocr_carea' id='block_1_123' title="bbox 2213 3458 3802 3526">
    <p class='ocr_par' dir='ltr' id='par_1_123' title="bbox 2213 3458 3802 3526">
     <span class='ocr_line' id='line_1_126' title="bbox 2213 3458 3802 3526; baseline -0.003 -14"><span class='ocrx_word' id='word_1_1028' title='bbox 2213 3468 2296 3514; x_wconf 85' lang='lat' dir='ltr'><strong>est</strong></span> <span class='ocrx_word' id='word_1_1029' title='bbox 2320 3460 2462 3526; x_wconf 91' lang='lat' dir='ltr'><strong>laus,</strong></span> <span class='ocrx_word' id='word_1_1030' title='bbox 2492 3475 2598 3514; x_wconf 92' lang='lat' dir='ltr'><strong>non</strong></span> <span class='ocrx_word' id='word_1_1031' title='bbox 2625 3461 2774 3516; x_wconf 88' lang='lat' dir='ltr'><strong>valeo</strong></span> <span class='ocrx_word' id='word_1_1032' title='bbox 2798 3461 3016 3515; x_wconf 88' lang='lat' dir='ltr'><strong>laudare</strong></span> <span class='ocrx_word' id='word_1_1033' title='bbox 3047 3470 3097 3513; x_wconf 90' lang='lat' dir='ltr'><strong>te</strong></span> <span class='ocrx_word' id='word_1_1034' title='bbox 3127 3459 3242 3512; x_wconf 91' lang='lat' dir='ltr'><strong>sine</strong></span> <span class='ocrx_word' id='word_1_1035' title='bbox 3271 3466 3323 3511; x_wconf 91' lang='lat' dir='ltr'><strong>te</strong></span> <span class='ocrx_word' id='word_1_1036' title='bbox 3371 3475 3385 3510; x_wconf 85' lang='lat'><strong>:</strong></span> <span class='ocrx_word' id='word_1_1037' title='bbox 3434 3458 3658 3511; x_wconf 89' lang='lat' dir='ltr'><strong>habeam</strong></span> <span class='ocrx_word' id='word_1_1038' title='bbox 3708 3466 3760 3508; x_wconf 89' lang='lat' dir='ltr'><strong>te</strong></span> <span class='ocrx_word' id='word_1_1039' title='bbox 3783 3496 3802 3519; x_wconf 83' lang='lat'><strong><em>.</em></strong></span> 
     </span>
    </p>
   </div>
   <div class='ocr_carea' id='block_1_124' title="bbox 2214 3526 3806 3598">
    <p class='ocr_par' dir='ltr' id='par_1_124' title="bbox 2214 3526 3806 3598">
     <span class='ocr_line' id='line_1_127' title="bbox 2214 3526 3806 3598; baseline -0.002 -15"><span class='ocrx_word' id='word_1_1040' title='bbox 2214 3529 2444 3584; x_wconf 89' lang='lat' dir='ltr'><strong>laudabo</strong></span> <span class='ocrx_word' id='word_1_1041' title='bbox 2470 3538 2541 3585; x_wconf 88' lang='lat' dir='ltr'><strong>te.</strong></span> <span class='ocrx_word' id='word_1_1042' title='bbox 2574 3531 2700 3598; x_wconf 91' lang='lat' dir='ltr'><strong>Quis</strong></span> <span class='ocrx_word' id='word_1_1043' title='bbox 2727 3531 2868 3586; x_wconf 90' lang='lat' dir='ltr'><strong>enim</strong></span> <span class='ocrx_word' id='word_1_1044' title='bbox 2892 3546 2990 3598; x_wconf 85' lang='lat' dir='ltr'><strong>ego</strong></span> <span class='ocrx_word' id='word_1_1045' title='bbox 3016 3545 3132 3584; x_wconf 92' lang='lat' dir='ltr'><strong>sum</strong></span> <span class='ocrx_word' id='word_1_1046' title='bbox 3152 3571 3168 3595; x_wconf 92' lang='lat'><strong>,</strong></span> <span class='ocrx_word' id='word_1_1047' title='bbox 3198 3528 3421 3582; x_wconf 88' lang='lat' dir='ltr'><strong>Domine</strong></span> <span class='ocrx_word' id='word_1_1048' title='bbox 3441 3569 3455 3591; x_wconf 93' lang='lat'><strong>,</strong></span> <span class='ocrx_word' id='word_1_1049' title='bbox 3483 3543 3576 3596; x_wconf 89' lang='lat' dir='ltr'><strong>per</strong></span> <span class='ocrx_word' id='word_1_1050' title='bbox 3601 3542 3684 3580; x_wconf 91' lang='lat' dir='ltr'><strong>me</strong></span> <span class='ocrx_word' id='word_1_1051' title='bbox 3711 3526 3806 3594; x_wconf 87' lang='lat' dir='ltr'><strong>qui</strong></span> 
     </span>
    </p>
   </div>
   <div class='ocr_carea' id='block_1_125' title="bbox 2215 3599 3809 3669">
    <p class='ocr_par' dir='ltr' id='par_1_125' title="bbox 2215 3599 3809 3669">
     <span class='ocr_line' id='line_1_128' title="bbox 2215 3599 3809 3669; baseline -0.001 -17"><span class='ocrx_word' id='word_1_1052' title='bbox 2215 3600 2424 3654; x_wconf 89' lang='lat' dir='ltr'><strong>laudem</strong></span> <span class='ocrx_word' id='word_1_1053' title='bbox 2453 3609 2503 3655; x_wconf 90' lang='lat' dir='ltr'><strong>te</strong></span> <span class='ocrx_word' id='word_1_1054' title='bbox 2528 3601 2550 3652; x_wconf 88' lang='lat'><strong>?</strong></span> <span class='ocrx_word' id='word_1_1055' title='bbox 2572 3601 2751 3655; x_wconf 89' lang='lat' dir='ltr'><strong>Pulvis</strong></span> <span class='ocrx_word' id='word_1_1056' title='bbox 2779 3610 2832 3655; x_wconf 91' lang='lat' dir='ltr'><strong>et</strong></span> <span class='ocrx_word' id='word_1_1057' title='bbox 2855 3601 2988 3654; x_wconf 90' lang='lat' dir='ltr'><strong>cinis</strong></span> <span class='ocrx_word' id='word_1_1058' title='bbox 3013 3616 3110 3669; x_wconf 88' lang='lat' dir='ltr'><strong>ego</strong></span> <span class='ocrx_word' id='word_1_1059' title='bbox 3140 3615 3288 3664; x_wconf 91' lang='lat' dir='ltr'><strong>sum,</strong></span> <span class='ocrx_word' id='word_1_1060' title='bbox 3315 3599 3462 3652; x_wconf 88' lang='lat' dir='ltr'><strong>canis</strong></span> <span class='ocrx_word' id='word_1_1061' title='bbox 3485 3607 3724 3669; x_wconf 80' lang='lat' dir='ltr'><strong>mortuus</strong></span> <span class='ocrx_word' id='word_1_1062' title='bbox 3751 3604 3809 3650; x_wconf 84' lang='lat' dir='ltr'><strong>et;</strong></span> 
     </span>
    </p>
   </div>
   <div class='ocr_carea' id='block_1_126' title="bbox 2215 3667 3808 3742">
    <p class='ocr_par' dir='ltr' id='par_1_126' title="bbox 2215 3667 3808 3742">
     <span class='ocr_line' id='line_1_129' title="bbox 2215 3667 3808 3742; baseline -0.002 -18"><span class='ocrx_word' id='word_1_1063' title='bbox 2215 3669 2384 3726; x_wconf 85' lang='lat' dir='ltr'><strong>fetens</strong></span> <span class='ocrx_word' id='word_1_1064' title='bbox 2409 3686 2508 3742; x_wconf 87' lang='lat' dir='ltr'><strong>ego</strong></span> <span class='ocrx_word' id='word_1_1065' title='bbox 2534 3687 2650 3742; x_wconf 89' lang='lat' dir='ltr'><strong>sum</strong></span> <span class='ocrx_word' id='word_1_1066' title='bbox 2673 3713 2686 3737; x_wconf 91' lang='lat'><strong>,</strong></span> <span class='ocrx_word' id='word_1_1067' title='bbox 2716 3671 2913 3726; x_wconf 90' lang='lat' dir='ltr'><strong>vermis</strong></span> <span class='ocrx_word' id='word_1_1068' title='bbox 2941 3679 2994 3724; x_wconf 90' lang='lat' dir='ltr'><strong>et</strong></span> <span class='ocrx_word' id='word_1_1069' title='bbox 3020 3667 3242 3739; x_wconf 76' lang='lat' dir='ltr'><strong>putredo</strong></span> <span class='ocrx_word' id='word_1_1070' title='bbox 3262 3683 3360 3742; x_wconf 81' lang='lat' dir='ltr'><strong>ego</strong></span> <span class='ocrx_word' id='word_1_1071' title='bbox 3387 3684 3524 3742; x_wconf 87' lang='lat' dir='ltr'><strong>sum.</strong></span> <span class='ocrx_word' id='word_1_1072' title='bbox 3548 3667 3678 3733; x_wconf 93' lang='lat' dir='ltr'><strong>Quis</strong></span> <span class='ocrx_word' id='word_1_1073' title='bbox 3703 3681 3808 3742; x_wconf 75' lang='lat' dir='ltr'><strong>ego</strong></span> 
     </span>
    </p>
   </div>
   <div class='ocr_carea' id='block_1_127' title="bbox 2215 3738 3810 3808">
    <p class='ocr_par' dir='ltr' id='par_1_127' title="bbox 2215 3738 3810 3808">
     <span class='ocr_line' id='line_1_130' title="bbox 2215 3738 3810 3808; baseline -0.003 -13"><span class='ocrx_word' id='word_1_1074' title='bbox 2215 3755 2331 3795; x_wconf 90' lang='lat' dir='ltr'><strong>sum</strong></span> <span class='ocrx_word' id='word_1_1075' title='bbox 2353 3782 2366 3805; x_wconf 94' lang='lat'><strong>,</strong></span> <span class='ocrx_word' id='word_1_1076' title='bbox 2400 3738 2466 3796; x_wconf 75' lang='lat' dir='ltr'><strong>ut</strong></span> <span class='ocrx_word' id='word_1_1077' title='bbox 2481 3741 2687 3796; x_wconf 91' lang='lat' dir='ltr'><strong>laudem</strong></span> <span class='ocrx_word' id='word_1_1078' title='bbox 2722 3751 2772 3796; x_wconf 91' lang='lat' dir='ltr'><strong>te</strong></span> <span class='ocrx_word' id='word_1_1079' title='bbox 2796 3783 2811 3808; x_wconf 97' lang='lat'><strong>,</strong></span> <span class='ocrx_word' id='word_1_1080' title='bbox 2859 3738 3081 3795; x_wconf 83' lang='lat' dir='ltr'><strong>Domine</strong></span> <span class='ocrx_word' id='word_1_1081' title='bbox 3108 3742 3275 3803; x_wconf 87' lang='lat' dir='ltr'><strong>Deus,</strong></span> <span class='ocrx_word' id='word_1_1082' title='bbox 3311 3739 3594 3808; x_wconf 82' lang='lat' dir='ltr'><strong>fortissime</strong></span> <span class='ocrx_word' id='word_1_1083' title='bbox 3637 3738 3810 3808; x_wconf 71' lang='grc' dir='ltr'><strong>ερὶιὶτ</strong></span> 
     </span>
    </p>
   </div>
   <div class='ocr_carea' id='block_1_128' title="bbox 2216 3806 3809 3880">
    <p class='ocr_par' dir='ltr' id='par_1_128' title="bbox 2216 3806 3809 3880">
     <span class='ocr_line' id='line_1_131' title="bbox 2216 3806 3809 3880; baseline -0.004 -15"><span class='ocrx_word' id='word_1_1084' title='bbox 2216 3820 2364 3866; x_wconf 91' lang='lat' dir='ltr'><strong>tuum</strong></span> <span class='ocrx_word' id='word_1_1085' title='bbox 2419 3813 2681 3866; x_wconf 72' lang='lat' dir='ltr'><strong>universa:</strong></span> <span class='ocrx_word' id='word_1_1086' title='bbox 2731 3806 2940 3874; x_wconf 79' lang='lat' dir='ltr'><strong>carnis,</strong></span> <span class='ocrx_word' id='word_1_1087' title='bbox 2997 3812 3086 3880; x_wconf 91' lang='lat' dir='ltr'><strong>qui</strong></span> <span class='ocrx_word' id='word_1_1088' title='bbox 3139 3810 3345 3864; x_wconf 88' lang='lat' dir='ltr'><strong>habitas</strong></span> <span class='ocrx_word' id='word_1_1089' title='bbox 3399 3806 3809 3880; x_wconf 63' lang='lat' dir='ltr'><strong>teteruitatent‘i</strong></span> 
     </span>
    </p>
   </div>
   <div class='ocr_carea' id='block_1_129' title="bbox 2213 3877 3810 3952">
    <p class='ocr_par' dir='ltr' id='par_1_129' title="bbox 2213 3877 3810 3952">
     <span class='ocr_line' id='line_1_132' title="bbox 2213 3877 3810 3952; baseline -0.004 -18"><span class='ocrx_word' id='word_1_1090' title='bbox 2213 3881 2479 3952; x_wconf 81' lang='lat' dir='ltr'><strong>Numquid</strong></span> <span class='ocrx_word' id='word_1_1091' title='bbox 2505 3883 2738 3937; x_wconf 67' lang='lat' dir='ltr'><strong>tenebrae</strong></span> <span class='ocrx_word' id='word_1_1092' title='bbox 2764 3877 3051 3936; x_wconf 85' lang='lat' dir='ltr'><strong>laudabunt</strong></span> <span class='ocrx_word' id='word_1_1093' title='bbox 3077 3882 3249 3936; x_wconf 90' lang='lat' dir='ltr'><strong>lucem</strong></span> <span class='ocrx_word' id='word_1_1094' title='bbox 3276 3922 3288 3942; x_wconf 84' lang='lat'><strong>,</strong></span> <span class='ocrx_word' id='word_1_1095' title='bbox 3317 3888 3404 3933; x_wconf 88' lang='lat' dir='ltr'><strong>aut</strong></span> <span class='ocrx_word' id='word_1_1096' title='bbox 3430 3894 3574 3952; x_wconf 72' lang='lat' dir='ltr'><strong>mors</strong></span> <span class='ocrx_word' id='word_1_1097' title='bbox 3599 3877 3810 3952; x_wconf 58' lang='lat' dir='ltr'><strong>vitam?</strong></span> 
     </span>
    </p>
   </div>
   <div class='ocr_carea' id='block_1_130' title="bbox 2195 3946 3808 4022">
    <p class='ocr_par' dir='ltr' id='par_1_130' title="bbox 2195 3946 3808 4022">
     <span class='ocr_line' id='line_1_133' title="bbox 2195 3946 3808 4022; baseline -0.004 -17"><span class='ocrx_word' id='word_1_1098' title='bbox 2195 3951 2295 4005; x_wconf 87' lang='lat' dir='ltr'><strong>-Tu</strong></span> <span class='ocrx_word' id='word_1_1099' title='bbox 2322 3946 2441 4022; x_wconf 57' lang='lat' dir='ltr'><strong>lu&#39;x,</strong></span> <span class='ocrx_word' id='word_1_1100' title='bbox 2489 3969 2586 4021; x_wconf 80' lang='lat' dir='ltr'><strong>ego</strong></span> <span class='ocrx_word' id='word_1_1101' title='bbox 2617 3953 2886 4016; x_wconf 70' lang='lat' dir='ltr'><strong>tenebraz;</strong></span> <span class='ocrx_word' id='word_1_1102' title='bbox 2918 3961 2972 4006; x_wconf 90' lang='lat' dir='ltr'><strong>tu</strong></span> <span class='ocrx_word' id='word_1_1103' title='bbox 3019 3952 3124 4022; x_wconf 77' lang='lat' dir='ltr'><strong>vita</strong></span> <span class='ocrx_word' id='word_1_1104' title='bbox 3147 3991 3162 4018; x_wconf 93' lang='lat'><strong>,</strong></span> <span class='ocrx_word' id='word_1_1105' title='bbox 3211 3966 3310 4020; x_wconf 87' lang='lat' dir='ltr'><strong>ego</strong></span> <span class='ocrx_word' id='word_1_1106' title='bbox 3338 3965 3504 4004; x_wconf 88' lang='lat' dir='ltr'><strong>mors.</strong></span> <span class='ocrx_word' id='word_1_1107' title='bbox 3532 3946 3808 4022; x_wconf 85' lang='lat' dir='ltr'><strong>Numquid</strong></span> 
     </span>
    </p>
   </div>
   <div class='ocr_carea' id='block_1_131' title="bbox 2213 4019 3812 4088">
    <p class='ocr_par' dir='ltr' id='par_1_131' title="bbox 2213 4019 3812 4088">
     <span class='ocr_line' id='line_1_134' title="bbox 2213 4019 3812 4088; baseline -0.003 -14"><span class='ocrx_word' id='word_1_1108' title='bbox 2213 4019 2716 4078; x_wconf 37' lang='lat' dir='ltr'><strong>vanitas&#39;ver‘itatem</strong></span> <span class='ocrx_word' id='word_1_1109' title='bbox 2747 4023 3019 4078; x_wconf 88' lang='lat' dir='ltr'><strong>laudabit?</strong></span> <span class='ocrx_word' id='word_1_1110' title='bbox 3056 4021 3134 4077; x_wconf 94' lang='lat' dir='ltr'><strong>Tu</strong></span> <span class='ocrx_word' id='word_1_1111' title='bbox 3166 4036 3224 4076; x_wconf 90' lang='lat' dir='ltr'><strong>es</strong></span> <span class='ocrx_word' id='word_1_1112' title='bbox 3250 4019 3476 4082; x_wconf 78' lang='lat' dir='ltr'><strong>veritas,</strong></span> <span class='ocrx_word' id='word_1_1113' title='bbox 3507 4034 3606 4088; x_wconf 86' lang='lat' dir='ltr'><strong>ego</strong></span> <span class='ocrx_word' id='word_1_1114' title='bbox 3644 4019 3812 4070; x_wconf 90' lang='lat' dir='ltr'><strong>homo</strong></span> 
     </span>
    </p>
   </div>
   <div class='ocr_carea' id='block_1_132' title="bbox 2214 4088 3811 4161">
    <p class='ocr_par' dir='ltr' id='par_1_132' title="bbox 2214 4088 3811 4161">
     <span class='ocr_line' id='line_1_135' title="bbox 2214 4088 3811 4161; baseline -0.002 -16"><span class='ocrx_word' id='word_1_1115' title='bbox 2214 4094 2433 4148; x_wconf 88' lang='lat' dir='ltr'><strong>vanitati</strong></span> <span class='ocrx_word' id='word_1_1116' title='bbox 2475 4094 2662 4148; x_wconf 91' lang='lat' dir='ltr'><strong>similis</strong></span> <span class='ocrx_word' id='word_1_1117' title='bbox 2691 4095 2878 4150; x_wconf 82' lang='lat' dir='ltr'><strong>factus.</strong></span> <span class='ocrx_word' id='word_1_1118' title='bbox 2909 4093 3046 4161; x_wconf 87' lang='lat' dir='ltr'><strong>Quid</strong></span> <span class='ocrx_word' id='word_1_1119' title='bbox 3091 4108 3249 4161; x_wconf 82' lang='lat' dir='ltr'><strong>ergo,</strong></span> <span class='ocrx_word' id='word_1_1120' title='bbox 3286 4091 3539 4156; x_wconf 90' lang='lat' dir='ltr'><strong>Domine,</strong></span> <span class='ocrx_word' id='word_1_1121' title='bbox 3575 4088 3811 4161; x_wconf 79' lang='lat' dir='ltr'><strong>laudabit</strong></span> 
     </span>
    </p>
   </div>
   <div class='ocr_carea' id='block_1_133' title="bbox 2215 4159 3808 4234">
    <p class='ocr_par' dir='ltr' id='par_1_133' title="bbox 2215 4159 3808 4234">
     <span class='ocr_line' id='line_1_136' title="bbox 2215 4159 3808 4234; baseline -0.004 -17"><span class='ocrx_word' id='word_1_1122' title='bbox 2215 4172 2270 4218; x_wconf 91' lang='lat' dir='ltr'><strong>te</strong></span> <span class='ocrx_word' id='word_1_1123' title='bbox 2291 4164 2314 4216; x_wconf 88' lang='lat'><strong>?</strong></span> <span class='ocrx_word' id='word_1_1124' title='bbox 2336 4164 2597 4234; x_wconf 87' lang='lat' dir='ltr'><strong>Numquid</strong></span> <span class='ocrx_word' id='word_1_1125' title='bbox 2618 4165 2828 4220; x_wconf 90' lang='lat' dir='ltr'><strong>miseria</strong></span> <span class='ocrx_word' id='word_1_1126' title='bbox 2851 4159 2966 4219; x_wconf 82' lang='lat' dir='ltr'><strong>mea</strong></span> <span class='ocrx_word' id='word_1_1127' title='bbox 2994 4159 3226 4218; x_wconf 82' lang='lat' dir='ltr'><strong>laudabit</strong></span> <span class='ocrx_word' id='word_1_1128' title='bbox 3253 4163 3342 4216; x_wconf 88' lang='lat' dir='ltr'><strong>te?</strong></span> <span class='ocrx_word' id='word_1_1129' title='bbox 3365 4159 3630 4234; x_wconf 80' lang='lat' dir='ltr'><strong>Numquid</strong></span> <span class='ocrx_word' id='word_1_1130' title='bbox 3670 4160 3808 4213; x_wconf 85' lang='lat' dir='ltr'><strong>letor</strong></span> 
     </span>
    </p>
   </div>
   <div class='ocr_carea' id='block_1_134' title="bbox 2217 4232 3808 4304">
    <p class='ocr_par' dir='ltr' id='par_1_134' title="bbox 2217 4232 3808 4304">
     <span class='ocr_line' id='line_1_137' title="bbox 2217 4232 3808 4304; baseline -0.003 -17"><span class='ocrx_word' id='word_1_1131' title='bbox 2217 4235 2451 4288; x_wconf 88' lang='lat' dir='ltr'><strong>laudabit</strong></span> <span class='ocrx_word' id='word_1_1132' title='bbox 2480 4232 2697 4289; x_wconf 68' lang='lat' dir='ltr'><strong>Odorem</strong></span> <span class='ocrx_word' id='word_1_1133' title='bbox 2720 4236 2743 4287; x_wconf 88' lang='lat'><strong>?</strong></span> <span class='ocrx_word' id='word_1_1134' title='bbox 2766 4235 3030 4304; x_wconf 85' lang='lat' dir='ltr'><strong>Numquid</strong></span> <span class='ocrx_word' id='word_1_1135' title='bbox 3057 4235 3356 4304; x_wconf 83' lang='lat' dir='ltr'><strong>mortalitas</strong></span> <span class='ocrx_word' id='word_1_1136' title='bbox 3383 4232 3647 4304; x_wconf 68' lang='lat' dir='ltr'><strong>hominis,</strong></span> <span class='ocrx_word' id='word_1_1137' title='bbox 3684 4243 3808 4304; x_wconf 74' lang='lat' dir='ltr'><strong>quae</strong></span> 
     </span>
    </p>
   </div>
   <div class='ocr_carea' id='block_1_135' title="bbox 2215 4299 3802 4370">
    <p class='ocr_par' dir='ltr' id='par_1_135' title="bbox 2215 4299 3802 4370">
     <span class='ocr_line' id='line_1_138' title="bbox 2215 4299 3802 4370; baseline -0.004 -12"><span class='ocrx_word' id='word_1_1138' title='bbox 2215 4304 2375 4359; x_wconf 87' lang='lat' dir='ltr'><strong>hodie</strong></span> <span class='ocrx_word' id='word_1_1139' title='bbox 2397 4314 2480 4360; x_wconf 85' lang='lat' dir='ltr'><strong>est</strong></span> <span class='ocrx_word' id='word_1_1140' title='bbox 2505 4315 2557 4359; x_wconf 90' lang='lat' dir='ltr'><strong>et</strong></span> <span class='ocrx_word' id='word_1_1141' title='bbox 2585 4321 2702 4359; x_wconf 89' lang='lat' dir='ltr'><strong>eras</strong></span> <span class='ocrx_word' id='word_1_1142' title='bbox 2734 4299 2953 4370; x_wconf 76' lang='lat' dir='ltr'><strong>tollitur,</strong></span> <span class='ocrx_word' id='word_1_1143' title='bbox 2986 4304 3220 4358; x_wconf 87' lang='lat' dir='ltr'><strong>laudabit</strong></span> <span class='ocrx_word' id='word_1_1144' title='bbox 3246 4303 3340 4358; x_wconf 76' lang='lat' dir='ltr'><strong>te?</strong></span> <span class='ocrx_word' id='word_1_1145' title='bbox 3385 4299 3651 4366; x_wconf 88' lang='lat' dir='ltr'><strong>Numquid</strong></span> <span class='ocrx_word' id='word_1_1146' title='bbox 3684 4299 3802 4370; x_wconf 88' lang='lat' dir='ltr'><strong>lau-_-</strong></span> 
     </span>
    </p>
   </div>
   <div class='ocr_carea' id='block_1_136' title="bbox 2215 4368 3804 4444">
    <p class='ocr_par' dir='ltr' id='par_1_136' title="bbox 2215 4368 3804 4444">
     <span class='ocr_line' id='line_1_139' title="bbox 2215 4368 3804 4444; baseline -0.004 -15"><span class='ocrx_word' id='word_1_1147' title='bbox 2215 4375 2363 4429; x_wconf 86' lang='lat' dir='ltr'><strong>dabit</strong></span> <span class='ocrx_word' id='word_1_1148' title='bbox 2391 4383 2442 4430; x_wconf 91' lang='lat' dir='ltr'><strong>te</strong></span> <span class='ocrx_word' id='word_1_1149' title='bbox 2474 4377 2698 4444; x_wconf 87' lang='lat' dir='ltr'><strong>putredo</strong></span> <span class='ocrx_word' id='word_1_1150' title='bbox 2717 4417 2732 4440; x_wconf 98' lang='lat'><strong>,</strong></span> <span class='ocrx_word' id='word_1_1151' title='bbox 2764 4385 2818 4430; x_wconf 92' lang='lat' dir='ltr'><strong>et</strong></span> <span class='ocrx_word' id='word_1_1152' title='bbox 2842 4368 2984 4429; x_wconf 87' lang='lat' dir='ltr'><strong>ﬁlius</strong></span> <span class='ocrx_word' id='word_1_1153' title='bbox 3005 4375 3236 4428; x_wconf 89' lang='lat' dir='ltr'><strong>hominis</strong></span> <span class='ocrx_word' id='word_1_1154' title='bbox 3263 4373 3502 4428; x_wconf 82' lang='lat' dir='ltr'><strong>vermis?</strong></span> <span class='ocrx_word' id='word_1_1155' title='bbox 3531 4368 3804 4438; x_wconf 89' lang='lat' dir='ltr'><strong>Numquid</strong></span> 
     </span>
    </p>
   </div>
   <div class='ocr_carea' id='block_1_137' title="bbox 2216 4443 3812 4515">
    <p class='ocr_par' dir='ltr' id='par_1_137' title="bbox 2216 4443 3812 4515">
     <span class='ocr_line' id='line_1_140' title="bbox 2216 4443 3812 4515; baseline -0.003 -17"><span class='ocrx_word' id='word_1_1156' title='bbox 2216 4444 2450 4500; x_wconf 86' lang='lat' dir='ltr'><strong>laudabit</strong></span> <span class='ocrx_word' id='word_1_1157' title='bbox 2476 4443 2547 4512; x_wconf 84' lang='lat' dir='ltr'><strong>te,</strong></span> <span class='ocrx_word' id='word_1_1158' title='bbox 2575 4447 2822 4508; x_wconf 88' lang='lat' dir='ltr'><strong>Domine,</strong></span> <span class='ocrx_word' id='word_1_1159' title='bbox 2870 4446 2958 4515; x_wconf 89' lang='lat' dir='ltr'><strong>qui</strong></span> <span class='ocrx_word' id='word_1_1160' title='bbox 3008 4446 3059 4499; x_wconf 91' lang='lat' dir='ltr'><strong>in</strong></span> <span class='ocrx_word' id='word_1_1161' title='bbox 3105 4445 3335 4512; x_wconf 87' lang='lat' dir='ltr'><strong>peccatis</strong></span> <span class='ocrx_word' id='word_1_1162' title='bbox 3377 4443 3712 4515; x_wconf 87' lang='lat' dir='ltr'><strong>genitus_est</strong></span> <span class='ocrx_word' id='word_1_1163' title='bbox 3754 4447 3812 4494; x_wconf 84' lang='lat' dir='ltr'><strong>et</strong></span> 
     </span>
    </p>
   </div>
   <div class='ocr_carea' id='block_1_138' title="bbox 2216 4512 3810 4582">
    <p class='ocr_par' dir='ltr' id='par_1_138' title="bbox 2216 4512 3810 4582">
     <span class='ocr_line' id='line_1_141' title="bbox 2216 4512 3810 4582; baseline -0.004 -12"><span class='ocrx_word' id='word_1_1164' title='bbox 2216 4517 2411 4571; x_wconf 89' lang='lat' dir='ltr'><strong>natus?</strong></span> <span class='ocrx_word' id='word_1_1165' title='bbox 2443 4517 2643 4571; x_wconf 87' lang='lat' dir='ltr'><strong>Laudet</strong></span> <span class='ocrx_word' id='word_1_1166' title='bbox 2687 4526 2760 4582; x_wconf 85' lang='lat' dir='ltr'><strong>te,</strong></span> <span class='ocrx_word' id='word_1_1167' title='bbox 2795 4512 3017 4570; x_wconf 82' lang='lat' dir='ltr'><strong>Domine</strong></span> <span class='ocrx_word' id='word_1_1168' title='bbox 3052 4516 3192 4570; x_wconf 89' lang='lat' dir='ltr'><strong>Deus</strong></span> <span class='ocrx_word' id='word_1_1169' title='bbox 3241 4512 3424 4574; x_wconf 82' lang='lat' dir='ltr'><strong>meus,</strong></span> <span class='ocrx_word' id='word_1_1170' title='bbox 3470 4512 3810 4582; x_wconf 78' lang='lat' dir='ltr'><strong>omnipotens</strong></span> 
     </span>
    </p>
   </div>
   <div class='ocr_carea' id='block_1_139' title="bbox 2215 4579 3810 4660">
    <p class='ocr_par' dir='ltr' id='par_1_139' title="bbox 2215 4579 3810 4660">
     <span class='ocr_line' id='line_1_142' title="bbox 2215 4579 3810 4660; baseline -0.004 -20"><span class='ocrx_word' id='word_1_1171' title='bbox 2215 4589 2448 4660; x_wconf 80' lang='lat' dir='ltr'><strong>potentia</strong></span> <span class='ocrx_word' id='word_1_1172' title='bbox 2481 4600 2567 4642; x_wconf 92' lang='lat' dir='ltr'><strong>tua</strong></span> <span class='ocrx_word' id='word_1_1173' title='bbox 2586 4628 2600 4652; x_wconf 89' lang='lat'><strong>,</strong></span> <span class='ocrx_word' id='word_1_1174' title='bbox 2631 4579 3194 4660; x_wconf 75' lang='lat' dir='ltr'><strong>incircumscriptibilis</strong></span> <span class='ocrx_word' id='word_1_1175' title='bbox 3223 4585 3482 4660; x_wconf 85' lang='lat' dir='ltr'><strong>sapientia</strong></span> <span class='ocrx_word' id='word_1_1176' title='bbox 3514 4595 3598 4660; x_wconf 79' lang='lat' dir='ltr'><strong>tua</strong></span> <span class='ocrx_word' id='word_1_1177' title='bbox 3619 4579 3641 4648; x_wconf 67' lang='grc' dir='ltr'><em>ζ</em></span> <span class='ocrx_word' id='word_1_1178' title='bbox 3669 4579 3810 4660; x_wconf 68' lang='lat' dir='ltr'><strong>inei-</strong></span> 
     </span>
    </p>
   </div>
   <div class='ocr_carea' id='block_1_140' title="bbox 2215 4653 3811 4725">
    <p class='ocr_par' dir='ltr' id='par_1_140' title="bbox 2215 4653 3811 4725">
     <span class='ocr_line' id='line_1_143' title="bbox 2215 4653 3811 4725; baseline -0.006 -12"><span class='ocrx_word' id='word_1_1179' title='bbox 2215 4653 2389 4713; x_wconf 74' lang='lat' dir='ltr'><strong>i‘abilis</strong></span> <span class='ocrx_word' id='word_1_1180' title='bbox 2414 4658 2619 4712; x_wconf 87' lang='lat' dir='ltr'><strong>bonitas</strong></span> <span class='ocrx_word' id='word_1_1181' title='bbox 2641 4667 2747 4711; x_wconf 90' lang='lat' dir='ltr'><strong>tua.</strong></span> <span class='ocrx_word' id='word_1_1182' title='bbox 2780 4657 2984 4712; x_wconf 90' lang='lat' dir='ltr'><strong>Laudet</strong></span> <span class='ocrx_word' id='word_1_1183' title='bbox 3002 4653 3061 4710; x_wconf 82' lang='lat' dir='ltr'><strong>te</strong></span> <span class='ocrx_word' id='word_1_1184' title='bbox 3087 4653 3493 4725; x_wconf 80' lang='lat' dir='ltr'><strong>supereminens</strong></span> <span class='ocrx_word' id='word_1_1185' title='bbox 3521 4653 3811 4725; x_wconf 81' lang='lat' dir='ltr'><strong>clementia</strong></span> 
     </span>
    </p>
   </div>
   <div class='ocr_carea' id='block_1_141' title="bbox 2218 4723 3811 4797">
    <p class='ocr_par' dir='ltr' id='par_1_141' title="bbox 2218 4723 3811 4797">
     <span class='ocr_line' id='line_1_144' title="bbox 2218 4723 3811 4797; baseline -0.006 -13"><span class='ocrx_word' id='word_1_1186' title='bbox 2218 4739 2337 4792; x_wconf 90' lang='lat' dir='ltr'><strong>tua,</strong></span> <span class='ocrx_word' id='word_1_1187' title='bbox 2389 4729 2823 4797; x_wconf 87' lang='lat' dir='ltr'><strong>superabumlans</strong></span> <span class='ocrx_word' id='word_1_1188' title='bbox 2868 4723 3234 4782; x_wconf 87' lang='lat' dir='ltr'><strong>misericordia</strong></span> <span class='ocrx_word' id='word_1_1189' title='bbox 3281 4736 3417 4797; x_wconf 75' lang='lat' dir='ltr'><strong>tua,</strong></span> <span class='ocrx_word' id='word_1_1190' title='bbox 3483 4723 3811 4797; x_wconf 83' lang='lat' dir='ltr'><strong>sempiterna</strong></span> 
     </span>
    </p>
   </div>
   <div class='ocr_carea' id='block_1_142' title="bbox 2217 4795 3810 4869">
    <p class='ocr_par' dir='ltr' id='par_1_142' title="bbox 2217 4795 3810 4869">
     <span class='ocr_line' id='line_1_145' title="bbox 2217 4795 3810 4869; baseline -0.004 -19"><span class='ocrx_word' id='word_1_1191' title='bbox 2217 4815 2429 4869; x_wconf 85' lang='lat' dir='ltr'><strong>quoque</strong></span> <span class='ocrx_word' id='word_1_1192' title='bbox 2456 4795 2624 4853; x_wconf 79' lang='lat' dir='ltr'><strong>virtus</strong></span> <span class='ocrx_word' id='word_1_1193' title='bbox 2653 4809 2706 4853; x_wconf 90' lang='lat' dir='ltr'><strong>et</strong></span> <span class='ocrx_word' id='word_1_1194' title='bbox 2733 4799 2984 4854; x_wconf 90' lang='lat' dir='ltr'><strong>divinitas</strong></span> <span class='ocrx_word' id='word_1_1195' title='bbox 3015 4810 3122 4851; x_wconf 88' lang='lat' dir='ltr'><strong>tua.</strong></span> <span class='ocrx_word' id='word_1_1196' title='bbox 3149 4795 3352 4850; x_wconf 91' lang='lat' dir='ltr'><strong>Laudet</strong></span> <span class='ocrx_word' id='word_1_1197' title='bbox 3384 4805 3434 4869; x_wconf 82' lang='lat' dir='ltr'><strong>te</strong></span> <span class='ocrx_word' id='word_1_1198' title='bbox 3463 4795 3810 4869; x_wconf 84' lang='lat' dir='ltr'><strong>omnipoten-</strong></span> 
     </span>
    </p>
   </div>
   <div class='ocr_carea' id='block_1_143' title="bbox 2220 4863 3813 4937">
    <p class='ocr_par' dir='ltr' id='par_1_143' title="bbox 2220 4863 3813 4937">
     <span class='ocr_line' id='line_1_146' title="bbox 2220 4863 3813 4937; baseline -0.004 -13"><span class='ocrx_word' id='word_1_1199' title='bbox 2220 4863 2419 4924; x_wconf 83' lang='lat' dir='ltr'><strong>tissima</strong></span> <span class='ocrx_word' id='word_1_1200' title='bbox 2462 4870 2710 4924; x_wconf 84' lang='lat' dir='ltr'><strong>fortitudo</strong></span> <span class='ocrx_word' id='word_1_1201' title='bbox 2741 4879 2862 4936; x_wconf 90' lang='lat' dir='ltr'><strong>tua,</strong></span> <span class='ocrx_word' id='word_1_1202' title='bbox 2903 4883 3112 4924; x_wconf 91' lang='lat' dir='ltr'><strong>summa</strong></span> <span class='ocrx_word' id='word_1_1203' title='bbox 3159 4882 3369 4937; x_wconf 84' lang='lat' dir='ltr'><strong>quoque</strong></span> <span class='ocrx_word' id='word_1_1204' title='bbox 3415 4863 3716 4937; x_wconf 63' lang='lat' dir='ltr'><strong>benignitas</strong></span> <span class='ocrx_word' id='word_1_1205' title='bbox 3757 4870 3813 4918; x_wconf 82' lang='lat' dir='ltr'><strong>et</strong></span> 
     </span>
    </p>
   </div>
   <div class='ocr_carea' id='block_1_144' title="bbox 2218 4934 3812 5010">
    <p class='ocr_par' dir='ltr' id='par_1_144' title="bbox 2218 4934 3812 5010">
     <span class='ocr_line' id='line_1_147' title="bbox 2218 4934 3812 5010; baseline -0.005 -15"><span class='ocrx_word' id='word_1_1206' title='bbox 2218 4940 2452 4995; x_wconf 83' lang='lat' dir='ltr'><strong>Charitas</strong></span> <span class='ocrx_word' id='word_1_1207' title='bbox 2478 4950 2562 4994; x_wconf 90' lang='lat' dir='ltr'><strong>tua</strong></span> <span class='ocrx_word' id='word_1_1208' title='bbox 2583 4982 2597 5004; x_wconf 98' lang='lat'><strong>,</strong></span> <span class='ocrx_word' id='word_1_1209' title='bbox 2630 4934 3024 5010; x_wconf 26' lang='lat' dir='ltr'><strong>propter-quam</strong></span> <span class='ocrx_word' id='word_1_1210' title='bbox 3045 4934 3238 4994; x_wconf 79' lang='lat' dir='ltr'><strong>creasti</strong></span> <span class='ocrx_word' id='word_1_1211' title='bbox 3263 4951 3388 5002; x_wconf 88' lang='lat' dir='ltr'><strong>nos,</strong></span> <span class='ocrx_word' id='word_1_1212' title='bbox 3421 4935 3647 4989; x_wconf 89' lang='lat' dir='ltr'><strong>Domine</strong></span> <span class='ocrx_word' id='word_1_1213' title='bbox 3668 4934 3812 4988; x_wconf 86' lang='lat' dir='ltr'><strong>Deus</strong></span> 
     </span>
    </p>
   </div>
   <div class='ocr_carea' id='block_1_145' title="bbox 2217 5012 2714 5065">
    <p class='ocr_par' dir='ltr' id='par_1_145' title="bbox 2217 5012 2714 5065">
     <span class='ocr_line' id='line_1_148' title="bbox 2217 5012 2714 5065; baseline -0.006 0"><span class='ocrx_word' id='word_1_1214' title='bbox 2217 5012 2320 5065; x_wconf 80' lang='lat' dir='ltr'><strong>vita</strong></span> <span class='ocrx_word' id='word_1_1215' title='bbox 2349 5012 2538 5064; x_wconf 69' lang='lat' dir='ltr'><strong>anima:</strong></span> <span class='ocrx_word' id='word_1_1216' title='bbox 2563 5026 2714 5064; x_wconf 64' lang='lat' dir='ltr'><strong>mete.</strong></span> 
     </span>
    </p>
   </div>
   <div class='ocr_carea' id='block_1_146' title="bbox 2290 5076 3815 5151">
    <p class='ocr_par' dir='ltr' id='par_1_146' title="bbox 2290 5076 3815 5151">
     <span class='ocr_line' id='line_1_149' title="bbox 2290 5076 3815 5151; baseline -0.005 -16"><span class='ocrx_word' id='word_1_1217' title='bbox 2290 5081 2514 5135; x_wconf 79' lang='lat' dir='ltr'><strong>CAPUT</strong></span> <span class='ocrx_word' id='word_1_1218' title='bbox 2581 5081 2669 5134; x_wconf 79' lang='lat' dir='ltr'><strong>XI.</strong></span> <span class='ocrx_word' id='word_1_1219' title='bbox 2760 5079 2890 5151; x_wconf 84' lang='lat' dir='ltr'><strong>Spes</strong></span> <span class='ocrx_word' id='word_1_1220' title='bbox 2929 5079 3107 5133; x_wconf 83' lang='lat' dir='ltr'><strong>salutis</strong></span> <span class='ocrx_word' id='word_1_1221' title='bbox 3155 5078 3329 5151; x_wconf 73' lang='lat' dir='ltr'><strong>nititur</strong></span> <span class='ocrx_word' id='word_1_1222' title='bbox 3403 5076 3648 5151; x_wconf 29' lang='lat' dir='ltr'><strong>bonitate‘</strong></span> <span class='ocrx_word' id='word_1_1223' title='bbox 3698 5089 3815 5144; x_wconf 74' lang='lat' dir='ltr'><strong>qua:</strong></span> 
     </span>
    </p>
   </div>
   <div class='ocr_carea' id='block_1_147' title="bbox 2219 5145 3813 5222">
    <p class='ocr_par' dir='ltr' id='par_1_147' title="bbox 2219 5145 3813 5222">
     <span class='ocr_line' id='line_1_150' title="bbox 2219 5145 3813 5222; baseline -0.005 -16"><span class='ocrx_word' id='word_1_1224' title='bbox 2219 5153 2420 5206; x_wconf 82' lang='lat' dir='ltr'><strong>creavit.</strong></span> <span class='ocrx_word' id='word_1_1225' title='bbox 2457 5151 2568 5218; x_wconf 83' lang='lat' dir='ltr'><strong>Ego</strong></span> <span class='ocrx_word' id='word_1_1226' title='bbox 2606 5159 2781 5205; x_wconf 88' lang='lat' dir='ltr'><strong>autem</strong></span> <span class='ocrx_word' id='word_1_1227' title='bbox 2805 5145 3051 5203; x_wconf 78' lang='lat' dir='ltr'><strong>creatura</strong></span> <span class='ocrx_word' id='word_1_1228' title='bbox 3099 5157 3187 5203; x_wconf 92' lang='lat' dir='ltr'><strong>tua</strong></span> <span class='ocrx_word' id='word_1_1229' title='bbox 3209 5189 3224 5213; x_wconf 95' lang='lat'><strong>,</strong></span> <span class='ocrx_word' id='word_1_1230' title='bbox 3247 5148 3348 5202; x_wconf 90' lang='lat' dir='ltr'><strong>sub</strong></span> <span class='ocrx_word' id='word_1_1231' title='bbox 3375 5148 3566 5222; x_wconf 74' lang='lat' dir='ltr'><strong>umbra</strong></span> <span class='ocrx_word' id='word_1_1232' title='bbox 3599 5145 3813 5222; x_wconf 80' lang='lat' dir='ltr'><strong>alarum</strong></span> 
     </span>
    </p>
   </div>
   <div class='ocr_carea' id='block_1_148' title="bbox 2223 5216 3814 5288">
    <p class='ocr_par' dir='ltr' id='par_1_148' title="bbox 2223 5216 3814 5288">
     <span class='ocr_line' id='line_1_151' title="bbox 2223 5216 3814 5288; baseline -0.004 -11"><span class='ocrx_word' id='word_1_1233' title='bbox 2223 5233 2428 5277; x_wconf 86' lang='lat' dir='ltr'><strong>tuarum</strong></span> <span class='ocrx_word' id='word_1_1234' title='bbox 2452 5216 2674 5288; x_wconf 78' lang='lat' dir='ltr'><strong>sperabo</strong></span> <span class='ocrx_word' id='word_1_1235' title='bbox 2693 5222 2744 5274; x_wconf 90' lang='lat' dir='ltr'><strong>in</strong></span> <span class='ocrx_word' id='word_1_1236' title='bbox 2761 5221 2996 5274; x_wconf 88' lang='lat' dir='ltr'><strong>bonitate</strong></span> <span class='ocrx_word' id='word_1_1237' title='bbox 3022 5229 3129 5284; x_wconf 88' lang='lat' dir='ltr'><strong>tua,</strong></span> <span class='ocrx_word' id='word_1_1238' title='bbox 3151 5234 3253 5288; x_wconf 88' lang='lat' dir='ltr'><strong>qua</strong></span> <span class='ocrx_word' id='word_1_1239' title='bbox 3274 5216 3466 5273; x_wconf 75' lang='lat' dir='ltr'><strong>creasti</strong></span> <span class='ocrx_word' id='word_1_1240' title='bbox 3479 5233 3584 5272; x_wconf 89' lang='lat' dir='ltr'><strong>me.</strong></span> <span class='ocrx_word' id='word_1_1241' title='bbox 3601 5216 3814 5286; x_wconf 78' lang='lat' dir='ltr'><strong>Adjuva</strong></span> 
     </span>
    </p>
   </div>
   <div class='ocr_carea' id='block_1_149' title="bbox 2221 5291 3812 5362">
    <p class='ocr_par' dir='ltr' id='par_1_149' title="bbox 2221 5291 3812 5362">
     <span class='ocr_line' id='line_1_152' title="bbox 2221 5291 3812 5362; baseline -0.004 -14"><span class='ocrx_word' id='word_1_1242' title='bbox 2221 5303 2515 5348; x_wconf 86' lang='lat' dir='ltr'><strong>creaturam</strong></span> <span class='ocrx_word' id='word_1_1243' title='bbox 2543 5301 2706 5354; x_wconf 85' lang='lat' dir='ltr'><strong>tuam,</strong></span> <span class='ocrx_word' id='word_1_1244' title='bbox 2753 5307 2910 5362; x_wconf 89' lang='lat' dir='ltr'><strong>quam</strong></span> <span class='ocrx_word' id='word_1_1245' title='bbox 2957 5293 3156 5346; x_wconf 89' lang='lat' dir='ltr'><strong>creavit</strong></span> <span class='ocrx_word' id='word_1_1246' title='bbox 3190 5291 3488 5362; x_wconf 84' lang='lat' dir='ltr'><strong>benignitas</strong></span> <span class='ocrx_word' id='word_1_1247' title='bbox 3533 5298 3621 5362; x_wconf 82' lang='lat' dir='ltr'><strong>tua</strong></span> <span class='ocrx_word' id='word_1_1248' title='bbox 3657 5305 3670 5340; x_wconf 87' lang='lat'><strong>:</strong></span> <span class='ocrx_word' id='word_1_1249' title='bbox 3702 5302 3812 5342; x_wconf 87' lang='lat' dir='ltr'><strong>non</strong></span> 
     </span>
    </p>
   </div>
   <div class='ocr_carea' id='block_1_150' title="bbox 2223 5360 3808 5434">
    <p class='ocr_par' dir='ltr' id='par_1_150' title="bbox 2223 5360 3808 5434">
     <span class='ocr_line' id='line_1_153' title="bbox 2223 5360 3808 5434; baseline -0.006 -16"><span class='ocrx_word' id='word_1_1250' title='bbox 2223 5374 2402 5434; x_wconf 87' lang='lat' dir='ltr'><strong>pereat</strong></span> <span class='ocrx_word' id='word_1_1251' title='bbox 2429 5365 2479 5416; x_wconf 89' lang='lat' dir='ltr'><strong>in</strong></span> <span class='ocrx_word' id='word_1_1252' title='bbox 2505 5364 2698 5417; x_wconf 86' lang='lat' dir='ltr'><strong>malitia</strong></span> <span class='ocrx_word' id='word_1_1253' title='bbox 2729 5360 2842 5417; x_wconf 84' lang='lat' dir='ltr'><strong>mea</strong></span> <span class='ocrx_word' id='word_1_1254' title='bbox 2861 5403 2878 5429; x_wconf 91' lang='lat'><strong>,</strong></span> <span class='ocrx_word' id='word_1_1255' title='bbox 2911 5362 3051 5432; x_wconf 88' lang='lat' dir='ltr'><strong>quod</strong></span> <span class='ocrx_word' id='word_1_1256' title='bbox 3093 5373 3310 5434; x_wconf 78' lang='lat' dir='ltr'><strong>operata</strong></span> <span class='ocrx_word' id='word_1_1257' title='bbox 3332 5371 3414 5434; x_wconf 63' lang='lat' dir='ltr'><strong>est</strong></span> <span class='ocrx_word' id='word_1_1258' title='bbox 3437 5360 3649 5414; x_wconf 90' lang='lat' dir='ltr'><strong>bonitas</strong></span> <span class='ocrx_word' id='word_1_1259' title='bbox 3678 5367 3766 5434; x_wconf 78' lang='lat' dir='ltr'><strong>tua</strong></span> <span class='ocrx_word' id='word_1_1260' title='bbox 3793 5374 3808 5422; x_wconf 90' lang='lat'><strong>;</strong></span> 
     </span>
    </p>
   </div>
   <div class='ocr_carea' id='block_1_151' title="bbox 2223 5428 3813 5502">
    <p class='ocr_par' dir='ltr' id='par_1_151' title="bbox 2223 5428 3813 5502">
     <span class='ocr_line' id='line_1_154' title="bbox 2223 5428 3813 5502; baseline -0.005 -12"><span class='ocrx_word' id='word_1_1261' title='bbox 2223 5428 2325 5490; x_wconf 78' lang='lat' dir='ltr'><strong>non</strong></span> <span class='ocrx_word' id='word_1_1262' title='bbox 2369 5444 2551 5502; x_wconf 90' lang='lat' dir='ltr'><strong>pereat</strong></span> <span class='ocrx_word' id='word_1_1263' title='bbox 2591 5437 2640 5487; x_wconf 93' lang='lat' dir='ltr'><strong>in</strong></span> <span class='ocrx_word' id='word_1_1264' title='bbox 2686 5428 2898 5486; x_wconf 89' lang='lat' dir='ltr'><strong>miseria</strong></span> <span class='ocrx_word' id='word_1_1265' title='bbox 2930 5428 3086 5496; x_wconf 54' lang='lat' dir='ltr'><strong>&#39;mea,</strong></span> <span class='ocrx_word' id='word_1_1266' title='bbox 3116 5428 3256 5496; x_wconf 78' lang='lat' dir='ltr'><strong>quod</strong></span> <span class='ocrx_word' id='word_1_1267' title='bbox 3283 5431 3410 5486; x_wconf 81' lang='lat' dir='ltr'><strong>fecit</strong></span> <span class='ocrx_word' id='word_1_1268' title='bbox 3437 5444 3646 5502; x_wconf 88' lang='lat' dir='ltr'><strong>summa</strong></span> <span class='ocrx_word' id='word_1_1269' title='bbox 3694 5428 3813 5482; x_wconf 90' lang='lat' dir='ltr'><strong>cle-</strong></span> 
     </span>
    </p>
   </div>
   <div class='ocr_carea' id='block_1_152' title="bbox 2223 5501 3806 5573">
    <p class='ocr_par' dir='ltr' id='par_1_152' title="bbox 2223 5501 3806 5573">
     <span class='ocr_line' id='line_1_155' title="bbox 2223 5501 3806 5573; baseline -0.006 -14"><span class='ocrx_word' id='word_1_1270' title='bbox 2223 5501 2416 5560; x_wconf 85' lang='lat' dir='ltr'><strong>mentia</strong></span> <span class='ocrx_word' id='word_1_1271' title='bbox 2459 5516 2562 5558; x_wconf 91' lang='lat' dir='ltr'><strong>tua.</strong></span> <span class='ocrx_word' id='word_1_1272' title='bbox 2597 5505 2725 5573; x_wconf 72' lang='lat' dir='ltr'><strong>Quae</strong></span> <span class='ocrx_word' id='word_1_1273' title='bbox 2769 5514 2850 5557; x_wconf 87' lang='lat' dir='ltr'><strong>est</strong></span> <span class='ocrx_word' id='word_1_1274' title='bbox 2877 5504 3016 5557; x_wconf 90' lang='lat' dir='ltr'><strong>enim</strong></span> <span class='ocrx_word' id='word_1_1275' title='bbox 3050 5503 3247 5556; x_wconf 88' lang='lat' dir='ltr'><strong>utilitas</strong></span> <span class='ocrx_word' id='word_1_1276' title='bbox 3293 5503 3344 5554; x_wconf 92' lang='lat' dir='ltr'><strong>in</strong></span> <span class='ocrx_word' id='word_1_1277' title='bbox 3371 5501 3641 5573; x_wconf 81' lang='lat' dir='ltr'><strong>creatione</strong></span> <span class='ocrx_word' id='word_1_1278' title='bbox 3679 5509 3768 5573; x_wconf 78' lang='lat' dir='ltr'><strong>tua</strong></span> <span class='ocrx_word' id='word_1_1279' title='bbox 3790 5537 3806 5561; x_wconf 92' lang='lat'><strong>,</strong></span> 
     </span>
    </p>
   </div>
   <div class='ocr_carea' id='block_1_153' title="bbox 2222 5569 3808 5643">
    <p class='ocr_par' dir='ltr' id='par_1_153' title="bbox 2222 5569 3808 5643">
     <span class='ocr_line' id='line_1_156' title="bbox 2222 5569 3808 5643; baseline -0.006 -11"><span class='ocrx_word' id='word_1_1280' title='bbox 2222 5578 2267 5633; x_wconf 89' lang='lat' dir='ltr'><strong>si</strong></span> <span class='ocrx_word' id='word_1_1281' title='bbox 2285 5569 2684 5631; x_wconf 19' lang='lat' dir='ltr'><strong>descendam’in</strong></span> <span class='ocrx_word' id='word_1_1282' title='bbox 2707 5577 3107 5643; x_wconf 90' lang='lat' dir='ltr'><strong>corruptionem</strong></span> <span class='ocrx_word' id='word_1_1283' title='bbox 3134 5587 3306 5627; x_wconf 87' lang='lat' dir='ltr'><strong>meam</strong></span> <span class='ocrx_word' id='word_1_1284' title='bbox 3329 5573 3350 5626; x_wconf 87' lang='lat'><strong>?</strong></span> <span class='ocrx_word' id='word_1_1285' title='bbox 3376 5569 3642 5640; x_wconf 90' lang='lat' dir='ltr'><strong>Numquid</strong></span> <span class='ocrx_word' id='word_1_1286' title='bbox 3661 5570 3808 5624; x_wconf 90' lang='lat' dir='ltr'><strong>enim</strong></span> 
     </span>
    </p>
   </div>
   <div class='ocr_carea' id='block_1_154' title="bbox 2286 5661 3810 5730">
    <p class='ocr_par' dir='ltr' id='par_1_154' title="bbox 2286 5661 3810 5730">
     <span class='ocr_line' id='line_1_157' title="bbox 2286 5661 3810 5730; baseline -0.003 -15"><span class='ocrx_word' id='word_1_1287' title='bbox 2286 5670 2402 5730; x_wconf 46' lang='grc' dir='ltr'><strong>δεῖ,</strong></span> <span class='ocrx_word' id='word_1_1288' title='bbox 2425 5666 2571 5730; x_wconf 87' lang='lat' dir='ltr'><strong>Lugd.</strong></span> <span class='ocrx_word' id='word_1_1289' title='bbox 2598 5674 2716 5716; x_wconf 82' lang='lat' dir='ltr'><strong>ven.</strong></span> <span class='ocrx_word' id='word_1_1290' title='bbox 2746 5673 2798 5716; x_wconf 90' lang='lat' dir='ltr'><strong>et</strong></span> <span class='ocrx_word' id='word_1_1291' title='bbox 2819 5672 2928 5714; x_wconf 85' lang='lat' dir='ltr'><strong>Lov.</strong></span> <span class='ocrx_word' id='word_1_1292' title='bbox 2953 5665 3023 5714; x_wconf 88' lang='lat' dir='ltr'><strong>sic</strong></span> <span class='ocrx_word' id='word_1_1293' title='bbox 3047 5663 3287 5712; x_wconf 82' lang='lat' dir='ltr'><strong>exhibent</strong></span> <span class='ocrx_word' id='word_1_1294' title='bbox 3322 5661 3452 5710; x_wconf 83' lang='lat' dir='ltr'><strong>hunc</strong></span> <span class='ocrx_word' id='word_1_1295' title='bbox 3484 5663 3644 5710; x_wconf 89' lang='lat' dir='ltr'><strong>locum</strong></span> <span class='ocrx_word' id='word_1_1296' title='bbox 3675 5675 3690 5708; x_wconf 88' lang='lat'><strong>:</strong></span> <span class='ocrx_word' id='word_1_1297' title='bbox 3713 5667 3810 5710; x_wconf 75' lang='lat' dir='ltr'><strong>Nec</strong></span> 
     </span>
    </p>
   </div>
   <div class='ocr_carea' id='block_1_155' title="bbox 2221 5727 3810 5794">
    <p class='ocr_par' dir='ltr' id='par_1_155' title="bbox 2221 5727 3810 5794">
     <span class='ocr_line' id='line_1_158' title="bbox 2221 5727 3810 5794; baseline -0.006 -13"><span class='ocrx_word' id='word_1_1298' title='bbox 2221 5727 2464 5794; x_wconf 77' lang='lat' dir='ltr'><strong>diﬂ‘icilius</strong></span> <span class='ocrx_word' id='word_1_1299' title='bbox 2483 5727 2687 5792; x_wconf 69' lang='lat' dir='ltr'><strong>[imitare</strong></span> <span class='ocrx_word' id='word_1_1300' title='bbox 2721 5735 2904 5780; x_wconf 86' lang='lat' dir='ltr'><strong>terram</strong></span> <span class='ocrx_word' id='word_1_1301' title='bbox 2935 5738 3077 5791; x_wconf 83' lang='lat' dir='ltr'><strong>super</strong></span> <span class='ocrx_word' id='word_1_1302' title='bbox 3099 5738 3268 5788; x_wconf 84' lang='lat' dir='ltr'><strong>aquas,</strong></span> <span class='ocrx_word' id='word_1_1303' title='bbox 3301 5736 3446 5788; x_wconf 87' lang='lat' dir='ltr'><strong>quam</strong></span> <span class='ocrx_word' id='word_1_1304' title='bbox 3469 5735 3621 5792; x_wconf 79' lang='lat' dir='ltr'><strong>aquas</strong></span> <span class='ocrx_word' id='word_1_1305' title='bbox 3658 5733 3810 5786; x_wconf 80' lang='lat' dir='ltr'><strong>super</strong></span> 
     </span>
    </p>
   </div>
  </div>
