4094 6342
329 338 441 398 875

326 469 470 508 vane
495 448 813 506 constituisti
838 460 1027 504 omnes
1053 447 1186 501 ﬁlios
1216 444 1528 500 hominum?
1547 442 1751 501 Creasti
1782 460 1865 498 me
1889 486 1902 510 ,

328 524 561 579 Domine
584 563 600 588 ,
641 535 766 591 rege
786 519 925 590 quod
951 519 1164 591 creasti.
1192 517 1364 591 Opera
1404 532 1653 591 manuum
1699 525 1909 569 tuarum

329 610 405 650 ne
433 587 731 661 despicias,
780 587 935 645 Deus.
963 589 1044 644 Me
1072 588 1241 643 fecisti
1270 587 1338 661 de
1362 587 1543 661 nihilo
1565 587 1654 661 ;_si
1684 601 1767 641 me
1804 603 1909 661 non

331 658 751 735 regis,Domine,
772 661 961 715 iterum
985 672 1222 735 revertar
1239 659 1305 735 ad
1321 658 1563 735 nihilum.
1581 659 1729 735 Sicut
1745 659 1908 735 enim,

332 728 595 801 Domine,
637 748 743 787 non
772 747 940 797 eram,
968 740 1021 786 ct
1052 731 1121 785 de
1153 729 1320 801 nihilo
1342 728 1542 801 aliquid
1570 742 1661 801 me
1704 729 1911 801 fecisti;

327 809 415 862 sic
434 807 479 861 si
512 799 597 859 me
624 820 729 859 non
759 804 900 873 regis
919 845 933 866 ,
957 802 1131 856 adhuc
1162 801 1213 855 in
1242 799 1464 854 nihilum
1492 799 1698 873 redigar
1724 800 1774 853 in
1803 815 1910 873 me.

330 878 541 946 Adjuva
584 891 692 939 me,
722 870 945 929 Domine
970 874 1072 927 vita
1121 886 1358 946 mea,_ne
1389 886 1600 939 peream
1627 871 1678 924 in
1710 870 1912 946 malitia

331 943 475 1003 mea.
505 946 559 1003 Si
592 962 697 1001 non
741 959 955 1000 creares
994 958 1101 1009 me,
1134 943 1377 1003 Domine,
1406 956 1511 995 non
1541 956 1714 996 essem
1748 959 1762 995 :
1792 943 1913 1010 quia

328 1019 531 1073 creasti
554 1032 661 1083 me,
687 1018 795 1086 jam
818 1030 971 1080 sum;
994 1014 1040 1069 si
1063 1029 1166 1068 non
1190 1014 1348 1082 regis,
1368 1014 1477 1081 jam
1508 1028 1610 1067 non
1641 1027 1778 1066 sum.
1798 1011 1912 1066 Non

330 1102 455 1145 mea
481 1090 694 1151 merita,
725 1100 831 1141 non
862 1101 980 1142 mea
1008 1086 1201 1156 gratia,
1227 1094 1277 1139 te
1303 1091 1593 1156 coegerunt
1619 1092 1675 1137 ut
1697 1098 1910 1156 ereares

330 1176 446 1225 me,
477 1160 574 1215 sed
619 1158 995 1229 benignissima
1014 1153 1247 1211 'bonitas
1276 1163 1362 1209 tua
1391 1162 1445 1210 et
1469 1155 1773 1229 clementia.
1823 1153 1915 1208 Illa

330 1232 593 1295 eharitas,
624 1226 845 1285 Domine
892 1228 1029 1283 Deus
1066 1243 1236 1290 meus,
1261 1241 1379 1295 qua:
1422 1238 1470 1279 te
1495 1226 1559 1279 ad
1590 1226 1916 1279 creationem

328 1302 533 1372 coegit,
558 1302 693 1370 ipsa,
724 1314 927 1372 quaeso,
957 1308 1033 1372 et_
1052 1297 1212 1352 modo
1237 1307 1391 1372 cogat
1422 1306 1473 1372 te
1497 1296 1575 1350 ad»
1604 1295 1913 1372 regendum.

337 1367 477 1440 Quid
489 1367 635 1429 enim
658 1367 870 1442 prodest
898 1368 1035 1441 quod
1056 1368 1558 1442 compulitcharitas
1589 1377 1695 1431 tua,
1721 1367 1766 1421 si
1793 1381 1919 1442 per:

333 1437 463 1501 eam
513 1443 567 1499 in
589 1437 800 1499 miseria
827 1437 972 1506 mea,
1004 1448 1060 1495 et
1086 1437 1193 1495 non
1217 1453 1301 1493 me
1336 1448 1483 1507 regat
1512 1437 1730 1492 dextera
1770 1445 1870 1507 tua
1894 1437 1918 1491 ?

339 1516 470 1571 Haec
496 1525 548 1571 te
571 1523 745 1585 cogat,
766 1512 999 1585 Domine
1033 1512 1174 1566 Deus
1202 1523 1370 1573 meus,
1401 1506 1684 1585 clementia
1713 1506 1780 1562 ad
1806 1508 1916 1562 sal-

337 1586 573 1643 vandum
592 1627 607 1650 ,
638 1578 779 1655 quod
816 1591 1055 1639 creatum
1068 1589 1177 1655 _est,
1206 1595 1323 1655 quae
1349 1589 1400 1633 te
1426 1578 1684 1655 compulit
1708 1592 1913 1655 creare,

333 1658 556 1729 quando
575 1648 812 1711 creatum
828 1667 932 1729 non
946 1661 1048 1729 est.
1067 1651 1185 1729 Ipsa
1200 1648 1250 1706 te
1272 1650 1445 1729 vincat
1464 1648 1695 1729 Charitas
1716 1648 1783 1702 ad
1809 1649 1918 1703 sal-

340 1721 574 1783 viandum
615 1743 733 1798 qure
765 1735 816 1783 te
858 1724 992 1798 vicit
1025 1723 1095 1798 ad
1124 1722 1449 1798 creandum;
1486 1721 1609 1790 quia
1652 1734 1753 1798 nec
1779 1734 1920 1775 nunc

336 1800 518 1854 minor
536 1791 657 1861 est',
701 1798 826 1868 quia
855 1797 965 1868 ipsa
990 1794 1298 1868 charitastu
1328 1797 1442 1861 ipse
1467 1806 1547 1857 es,
1596 1791 1685 1868 qui
1707 1804 1920 1860 semper

336 1871 482 1926 idem
504 1885 582 1925 es.
610 1862 735 1924 Non
752 1876 835 1922 est
859 1862 1161 1922 abbreviata
1187 1878 1379 1918 manus
1399 1872 1507 1927 tua,
1536 1869 1594 1915 ut
1607 1862 1811 1915 salvare
1827 1876 1921 1917 ne-

338 1951 535 2011 queat;
577 1955 752 2010 neque
776 1946 1056 2011 aggravata
1085 1944 1167 1989 est
1190 1935 1335 2011 auris
1360 1941 1446 2011 tua
1471 1973 1485 1993 ,
1521 1941 1717 2011 utnnon
1742 1932 1922 1987 audiat

335 2003 497 2081 (Ἰδαί.
523 2003 635 2077 ιλιι,
665 2003 741 2081 ἰ);
771 2003 868 2065 sed
897 2016 1113 2081 peccata
1141 2020 1258 2081 mea
1280 2005 1571 2081 diviserunt
1594 2003 1733 2058 inter
1754 2018 1839 2081 me
1867 2011 1921 2058 et

338 2074 415 2154 te,
445 2084 582 2154 inter
610 2074 856 2154 tenebras
876 2074 930 2134 et
956 2078 1151 2143 lucem,
1181 2077 1319 2154 inter
1344 2074 1842 2154 imaginemmortis
1866 2081 1922 2128 ct

340 2145 526 2218 vitam,
556 2153 696 2207 inter
719 2152 1006 2205 vanitatem
1033 2158 1088 2204 et
1126 2147 1427 2210 veritatem,
1454 2145 1593 2200 inter
1632 2145 1918 2200 lunaticam

338 2223 484 2279 hanc
510 2226 673 2285 vitam
708 2236 880 2282 meam
909 2230 963 2274 et
981 2219 1356 2290 sempiternam
1379 2226 1542 2290 tuam.

438 2294 664 2357 CAPUT
713 2292 831 2349 XII.
893 2286 1651 2358 Contra'concupiscentiarum
1716 2286 1921 2358 laqueos

336 2368 525 2422 oratio.
562 2364 671 2423 Hos
713 2366 917 2434 laqueos
958 2363 1070 2434 quis
1115 2359 1345 2434 eﬂ'ugiat.
1376 2358 1469 2434 [Ite
1501 2366 1625 2412 sunt
1682 2358 1918 2434 umbrae,

337 2436 538 2507 quibus
566 2428 787 2505 operior'
818 2434 871 2489 in
899 2428 998 2488 hac
1017 2428 1534 2507 abyssocaliginosa
1562 2429 1795 2507 carceris
1824 2428 1923 2507 li-u-

336 2498 450 2578 jhs,
478 2510 530 2561 in
569 2498 677 2578 quo
692 2512 988 2578 prostratus
1013 2498 1165 2573 iaceo
1184 2498 1580 2578 donee'aspiret
1602 2498 1823 2578 dies,_et
1850 2498 1923 2578 in-

336 2569 611 2635 clinentur
632 2569 853 2650 umbrze,
885 2569 1091 2650 ﬁatque
1117 2588 1220 2627 vox
1248 2573 1300 2627 in
1330 2572 1666 2650 ﬁrmamento
1710 2569 1922 2650 virtutis

340 2660 469 2714 tum,
499 2666 603 2704 vox
631 2648 838 2704 Domini
882 2647 934 2700 in
959 2641 1188 2711 virtute,
1218 2659 1330 2714 vox,
1365 2642 1572 2696 Domini
1601 2641 1652 2695 in
1676 2641 1921 2714 magnifi-

339 2712 552 2777 centia:
581 2720 861 2786 dicatque,
892 2717 1009 2772 Fiat
1034 2716 1145 2783 lux,
1184 2724 1239 2769 et
1262 2713 1560 2786 eliugentur
1581 2712 1836 2786 tenebrae,
1868 2722 1924 2767 et

337 2801 597 2861 appareat
636 2783 803 2855 arida,
832 2783 1195 2861 germinetque
1244 2795 1383 2861 terra
1410 2783 1921 2861 herbam-virentem

338 2853 710 2919 cii-facientem
743 2853 926 2916 semen
953 2864 1011 2915 et'
1044 2853 1270 2913 fructum
1298 2856 1495 2911 bonum
1523 2853 1741 2923 iustitia:
1773 2854 1923 2922 regni

343 2934 442 2987 tui.
468 2934 693 2988 Domine
716 2932 875 2989 Pater
899 2940 954 2986 et
975 2930 1136 2996 Deus,
1176 2928 1282 2982 vita
1314 2942 1409 2997 per
1435 2940 1594 2996 quam
1620 2924 1799 2978 omnia
1838 2924 1923 2997 vi-

341 3013 493 3071 vunt,
516 3013 571 3059 et
590 3005 707 3059 sine
735 3015 837 3073 qua
864 3000 1043 3056 omnia
1071 2995 1279 3073 mortua
1302 2995 1695 3073 computantur,
1728 3010 1796 3050 ne
1825 2995 1921 3049 de-

339 3066 612 3145 relinquas
632 3090 719 3130 me
738 3066 791 3129 in
809 3073 1043 3145 cogitatu
1063 3070 1315 3145 maligno,
1337 3077 1392 3145 et
1419 3066 1779 3145 extollentiam
1797 3080 1926 3120 ocu-

341 3140 520 3202 lorum
554 3160 798 3201 nieorum
833 3140 903 3199 ne
942 3140 1158 3199 dederis
1184 3140 1333 3195 mihi.
1364 3140 1530 3193 Aufer
1557 3153 1587 3191 a
1612 3152 1699 3191 me
1724 3151 1923 3191 concu-

342 3217 653 3287 piscentias,
683 3225 739 3271 et
764 3211 1276 3287 animoirreverenti
1302 3209 1623 3287 etinfrunito
1654 3222 1721 3262 ne
1749 3207 1925 3262 tradas

342 3280 430 3344 ine
460 3280 648 3360 (Eccli.
677 3283 977 3360 uniti-6)
1000 3302 1023 3360 _:
1055 3282 1148 3338 sed
1180 3280 1393 3360 posside
1436 3294 1531 3335 eor
1561 3294 1771 3360 meum,_
1790 3287 1847 3332 ut
1876 3287 1925 3360 te

343 3349 542 3431 cogitet
578 3349 1083 3431 semper.lllumina
1109 3349 1296 3431 oculos
1324 3366 1494 3431 meos,
1517 3359 1659 3431 utte
1687 3349 1922 3431 videant2

344 3420 554 3503 et'non
598 3420 917 3503 extollantur
945 3433 1195 3503 ante_te,
1236 3421 1755 3503 gloriasempiterna
1789 3438 1802 3471 :
1831 3420 1925 3474 sed

344 3499 620 3574 humiliter
661 3499 917 3574 sentiant,
946 3511 1053 3574 _n_on
1081 3497 1136 3550 in
1185 3493 1529 3574 mirabilibus.
1555 3507 1714 3574 super
1738 3505 1826 3574 se;
1856 3503 1929 3574 Aet

344 3586 465 3640 qua:
484 3587 517 3626 a
541 3571 742 3627 dextris
761 3579 886 3626 sunt
903 3562 1140 3640 videant,
1170 3581 1280 3620 non
1304 3579 1420 3634 qua:
1435 3578 1467 3618 a
1486 3562 1716 3618 sinistris
1740 3562 1833 3616 abs
1854 3571 1924 3615 te.

344 3638 414 3696 Et
441 3643 709 3711 palpebra:
734 3656 869 3696 meae
907 3638 1211 3711 praecedant
1240 3648 1455 3711 gressus
1497 3648 1653 3711 meos
1678 3651 1690 3687 :
1722 3642 1928 3711 namnet

347 3703 619 3782 palpebrae
646 3722 748 3767 tute
772 3703 1100 3782 interrogant
1127 3703 1266 3761 ﬁlios
1291 3705 1561 3782 hominum
1586 3703 1756 3775 (Psal.
1785 3704 1923 3774 3,6).

346 3776 527 3839 Allide
562 3776 1044 3851 concupiscentiam
1083 3794 1257 3834 meam
1286 3776 1567 3851 dulcedine
1612 3785 1698 3829 tua
1722 3815 1736 3838 ,
1768 3790 1925 3851 quam

344 3853 676 3910 abscondisti
699 3846 1007 3908 timentibus
1052 3860 1124 3915 te,
1160 3857 1217 3903 ut
1241 3848 1615 3916 concupiscam
1672 3846 1927 3913 concupi-

344 3939 500 3981 scere
516 3933 568 3980 te
594 3922 1041 3995 concupiscentiis
1062 3920 1398 3989 sempiternis
1426 3934 1439 3970 :
1464 3933 1530 3971 ne
1555 3917 1701 3995 vanis
1724 3916 1928 3995 illectus

345 4004 403 4049 et
430 3996 683 4065 deceptus
735 3986 958 4065 interior
992 3986 1368 4065 gustus—ponat
1394 4003 1630 4065 amarum
1661 3986 1837 4065 dulce,
1874 3994 1930 4065 et

345 4065 504 4121 dulce
532 4056 795 4131 amarum,
824 4056 1070 4121 tenebras
1093 4056 1282 4126 lucem,
1317 4071 1371 4115 et
1402 4059 1571 4131 lucem
1606 4056 1929 4131 tenebras__iu

344 4137 524 4193 medio
569 4128 1039 4209 totdecipularuni
1085 4132 1279 4209 passim
1300 4130 1382 4209 _ah
1409 4129 1623 4184 inimico
1662 4144 1820 4197 super
1847 4128 1927 4209 fa-

346 4209 487 4264 ciem
522 4209 623 4263 via:
649 4202 813 4279 hujus
830 4208 897 4262 ad
919 4204 1203 4279 capiendas
1228 4202 1431 4279 animas
1456 4202 1927 4279 parataruni,_qui_-

345 4279 452 4361 bus
467 4280 663 4361 plenus
688 4270 771 4335 est
802 4289 944 4361 totus
981 4270 1232 4358 mundus,
1260 4270 1694 4361 utnis.qui_vidit_,
1722 4271 1929 4361 subsi-

347 4342 517 4405 Ientio
546 4365 653 4405 non
682 4351 942 4415 transivit,
986 4346 1229 4422 inquiens
1260 4362 1275 4397 :
1308 4343 1565 4422 Quidquid
1604 4342 1736 4395 enim
1768 4351 1845 4422 est
1874 4343 1927 4395 in

348 4421 563 4485 mundo,
585 4431 672 4475 aut
695 4431 768 4476 est
793 4418 1193 4489 concupiscentia
1218 4416 1415 4489 carnis,
1447 4422 1533 4466 aut
1566 4416 1928 4489 concupiscen-

348 4491 421 4545 tia
445 4482 728 4557 ocuiorum,
755 4500 842 4546 aut
885 4482 1126 4560 superbia
1140 4487 1253 4542 vin
1274 4484 1317 4555 (I
1347 4482 1503 4560 loqu.
1531 4497 1589 4547 ll,
1617 4483 1731 4552 16).
1757 4483 1925 4550 Ecce,

347 4561 576 4617 Domine
607 4554 746 4618 Deus
770 4554 1197 4628 meus,'muudus
1226 4554 1369 4610 totus
1406 4554 1596 4623 plenus
1613 4562 1702 4628 est
1726 4567 1927 4628 concu-

390 4632 728 4689 iseentiarum
768 4623 991 4702 laqueis,
1023 4644 1156 4699 quos
1186 4634 1495 4702 paraverunt
1524 4624 1749 4696 pedibus
1770 4623 1925 4702 meis.

400 4713 418 4757 t
446 4706 567 4774 quis
591 4705 807 4774 etfugiet
838 4693 952 4758 'bos
979 4693 1240 4770 laqueos?
1268 4695 1511 4751 Profecto
1525 4693 1565 4748 ’a
1593 4709 1699 4764 quo
1727 4704 1780 4748 tu
1808 4693 1928 4748 abs-

346 4775 535 4829 tuleris
560 4776 923 4831 extollentiam
953 4775 1227 4827 oculorum
1276 4782 1493 4823 suorum
1515 4808 1530 4833 ,
1578 4775 1633 4818 ut
1662 4780 1766 4819 non
1803 4779 1927 4819 eum

346 4846 527 4917 capiat
554 4844 985 4917 concupiscentia
1028 4842 1345 4917 oculorum;
1385 4848 1440 4894 et
1466 4854 1495 4890 a
1526 4844 1715 4917 quo.tu
1743 4836 1928 4913 abstu-

346 4914 476 4970 leris
519 4918 695 4989 carnis
729 4913 1252 4989 concupiscentiam,
1282 4926 1348 4989 ne
1386 4924 1509 4989 eum
1543 4913 1716 4989 capiat
1738 4921 1927 4988 .earnis

345 4988 799 5055 concupiscentia;
826 4997 881 5042 et
904 4980 934 5041 a
958 4999 1063 5055 quo
1086 4992 1141 5038 tu
1165 4980 1708 5055 abstulerisauimum
1737 4980 1930 5055 irreve-

345 5048 554 5113 rentem
577 5070 630 5113 et
644 5048 990 5121 infrunitum;
1010 5072 1074 5109 ne
1096 5069 1217 5110 eum
1234 5051 1424 5107 callide
1440 5048 1927 5120 decipiatsuperbia

346 5128 491 5199 vitae.
521 5127 566 5183 0
589 5145 748 5199 quam
788 5128 912 5183 felix
942 5127 1026 5199 cui
1058 5125 1172 5179 lucc
1200 5122 1389 5177 facies!
1417 5122 1611 5199 quippe
1658 5128 1926 5189 pertrans-

345 5197 446 5253 ibit
474 5192 746 5257 immunis.
766 5199 917 5253 Nune
941 5197 1200 5266 deprecor
1213 5205 1385 5266 teper
1401 5200 1469 5257 te,
1495 5192 1684 5260 adjuva
1712 5204 1826 5254 me;
1862 5205 1928 5244 ne

344 5283 593 5341 corruam
620 5271 673 5326 in
701 5278 990 5341 conspectu
1014 5265 1709 5341 adversariorummeorum
1739 5270 1927 5341 eaptus

346 5337 551 5408 laqueis
577 5357 785 5405 eorum,
817 5333 949 5411 quos
977 5345 1296 5413 paraverunt
1323 5333 1545 5403 pedibus
1568 5333 1728 5413 Onieis,
1764 5342 1821 5413 ut
1849 5333 1929 5413 iu-

347 5403 571 5467 curvent
611 5403 850 5468 animam
872 5403 1077 5483 nica'm.
1107 5406 1220 5483 Δ8εὸ
1246 5420 1372 5483 erue
1399 5404 1709 5483 iiie,_vi_rtus
1742 5403 1926 5483 salutis

346 5494 484 5537 mea:
517 5500 530 5535 :
564 5500 631 5538 ne
659 5485 759 5540 sibi
805 5483 970 5537 risum
998 5479 1284 5535 exhibeant
1307 5475 1373 5531 de
1396 5492 1482 5529 me
1516 5474 1712 5528 inimici
1738 5474 1809 5527 tui
1837 5474 1924 5543 qui

346 5552 579 5608 oderunt
599 5563 670 5609 te.
704 5554 963 5623 Exsurge,
989 5552 1211 5605 Domine
1230 5550 1366 5623 Deus
1388 5560 1559 5623 meus,
1582 5544 1732 5623 fortis
1753 5559 1923 5611 meus;

258 5641 273 5648 ’
349 5632 405 5694 et
427 5624 755 5694 dissipentur
782 5616 978 5679 inimici
1021 5623 1117 5688 tui,
1145 5630 1205 5694 et
1225 5620 1426 5694 fugiant
1448 5617 1537 5687 qui
1564 5616 1790 5694 oderunt
1817 5623 1868 5694 te
1896 5632 1924 5669 a

347 5690 484 5766 facie
516 5685 603 5750 tua
634 5696 803 5760 (Psat.
839 5711 999 5759 van,
1036 5685 1137 5766 I):
1167 5685 1306 5766 sicut
1341 5685 1604 5766 fluit—cera
1633 5703 1663 5740 a
1694 5688 1827 5766 facie
1850 5685 1926 5756 ig-

347 5765 453 5837 nis,
482 5768 559 5821 sic
582 5758 800 5837 pereant
827 5758 1132 5837 peccatores
1152 5780 1182 5817 a
1209 5762 1340 5817 facie
1359 5762 1470 5837 Dei,
1498 5760 1564 5815 Et
1584 5774 1683 5830 ego
1703 5758 1927 5837 abscon-

349 5834 447 5891 dar
484 5838 539 5892 in
564 5830 877 5893 abscondito
902 5836 1057 5892 faciei
1087 5844 1188 5889 tuae
1212 5876 1225 5899 ,
1253 5844 1307 5889 et
1334 5832 1591 5906 gaudeam
1631 5846 1755 5888 cum
1799 5830 1921 5887 ﬁliis

591 5929 820 5993 SANCT.
857 5934 1135 5992 Accusa.
1167 5928 1276 5991 Vl.

1248 330 1450 391 LIBER
1488 327 2039 398 SOLILOQUIUIKUM
2077 328 2316 386 ΑΝΙΜᾹΞ
2353 328 2445 386 AD
2484 328 2692 388 DEUM.

3505 334 3607 395 87]

2021 446 2144 511 tuis,
2176 449 2395 502 satiatus
2413 447 2658 503 omnibus
2682 448 2838 503 bonis
2867 450 2986 503 luis.
3003 448 3068 504 Et
3095 457 3169 516 tu,
3194 450 3417 509 Domine
3436 452 3598 521 Deus,

2021 528 2172 595 pater
2198 520 2589 595 orplianorum,
2618 530 2673 574 et
2708 529 2782 586 tu,
2812 530 2982 575 mater
3018 521 3329 595 pupillorum
3354 520 3601 595 tuorum,

2020 589 2145 663 audi
2168 590 2417 659 ejulalum
2448 589 2678 663 filiorum
2709 600 2949 663 tuorum:
2981 601 3033 644 et
3053 589 3280 647 extende
3302 595 3412 649 alas
3459 589 3598 663 tuas,

2019 670 2079 714 ut
2109 660 2368 731 fugiamus
2406 662 2507 715 sub
2535 662 2612 715 eis
2642 678 2671 716 a
2703 662 2837 718 facie
2867 663 3062 717 inimici
3091 704 3107 727 ,
3141 665 3299 718 turris
3339 666 3575 723 fertitudi

2024 732 2105 803 nis
2133 732 2314 795 Israel,
2345 734 2434 803 qui
2458 748 2563 787 non
2593 733 2852 787 dormitas
2877 749 3048 803 neque
3075 734 3276 789 dormis
3297 737 3605 794 custodiens

2024 802 2220 927 Isrqel,
2253 802 2377 874 quia
2420 820 2523 858 non
2572 804 2824 860 dormitat
2866 802 3035 860 hostis
3074 805 3160 876 qui
3213 806 3485 877 impugnat
3525 809 3605 864 Is-

2024 889 2113 927 rae
2141 912 2153 925 .

2022 889 2153 929 rael.

2094 943 2318 1001 CAPUT
2347 945 2484 1000 XIII.
2542 946 2621 1000 De
2662 947 2880 1001 mirabili
2910 947 3021 1001 luce
3066 946 3179 1000 Dei.
3216 948 3365 1015 Quod
3414 952 3467 1003 in
3496 952 3605 1005 solo

2022 1016 2131 1070 Deo
2172 1016 2291 1070 bene
2339 1018 2402 1070 sit
2450 1017 2659 1071 homini.
2694 1016 2771 1071 De
2812 1019 2962 1072 variis
3034 1017 3129 1072 Dei
3184 1019 3458 1087 beneﬁciis.
3491 1020 3601 1077 Lux

2023 1103 2179 1159 quam
2203 1102 2307 1141 non
2333 1089 2473 1143 videt
2498 1088 2602 1142 alia
2634 1089 2741 1147 lui.
2774 1089 2951 1143 Iumcn
2979 1090 3117 1159 quod
3149 1106 3252 1144 non
3292 1090 3434 1145 videt
3460 1092 3603 1145 aliud

2024 1158 2239 1217 lumen:
2271 1159 2357 1213 lux
2385 1175 2500 1228 quae
2530 1159 2850 1215 obtcnebras
2876 1158 3087 1215 omnem
3114 1161 3315 1226 lucem,
3350 1172 3402 1216 et
3427 1162 3603 1216 lumen

2023 1229 2165 1303 quod
2196 1244 2438 1303 e‘xczecas
2486 1245 2645 1284 omne
2685 1241 2994 1285 extraneum
3053 1232 3262 1296 lumen;
3314 1233 3399 1286 lux
3440 1248 3468 1286 a
3501 1249 3604 1303 qua

2024 1300 2331 1373 omnislux,
2358 1302 2533 1355 lumen
2556 1316 2583 1355 a
2613 1316 2717 1371 quo
2733 1317 2892 1373 omne
2918 1303 3131 1365 lumen;
3164 1303 3339 1357 lumen
3365 1303 3431 1357 ad
3462 1300 3603 1373 quod

2024 1386 2183 1426 omne
2208 1372 2386 1443 lumen
2426 1381 2508 1427 est
2536 1373 2786 1439 tenebrae,
2815 1372 2880 1426 ad
2906 1373 3048 1443 quod
3077 1375 3252 1427 omnis
3281 1375 3367 1428 lux
3408 1372 3605 1429 ubScu-

2024 1447 2186 1507 ritas;
2218 1442 2307 1497 lux
2335 1444 2418 1497 cui
2445 1458 2631 1498 omnes
2674 1446 2907 1498 tenebra:
2926 1442 3136 1507 lumen,
3166 1444 3249 1498 cui
3303 1446 3479 1499 omnis
3502 1446 3603 1499 ob-

2025 1514 2250 1569 scuritas
2266 1512 2386 1579 lux;
2411 1514 2496 1568 lux
2516 1529 2761 1584 suprema
2785 1530 2942 1585 quam
2956 1514 3166 1569 creeitas
3189 1528 3292 1571 non
3309 1515 3604 1581 obnubilat,

2024 1600 2181 1655 quam
2212 1585 2381 1654 caligo
2420 1600 2525 1639 non
2557 1586 2807 1651 hebetat,
2840 1600 2995 1655 quam
3028 1587 3261 1641 tenebrae
3301 1600 3407 1640 non
3444 1586 3604 1642 obfu-

2025 1664 2197 1717 scant,
2229 1671 2388 1724 quam
2419 1656 2565 1711 nulla
2590 1656 2854 1711 obstantia
2886 1657 2901 1687 ¹
2935 1656 3221 1721 claudunt.
3250 1672 3409 1727 quam
3461 1674 3601 1712 tinn-

2025 1742 2185 1796 quam
2212 1736 2424 1795 separat
2464 1728 2637 1797 aliqua
2666 1727 2850 1781 umbra
2885 1745 2897 1780 :
2931 1727 3019 1781 lux
3047 1743 3166 1798 quae
3193 1728 3457 1783 illuminas
3483 1744 3603 1784 om-

2026 1797 2109 1850 nia
2131 1806 2241 1851 tota
2270 1798 2499 1853 simulet
2526 1798 2689 1853 semel
2715 1808 2769 1853 et
2795 1813 3021 1865 semper,
3051 1797 3276 1853 absorbe
3307 1814 3393 1853 me
3415 1800 3465 1853 in
3496 1799 3605 1854 cla-

2026 1868 2198 1923 ritatis
2235 1877 2338 1922 ture
2374 1869 2645 1941 abyssum,
2681 1877 2737 1922 ut
2780 1869 2986 1941 videam
3017 1870 3250 1941 undique
3278 1879 3329 1924 te
3355 1870 3405 1923 in
3434 1879 3506 1936 te,
3550 1878 3605 1924 et

2028 1954 2114 1994 me
2143 1941 2193 1993 in
2238 1947 2318 2003 te,
2351 1948 2405 1994 et
2436 1938 2625 1995 cuneta
2658 1941 2757 1993 sub
2801 1948 2869 1993 te.
2899 1938 2976 1994 Ne
3001 1938 3340 2010 derelinquas
3375 1956 3496 2004 me;
3536 1955 3604 1996 ne

2027 2020 2336 2082 accreseaut
2362 2011 2563 2082 umbrm
2596 2010 2908 2082 ignorantiae
2932 2025 3085 2073 meae,
3102 2019 3163 2082 et
3185 2011 3605 2079 multiplicemur

2027 2080 2217 2135 delicta
2247 2097 2383 2135 mea.
2411 2081 2536 2137 Sine
2564 2090 2615 2136 te
2630 2080 2780 2135 enim
2813 2082 2989 2135 omnia
3020 2081 3151 2136 mihi
3190 2091 3315 2137 sunt
3346 2082 3602 2147 tenebrze,

2027 2152 2203 2207 omnia
2232 2153 2399 2218 mala;
2428 2153 2546 2222 quia
2575 2152 2705 2205 nihil
2747 2152 2941 2206 bonum
2978 2153 3094 2206 sine
3136 2160 3187 2207 te
3229 2167 3381 2217 vero,
3414 2153 3530 2207 solo
3551 2161 3607 2208 et

2028 2236 2237 2277 summo
2284 2224 2441 2277 bono.
2476 2223 2587 2277 Hoc
2624 2224 2885 2278 conﬁteor
2915 2263 2931 2289 ,
2962 2222 3163 2293 (a)hoc
3202 2225 3344 2291 seio,
3383 2223 3606 2279 Domine

2030 2293 2173 2348 Deus
2214 2309 2384 2359 meus,
2418 2293 2539 2363 quia
2580 2293 2899 2362 ubicumque
2946 2308 3063 2347 sum
3093 2294 3211 2349 sine
3251 2303 3322 2361 te,
3355 2297 3493 2349 male
3522 2301 3608 2350 est

2030 2364 2159 2418 mihi
2182 2373 2374 2434 praeter
2392 2374 2462 2431 te,
2494 2379 2599 2418 non
2626 2365 2797 2419 solum
2821 2373 2970 2418 extra
2992 2380 3095 2429 tne,
3118 2364 3211 2420 sed
3232 2366 3403 2420 etiam
3420 2365 3471 2418 in
3494 2380 3603 2431 me;

2028 2436 2151 2505 quia
2177 2438 2350 2489 omnis
2378 2437 2528 2502 cepia
2549 2450 2667 2505 qua:
2695 2449 2800 2489 non
2843 2443 2926 2488 est
2971 2434 3111 2490 Deus
3141 2450 3292 2491 meus
3312 2477 3328 2503 ,
3359 2435 3489 2490 mihi
3521 2445 3605 2490 cst

2027 2516 2257 2576 egestas.
2295 2506 2541 2561 Satiabor
2580 2514 2784 2560 tantum
2828 2521 2953 2560 eum
2983 2508 3285 2576 apparuerit
3314 2508 3482 2576 gloria
3518 2515 3607 2562 tua

2030 2574 2201 2649 (Paul.
2241 2594 2348 2641 xvi,
2379 2576 2489 2647 I5).
2523 2576 2755 2639 Etenim,
2786 2574 3135 2649 Domine'vita
3164 2592 3283 2632 mea
3314 2574 3463 2649 beata
3486 2619 3501 2645 ,
3549 2585 3608 2631 ut

2029 2647 2297 2703 iniseriam
2325 2663 2497 2702 meam
2524 2650 2783 2702 eonlitear
2809 2647 2923 2711 tibi,
2949 2662 3014 2703 ex
3051 2664 3156 2718 quo
3183 2648 3249 2703 ab
3286 2648 3489 2703 unitate
3515 2656 3605 2703 tua

2028 2719 2196 2774 cecidi
2222 2762 2235 2783 ,
2265 2734 2530 2774 summum
2561 2727 2613 2772 et
2660 2734 2823 2773 unum
2853 2719 3083 2783 bonum;
3114 2720 3486 2789 temporalium
3516 2735 3606 2774 re-

2029 2806 2146 2844 rum
2179 2790 2572 2845 multiformitas
2620 2790 2826 2857 lapsum
2864 2805 2947 2845 me
2995 2805 3089 2859 per
3132 2790 3375 2845 carnales
3413 2805 3602 2846 sensus

2030 2862 2431 2924 disverberavit,
2465 2869 2520 2915 et
2547 2860 2612 2914 ab
2642 2876 2749 2913 uno
2781 2869 2831 2914 te
2858 2859 2906 2912 in
2941 2861 3104 2915 multa
3130 2860 3309 2916 divisit
3340 2878 3353 2914 :
3386 2870 3442 2917 et
3469 2860 3607 2917 facta

2030 2942 2111 2987 est
2159 2931 2289 2987 mihi
2336 2932 2658 2987 abundantia
2696 2932 2989 2996 laboriosa,
3019 2940 3074 2986 et
3117 2941 3324 3001 egestas
3364 2934 3603 3001 copiosa,

2029 3003 2155 3058 dum
2183 3003 2327 3058 aliud
2376 3012 2430 3058 et
2477 3002 2620 3057 aliud
2662 3002 2942 3073 sequebar,
2986 3010 3039 3057 et
3066 3017 3095 3055 a
3124 3002 3272 3057 nullo
3315 3002 3605 3073 implebar;

2029 3073 2156 3128 dum
2184 3074 2235 3128 in
2270 3084 2320 3129 te
2346 3090 2451 3129 non
2497 3072 2824 3144 inveniebar,
2870 3072 3303 3144 incommutabile
3331 3072 3401 3127 et
3422 3073 3609 3144 singu-

2030 3144 2140 3199 lare
2183 3155 2235 3199 et
2280 3146 2562 3200 iudivisum
2610 3158 2775 3199 unum
2812 3143 3043 3209 bonum,
3081 3142 3222 3213 quod
3253 3151 3469 3199 secutus
3500 3142 3607 3199 non

2030 3232 2187 3281 erro,
2220 3216 2361 3286 quod
2408 3223 2729 3286 consecutus
2777 3229 2882 3267 non
2926 3213 3105 3286 doleo,
3156 3214 3299 3283 quod
3330 3215 3609 3283 possidens

2031 3284 2253 3341 satiatur
2270 3296 2436 3342 totum
2453 3285 2773 3357 desiderium
2800 3299 2998 3357 meum.
3024 3284 3140 3339 Heu
3162 3286 3372 3357 miseria
3396 3288 3604 3357 magna!

2032 3356 2134 3411 heu
2165 3360 2275 3413 me!
2318 3358 2559 3424 Domine,
2588 3356 2783 3411 misera
2811 3354 2987 3410 anima
3016 3371 3133 3411 mea
3164 3365 3215 3412 te
3242 3356 3451 3427 refugit,
3485 3354 3607 3412 eum

2032 3445 2137 3498 quo
2158 3444 2369 3499 semper
2393 3428 2626 3483 abundat
2651 3435 2705 3483 et
2726 3427 2919 3499 gaudet
2943 3442 2957 3491 ;
2987 3436 3041 3499 et
3063 3429 3305 3499 sequitur
3324 3427 3604 3493 mundum,

2033 3496 2153 3555 cum
2184 3496 2289 3570 quo
2314 3515 2528 3569 semper
2555 3505 2683 3570 eget
2701 3496 2955 3570 etdolet.
2981 3496 3206 3570 Mundus
3233 3497 3461 3563 clamat,
3508 3499 3610 3554 De-

2035 3568 2212 3631 ﬁcio;
2239 3582 2293 3626 et
2325 3583 2376 3627 tu
2420 3568 2639 3633 clamas,
2674 3569 2873 3624 lieﬁcio
2902 3585 2915 3622 :
2942 3577 2995 3624 et
3042 3568 3237 3625 misera
3288 3570 3463 3625 anima
3491 3584 3611 3626 mea

2033 3642 2201 3714 magis
2227 3643 2466 3712 seluitur
2481 3640 2858 3714 deiicientem,
2869 3654 3048 3714 quam
3065 3639 3413 3714 reﬁcientem.
3440 3640 3610 3714 Plane

2033 3710 2318 3769 infirmitas
2335 3728 2449 3767 mea
2476 3713 2591 3767 hac
2616 3722 2717 3767 est.
2744 3710 2946 3766 Mediae
2972 3710 3272 3781 Spirituum,
3298 3724 3428 3766 sana
3445 3711 3609 3778 illam,

2035 3796 2093 3839 ut
2138 3786 2392 3839 eonlitear
2433 3784 2547 3848 tibi,
2578 3784 2721 3837 salus
2759 3783 2950 3837 animre
2977 3797 3133 3849 meae,
3164 3791 3275 3838 toto
3298 3782 3461 3839 corde
3490 3798 3612 3838 meo

2034 3871 2193 3925 super
2221 3855 2468 3910 omnibus
2497 3854 2769 3909 beneﬁciis
2794 3852 2917 3919 luis,
2944 3853 3135 3923 quibus
3161 3852 3333 3925 pascis
3362 3868 3455 3925 me
3471 3868 3499 3908 a
3524 3854 3614 3925 ju-

2034 3871 2193 3925 super
2221 3870 2468 3910 omnibus
2497 3870 2769 3909 neneucns
2794 3870 2917 3919 tuis,
2944 3870 3135 3923 quibus
3161 3870 3333 3923 paSCIs
3362 3870 3448 3908 me
3471 3870 3499 3908 a
3552 3870 3613 3908 u-

2034 3935 2250 3982 ventute
2279 3942 2395 3981 mea
2426 3936 2481 3979 et
2509 3940 2674 3995 usque
2701 3924 2753 3977 iu
2777 3931 3047 3995 senectam
3071 3933 3125 3979 et
3159 3924 3391 3979 senium.
3414 3923 3491 3982 Te
3512 3870 3613 3982 de-

2035 4013 2348 4069 precoriper
2374 4006 2424 4069 te
2451 3994 2620 4065 ipsum
2640 4037 2653 4061 ,
2684 4011 2750 4048 ne
2781 3994 3119 4065 derelinquas
3143 4011 3246 4069 me.

2110 4068 2182 4142 (b)
2215 4065 2406 4142 Fecisti
2432 4082 2517 4142 me
2545 4081 2664 4121 cum
2689 4082 2792 4120 non
2823 4079 3001 4142 essem
3023 4106 3037 4129 ,
3066 4065 3339 4142 redemisti
3380 4082 3468 4123 me
3491 4081 3614 4123 cum

2034 4136 2665 4211 perii'ssem.’Perieram,
2703 4147 2941 4191 mortuus
2976 4136 3178 4211 fueram
3204 4137 3315 4211 ;_ad
3345 4147 3614 4194 mortuum

2034 4208 2394 4274 descendisti,
2440 4209 2811 4263 mortalitatem
2843 4208 3145 4277 suscepisti,
3185 4208 3251 4263 ad
3276 4223 3489 4265 servum
3518 4226 3615 4265 rex

2034 4281 2377 4337 descendisti.
2410 4279 2480 4336 Ut
2530 4293 2742 4334 servum
2788 4279 3101 4345 redimeres,
3135 4294 3187 4334 te
3241 4280 3412 4349 ipsum
3447 4280 3611 4335 tradi-

2034 4354 2188 4418 disti;
2218 4361 2275 4408 ut
2295 4367 2394 4421 ego
2426 4352 2680 4414 viverem,
2714 4360 2769 4403 tu
2802 4360 3025 4421 mortem
3050 4350 3349 4420 suscepisti,
3385 4362 3613 4408 mortem

2036 4424 2241 4489 vicisti;
2270 4419 2356 4478 me
2381 4422 2711 4487 restaurasti,
2743 4436 2864 4474 cum
2902 4429 2952 4473 te
2982 4419 3293 4476 humiliaSti.
3319 4423 3612 4486 Perieram,

2035 4496 2267 4550 abieram
2294 4496 2407 4565 ,Uin
2457 4492 2685 4561 peccatis
2710 4490 3060 4545 venumdatus
3081 4507 3261 4565 erant;
3295 4496 3485 4548 venisti
3518 4510 3618 4565 pro

2035 4581 2142 4631 me,
2162 4575 2219 4619 ut
2240 4562 2531 4618 redimercs
2548 4578 2632 4616 me
2659 4579 2671 4614 :
2705 4574 2759 4616 et
2783 4570 2984 4616 tantum
3016 4578 3100 4617 me
3125 4563 3375 4629 dilexisti,
3408 4574 3466 4618 nt
3491 4562 3617 4619 san-

2034 4637 2246 4706 guinem
2281 4642 2427 4689 tuum
2474 4633 2527 4687 in
2556 4636 2784 4706 pretium
2806 4632 2962 4706 dares
2991 4648 3090 4704 pro
3119 4649 3224 4688 me.
3258 4634 3497 4706 Dilexisti
3530 4650 3617 4689 me

2036 4705 2155 4776 plus
2181 4720 2338 4775 quam
2367 4714 2438 4771 te,
2479 4705 2599 4775 quia
2632 4705 2763 4758 mori
2791 4705 3002 4776 voluisti
3034 4720 3128 4774 pro
3158 4720 3262 4759 me.
3296 4705 3409 4776 Tali
3437 4715 3615 4773 pacto,

2036 4775 2143 4832 iam
2169 4792 2294 4831 caro
2325 4777 2495 4845 pretio
2524 4776 2776 4830 reduxisti
2805 4791 2890 4829 me
2916 4775 2984 4831 de
3010 4776 3217 4841 exsilio,
3238 4775 3507 4829 redemisti
3528 4792 3615 4830 me

2038 4848 2105 4903 de
2135 4844 2371 4913 servitio,
2420 4848 2683 4901 retraxisti
2730 4863 2816 4901 me
2850 4848 2917 4900 de
2960 4846 3239 4915 supplicio.
3277 4844 3486 4899 Vucasti
3529 4862 3615 4901 me

2036 4921 2252 4974 nomine
2281 4929 2389 4983 tuo,
2422 4918 2637 4989 signasti
2666 4933 2760 4989 me;
2785 4918 3040 4986 sanguine
3069 4925 3186 4977 tuo,
3232 4924 3286 4969 ut
3309 4918 3617 4989 memoriale

2036 5001 2184 5045 tuum
2217 5005 2428 5060 semper
2461 4987 2602 5044 esset
2627 4988 2766 5058 apud
2805 5003 2889 5041 me
2909 5029 2923 5051 ,
2951 4997 3005 5042 et
3049 5001 3317 5060 nunquam
3342 4987 3618 5042 recederet

2036 5078 2064 5115 a
2092 5062 2252 5115 corde
2277 5058 2417 5125 meo,
2440 5061 2527 5129 qui
2551 5075 2648 5131 pro
2675 5075 2759 5113 me
2799 5073 3065 5127 nunquam
3091 5058 3358 5131 recessisti
3381 5074 3410 5112 a
3431 5073 3592 5131 cruce

2036 5132 2244 5187 Unxisti
2275 5147 2361 5187 me
2388 5128 2507 5185 oleo
2536 5128 2628 5184 tuo
2649 5146 2752 5198 quo
2778 5137 2831 5181 tu
2864 5140 3053 5182 unctus
3083 5128 3226 5181 fuisti
3260 5138 3364 5183 uta
3394 5129 3619 5183 teCliri-

2035 5215 2119 5258 stu
2158 5204 2364 5258 dicerer
2412 5202 2751 5256 christianus.
2795 5200 2861 5253 Et
2905 5200 2953 5251 in
3000 5199 3241 5254 manilius
3273 5200 3375 5253 tuis
3411 5200 3619 5255 descri-

2037 5276 2187 5345 psisti
2214 5290 2331 5338 me;
2358 5283 2407 5326 ut
2444 5287 2655 5341 semper
2685 5272 2752 5345 sit
2776 5273 3025 5345 memoria
3053 5285 3167 5345 mea
3193 5269 3434 5345 apudgte,
3460 5272 3503 5345 si
3522 5281 3621 5345 ta-

2035 5340 2156 5401 iueu
2186 5346 2442 5399 memoria
2484 5340 2573 5396 tua
2596 5343 2791 5412 jugiter
2818 5341 2978 5395 fuerit
3016 5340 3155 5410 apud
3198 5356 3300 5393 me.
3334 5343 3421 5395 Sic
3465 5344 3624 5414 igitur

2035 5420 2200 5486 gratia
2230 5427 2315 5470 tua
2345 5424 2398 5469 et
2432 5414 2802 5486 misericordia
2840 5427 3063 5486 semper
3086 5423 3459 5486 praevenerunt
3487 5430 3571 5470 me
3601 5431 3617 5471 :

2035 5484 2103 5545 de
2147 5489 2324 5543 lIlUIIlS
2351 5501 2578 5555 namque
2611 5484 2857 5553 periculis
2886 5499 3026 5553 satpc
3052 5484 3288 5538 Iibei'asli
3336 5502 3442 5553 me,
3485 5488 3618 5541 libe-

2100 5650 2114 5678 ³
2142 5652 2225 5695 Ms.
2249 5641 2574 5699 CoIbertinus,
2590 5638 2726 5689 ostia.

2121 5710 2171 5769 (ι)
2198 5714 2260 5754 tax
2287 5704 2375 5769 lib.
2398 5704 2455 5752 15
2475 5702 2858 5769 Conl'essionum,
2880 5714 2987 5769 cap.
3011 5700 3058 5750 8.

2121 5710 2171 5769 (ι)
2198 5714 2260 5754 lix
2288 5710 2369 5753 lib.
2398 5710 2455 5752 15
2475 5710 2858 5760 (ῑοιιιεεδιοιιιιηι,
2880 5714 2987 5764 cap.
3011 5710 3058 5750 δ.

2099 5710 2172 5833 Eb)
2200 5768 2313 5833 \‘idc
2332 5766 2507 5814 librum
2530 5766 2595 5814 de
2608 5764 2805 5833 “Spiritu
2828 5772 2881 5814 et
2904 5766 3084 5833 Anima,
3112 5777 3218 5833 cap.
3244 5765 3335 5827 17;
3359 5764 3536 5833 librum
3560 5766 3637 5820 de

2036 5825 2285 5899 Dilig’eudo
2309 5836 2426 5893 Deo,
2442 5842 2579 5893 capp.
2602 5825 2634 5878 6
2657 5825 2709 5879 et
2726 5829 2783 5893 7;
2811 5834 2864 5879 et
2884 5828 3009 5890 apud
3032 5825 3243 5876 AnseIm.
3270 5825 3429 5881 incdit.
3452 5828 3502 5881 7.

2849 5913 2887 5993 (
2895 5910 3319 5993 Viam-ltuit.)
