4094 6342
315 501 663 565 effulserunt,
688 496 756 553 de
783 495 971 553 futuris
1006 497 1346 567 benignitatis
1376 505 1478 554 tum
1509 496 1813 553 melioribus
1841 503 1895 552 ct

318 570 722 641 perfectioribus
750 569 1090 641 muneribus,
1122 585 1238 640 qua:
1268 570 1368 622 tuis
1408 569 1591 641 amicis
1619 583 1858 641 reservas
1879 609 1892 633 ,

317 639 469 718 Spem
498 655 670 718 meam
687 639 1004 718 admonent,
1028 650 1086 694 ut
1183 651 1233 695 te
1257 641 1485 704 laetetur,
1510 639 1734 718 Domine
1754 641 1896 718 ﬂens

318 710 473 768 tiens
495 753 510 778 ,
549 713 732 766 kctitia
773 720 951 765 sancta
992 721 1046 765 et
1088 713 1204 766 viva
1230 753 1243 775 ,
1271 725 1391 780 qua:
1420 725 1634 780 semper
1661 710 1898 764 lmtilicas

317 783 646 855 iuventutem
689 783 1172 855 nicamLADflexisti
1211 783 1352 837 enim
1382 797 1470 855 me
1495 823 1507 846 ,
1551 781 1705 855 unice
1748 797 1900 835 amor

320 851 494 916 incus,
526 864 806 923 antequam
837 851 1112 923 diligerem
1149 861 1221 919 te,
1253 863 1307 909 et
1333 852 1397 906 ad
1437 852 1720 921 imaginem
1751 860 1896 906 tuam

321 925 512 980 creasti
539 940 624 979 me
644 965 657 986 .
689 924 936 978 munibus
979 926 1234 978 creaturis
1261 924 1366 977 tuis
1391 923 1725 994 ριίιψοειιῐειί
1767 938 1852 977 mc
1881 939 1896 978 :

325 1009 482 1066 quam
513 996 820 1066 dignitatem
853 1003 976 1048 tunc
997 995 1210 1064 quidem
1237 1009 1392 1049 servo
1419 1009 1538 1048 eum
1562 994 1802 1049 noverim
1825 1002 1896 1061 te,

323 1065 911 1138 timetemeesljssisti
935 1081 1045 1138 tne-

393 1136 619 1192 CAPUT
655 1136 1120 1207 XXVII._Qmmta
1165 1136 1298 1191 Dens
1336 1145 1537 1206 prrestet
1575 1136 1768 1189 homini
1815 1151 1903 1207 per

324 1209 542 1278 Angelos
571 1208 820 1261 custodes.
851 1205 999 1262 Unde
1023 1207 1118 1260 Dei
1137 1225 1249 1260 cum
1275 1205 1474 1262 homine
1503 1207 1715 1261 delicias.
1747 1205 1901 1261 Insu-

325 1293 424 1348 per
463 1278 592 1333 facis
632 1278 862 1348 Angelus
903 1288 1019 1331 tuos
1066 1280 1281 1346 spiritus
1322 1285 1541 1348 propter
1579 1293 1684 1341 me,
1714 1279 1905 1346 quibus

327 1350 588 1402 mandasti
619 1357 678 1402 ιιι
713 1349 1015 1403 custodiant
1043 1365 1128 1403 me
1159 1351 1209 1404 in
1241 1350 1486 1404 omnibus
1517 1349 1616 1404 viis
1644 1349 1776 1402 meis
1795 1392 1808 1413 ,
1839 1361 1906 1404 ne

328 1419 466 1474 forte
497 1419 761 1490 oﬂetnlam
799 1419 865 1473 ad
901 1419 1127 1490 lapidem
1165 1421 1350 1490 pedem
1393 1435 1569 1473 meum
1603 1418 1773 1490 (Paul.
1804 1435 1866 1474 xc
1889 1461 1902 1486 ,

329 1493 392 1545 Η
424 1533 438 1554 ,
467 1488 576 1561 hi).
625 1490 698 1561 Ili
729 1499 854 1545 sunt
891 1488 1136 1546 ettstodes
1166 1488 1338 1561 super
1377 1505 1556 1545 muros
1596 1488 1714 1544 tuos
1755 1505 1906 1545 nova:

328 1560 623 1616 Jerusalem
653 1560 802 1630 (lsai.
833 1577 940 1615 Lxu
965 1603 978 1628 ,
1011 1561 1065 1631 6)
1090 1604 1104 1628 ,
1137 1569 1189 1615 et
1216 1560 1422 1616 montes
1459 1561 1513 1616 in
1541 1561 1764 1615 circuitu
1791 1562 1908 1630 ejus

331 1632 610 1703 vigilantes
628 1642 682 1687 et
707 1633 1066 1687 custodientes
1093 1633 1297 1702 vigilias
1323 1633 1494 1687 noctis
1514 1647 1674 1702 super
1694 1648 1906 1703 gregem

333 1707 478 1757 tium
512 1702 660 1773 (Luc.
703 1718 762 1769 ιι,
804 1703 884 1774 8),
914 1710 1001 1758 'ne
1033 1704 1244 1772 quando
1285 1705 1455 1774 rapiat
1497 1715 1552 1758 ttt
1597 1705 1677 1756 leo
1704 1702 1909 1758 animas

331 1783 544 1829 nostras
566 1813 582 1840 ,
612 1774 736 1827 dum
769 1789 874 1827 non
905 1784 986 1828 est
1011 1774 1098 1843 qui
1127 1775 1346 1829 redimat
1369 1818 1383 1840 .
1419 1775 1504 1828 ille
1540 1775 1787 1844 antiquus
1811 1774 1908 1828 ad-

329 1847 600 1898 matins
625 1854 826 1906 mster,
859 1846 947 1913 qui
973 1846 1120 1913 quasi
1145 1847 1228 1898 leo
1253 1848 1468 1915 rugiens
1490 1860 1702 1915 semper
1724 1847 1912 1900 circuit

331 1930 578 1986 quaerens
613 1931 771 1984 quem
805 1915 1024 1970 devoret
1063 1917 1080 1985 (
1097 1916 1118 1969 Ι
1145 1916 1284 1970 Ρινιν.
1317 1934 1346 1970 v
1367 1960 1381 1983 ,
1410 1917 1484 1984 8).
1519 1917 1577 1970 lli
1615 1925 1738 1971 sunt
1767 1917 1912 1971 cives

333 1987 504 2041 beata
540 1988 766 2040 civitatis
803 2002 1048 2055 superum
1086 1987 1416 2053 Jerusalem,
1446 2004 1563 2056 qtae
1591 2003 1798 2041 sursum
1831 1997 1912 2042 est

334 2069 506 2112 mater
543 2068 724 2113 nostra
753 2056 948 2124 (Calai.
979 2073 1034 2111 Iv
1058 2099 1072 2123 ,
1099 2058 1195 2126 26)
1221 2101 1232 2123 ,
1277 2060 1327 2113 iit
1371 2059 1720 2112 ministerium
1765 2059 1912 2112 missi

334 2138 554 2202 mer
577 2143 670 2182 eos
684 2129 784 2202 qui
817 2128 1180 2202 lttnreditatem
1207 2131 1421 2198 capiunt
1449 2129 1631 2182 salutis
1659 2128 1839 2202 (Hebr.
1872 2145 1910 2196 ι,

339 2201 461 2269 M);
483 2211 540 2252 nt
565 2214 659 2253 eos
683 2200 910 2254 liberent
935 2200 1003 2255 ab
1039 2201 1264 2255 inimicis
1290 2202 1421 2266 suis,
1451 2208 1504 2253 et
1531 2200 1833 2254 ensttidiant
1861 2202 1912 2254 itt

335 2272 584 2325 munibus
611 2272 708 2342 viis
728 2271 874 2336 suis;
901 2270 1200 2325 confortent
1229 2287 1440 2342 quoque
1464 2279 1518 2326 et
1546 2281 1796 2325 moneant
1816 2314 1828 2334 ,
1863 2279 1916 2326 et

336 2343 610 2413 orationes
631 2341 856 2396 illioram
881 2352 1086 2396 tuorum
1109 2341 1332 2396 offerant
1355 2341 1404 2396 in
1426 2353 1711 2412 conspectu
1733 2343 1914 2413 gloria:

339 2412 634 2479 maiestatis
669 2421 791 2488 luat.
835 2413 1065 2488 Diligunt
1107 2427 1296 2488 nempe
1335 2413 1579 2488 conci-ves
1620 2412 1777 2476 suos,
1823 2429 1917 2488 per

337 2495 476 2552 quos
520 2499 633 2538 sure
682 2484 850 2537 ruinte
902 2485 1162 2539 scissuras
1216 2485 1493 2539 instaurari
1550 2484 1910 2552 exspectant;

341 2554 568 2624 ideoque
602 2568 788 2625 magna
816 2569 941 2609 cura
967 2563 1023 2609 et
1047 2555 1280 2625 vigilanti
1323 2557 1498 2610 studio
1536 2555 1726 2608 adsunt
1767 2556 1918 2610 nobis

343 2627 592 2679 omnibus
621 2624 767 2678 horis
794 2635 848 2680 et
877 2627 1006 2680 locis
1026 2667 1039 2690 ,
1071 2624 1443 2681 succurrentes
1482 2636 1533 2680 et
1579 2625 1920 2694 providentes

342 2697 746 2750 necessitatibus
771 2697 968 2751 nostris
991 2739 1004 2760 ,
1038 2708 1088 2751 et
1129 2698 1337 2752 solliciti
1382 2699 1741 2751 discurrentes
1783 2698 1920 2750 inter

343 2782 442 2821 nos
465 2777 520 2820 et
559 2777 611 2820 te
640 2807 653 2830 ,
687 2768 907 2838 nomine
929 2809 944 2834 ,
975 2770 1200 2835 gemitus
1241 2779 1454 2823 nostros
1496 2779 1653 2836 atque
1694 2770 1917 2838 suspiria

344 2838 639 2892 referentes
662 2837 728 2891 ad
761 2846 811 2892 te
833 2881 846 2902 ,
875 2849 928 2891 ut
957 2841 1241 2907 impetrent
1270 2841 1422 2894 nobis
1455 2840 1661 2893 facilem
1690 2837 1798 2892 tit-ef
1826 2841 1919 2893 bc-

344 2910 614 2977 nignitatis
637 2910 1084 2977 propitiationem,
1113 2921 1168 2963 et
1187 2910 1418 2965 referant
1441 2910 1504 2964 ad
1533 2921 1630 2962 nos
1652 2910 1922 2963 desidera-

253 3051 258 3056 '
345 2989 452 3056 tam
485 2989 588 3056 Luat
621 2982 806 3056 gratim
847 2980 1289 3056 benedictionem.
1329 2981 1612 3035 Andmlant
1643 2979 1919 3056 nobiscum

345 3051 398 3103 in
424 3051 670 3104 omnibus
701 3051 800 3103 viis
826 3055 1042 3116 nostris,
1077 3053 1276 3106 intrant
1301 3061 1353 3106 et
1380 3063 1579 3106 exeunt
1609 3053 1882 3105 nobiscum
1904 3093 1918 3117 ,

343 3129 545 3193 attente
575 3121 972 3177 considerantes
1001 3135 1155 3192 quam
1187 3125 1292 3192 pie,
1325 3138 1588 3193 quamque
1615 3122 1837 3176 honeste
1869 3123 1921 3176 in

347 3191 526 3246 medio
553 3208 728 3258 prava:
751 3194 980 3246 nationis
1003 3191 1398 3258 conversemtu',
1423 3202 1726 3263 quantoque
1748 3195 1924 3246 studio

346 3273 399 3316 ct
443 3263 712 3316 desiderio
754 3278 1055 3333 quzcramus
1100 3281 1318 3333 regnum
1367 3274 1510 3318 tuum
1561 3273 1616 3318 ct
1663 3265 1922 3333 justitiam

350 3334 465 3401 ejus
485 3373 500 3398 ,
529 3343 831 3403 quantoque
861 3335 1048 3388 timore
1075 3345 1125 3388 et
1155 3345 1384 3390 tremore
1409 3337 1704 3389 serviamus
1740 3344 1793 3390 ct
1827 3351 1922 3388 cx-

347 3405 605 3458 sultctnus
649 3406 778 3471 tibi,
806 3405 985 3459 lzetitia
1023 3407 1200 3460 cordis
1243 3407 1432 3461 nostri.
1479 3407 1740 3476 Adjuvant
1781 3407 1926 3460 labo-

349 3487 528 3529 rantes
545 3517 559 3538 ,
592 3485 872 3545 protegunt
895 3481 1228 3546 quiescentes
1247 3519 1260 3541 ,
1293 3479 1569 3531 hortantur
1596 3487 1888 3547 pugnantes
1907 3519 1920 3540 ,

350 3556 612 3600 coronant
633 3547 945 3611 vincentes;
973 3549 1307 3616 congaudent
1335 3548 1715 3616 gaudentibus,
1744 3549 1809 3604 de
1842 3558 1923 3615 te,

350 3617 588 3690 inquam,
613 3617 995 3688 gaudentibus;
1025 3622 1418 3689 compatiuntur
1453 3621 1803 3688 patientibus,
1829 3635 1928 3690 pro

257 3697 260 3700 '
351 3697 432 3758 te,
465 3689 709 3758 inquam,
739 3691 1077 3757 patientibus.
1109 3690 1336 3744 Grandis
1361 3700 1443 3745 est
1472 3693 1548 3744 eis
1578 3706 1702 3744 cura
1737 3691 1803 3744 de
1833 3689 1929 3744 tto-

350 3757 466 3828 bis,
497 3757 722 3827 magnus
747 3760 966 3815 alectus
1005 3761 1305 3815 dilectionis
1341 3777 1522 3816 eorum
1555 3776 1680 3828 erga
1714 3778 1838 3827 nos;
1875 3770 1929 3816 et

351 3827 455 3882 hoc
483 3839 650 3884 totum
679 3840 894 3899 propter
927 3832 1182 3886 honorem
1211 3841 1314 3886 tute
1341 3827 1724 3888 i-nzrstitnabilis
1749 3832 1926 3886 chari-

353 3902 496 3981 tatis,
526 3915 630 3981 qua
647 3902 882 3981 dilexisti
903 3915 1021 3956 nos.
1060 3903 1291 3981 D_i_ligunt
1320 3906 1458 3981 enim
1487 3917 1619 3974 quos
1645 3913 1695 3955 ιιι
1723 3903 1924 3981 diligis;

352 3971 660 4042 custodiunt
677 3987 815 4040 "quos
846 3982 899 4026 tu
927 3971 1192 4040 custodis;
1224 3983 1276 4028 et
1307 3971 1561 4028 deserunt
1590 3989 1721 4042 quos
1749 3983 1802 4028 tu
1823 3971 1932 4028 ide-

352 4041 643 4115 scrisii'iec
669 4043 891 4112 diligunt
911 4054 1194 4112 operantes
1221 4045 1570 4114 iniquitatem,
1601 4041 1848 4115 quoniam
1877 4053 1930 4099 et

354 4121 408 4164 tu
434 4112 594 4166 odisti
625 4127 809 4186 omnes
836 4115 923 4183 qui
966 4125 1254 4183 operantur
1279 4112 1631 4186 iniquitatem,
1661 4125 1712 4170 et
1739 4117 1930 4186 perdes

351 4196 542 4259 omnes
599 4185 692 4259 qui
749 4184 1036 4259 loquuntur
1089 4184 1671 4259 mcndm-iuinu(Psul.
1705 4184 1780 4250 v',
1831 4188 1927 4253 7).

352 4253 572 4326 Quoties
599 4253 732 4308 bene
768 4257 1000 4326 agimus,
1035 4257 1268 4326 gaudent
1291 4257 1472 4326 Angeli
1494 4253 1515 4322 ’,
1559 4267 1613 4311 et
1653 4259 1932 4312 tristantur

354 4324 661 4396 daemones;
694 4324 900 4396 quoties
929 4324 1056 4381 vero
1087 4343 1115 4382 a
1152 4330 1293 4383 bono
1325 4324 1627 4390 det-iamns,
1659 4329 1929 4384 diabolum

353 4393 727 4468 htiftcatnus;
770 4407 824 4452 et
864 4399 1093 4465 Angelos
1138 4413 1235 4454 suo
1275 4400 1466 4468 gaudio
1510 4399 1927 4454 defraudamus:

352 4465 604 4540 gaudium
640 4476 722 4522 est
749 4469 891 4540 enim
928 4471 1005 4523 eis
1044 4486 1204 4540 super
1227 4465 1334 4525 uno
1365 4479 1642 4538 peccatore
1672 4473 1933 4540 paeniten-

355 4538 480 4611 tiam
508 4546 698 4611 agente
735 4538 885 4606 (Luc.
915 4555 1014 4604 xv,
1044 4540 1098 4611 7)
1113 4538 1132 4603 ἡ,
1161 4542 1254 4596 sed
1278 4541 1489 4596 diabolo
1524 4538 1684 4610 super
1715 4558 1822 4596 uno
1843 4542 1932 4610 ju-

354 4615 438 4661 sto
469 4609 484 4638 ⁸
516 4609 881 4681 paenitentiam
911 4609 1210 4666 deserente.
1240 4612 1311 4665 Da
1338 4612 1512 4681 igitur,
1541 4609 1628 4676 da,
1659 4621 1827 4681 pater,
1846 4609 1933 4668 eis

354 4692 568 4752 semper
603 4680 835 4750 gaudere
861 4682 928 4735 de
957 4683 1112 4737 nobis
1135 4723 1150 4748 ,
1178 4691 1236 4737 ιιι
1263 4691 1316 4752 et
1357 4680 1408 4736 tu
1459 4699 1550 4752 per
1588 4680 1683 4737 eos
1723 4697 1935 4750 semper

353 4747 587 4804 lauderis
612 4747 663 4804 in
693 4752 869 4818 nobis,
901 4761 957 4808 et
981 4767 1078 4807 nos
1103 4747 1224 4809 cum
1246 4751 1323 4807 eis
1353 4753 1404 4806 in
1439 4747 1597 4806 unum
1624 4753 1763 4808 ovile
1785 4747 1933 4810 tuum

353 4820 710 4886 adducantur;
743 4832 802 4876 ut
830 4823 1181 4878 conﬁteantur
1203 4824 1356 4878 simul
1386 4825 1582 4877 nomini
1607 4833 1792 4878 sancto
1821 4833 1930 4892 tuo,

353 4900 567 4945 cremor
608 4893 881 4948 hominum
920 4904 973 4949 et
1013 4896 1356 4966 Angeiorum.
1394 4896 1517 4949 ":L'C
1552 4896 1663 4965 ipse
1698 4909 1935 4950 comme-

353 4977 571 5036 morans
591 4977 770 5018 coram
807 4973 880 5032 te,
907 4965 1167 5021 confitear
1201 4965 1421 5021 laudans
1457 4978 1538 5033 te,
1567 4967 1815 5036 quoniam
1845 4966 1936 5020 be-

354 5031 543 5107 neﬁcia
569 5042 657 5107 tua
685 5031 873 5105 magna
894 5045 1016 5090 sunt
1046 5037 1179 5104 lucc,
1205 5037 1395 5107 quibus
1423 5031 1932 5106 nosltonorilicasti,

353 5102 486 5155 dans
517 5102 915 5177 nqbisgangelos
951 5115 1070 5162 tuos
1104 5102 1322 5177 spiritus
1357 5109 1407 5161 itt
1446 5109 1797 5164 ministerium
1839 5102 1937 5163 no;

353 5183 544 5228 stt-um.
577 5175 809 5231 Dederas
831 5176 973 5232 enim
1012 5175 1264 5249 quidquid
1299 5180 1418 5232 coeli
1459 5181 1658 5234 ambitu
1697 5179 1938 5234 contine-

355 5253 470 5320 tur;
513 5256 568 5300 et
611 5249 759 5316 quasi
805 5263 964 5318 parva
1011 5249 1125 5304 inec
1163 5267 1280 5320 qua:
1320 5250 1418 5303 sub
1463 5251 1600 5305 caelo
1638 5259 1800 5317 sunt,
1835 5251 1936 5306 nisi

357 5315 586 5390 adderes
614 5315 669 5371 et
695 5335 758 5372 ea
783 5315 899 5389 qua:
927 5331 1051 5374 sunt
1089 5315 1252 5390 super
1287 5321 1472 5375 caelos.
1513 5321 1755 5376 Laudent
1789 5315 1840 5376 te
1868 5321 1937 5378 de

357 5383 462 5442 hoc
485 5403 675 5442 omnes
703 5383 887 5459 Angeli
919 5391 1010 5456 tui,
1039 5383 1390 5447 confiteantur
1413 5392 1501 5446 tibi
1526 5393 1593 5446 de
1626 5394 1726 5447 hoc
1757 5393 1936 5449 omnia

357 5471 516 5538 opera
549 5468 659 5538 tua,
689 5468 745 5516 et
773 5461 870 5530 ipsi
899 5463 1071 5518 sancti
1104 5463 1520 5538 tuigbenedicau‘t
1551 5464 1664 5517 tibi.
1693 5463 1738 5517 0
1767 5463 1935 5538 hono-

357 5529 612 5603 riﬁcentia
641 5529 821 5586 nostra
847 5574 860 5598 ,
901 5548 1036 5603 quos
1073 5535 1229 5588 nimis
1270 5534 1627 5589 honoriﬁcans
1667 5542 1720 5589 et
1761 5535 1936 5592 ditans

357 5600 538 5658 multis
575 5604 886 5658 muneribus
918 5600 1220 5660 decorasti!
1253 5605 1581 5665 Admirabilc
1620 5615 1703 5659 est
1741 5621 1934 5662 nomen

359 5672 806 5748 tuum,_Do_mine,
841 5675 893 5730 in
926 5677 1168 5748 universa
1197 5687 1336 5732 terra
1358 5675 1530 5743 (Paul.
1556 5693 1670 5740 vni,
1693 5677 1771 5748 2).
1799 5678 1934 5744 Quid

357 5751 438 5797 est
461 5744 607 5798 enim
633 5743 796 5800 homo
817 5787 832 5810 ,
860 5747 982 5818 quia
1013 5749 1322 5818 magnificas
1339 5764 1462 5802 eum
1489 5791 1503 5815 ,
1535 5755 1589 5802 et
1618 5743 1937 5805 honorificus

420 5875 592 5940 'llss,
615 5879 704 5928 sed
721 5879 1000 5946 quidam
1021 5881 1399 5944 attojumjuato,
1423 5887 1520 5932 etc.

1223 382 1421 440 LIBER
1460 373 2013 452 δοιιιορυιθιιωι
2052 369 2286 434 ΑΝῚΜᾹΞ
2325 376 2415 432 AD
2453 375 2661 436 DEUM.

2008 494 2672 570 cum,_»e'_t_appqt_ti_s__crga
2690 507 2824 570 eum
2859 503 3126 570 cantuum
3155 496 3292 570 (Job
3310 513 3413 566 vn,
3445 499 3512 553 Π
3534 499 3592 570 )?

2075 561 2628 640 CAPUT-XXVIII.-
2678 565 2758 640 pe
2793 561 3283 640 rjirwdestiiiqtiottis
3339 561 3410 623 ac'
3456 561 3590 640 pra:-

2007 637 2226 710 gientia:
2259 635 2351 689 Dei
2388 637 2644 708 mysterio.
2686 635 2872 710 Dixisti
2901 638 3042 710 enim
3066 680 3077 700 ,
3113 637 3317 710 veritas
3343 635 3555 710 antiqua
3574 683 3587 706 ,

2007 707 2387 783 Qeliciar‘mew,
2417 707 2522 762 eam
2545 725 2656 783 eam
2679 707 3086 783 [iliishiteminnm
3111 707 3292 783 (Prov.
3329 726 3448 777 vm,
3471 707 3588 783 3i).
3674 777 3676 779 _

2008 777 2380 854 Nonnehomo
2419 777 2757 854 putredo,ret
2797 779 2940 854 ﬁlius
2981 777 3592 854 hominisvermis‘Uob

2012 865 2146 921 xyw,
2175 848 2270 921 6)?
2299 849 2485 905 Nonne
2507 851 2757 921 universa
2787 851 2991 906 vanitas
3019 851 3192 906 omnis
3224 851 3383 906 ltomo
3409 848 3595 907 vivens

2011 919 2178 994 (Pani.
2211 919 2420 994 ’xxxivttt
2441 962 2456 988 ,
2489 920 2581 994 6)?
2611 921 2676 976 Et
2715 923 2948 994 dignum
2971 922 3121 994 ducis
3161 937 3321 994 super
3347 921 3596 992 hujusce-

2010 992 2152 1046 modi
2189 993 2399 1061 aperire
2424 993 2605 1047 oculos
2638 992 2859 1057 tuos,’et
2887 992 3153 1048 adducere
3181 992 3301 1049 eum
3333 1004 3507 1050 tecum
3541 994 3592 1048 iit

2005 1063 2256 1136 judicium
2277 1064 2289 1116 !
2321 1062 2478 1136 l_)occ_r
2491 1078 2580 1136 me
2595 1105 2608 1129 ,
2638 1063 2863 1136 abyssus
2888 1065 3301 1136 profundissima
3320 1108 3342 1132 ,.
3362 1064 3595 1120 creatrix

2009 1135 2287 1201 sapientia.
2321 1133 2422 1200 Qui
2450 1134 2651 1188 librasti
2683 1133 2735 1188 in
2763 1135 2994 1204 pondere
3018 1146 3246 1202 montes,
3271 1146 3323 1192 et
3350 1137 3516 1191 colles
3542 1137 3594 1190 in

2013 1213 2247 1278 statera,
2295 1214 2346 1258 et
2388 1205 2685 1278 appendisti
2728 1207 2922 1278 molem
2969 1215 3122 1278 terra:
3168 1207 3336 1261 tribus
3376 1207 3594 1278 digitis,

2012 1276 2278 1349 suspende
2305 1275 2947 1349 molemcorporalitatis
2990 1277 3178 1348 hujus,
3225 1294 3382 1349 quam
3431 1275 3592 1348 gero,

2017 1347 2184 1400 tribus
2213 1347 2396 1401 invisis
2437 1347 2615 1419 digitis
2647 1349 2746 1402 tuis
2777 1349 2842 1401 ad
2872 1359 2949 1414 te,
2983 1358 3040 1402 ut
3065 1347 3272 1403 videam
3309 1359 3363 1403 et
3397 1347 3599 1419 cegno-

2013 1431 2196 1478 scam,
2241 1433 2396 1487 quam
2441 1417 2768 1474 admirabilis
2805 1435 2862 1474 es
2904 1421 2954 1472 itt
2995 1420 3240 1474 universa
3279 1430 3439 1474 terra.
3469 1417 3598 1475 Lux

2014 1489 2379 1572 antiquissima
2406 1530 2420 1554 ,
2456 1505 2582 1572 qtae
2613 1489 2844 1572 iacebas
2896 1501 3022 1572 ante
3061 1505 3272 1546 omnem
3304 1491 3492 1572 _lucct_n
3543 1492 3598 1545 in

2015 1561 2282 1615 montibus
2323 1561 2521 1613 sanctis
2559 1562 2872 1616 aeternitatis
2919 1563 3186 1630 antiquaz,
3235 1561 3318 1616 cui
3362 1561 3504 1616 nuda
3547 1569 3603 1616 et

2015 1643 2218 1705 apcrta_
2249 1640 2399 1685 erant
2437 1632 2613 1705 omnia
2655 1633 2671 1705 (
2695 1631 2850 1705 Hebr.
2901 1649 2986 1698 tv,
3035 1633 3136 1705 l5)
3180 1641 3463 1702 antequam
3504 1633 3600 1686 fte-

2015 1711 2167 1766 rent;
2205 1702 2291 1774 lux
2315 1744 2326 1764 ,
2359 1719 2474 1774 qua:
2503 1703 2624 1756 odio
2661 1703 2825 1759 habes
2854 1719 3064 1759 onmem
3095 1702 3357 1774 maculant
3375 1745 3388 1767 .
3421 1712 3602 1774 utpote

2017 1773 2360 1845 mundissima
2388 1782 2440 1828 et
2467 1773 2969 1844 immaculatissima.
3000 1791 3116 1845 qua:
3138 1775 3227 1830 tibi
3257 1773 3459 1845 delicia:
3480 1773 3603 1830 cum

2018 1843 2279 1918 liuminei
2304 1861 2419 1912 qua:
2445 1843 2727 1918 conventio
2753 1846 2885 1918 lucis
2910 1845 2975 1900 ad
3007 1843 3253 1901 tenebras
3279 1845 3343 1918 (ll
3375 1844 3492 1900 Cor.
3526 1861 3598 1911 vt,

2020 1915 2151 1983 l4)?
2181 1914 2281 1971 Ubi
2305 1927 2426 1969 sunt
2455 1916 2505 1970 itt
2537 1915 2749 1970 homine
2778 1917 2980 1972 delicia:
3012 1918 3147 1970 tum?
3177 1918 3262 1972 tibi
3289 1914 3600 1986 pra-parasti

2020 1987 2111 2040 tibi
2141 1988 2191 2041 in
2217 2003 2299 2039 tne
2318 1987 2534 2058 dignum
2557 1989 2912 2042 sanctuarium
2941 1987 3229 2058 majestatis
3252 1997 3373 2052 tare,
3393 1989 3443 2042 itt
3462 1988 3604 2055 quod

2021 2058 2277 2111 introicns
2317 2057 2512 2112 habeas
2552 2059 2766 2113 delicias
2804 2057 3146 2114 dilectionis'
3183 2059 3322 2114 tum?
3353 2059 3604 2113 lilundum

2021 2129 2160 2182 cnim
2191 2131 2519 2201 cmttacnlnm
2549 2129 2701 2201 decet
2731 2138 2801 2190 te.
2829 2131 3088 2184 mundatis
3111 2129 3299 2201 virtus,
3323 2146 3442 2201 qua:
3465 2146 3603 2201 non-

2023 2201 2126 2274 nisi
2163 2215 2190 2251 a
2233 2200 2443 2274 mundis
2481 2200 2730 2274 cordibus
2775 2201 2940 2274 videri
2977 2209 3129 2271 potes
3169 2198 3379 2274 (.ifatlli.
3413 2215 3478 2274 Av,
3521 2198 3598 2273 8),

2022 2272 2192 2323 multo
2217 2272 2382 2339 magis
2411 2285 2511 2325 nec
2538 2270 2739 2325 haberi.
2779 2271 2832 2325 In
2868 2270 3081 2326 homine
3121 2270 3295 2326 autem
3339 2272 3423 2324 ubi
3467 2270 3604 2326 teni-

2023 2342 2167 2413 plum
2201 2351 2305 2395 tam
2339 2340 2590 2394 mundum
2614 2383 2626 2404 ,
2659 2353 2713 2395 ut
2745 2353 2796 2397 te
2824 2344 3112 2413 suscipiat,
3146 2344 3231 2411 qui
3273 2343 3410 2413 regis
3450 2359 3606 2396 mun-

2023 2412 2186 2465 dum?
2212 2413 2340 2479 Quis
2369 2419 2540 2480 potest
2580 2413 2753 2467 facere
2791 2412 3045 2467 mundum
3075 2413 3143 2468 de
3173 2412 3447 2466 immundo
3474 2427 3605 2467 con-

2023 2491 2232 2552 eeptum
2264 2483 2504 2537 semine?
2543 2498 2720 2538 nonne
2757 2491 2816 2538 tu
2855 2486 2943 2553 qui
2975 2485 3117 2538 solus
3143 2500 3200 2539 cs
3227 2483 3608 2554 mundusw(Jab

2024 2570 2112 2608 xw
2133 2596 2147 2618 ,
2175 2554 2268 2624 4)?
2297 2554 2675 2626 abiitnmundo
2714 2557 2855 2609 enim
2896 2556 3014 2626 quis
3051 2556 3391 2609 mandabitur
3420 2553 3606 2624 (Ea-li.

2023 2640 2212 2688 xxxw,
2255 2625 2348 2696 il)?
2375 2624 2504 2680 Nam
2545 2635 2598 2679 et
2636 2624 2927 2681 secundum
2973 2627 3181 2697 legem,
3224 2643 3378 2695 quam
3418 2626 3610 2682 dedisti

2027 2698 2268 2764 patrilms
2299 2697 2496 2750 nostris
2527 2697 2575 2750 in
2608 2697 2727 2766 igne
2765 2699 3109 2751 comburcntc
3150 2706 3419 2758 montem,
3464 2704 3518 2750 et
3557 2697 3607 2750 in

2027 2769 2166 2840 ttttbc
2207 2778 2412 2840 tegente
2452 2783 2639 2840 aquam
2681 2769 3014 2840 tenebrosam
3040 2812 3052 2832 ,
3097 2768 3348 2840 qttidq'jid
3385 2769 3612 2840 tetigerit

2027 2838 2329 2891 itmnundus
2354 2880 2366 2898 ,
2401 2839 2728 2892 immundum
2769 2841 2867 2892 erit
2903 2837 3087 2910 (.Vn-m.
3113 2837 3239 2910 im,
3269 2837 3382 2908 ‘29.).
3413 2837 3610 2894 Omnes

2027 2919 2204 2982 autem
2247 2924 2343 2962 nos
2382 2911 2528 2978 quasi
2569 2925 2775 2978 pannus
2815 2909 3156 2964 menstruam:
3189 2909 3336 2982 (lsai.
3367 2925 3526 2982 Lstv,
3554 2910 3608 2978 ϐ)

2027 2979 2093 3034 de
2123 2994 2294 3050 massa
2326 2989 2572 3050 corrupta
2600 2989 2652 3034 et
2692 2982 2959 3034 immunda
2998 2979 3273 3035 venientes
3298 3023 3313 3048 ,
3348 2981 3608 3035 maculam

2029 3049 2375 3105 imntunditia‘:
2405 3049 2622 3116 nostrai,
2648 3067 2802 3119 quant
2832 3053 3005 3105 celare
3034 3053 3220 3104 saltem
3254 3051 3344 3105 tibi
3380 3053 3466 3120 qui
3496 3063 3611 3103 om-

2029 3122 2114 3177 nia
2165 3122 2311 3176 vides
2336 3163 2350 3187 ,
2383 3136 2485 3174 non
2536 3136 2856 3190 possumus,
2905 3122 2957 3176 in
3001 3122 3264 3176 frontibus
3303 3130 3608 3191 portanuts;

2029 3209 2194 3264 quare
2224 3193 2401 3245 tnundi
2429 3208 2547 3247 esse
2576 3210 2677 3246 non
2704 3208 3004 3264 possumus,
3037 3195 3135 3247 nisi
3159 3201 3222 3248 ιιι
3247 3193 3607 3264 mandaveris,

2030 3263 2117 3336 qui
2145 3264 2290 3336 solus
2328 3279 2387 3318 cs
2425 3264 2670 3318 mundus.
2716 3263 2936 3336 Mundas
2976 3271 3162 3336 autent
3193 3264 3257 3336 de
3300 3264 3453 3336 nobis
3492 3263 3614 3319 ﬁliis

2033 3334 2306 3389 hominum
2353 3349 2445 3389 eos
2491 3336 2541 3387 in
2587 3336 2780 3406 quibus
2826 3335 2919 3406 tibi
2964 3335 3285 3406 complacuit
3334 3334 3610 3406 habitare;

2030 3421 2163 3476 quos
2190 3407 2255 3460 ab
2277 3404 2728 3461 inaccessibilibus
2752 3404 3024 3474 profundis
3052 3404 3270 3460 secretis
3294 3405 3611 3473 judiciorutn

2032 3476 2646 3546 ineomprcltensibilium
2669 3480 2941 3548 sapientim
2959 3485 3080 3542 tum,
3101 3493 3312 3546 semper
3322 3478 3611 3548 justorum,

2033 3550 2158 3604 licet
2204 3550 2552 3613 occultorum,
2600 3549 2713 3603 sine
2733 3547 2935 3604 eorum
2982 3549 3186 3602 meritis
3227 3547 3614 3618 prtedcstinasti

2033 3628 2157 3675 ante
2179 3619 2666 3684 nmndum,vocasti
2689 3620 2755 3675 de
2773 3619 2992 3685 mundo,
3014 3617 3305 3689 ittstil‘tcasti
3323 3617 3373 3672 in
3396 3618 3613 3686 mundo,

2033 3699 2087 3744 ct
2119 3691 2422 3762 magnificas
2451 3706 2544 3745 eos
2571 3699 2690 3762 post
2718 3691 2991 3745 mundum.
3025 3690 3138 3745 Non
3165 3698 3340 3744 autem
3371 3689 3616 3744 omnibus

2035 3762 2137 3816 huc
2177 3761 2305 3815 facis
2330 3801 2343 3826 ,
2378 3762 2516 3830 quod
2557 3761 2889 3818 admirantur
2932 3762 3262 3816 tabescentes
3304 3774 3492 3816 omnes
3532 3773 3618 3814 sa-

2033 3835 2242 3904 pientes
2273 3842 2446 3904 terrai.
2464 3833 2528 3888 Et
2556 3848 2676 3904 ego,
2700 3833 2942 3904 Domine,
2961 3831 3062 3888 hoc
3079 3831 3424 3888 considerans
3443 3845 3615 3904 expa-

2034 3901 2213 3985 vesco,
2239 3913 2296 3985 et_
2325 3901 2644 3985 obstupesco
2659 3905 2724 3958 de
2738 3903 3012 3958 altitudine
3028 3904 3326 3985 divitiarum
3344 3901 3619 3985 sapientia:

2034 3983 2088 4030 et
2111 3975 2352 4046 scientize
2370 3973 2497 4046 tum,
2521 3973 2587 4046 ad
2617 3991 2774 4046 quam
2803 3990 2900 4046 ego
2923 3990 3026 4030 non
3050 3975 3308 4046 pertingo,
3332 3981 3384 4028 et
3409 3973 3616 4046 incom-

2035 4045 2411 4116 prehensibilia
2453 4043 2652 4115 judicia
2688 4043 2904 4115 iustitiae
2943 4043 3062 4100 tuze
3097 4043 3273 4116 (Ron't.
3324 4059 3411 4111 χι,
3457 4043 3552 4115 55)
3600 4058 3616 4097 :

2035 4113 2284 4186 quoniam
2325 4131 2388 4172 ex
2434 4113 2623 4172 eodem
2674 4113 2782 4170 luto
2830 4117 2930 4171 alia
2974 4113 3189 4186 quidem
3227 4113 3358 4170 facis
3395 4113 3619 4186 vasa'ln

2036 4184 2292 4242 honorent
2314 4228 2329 4254 ,
2366 4187 2465 4242 alia
2493 4189 2543 4241 in
2572 4187 2944 4242 contumeliam
2976 4184 3350 4256 sempiternam
3383 4184 3491 4256 (Id.
3524 4201 3618 4255 ιχ,

2035 4259 2149 4331 21).
2177 4261 2321 4325 Quos
2351 4259 2508 4331 igitur
2537 4259 2628 4331 tibi
2659 4259 2876 4331 _clegisti
2918 4259 2982 4313 dc
3019 4259 3197 4312 multis
3237 4259 3288 4312 in
3319 4257 3574 4331 templum
3599 4297 3618 4326 ,

2039 4328 2182 4399 ipsos
2211 4330 2464 4412 mundos,
2495 4328 2778 4384 effundens
2799 4345 2962 4399 super
2989 4341 3081 4384 eos
3107 4329 3576 4413 aquatumundam
3601 4369 3618 4394 ,

2037 4415 2265 4472 quorum
2293 4402 2504 4472 nomina
2533 4415 2918 4470 numerumque
2947 4411 3003 4454 tu
3031 4401 3204 4472 nosti,
3232 4402 3318 4470 qui
3351 4401 3496 4455 solus
3525 4415 3621 4454 tut-

2039 4471 2214 4526 meras
2236 4471 2628 4525 multitudinem
2653 4472 2943 4534 stellarum,
2967 4481 3020 4527 et
3041 4471 3287 4526 omnibus
3300 4475 3384 4527 eis
3408 4472 3620 4526 nomina

2039 4557 2201 4597 vocas
2222 4539 2391 4614 (Psal.
2426 4557 2599 4604 cun,
2625 4542 2713 4612 4);
2741 4541 2829 4614 qui
2857 4543 3014 4597 etiam
3043 4544 3224 4614 scripti
3253 4551 3374 4597 sunt
3401 4543 3452 4597 itt
3486 4541 3628 4614 libro

2041 4615 2161 4668 vita:
2184 4653 2200 4680 ,
2231 4612 2316 4682 qui
2354 4625 2684 4698 nequaquam
2727 4612 2902 4696 perire
2929 4612 3190 4698 possunt,
3223 4615 3413 4698 quibus
3441 4612 3621 4692 omnia

2039 4692 2394 4754 cooperantur
2423 4683 2473 4737 in
2497 4685 2714 4756 bonum,
2742 4686 2899 4739 etiam
2929 4683 3038 4756 ipsa
3062 4683 3296 4755 peccata.
3323 4684 3456 4756 Cum
3479 4683 3622 4736 enim

2041 4756 2276 4826 cadunt,
2307 4767 2413 4826 non
2453 4755 2810 4826 colliduntur,
2852 4755 2974 4826 quia
3016 4765 3071 4810 tu
3112 4755 3366 4824 supponis
3405 4767 3619 4808 manum

2041 4834 2183 4880 tuam
2204 4825 2372 4896 ('Psal.
2395 4841 2576 4890 mm,
2595 4825 2718 4896 24);
2742 4825 3050 4882 custodiens
3071 4827 3247 4879 omnia
3268 4839 3389 4878 ossa
3410 4838 3618 4888 eorum,

2041 4906 2098 4951 ut
2124 4912 2285 4950 unum
2311 4913 2375 4951 ex
2404 4898 2481 4951 eis
2504 4913 2609 4951 non
2636 4907 2962 4952 conteratur.
2985 4900 3229 4951 Attamen
3260 4907 3403 4949 mors
3428 4905 3622 4964 pecca-

2041 4975 2219 5023 torum
2251 4969 2479 5038 pessitna
2513 4967 2682 5093 (Paul.
2709 4983 2874 5023 χχχιιι
2895 5011 2909 5034 ,
2935 4966 3063 5038 22);
3093 4967 3302 5020 illorum
3321 5006 3336 5030 ,
3367 4965 3584 5034 inquam
3603 5003 3620 5030 ,

2042 5054 2176 5093 quos
2202 5051 2480 5093 anteanam
2535 5053 2718 5093 acet-es
2751 5040 2942 5093 coelum
2971 5046 3027 5092 et
3065 5047 3256 5092 terram
3285 5079 3299 5093 .
3327 5034 3620 5090 secundum

2042 5054 2176 5110 quos
2202 5034 2480 5110 antequam
2515 5034 2718 5094 faceres
2751 5040 2942 5093 caelum
2971 5034 3027 5092 et
3065 5047 3262 5110 terram
3285 5079 3299 5100 ,
3327 5034 3622 5090 secundum

2042 5108 2290 5182 abyssum
2315 5108 2532 5165 multam
2549 5111 2870 5182 judiciorum
2889 5118 3099 5182 tuorum
3117 5108 3466 5174 occultorum,
3483 5121 3624 5161 sem-

2042 5179 2140 5251 per
2159 5190 2333 5236 autem
2353 5183 2641 5252 justorutn,
2665 5179 2977 5252 prmscivisti
2999 5179 3064 5233 ad
3091 5186 3315 5252 mortem
3345 5187 3622 5244 atternam;

2042 5249 2268 5322 quorum
2311 5249 2970 5307 dinumeratio—nominum
3008 5258 3063 5305 et
3089 5249 3400 5322 meritorum
3431 5257 3623 5320 pravo:

2043 5321 2162 5378 rum
2191 5323 2329 5393 apud
2349 5331 2398 5376 te
2421 5332 2523 5386 est,
2539 5324 2624 5392 qui
2650 5337 2924 5376 numerum
2948 5335 3126 5376 arena:
3147 5322 3308 5375 maris
3322 5321 3619 5393 dinumera-

2045 5394 2133 5460 sti,
2157 5404 2208 5449 et
2225 5391 2497 5448 dimensus
2512 5391 2569 5448 es
2592 5393 2909 5464 profundunt
2929 5393 3125 5464 abyssi,
3145 5407 3279 5460 quos
3293 5391 3552 5464 reliquisti
3573 5392 3618 5445 in

2044 5465 2394 5521 immunditiis
2421 5466 2550 5530 suis,
2575 5463 2766 5533 quibus
2787 5464 2961 5516 omnia
3001 5463 3385 5532 Coeperaturin
3403 5463 3620 5528 malum,

2043 5544 2098 5591 et
2121 5536 2231 5607 ipsa
2260 5537 2418 5590 etiam
2441 5536 2610 5590 oratio
2639 5535 2858 5589 vertitur
2889 5535 2939 5588 in
2973 5543 3280 5606 peccatum;
3314 5544 3367 5587 ut
3393 5534 3435 5587 si
3464 5535 3624 5607 etiam

2043 5605 2212 5676 usque
2244 5607 2308 5661 ad
2345 5607 2510 5663 ctelos
2539 5607 2905 5670 ascenderint,
2948 5605 3000 5661 et
3040 5615 3198 5674 caput
3239 5620 3422 5658 eorum
3463 5605 3626 5659 nubes

2044 5679 2294 5747 tetigerit,
2311 5687 2363 5732 ct
2382 5679 2515 5731 inter
2531 5677 2702 5732 sidera
2727 5677 2844 5732 oculi
2866 5678 3244 5732 collocaverint
3258 5676 3436 5747 ttidum
3453 5691 3624 5740 suum,

2044 5745 2192 5821 quasi
2219 5747 2604 5820 sterquiliniutn
2630 5749 2680 5802 in
2707 5750 2808 5804 tinc
2838 5749 3127 5819 perdantur
3153 5748 3354 5821 (Abdia:
3379 5745 3454 5818 4).

2113 5883 2130 5914 ι
2152 5880 2292 5946 Alias,
2317 5879 2661 5934 tleh'ctatiouis.
