4094 6342
311 404 417 465 885

312 522 659 587 effulserunt,
685 517 752 574 de
780 516 967 575 futuris
1002 518 1342 587 benignitatis
1372 526 1474 573 tum
1506 516 1809 574 melioribus
1838 524 1891 572 et

314 591 718 663 perfectioribus
744 592 1086 663 muneribus,
1118 606 1235 661 qua:
1256 591 1364 663 tuis
1404 590 1587 663 amicis
1615 592 1854 663 reservas
1875 630 1888 653 ,

314 660 464 743 Spem
495 677 667 743 meum
683 660 1000 743 admonent,
1025 671 1082 715 ut
1104 660 1155 743 in
1179 671 1229 716 te
1253 662 1481 725 lteletur,
1506 660 1729 743 Domine
1750 661 1892 743 flens

315 731 470 789 tiens
492 775 507 799 ,
546 734 729 787 itctitia
769 741 947 786 sancta
988 742 1042 785 et
1084 734 1200 786 viva
1227 774 1240 795 ,
1269 747 1387 800 quin
1417 746 1629 801 semper
1657 731 1894 784 lmti‘ticas

314 805 642 876 iuventutem
688 803 1168 876 nieamerilexisti
1208 804 1348 858 enim
1378 817 1467 876 me
1491 844 1503 865 ,
1548 802 1701 876 unice
1745 817 1896 855 amor

316 873 491 936 incus,
522 884 803 945 antequam
835 874 1107 944 diligerem
1147 882 1217 939 te,
1249 883 1303 929 et
1322 873 1394 945 (ad
1434 873 1719 945 imaginem
1749 881 1893 927 tuam

318 947 509 1002 creasd
536 961 621 1000 me
640 943 949 1008 {mnibus
975 946 1231 999 creaturis
1258 944 1363 997 tuis
1388 943 1722 1014 pra'posuisti
1764 958 1849 997 me
1878 960 1893 998 :

322 1032 479 1087 quam
510 1017 817 1087 dignitatem
849 1024 973 1069 tunc
994 1016 1206 1085 quidem
1234 1031 1389 1070 servo
1415 1029 1535 1069 cum
1559 1015 1798 1069 noverim
1822 1023 1893 1081 te,

320 1086 542 1159 tirones
560 1086 909 1159 ,t’tuesl__fs<ti_sti
932 1102 1041 1159 me.

392 1158 615 1213 CAPUT
652 1157 863 1212 XXVII.
915 1157 1117 1223 Quanta
1162 1156 1295 1212 Deus
1334 1165 1534 1227 prwstet
1571 1156 1764 1210 homini
1813 1173 1900 1227 per

320 1230 539 1299 Angelos
568 1229 817 1282 custodes.
848 1227 995 1283 Unde
1020 1228 1114 1281 Dei
1135 1246 1246 1281 rum
1273 1230 1471 1282 homine
1500 1227 1712 1281 delicia.
1744 1227 1898 1281 Insu-

321 1315 421 1370 per
461 1299 589 1354 facis
628 1300 859 1369 Angelos
899 1309 1016 1352 tuos
1063 1301 1278 1367 spiritus
1320 1306 1538 1368 propter
1577 1313 1681 1361 me,
1711 1299 1902 1367 quibus

324 1372 585 1424 mandasti
617 1378 675 1423 ιιι
711 1371 1011 1424 custodiant
1041 1386 1126 1424 me
1156 1372 1206 1425 in
1238 1370 1483 1424 omnibus
1515 1370 1612 1425 viis
1642 1370 1805 1434 meis,
1836 1382 1904 1424 ne

324 1441 463 1495 forte
496 1440 758 1511 oﬂemlam
796 1441 862 1493 ad
900 1440 1124 1510 lapidem
1161 1442 1347 1510 prdem
1390 1457 1566 1494 meum
1600 1439 1771 1511 (Psul.
1801 1456 1864 1494 xc
1886 1481 1899 1506 ,

326 1514 390 1567 ﬂ
422 1510 574 1582 ,1‘2).
623 1511 685 1565 Hi
728 1520 852 1566 sunt
889 1513 1133 1567 custodes
1175 1529 1335 1582 super
1375 1527 1554 1566 muros
1593 1510 1710 1565 tuos
1753 1526 1903 1565 nova:

324 1583 621 1638 Jerusalem
651 1582 799 1651 (lsai.
830 1598 937 1637 an
962 1625 975 1648 ,
1009 1582 1062 1653 6)
1087 1625 1101 1649 ,
1135 1591 1186 1637 et
1214 1593 1419 1637 montes
1458 1583 1511 1637 in
1538 1582 1760 1635 circuittt
1788 1583 1905 1651 ejus

327 1654 607 1721 vigilantes
625 1663 680 1708 et
705 1654 1063 1708 custodientes
1091 1654 1295 1723 vigilias
1320 1654 1491 1707 noctis
1512 1667 1671 1722 super
1692 1668 1903 1723 gregem

330 1730 476 1779 tuum
510 1724 658 1795 (Luc.
702 1740 759 1791 It,
802 1725 881 1796 8),
912 1731 998 1779 ‘ne
1031 1725 1241 1794 quando
1283 1726 1452 1794 rapiat
1495 1736 1549 1778 ut
1594 1726 1675 1796 leo
1702 1725 1906 1796 animas

328 1794 542 1851 nostras
564 1836 579 1861 ,
610 1796 734 1849 dtnn
767 1794 872 1849 non
903 1805 983 1849 est
1009 1796 1096 1864 qui
1124 1796 1345 1850 redimat
1367 1839 1380 1854 ,
1416 1796 1502 1848 ille
1538 1795 1784 1865 antiquus
1808 1794 1905 1849 acl-

327 1869 597 1921 msarius
624 1875 824 1925 noster,
859 1867 945 1935 qui
971 1868 1117 1935 quasi
1142 1868 1225 1920 leo
1249 1868 1465 1935 rugiens
1488 1881 1699 1936 semper
1722 1867 1909 1920 circuit

328 1952 577 2008 qumrens
612 1952 769 2006 quem
803 1937 1021 1991 devoret
1060 1938 1077 2006 (
1096 1938 1115 1990 Ι
1144 1937 1281 1990 Petr.
1315 1955 1343 1990 v
1364 1981 1378 2003 ,
1408 1938 1482 2005 8).
1518 1938 1575 1990 lli
1613 1946 1736 1991 sunt
1765 1938 1909 1991 cives

330 2009 501 2063 beata
539 2009 764 2062 civitatis
802 2024 1046 2077 superna:
1084 2008 1413 2073 Jerusalem,
1445 2025 1561 2077 qua:
1589 2024 1795 2061 Sttl‘sttm
1829 2018 1910 2061 est

331 2091 504 2133 mater
544 2089 722 2134 nostra
752 2078 946 2145 (Colat.
978 2094 1031 2131 Iv
1056 2121 1070 2143 ,
1097 2079 1192 2147 ’26)
1218 2122 1230 2143 ,
1276 2081 1324 2133 in
1369 2080 1718 2133 ministerium
1764 2079 1909 2132 missi

331 2160 553 2219 [ruptor
575 2164 667 2203 eos
694 2151 782 2216 qui
815 2149 1177 2204 bmreditatem
1205 2152 1418 2219 capiunt
1447 2150 1629 2203 salutis
1657 2148 1837 2219 (Hebr.
1870 2164 1909 2215 ι,

335 2223 459 2290 14);
482 2232 539 2274 ιιι
565 2236 657 2275 eos
682 2221 908 2275 liberent
934 2220 1001 2275 ab
1037 2222 1262 2274 inimicis
1288 2222 1419 2287 suis,
1449 2229 1501 2273 et
1530 2221 1831 2275 custodiant
1859 2223 1910 2274 in

332 2293 583 2346 mnibus
609 2293 705 2345 viis
726 2292 872 2355 suis;
900 2291 1198 2346 confortent
1227 2308 1438 2362 quoque
1462 2300 1515 2346 et
1545 2301 1795 2345 moneant
1814 2334 1826 2355 ,
1860 2299 1915 2345 et

333 2364 608 2419 orationes
629 2362 854 2417 filiorum
878 2373 1085 2417 tuorum
1107 2363 1331 2417 oderant
1354 2366 1402 2417 in
1425 2374 1709 2433 conspectu
1730 2364 1912 2433 gloria)

336 2434 632 2500 maiestatis
668 2442 789 2507 true.
833 2434 1063 2503 Diligunt
1106 2449 1295 2503 nempe
1334 2434 1578 2507 concives
1618 2448 1776 2496 suos,
1822 2448 1915 2507 per

334 2518 474 2573 quos
519 2520 632 2559 sua:
680 2505 848 2558 ruinae
900 2507 1160 2559 scissuras
1215 2506 1493 2560 instaurari
1548 2505 1909 2572 exspectant;

338 2576 566 2645 ideoque
601 2589 786 2645 magna
814 2590 939 2630 cura
967 2584 1021 2630 et
1046 2576 1279 2645 vigilanti
1322 2578 1497 2631 studio
1535 2576 1725 2629 adsunt
1765 2576 1916 2629 nobis

340 2648 590 2701 munibus
620 2645 765 2699 horis
792 2655 846 2701 et
876 2648 1004 2700 locis
1024 2689 1037 2711 ,
1070 2656 1441 2701 succurrentrs
1481 2656 1532 2700 et
1576 2646 1917 2715 providentes

339 2718 745 2772 necessitatibus
771 2718 1002 2780 nostris,
1026 2728 1087 2772 et
1127 2718 1336 2771 solliciti
1381 2719 1739 2771 discurrentes
1781 2718 1918 2769 inter

341 2804 440 2842 nos
464 2798 519 2841 et
558 2798 610 2841 te
639 2828 652 2850 ,
686 2789 906 2843 Domine
929 2830 942 2855 ,
974 2790 1199 2856 gemitus
1242 2800 1453 2842 nostros
1495 2798 1652 2856 atque
1692 2790 1916 2857 suspiria

342 2860 637 2913 referentes
661 2858 727 2912 ad
760 2867 810 2913 te
831 2902 844 2923 ,
874 2870 927 2912 ut
957 2862 1239 2928 impetrent
1270 2860 1421 2914 nobis
1455 2860 1659 2913 facilem
1688 2869 1789 2911 tum
1824 2860 1917 2913 bc-

342 2931 613 2999 nignitatis
636 2931 1082 2998 propinationem,
1113 2942 1166 2984 et
1187 2930 1419 2985 referant
1440 2930 1503 2983 ad
1533 2940 1629 2982 nos
1651 2930 1920 2983 desidera-

344 3011 450 3054 tam
485 3010 585 3054 tum
620 3002 804 3069 gratim
846 3001 1289 3056 benedictionem.
1328 3001 1611 3055 Ambulant
1642 3000 1917 3053 nobiscum

344 3073 395 3124 in
423 3072 669 3125 omnibus
700 3073 798 3123 viis
826 3075 1041 3137 nostris,
1076 3074 1275 3126 intrant
1300 3081 1353 3126 ct
1379 3082 1579 3127 exeunt
1609 3073 1880 3124 nobiseum
1903 3113 1917 3137 ,

343 3151 544 3197 attente
574 3142 971 3197 considerantes
999 3158 1155 3212 quam
1186 3144 1291 3212 pie,
1324 3158 1588 3213 quamque
1615 3142 1836 3196 honeste
1868 3143 1919 3196 in

346 3213 524 3267 medio
553 3229 727 3279 prava:
749 3215 978 3267 nationis
1003 3229 1397 3277 converscmnr,
1422 3223 1724 3284 quanti‘ique
1747 3214 1922 3266 studio

345 3295 398 3338 et
443 3284 710 3337 desiderio
753 3299 1054 3353 qureramns
1098 3301 1317 3353 regnum
1367 3295 1510 3337 tuum
1562 3292 1616 3337 et
1664 3285 1920 3353 justitiam

349 3355 463 3423 ejus
484 3395 499 3420 ,
529 3364 830 3423 quantoque
860 3356 1047 3408 timore
1074 3365 1124 3408 et
1154 3366 1384 3409 tremore.
1410 3356 1704 3409 serviamus
1739 3364 1792 3409 et
1827 3371 1920 3409 ex-

346 3426 604 3479 sultemus
648 3426 777 3491 tibi,
806 3426 984 3479 lattitia
1023 3427 1200 3480 cordis
1242 3427 1431 3481 nostri.
1478 3427 1740 3496 Adjuvnnt
1780 3427 1925 3479 labo-

347 3508 527 3550 rantes
545 3538 558 3559 ,
591 3505 871 3566 protegunt
895 3501 1227 3567 quiescentes
1246 3539 1259 3561 ,
1294 3499 1569 3551 hortantur
1596 3508 1886 3567 pugnantes
1906 3539 1919 3560 ,

349 3576 611 3621 coronant
633 3568 944 3633 vincentes;
973 3569 1307 3637 congaudent
1335 3568 1715 3637 gaudentibus,
1744 3569 1808 3623 de
1841 3578 1921 3634 te,

349 3638 587 3708 inquam,
613 3638 994 3708 gaudentibus;
1025 3642 1418 3709 compatiuntur
1453 3640 1802 3708 patientibus,
1828 3654 1926 3709 pro

350 3719 431 3771 te,
464 3710 708 3778 inquam,
738 3711 1076 3777 patientibus.
1108 3710 1335 3765 Grandis
1362 3720 1443 3765 est
1472 3713 1549 3765 eis
1578 3726 1701 3763 cura
1737 3710 1802 3764 de
1831 3725 1928 3763 no-

350 3778 464 3843 bis,
494 3794 722 3847 magnus
746 3780 966 3836 aﬁ‘ectus
1004 3782 1304 3835 dilectionis
1340 3798 1523 3835 eorum
1556 3797 1680 3848 erga
1714 3797 1837 3846 nos;
1875 3790 1928 3835 et

350 3849 454 3903 hoc
482 3860 650 3904 totum
678 3860 894 3919 propter
928 3853 1181 3907 honorem
1212 3861 1314 3905 tuac
1342 3852 1723 3907 inmstimabilis
1748 3852 1925 3905 chari-

352 3923 494 3985 tatis,
527 3936 629 3994 qua
654 3921 1022 3976 dilexisdnos.
1060 3923 1292 3994 Diligunt
1320 3926 1459 3977 enim
1487 3938 1618 3993 quos
1645 3933 1695 3975 ιιι
1722 3923 1924 3992 diligis;

352 3991 660 4063 mstodinut
683 4008 815 4060 quos
846 4002 899 4047 tu
927 3991 1192 4060 custodis;
1225 4003 1278 4048 et.
1308 3991 1562 4047 deserunt
1590 4009 1721 4063 quos
1748 4004 1802 4047 tu
1824 3991 1931 4047 de-

351 4062 643 4135 seris.t\iec
669 4064 891 4133 diligunt
911 4075 1194 4133 operantes
1222 4064 1569 4134 iniquitatem,
1602 4065 1847 4135 quoniam
1878 4073 1930 4119 et

353 4142 406 4187 tu
433 4133 593 4187 odisti
625 4149 809 4189 omnes
837 4136 923 4205 qui
967 4145 1254 4205 operantur
1279 4133 1631 4205 iniquitatem,
1662 4145 1712 4190 et
1739 4136 1929 4205 perdes

350 4218 542 4279 omnes
600 4206 691 4279 qui
750 4206 1035 4274 IOquuntur
1088 4207 1424 4279 mendacium
1464 4206 1671 4279 (Psal.
1706 4224 1735 4259 v
1767 4249 1780 4270 ,
1831 4208 1927 4273 7).

351 4275 572 4340 Quoties
600 4276 732 4331 bene
769 4278 1000 4347 agimus,
1035 4278 1268 4347 gaudent
1292 4277 1473 4346 Angeli
1496 4275 1515 4341 ’,
1560 4288 1614 4331 et
1653 4279 1933 4332 tristantur

353 4346 661 4417 dicmones;
694 4346 899 4417 quoties
928 4346 1055 4402 vero
1087 4365 1115 4403 a
1154 4351 1293 4403 bono
1325 4349 1627 4411 detiamus,
1660 4349 1928 4403 diabolum

353 4416 725 4489 hriilieamus,
771 4428 825 4473 et
864 4420 1093 4487 Angelos
1139 4434 1234 4474 suo
1276 4420 1467 4489 gaudio
1510 4419 1927 4474 defraudamus:

352 4487 605 4556 gaudium
640 4498 722 4542 est
749 4489 891 4560 enim
928 4492 1006 4544 eis
1044 4506 1203 4560 super
1226 4487 1334 4545 uno
1367 4499 1642 4559 peccatore
1672 4493 1933 4560 pmniten-

353 4560 480 4632 tiam
508 4568 699 4632 agente
737 4559 885 4627 (Luc.
914 4577 1014 4624 xv,
1045 4561 1097 4632 7η)
1116 4559 1132 4623 ⁷,
1161 4562 1253 4617 sed
1278 4562 1489 4615 diabolo
1525 4559 1684 4629 super
1716 4577 1821 4616 uno
1844 4562 1931 4631 juc

353 4637 437 4683 sto
470 4631 483 4660 '
516 4630 882 4700 paenitentiam
912 4630 1210 4687 deserente.
1241 4633 1311 4685 Da
1340 4633 1513 4701 igitur,
1542 4632 1629 4696 da,
1660 4642 1826 4701 pater,
1855 4633 1933 4688 eis

354 4714 568 4772 semper
604 4702 836 4771 gaudere
862 4703 928 4757 de
958 4704 1113 4758 nobis
1136 4744 1151 4769 ,
1179 4712 1317 4758 utet
1357 4710 1409 4756 tu
1459 4719 1551 4772 per
1589 4717 1684 4757 eos
1723 4718 1935 4770 semper

354 4770 587 4825 lauderis
612 4770 664 4825 in
694 4773 870 4839 nobis,
902 4782 957 4828 et
982 4789 1079 4829 nos
1104 4790 1223 4829 cum
1247 4773 1323 4827 eis
1354 4774 1405 4827 in
1440 4770 1597 4826 unum
1626 4773 1763 4828 ovile
1785 4782 1932 4829 tuum

353 4842 711 4906 adducantur;
744 4852 803 4897 ιιι
830 4844 1181 4899 conﬁteantur
1203 4845 1356 4899 simul
1387 4844 1583 4897 nmnini
1609 4852 1792 4897 sancto
1821 4853 1930 4911 tuo,

354 4921 568 4966 creator
608 4914 882 4968 hominum
922 4924 974 4969 et
1015 4917 1357 4986 Angelorum.
1395 4916 1517 4969 lbec
1553 4916 1664 4984 ipse
1699 4928 1935 4969 comme-

355 4998 571 5055 morans
592 4998 771 5038 coram
809 4993 881 5052 te,
908 4985 1168 5041 confiteor
1203 4985 1421 5041 laudans
1458 4996 1539 5053 te,
1568 4986 1815 5055 quoniam
1844 4986 1936 5040 be-

356 5053 544 5127 neficia
571 5063 657 5127 tua
686 5070 872 5125 magna
895 5066 1017 5111 sunt
1047 5058 1179 5123 bace,
1206 5057 1395 5127 quibus
1424 5072 1519 5111 nos
1550 5053 1931 5125 lionorilicasti,

355 5123 487 5176 dans
519 5126 672 5197 nobis
697 5123 916 5196 angelos
952 5136 1071 5182 tuos
1106 5123 1322 5197 Spiritus
1357 5128 1408 5181 in
1447 5128 1798 5184 ministerium
1840 5123 1937 5182 ne;

355 5204 545 5249 stram.
578 5196 810 5252 Dederas
832 5197 974 5253 enim
1013 5196 1264 5269 quidquid
1300 5200 1418 5253 curii
1460 5201 1658 5253 ambitu
1698 5199 1937 5253 contine-

358 5275 471 5339 tur;
514 5277 569 5321 et
612 5270 760 5337 quasi
807 5284 965 5338 parva
1013 5269 1127 5324 inec
1165 5286 1280 5339 quae
1320 5270 1418 5324 sub
1464 5271 1601 5325 cano
1639 5279 1799 5335 sunt,
1834 5270 1936 5325 nisi

360 5337 587 5410 adderes
615 5348 669 5392 et
696 5355 758 5393 ea
784 5337 901 5409 qua:
929 5351 1053 5395 sunt
1091 5337 1252 5410 super
1289 5342 1473 5395 caelos.
1514 5341 1755 5396 Laudent
1790 5351 1840 5396 te
1868 5340 1937 5397 de

360 5405 463 5462 hoc
487 5424 675 5463 omnes
704 5405 888 5480 Angeli
921 5412 1011 5477 tui,
1040 5405 1391 5468 confiteantur
1414 5412 1503 5466 tibi
1528 5413 1595 5467 de
1626 5414 1727 5467 hoc
1758 5413 1936 5469 omnia

360 5491 518 5551 opera
550 5490 660 5546 tua,
691 5489 745 5537 et
774 5482 871 5551 ipsi
901 5485 1072 5538 sancti
1105 5486 1175 5538 tui
1198 5484 1521 5537 benedicant
1553 5485 1665 5539 tibi.
1695 5484 1739 5538 0
1768 5484 1935 5539 bono-

359 5550 614 5605 riticentia
642 5550 822 5607 nostra
848 5595 862 5619 ,
903 5569 1037 5623 quos
1074 5556 1230 5609 nimis
1272 5554 1628 5608 ltonorificans
1667 5563 1721 5609 et
1762 5555 1936 5612 (litans

359 5623 539 5677 multis
577 5624 887 5678 muneribus
926 5625 1220 5680 decorasti!
1254 5625 1583 5684 Admirabile
1621 5634 1703 5679 est
1741 5641 1934 5681 nomen

361 5699 545 5766 tuum,
564 5692 807 5766 Domine,
842 5695 895 5749 in
928 5696 1169 5752 universa
1198 5707 1336 5751 terra
1360 5696 1531 5765 (Paul.
1559 5712 1672 5761 vui,
1694 5696 1771 5766 ‘2).
1800 5697 1935 5763 Quid

360 5771 440 5818 est
464 5765 608 5819 enim
635 5764 797 5821 homo
818 5808 833 5830 ,
861 5767 984 5837 quia
1016 5770 1323 5837 magniﬁcas
1342 5764 1464 5821 eum
1490 5811 1504 5836 ,
1537 5776 1590 5823 et
1619 5764 1937 5824 bonurificas

423 5897 594 5960 ‘ﬂss.,
618 5900 1001 5967 εεάφιύὀειφοτ
1024 5901 1400 5965 miojamjueto,
1424 5908 1521 5952 etc.

1220 402 1417 460 LlBER
1456 386 2009 471 SOLILOQUIoRtnt
2048 388 2283 454 Attinas
2322 396 2411 452 Al)
2449 394 2657 455 unum.

3482 396 3586 457 886

2005 530 2125 588 eum
2152 557 2177 588 ,_
2200 513 2668 588 et_appo}iis__erga
2686 527 2820 588 _enm
2856 523 3121 588 eor_tuum
3152 515 3288 587 (Job
3306 532 3409 584 vn,
3441 518 3508 572 Π
3530 518 3588 588 )2

2072 580 2623 658 (ΣΜἯΤἿΧΧῊΙᾙ
2675 584 2754 658 De
2823 580 3279 658 prwdestinutionis
3335 580 3406 641 ac.
3452 580 3585 658 pree—

2004 658 2223 711 srieuliw
2255 655 2347 709 Dei
2384 656 2639 727 mysterio.
2682 656 2868 709 fiixisti
2898 658 3073 718 enim,
3108 657 3313 727 Veritas
3339 655 3583 727 antiqua,

2004 727 2383 801 Qelicimmem,
2413 725 2517 781 esse
2541 744 2653 801 cum
2675 728 3082 801 ﬁliisbominum
3111 725 3288 801 (Prov.
3325 745 3443 795 vut,
3468 725 3584 801 3i).
3669 794 3673 796 ν

2005 798 2377 871 Nonnebomo
2416 799 2661 867 putredo,
2702 807 2754 853 et
2795 799 2937 853 filius
2976 798 3205 871 hominis
3242 798 3589 871 vermis(Job

2009 886 2142 941 xgtv,
2170 868 2267 941 6)?
2296 869 2481 923 Nonne
2502 871 2753 941 universa
2783 871 2987 924 vanitas
3016 870 3188 925 onmis
3221 870 3379 941 homo
3406 868 3590 925 vivens

2008 939 2175 1009 (1)εαῖ.
2207 938 2417 994 ’χχχινιιι
2438 981 2452 1007 ,
2485 938 2577 1010 6)?
2608 941 2673 995 Et
2711 942 2943 1012 dignum
2968 941 3117 995 ducis
3157 956 3317 1012 super
3344 940 3593 1010 hujusce-

2007 1012 2148 1065 modi
2186 1013 2395 1080 aperire
2421 1012 2602 1066 oculos
2635 1011 2783 1076 tuos,
2804 1022 2856 1067 et
2883 1011 3149 1067 adducere
3178 1011 3297 1067 eum
3330 1022 3503 1067 tecum
3538 1012 3589 1066 in

2002 1082 2286 1155 judicium!
2317 1082 2462 1155 Doce
2490 1098 2605 1155 me,
2635 1082 2859 1155 abyssus
2886 1083 3297 1155 profundissima
3316 1126 3339 1151 ,ν
3359 1083 3591 1139 creatrix

2007 1154 2283 1221 sapientia.
2317 1154 2419 1220 Qui
2447 1154 2647 1207 librasti
2680 1154 2731 1208 in
2760 1154 2990 1223 pondere
3014 1165 3243 1220 montes,
3268 1165 3319 1211 et
3347 1156 3511 1209 colles
3539 1156 3590 1208 in

2010 1234 2205 1278 statera
2226 1268 2244 1297 ί,
2291 1234 2343 1277 et
2385 1224 2681 1297 appendiin
2725 1226 2918 1297 molem
2966 1234 3119 1297 terrm
3166 1227 3331 1280 tribus
3373 1226 3591 1297 digitis,

2009 1296 2274 1363 suspende
2302 1296 2511 1368 molem
2558 1296 2944 1365 corporalitatis
2986 1296 3174 1367 hujus,
3222 1313 3379 1368 quam
3428 1296 3588 1365 gero,

2014 1368 2180 1421 tribus
2210 1367 2393 1421 invisis
2434 1366 2612 1436 digitis
2643 1368 2743 1421 tuis
2774 1368 2839 1420 ad
2869 1378 2946 1433 te,
2980 1377 3037 1421 ut
3062 1366 3269 1422 videam
3306 1376 3359 1422 et
3394 1382 3595 1437 cogno-

2011 1453 2153 1492 scam
2181 1479 2193 1499 ,
2238 1453 2393 1507 quam
2439 1438 2764 1493 admirabilis
2802 1454 2860 1493 es
2901 1440 2951 1491 in
2992 1439 3236 1493 universa
3277 1449 3435 1493 terra.
3481 1439 3594 1493 Lux

2012 1510 2417 1577 antiquissima,
2462 1524 2579 1578 qua:
2629 1509 2841 1563 lueebas
2893 1520 3016 1563 ante
3058 1525 3268 1565 omnem
3319 1510 3489 1564 lucem
3540 1510 3595 1563 in

2013 1581 2278 1634 montibus
2320 1580 2518 1633 sanctis
2557 1581 2869 1634 mternitatis
2916 1582 3183 1647 antiqure,
3232 1580 3315 1635 cui
3360 1580 3501 1634 nuda
3545 1588 3600 1634 et

2013 1662 2193 1719 aperta
2247 1660 2396 1705 erant
2435 1651 2611 1704 omnia
2652 1650 2847 1775 (Hebr.
2898 1668 2983 1717 tv,
3032 1652 3133 1724 15)
3177 1660 3460 1721 antequam
3501 1651 3597 1705 lie-

2014 1730 2164 1775 rent:
2203 1722 2288 1775 lux
2311 1764 2323 1775 .
2356 1738 2472 1775 una:
2500 1723 2621 1775 odio
2677 1723 2822 1775 tabes
2852 1738 3061 1775 onmem
3092 1725 3351 1775 maculam
3372 1763 3385 1775 .
3419 1730 3597 1775 utnote

2014 1730 2164 1786 rent;
2203 1722 2288 1775 lux
2311 1764 2323 1784 ,
2356 1738 2472 1792 qua:
2500 1723 2621 1775 odio
2656 1722 2822 1777 babes
2852 1738 3061 1778 omnem
3092 1722 3351 1777 maculam
3372 1763 3385 1785 ,
3419 1730 3600 1792 utpote

2015 1793 2358 1847 mundissima
2386 1802 2437 1847 et
2464 1793 2966 1862 i‘mmaeuiatissima.
2997 1811 3113 1863 qua:
3135 1794 3225 1849 tibi
3254 1792 3456 1848 delicim
3478 1809 3600 1848 cum

2016 1863 2273 1936 homine?
2302 1881 2417 1931 qua:
2442 1868 2724 1936 conventio
2750 1865 2883 1919 luris
2908 1865 2972 1919 ad
3005 1866 3251 1919 tenebras
3277 1864 3341 1936 (ll
3373 1863 3489 1919 Cor.
3523 1880 3596 1929 \‘l,

2018 1936 2106 2003 14)
2126 1938 2148 1989 '?
2178 1934 2280 1991 Ubi
2303 1946 2423 1988 sunt
2452 1936 2502 1989 in
2534 1935 2746 1989 homine
2776 1937 2978 1991 delicia:
3010 1937 3144 1989 tum?
3174 1937 3259 1991 ubi
3288 1934 3597 2004 praeparasti

2018 2007 2108 2059 tibi
2140 2007 2189 2060 in
2215 2023 2297 2059 me
2316 2007 2531 2077 dignum
2554 2008 2909 2061 sanctuarium
2938 2007 3226 2077 majestatis
3249 2014 3370 2071 tttre,
3391 2007 3441 2060 in
3460 2006 3601 2074 quod

2020 2078 2275 2132 inti-aiens
2314 2076 2510 2131 habeas
2550 2078 2764 2131 delicias
2802 2076 3144 2133 dilectionis‘
3182 2077 3320 2132 tuae?
3350 2077 3601 2131 Mundam

2018 2149 2158 2201 enim
2189 2150 2517 2204 caenacnlum
2546 2149 2699 2202 decet
2730 2157 2799 2207 te.
2827 2150 3085 2203 mundatis
3110 2148 3297 2213 virtus,
3320 2164 3440 2219 quae
3462 2164 3600 2219 non-

2021 2220 2118 2272 nisi
2161 2235 2187 2271 a
2230 2219 2440 2273 mundis
2479 2219 2728 2292 cordibus
2772 2220 2937 2292 videri
2976 2229 3127 2289 potes
3167 2217 3376 2292 (Manli.
3424 2234 3475 2283 v,
3519 2217 3597 2291 8),

2020 2292 2189 2343 multo
2216 2292 2379 2357 magis
2408 2305 2509 2345 nec
2536 2289 2736 2344 haberi.
2777 2290 2830 2344 In
2866 2291 3078 2344 homine
3118 2289 3293 2345 autem
3337 2291 3421 2343 ubi
3465 2289 3602 2344 tem-

2020 2362 2165 2429 plum
2199 2371 2303 2415 tam
2337 2360 2624 2424 mundum,
2658 2373 2711 2414 ut
2744 2372 2793 2416 te
2822 2362 3109 2431 suscipiat,
3144 2363 3229 2430 qui
3272 2362 3408 2429 regis
3448 2377 3605 2414 mun-

2021 2432 2184 2484 dum?
2210 2432 2338 2498 Quis
2368 2439 2538 2499 potest
2578 2433 2751 2486 facere
2789 2432 3043 2485 mundum
3074 2431 3141 2486 de
3172 2431 3445 2485 immundo
3472 2445 3603 2485 eon-

2021 2511 2230 2572 Ct‘pltttn
2262 2503 2501 2556 semine?
2542 2518 2718 2557 nonne
2756 2510 2813 2556 tu
2853 2505 2940 2572 qui
2974 2504 3115 2556 solus
3141 2519 3198 2557 es
3225 2502 3452 2556 mundus
3484 2502 3605 2571 (Job

2022 2590 2109 2627 xw
2131 2616 2144 2637 ,
2174 2574 2266 2643 li)?
2296 2574 2673 2645 abiimmuntlo
2712 2576 2853 2628 enim
2894 2574 3012 2645 quis
3050 2574 3389 2628 inundabitur
3419 2572 3604 2642 (Errli.

2021 2660 2210 2708 xxxn',
2252 2645 2346 2715 4,)?
2372 2643 2502 2699 Nam
2542 2654 2596 2698 et
2634 2643 2925 2700 secundum
2970 2646 3179 2716 legem,
3222 2662 3377 2715 quam
3416 2644 3607 2699 dedisti

2025 2717 2266 2783 patribus
2298 2715 2494 2769 nostris
2526 2716 2573 2769 in
2607 2716 2725 2785 igne
2764 2715 3107 2770 comburente
3148 2725 3418 2777 montem,
3463 2723 3517 2769 et
3557 2716 3605 2767 in

2025 2787 2164 2840 nube
2205 2797 2411 2851 tegente
2450 2802 2637 2856 aquam
2681 2788 3050 2851 tenebrosam,
3096 2788 3347 2858 quidth
3383 2787 3610 2858 tetigerit

2027 2858 2328 2911 immundus
2352 2899 2364 2918 ,
2399 2858 2727 2911 immundum
2768 2860 2865 2911 erit
2903 2857 3085 2929 (.Vum.
3114 2856 3199 2912 1m
3224 2900 3238 2929 ,
3267 2856 3381 2925 29.).
3411 2856 3609 2929 Omnes

2026 2938 2203 3000 autem
2245 2943 2342 2981 nos
2381 2930 2526 2997 quasi
2569 2944 2774 2997 pannus
2815 2928 3155 2983 menstruatzn
3188 2928 3335 3000 (Isai.
3366 2943 3487 2982 LXIV
3511 2970 3524 2987 ,
3553 2928 3607 2996 6)

2027 2999 2091 3053 de
2123 3014 2293 3051 massa
2324 3008 2571 3069 corrupta
2599 3008 2651 3053 ct
2691 3001 2958 3053 immunda
2998 3000 3272 3053 venientes
3296 3042 3312 3064 ,
3347 3000 3607 3053 maculam

2028 3069 2374 3125 itnmunditim
2403 3081 2622 3133 nostrm,
2648 3086 2802 3137 quam
2831 3072 3004 3123 celare,
3034 3072 3218 3123 saltem
3253 3070 3344 3123 tibi
3378 3071 3465 3138 qui
3496 3082 3610 3121 om-

2028 3142 2112 3196 nia
2162 3141 2310 3195 vides
2335 3182 2349 3206 ,
2382 3155 2485 3193 non
2534 3155 2817 3210 possumus
2843 3182 2855 3203 ,
2905 3142 2956 3194 in
3001 3141 3263 3195 frontibus
3302 3149 3607 3209 portamus;

2028 3227 2192 3283 quare
2222 3212 2400 3265 mundi
2428 3227 2546 3266 esse
2575 3229 2676 3265 non
2704 3227 3004 3281 possumus,
3036 3213 3135 3265 nisi
3166 3220 3221 3267 tu
3246 3211 3606 3283 tuutnlavet‘iS.

2029 3282 2116 3354 qui
2144 3283 2289 3336 solus
2327 3298 2386 3337 es
2424 3283 2670 3337 mundus.
2716 3283 2934 3338 Mundus
2975 3291 3161 3336 autem
3192 3282 3256 3336 de
3300 3283 3452 3354 nobis
3492 3282 3613 3336 filiis

2032 3352 2304 3408 hominum
2352 3368 2445 3408 eos
2491 3355 2539 3407 in
2587 3355 2780 3424 quibus
2826 3354 2918 3424 tibi
2963 3354 3284 3424 complacuit
3334 3352 3610 3418 habitare;

2030 3441 2163 3496 quas
2190 3426 2254 3479 ab
2276 3422 2727 3496 inaccessibilibus
2751 3422 3023 3493 profundis
3051 3422 3269 3479 secretis
3293 3424 3610 3491 judiciorntn

2032 3495 2645 3566 ineompreliensibilium
2669 3498 2940 3567 sapientiae
2959 3505 3080 3560 tum,
3100 3496 3610 3567 Sentpcrjustorum,

2033 3569 2157 3622 licet
2204 3569 2551 3633 occultorum,
2599 3568 2713 3622 sine
2734 3565 2935 3622 eorum
2982 3568 3185 3621 meritis
3226 3565 3614 3636 prmdeslinasti

2032 3647 2156 3694 ante
2178 3639 2666 3703 mundum,vocasti
2689 3639 2754 3694 de
2773 3638 2992 3704 mundo,
3013 3637 3305 3707 justifieasti
3324 3637 3373 3690 in
3395 3636 3613 3704 nnmdo,

2033 3719 2085 3764 et
2118 3710 2421 3779 magnificas
2450 3725 2543 3764 eos
2570 3718 2690 3781 post
2719 3709 2991 3763 mundum.
3025 3709 3137 3763 Non
3165 3716 3339 3762 autem
3370 3707 3615 3761 omnibus

2034 3782 2136 3835 hoc
2177 3781 2304 3833 facis
2329 3821 2342 3845 ,
2378 3781 2516 3849 quod
2556 3780 2888 3836 admirantur
2931 3781 3262 3835 tabescentes
3304 3792 3491 3834 omnes
3532 3792 3618 3832 sa-

2032 3855 2241 3924 pientes
2273 3861 2445 3924 terrm.
2464 3852 2528 3906 Et
2556 3867 2677 3922 ego,
2699 3853 2942 3924 Domine,
2961 3850 3061 3924 hoc
3079 3850 3423 3906 considerans
3443 3864 3615 3924 expa-

2034 3920 2213 3987 vesco,
2238 3933 2290 3977 et
2325 3920 2644 3994 obstupesco
2659 3924 2723 3977 de
2739 3922 3011 3978 altitudine
3028 3923 3326 3977 divitiarum
3344 3937 3398 3976 sa
3406 3920 3618 3994 pientim

2034 4003 2088 4049 et
2112 3994 2347 4049 scientia:
2375 3992 2497 4062 tuae,
2521 3992 2586 4065 ad
2617 4009 2774 4065 quam
2804 4010 2901 4061 ego
2924 4009 3025 4048 non
3050 3994 3308 4065 pertingo,
3332 4001 3383 4047 et
3409 3992 3615 4065 incom-

2035 4065 2411 4135 prehensibilia
2453 4061 2652 4134 judicia
2688 4066 2905 4133 iustitia:
2944 4061 3061 4119 tute
3097 4061 3273 4135 (Rcui.
3324 4079 3411 4130 ιιι,
3458 4061 3551 4134 55)
3600 4077 3614 4115 :

2036 4133 2284 4205 quoniam
2325 4151 2387 4191 ex
2434 4135 2622 4191 eodem
2674 4137 2782 4189 luto
2830 4136 2930 4189 alia
2975 4135 3189 4205 quidem
3227 4133 3357 4188 facis
3396 4146 3522 4205 vasa
3564 4135 3618 4187 in

2037 4202 2292 4261 Honorem
2314 4248 2329 4274 ,
2366 4207 2465 4261 alia
2494 4208 2544 4260 in
2573 4206 2944 4262 contumeliam
2976 4202 3349 4275 sempiternam
3383 4202 3491 4275 (Id.
3523 4218 3579 4258 ιι
3599 4244 3616 4272 ,

2035 4279 2149 4350 21).
2174 4280 2321 4344 Quos
2352 4278 2509 4350 igitur
2537 4278 2629 4350 tibi
2662 4278 2875 4350 elegisti
2918 4277 2983 4332 de
3020 4274 3197 4331 multis
3237 4277 3288 4330 in
3320 4274 3616 4350 templum,

2040 4347 2182 4418 ipsos
2212 4349 2465 4413 mundas,
2496 4347 2773 4403 effundens
2800 4364 2962 4418 super
2990 4362 3081 4403 eos
3107 4362 3297 4418 aquam
3326 4347 3575 4401 mundam
3600 4386 3617 4412 ,

2037 4436 2265 4492 quorum
2292 4421 2505 4492 nomina
2535 4435 2918 4492 numerumque
2950 4430 3002 4472 tu
3033 4420 3203 4492 nosti,
3232 4420 3318 4487 qui
3351 4418 3495 4473 solus
3524 4433 3621 4492 nu-

2039 4489 2214 4545 meras
2237 4491 2629 4544 multitudinem
2654 4491 2943 4553 stellarum,
2967 4500 3020 4545 et
3041 4490 3288 4544 omnibus
3300 4492 3383 4544 eis
3408 4489 3619 4543 nomina

2040 4577 2201 4616 vocas
2223 4558 2392 4631 (Psal.
2427 4576 2599 4623 cxu't,
2625 4560 2713 4629 li);
2742 4560 2829 4631 qui
2858 4561 3013 4614 etiam
3042 4561 3223 4632 scripti
3253 4568 3374 4614 sunt
3401 4560 3452 4613 in
3486 4558 3628 4632 libro‘

2041 4634 2161 4687 vitae
2184 4673 2199 4699 ,
2231 4629 2317 4702 qui
2355 4646 2685 4714 nequaquam
2728 4629 2902 4714 perire
2928 4629 3190 4714 possunt,
3223 4632 3413 4714 quibus
3441 4629 3621 4709 omnia

2040 4700 2395 4773 cooperantur
2424 4703 2474 4756 in
2498 4704 2715 4769 bonum,
2733 4700 2899 4757 etiam
2928 4700 3038 4773 ipsa
3062 4700 3296 4773 peccata.
3323 4702 3456 4755 Cum
3478 4700 3621 4753 enim

2041 4774 2277 4844 cadunt,
2307 4786 2413 4828 non
2453 4774 2810 4842 colliduntur,
2852 4774 2973 4844 quia
3015 4783 3070 4828 tu
3111 4773 3366 4842 supponis
3404 4785 3620 4825 manum

2042 4854 2183 4899 tuam
2204 4843 2372 4914 (Paul.
2396 4860 2577 4909 xxxvr,
2596 4843 2718 4915 24);
2743 4843 3049 4900 custOdicns
3070 4845 3247 4897 omnia
3268 4858 3389 4897 ossa
3410 4857 3619 4906 eorum,

2042 4925 2097 4970 ut
2124 4931 2286 4969 unum
2313 4931 2376 4970 ex
2405 4916 2481 4970 eis
2504 4932 2610 4970 non
2636 4926 2961 4971 conteratur.
2985 4918 3230 4969 Attamen
3260 4927 3403 4969 mors
3428 4925 3623 4983 pecca-

2042 4994 2219 5041 torum
2253 4988 2480 5057 pessima
2514 4986 2682 5111 (Paul.
2709 5003 2874 5042 xxxnt
2896 5029 2909 5053 ,
2936 4984 3063 5057 2‘2);
3094 4986 3337 5049 illorum,
3368 4984 3584 5054 inquam
3604 5022 3621 5048 ,

2042 5072 2177 5111 quos
2203 5069 2481 5111 antequam
2536 5072 2719 5111 acercs
2752 5058 2943 5111 omium
2972 5065 3027 5111 et
3065 5066 3257 5111 terram
3286 5098 3300 5111 .
3328 5052 3621 5109 secundum

2042 5072 2177 5128 quos
2203 5052 2481 5129 antequam
2516 5052 2719 5112 faceres
2752 5058 2943 5112 ccelum
2972 5052 3027 5111 et
3065 5066 3262 5129 terram
3286 5098 3300 5119 ,
3328 5052 3622 5109 secundum

2042 5127 2291 5201 abyssum
2316 5127 2533 5183 multam
2550 5129 2870 5201 judiciorum
2890 5136 3100 5201 tuorum
3118 5127 3467 5191 occultorum,
3484 5139 3625 5179 sem-

2043 5198 2141 5270 per
2160 5208 2334 5255 autem
2354 5202 2642 5270 justorum,
2667 5198 2977 5270 prmscivisti
2999 5198 3065 5252 ad
3091 5206 3315 5270 mortem
3346 5207 3622 5261 aeternam;

2043 5268 2269 5342 quorum
2313 5268 2970 5325 dinumeratio—nominum
3009 5276 3063 5324 et
3090 5268 3400 5342 meritorum
3432 5276 3623 5338 pravo:

2044 5339 2163 5397 rum
2192 5343 2330 5413 apud
2351 5352 2400 5397 te
2423 5351 2524 5406 est,
2539 5343 2625 5411 qui
2651 5355 2925 5413 numerum
2949 5355 3127 5413 arente
3148 5341 3308 5393 maris
3323 5339 3620 5413 dinumera-

2045 5414 2133 5479 sti,
2158 5424 2209 5468 et
2226 5410 2498 5468 dimensus
2513 5410 2571 5467 es
2593 5411 2911 5482 profundum
2930 5412 3126 5482 abyssi,
3146 5426 3280 5479 quos
3294 5410 3553 5482 reliquisti
3573 5410 3617 5463 in

2045 5485 2395 5541 immunditiis
2422 5485 2551 5549 suis,
2576 5481 2767 5551 quibus
2789 5483 2962 5534 omnia
3002 5481 3385 5551 coeperaturin
3404 5481 3623 5546 malum,

2043 5564 2098 5611 et
2121 5556 2233 5627 ipsa
2262 5554 2611 5627 etiamioratio
2641 5554 2860 5627 vertitur
2891 5554 2940 5605 in
2975 5562 3281 5623 peccatum;
3314 5563 3367 5606 ut
3394 5553 3436 5605 si
3465 5553 3625 5627 etiam

2043 5623 2214 5696 usque
2246 5627 2311 5680 ad
2346 5626 2511 5681 caelos
2540 5624 2907 5686 ascenderint,
2938 5635 3001 5696 (et
3042 5634 3200 5693 caput
3241 5639 3422 5696 eorum
3464 5623 3627 5675 nubes

2044 5695 2296 5767 tetigerit,
2313 5706 2364 5751 et
2382 5697 2516 5767 inter
2533 5696 2703 5750 sidera
2728 5695 2845 5750 cmli
2868 5695 3245 5749 collocaret-int
3260 5695 3437 5767 nidum
3454 5708 3625 5758 suum,

2045 5764 2194 5841 quasi
2221 5766 2605 5837 stcrquiliniutn
2631 5767 2681 5820 in
2708 5768 2809 5822 (inc
2840 5766 3129 5837 perdantur
3156 5766 3354 5838 (Abdita
3380 5764 3455 5836 4).

2114 5904 2132 5934 ί
2154 5900 2294 5964 Alias,
2318 5898 2661 5953 delectationis.
