4094 6342
473 350 580 419 887

542 470 771 527 CAPUT
832 467 1025 525 XXIX.
1101 467 1180 524 De
1243 467 1510 523 altitudine
1575 466 1886 537 judiciorum
1938 466 2081 533 Dei.»

471 543 655 611 Magna
701 550 826 596 sunt
874 541 991 596 hsce
1030 540 1229 611 judicia
1273 538 1650 611 tua,Domine
1694 538 1857 611 Deus,
1894 537 2053 611 judcx

469 609 613 684 iuste
639 624 692 669 et
725 613 895 674 fortis,
919 612 1007 683 qui
1034 609 1252 681 ’judieas
1278 610 1581 684 tequitatem
1611 619 1666 663 et
1693 609 2056 684 inscrutabilia

471 680 527 738 et
557 685 814 754 profunda
836 702 850 738 :
875 680 997 754 qua:
1025 680 1147 754 cum
1172 681 1474 747 considero,
1502 680 1919 754 contremiscunt
1942 696 2057 734 om-

475 750 706 811 nia'ossa
742 750 1152 824 meafquoniam
1199 767 1302 807 non
1346 759 1622 824 securatur
1669 750 1830 805 homo
1873 751 2057 824 vivens

473 843 635 896 super
663 836 859 881 terram
893 823 997 879 :iut
1030 823 1323 879 serviamus
1367 823 1459 878 tibi
1492 823 1575 891 pie
1602 831 1657 896 et
1682 831 1826 876 caste
1844 823 2058 896 cunctis

475 894 667 953 iliebus
689 900 811 951 vitm
843 904 1037 951 nostrae
1062 897 1112 949 in
1143 896 1353 959 timore,
1383 904 1437 949 et
1464 894 1794 948 exsultemus
1821 894 1912 947 tibi
1935 908 2055 946 cum

478 979 746 1033 tremore;
785 977 841 1021 ut
883 983 988 1021 non
1036 967 1104 1021 sit
1155 966 1429 1021 servitium
1484 965 1599 1019 sine
1644 964 1853 1030 timore,
1886 978 2059 1032 neque

474 1040 725 1108 gaudium
748 1041 862 1093 sine
880 1048 1131 1108 tremore,
1144 1046 1199 1091 et
1221 1051 1324 1091 non
1340 1035 1598 1108 glorietur
1617 1036 1888 1108 accinctus
1907 1049 2058 1103 mque

478 1106 535 1163 nt
559 1110 879 1165 discinclus‘
917 1107 1017 1178 (IIl
1044 1107 1170 1180 Reg.
1198 1124 1299 1173 xx,
1320 1106 1432 1179 II),
1466 1121 1639 1175 neque
1663 1106 1918 1180 glorietur
1933 1115 2058 1180 ante

478 1180 733 1234 temnitis
759 1195 903 1241 caro,
926 1176 1026 1235 sed
1070 1176 1314 1248 pavescat
1352 1176 1405 1232 et
1437 1179 1812 1231 contrcniiscat
1853 1176 2058 1248 aifacie

479 1261 588 1316 tua,
614 1267 733 1306 cum
765 1252 972 1321 ignoret
1001 1246 1159 1304 homo
1194 1260 1366 1303 utrum
1404 1263 1586 1302 amore
1625 1263 1690 1321 an
1723 1248 1844 1302 odio
1867 1246 2058 1321 dignus

478 1322 544 1375 sil
572 1339 585 1385 ;
628 1322 720 1376 sed
749 1319 800 1376 in
832 1322 1062 1376 futurum
1094 1321 1268 1374 omnia
1291 1328 1633 1375 reservantur
1663 1320 1883 1373 incerta.
1911 1319 2057 1373 Vidi-

478 1408 597 1447 mus
629 1393 770 1447 enim
802 1393 1014 1458 multos,
1058 1393 1298 1456 Domine,
1331 1400 1382 1447 et
1421 1391 1720 1445 audivimus
1750 1404 1780 1443 a
1821 1390 2059 1459 patribus

477 1464 674 1517 nostris
702 1463 864 1533 (quod
890 1465 1071 1533 utique
1096 1463 1211 1517 sine
1238 1477 1429 1531 magno
1458 1471 1693 1533 tremore
1714 1477 1817 1514 non
1854 1461 2055 1524 recolo,

476 1533 592 1588 sine
621 1531 787 1588 multo
810 1531 999 1589 timore
1025 1550 1127 1588 non
1150 1533 1461 1603 conﬁteor),
1484 1531 1789 1603 ascendisse
1817 1533 2058 1600 primitus

477 1605 693 1673 quidem
725 1620 889 1676 usque
916 1604 981 1659 ad
1026 1605 1209 1670 coelos,
1244 1615 1294 1658 et
1323 1602 1460 1658 inter
1489 1603 1661 1676 sidera
1695 1602 1875 1657 nidum
1904 1616 2057 1676 suum

478 1673 817 1747 collocasse;
847 1676 1185 1747 postmodum
1240 1683 1416 1729 autem
1444 1674 1726 1747 cecidisse
1764 1673 2058 1747 usquead

479 1746 722 1817 abyssos,
748 1758 799 1800 et
823 1744 1027 1801 animas
1055 1762 1237 1800 eorum
1265 1748 1314 1799 in
1354 1746 1507 1800 malis
1528 1745 1886 1817 obstupuisse.
1920 1744 2062 1798 Vidi-

476 1815 597 1871 mus
636 1818 820 1873 stellas
872 1819 939 1874 de
983 1819 1122 1874 coelo
1166 1817 1421 1873 cecidisse
1466 1818 1533 1871 ab
1578 1817 1777 1884 impetu
1821 1815 2061 1871 ferientis

478 1888 661 1958 cauda:
683 1889 948 1952 draconis,
973 1898 1026 1944 et
1050 1905 1144 1945 eos
1172 1889 1260 1955 qui
1281 1889 1529 1958 jaeebant
1558 1889 1607 1942 in
1635 1887 1849 1957 pulvere
1878 1896 2054 1953 terrae,

478 1973 509 2013 a
538 1957 671 2013 facie
710 1960 1037 2015 snblevantis
1066 1975 1252 2014 manus
1287 1957 1417 2023 tum,
1465 1960 1705 2023 Domine,
1750 1958 2061 2012 mirabiliter

478 2031 804 2087 ascendisse.
843 2032 1078 2087 Vidimus
1119 2032 1268 2085 vivos
1309 2031 1617 2094 morientes,
1657 2040 1709 2083 et
1753 2040 1989 2082 mortuos
2028 2044 2059 2083 a

480 2109 1003 2182 mortesurgeutes;
1035 2111 1207 2182 e_t_eos
1235 2101 1324 2182 qui
1346 2102 1503 2182 .inter
1531 2102 1666 2155 Iilios
1698 2100 1793 2182 Dei
1825 2100 2063 2182 ambula:

480 2172 630 2235 bant,
665 2174 715 2227 in
748 2169 924 2228 nicdio
973 2174 1203 2243 lapidum
1254 2169 1536 2243 ignitorum
1584 2173 1733 2241 quasi
1778 2171 1945 2243 lutum
1994 2169 2075 2225 ad;

480 2244 703 2297 nihilum
744 2242 1047 2299 defluxisse.
1084 2242 1324 2298 Vidimus
1368 2245 1535 2297 lucem
1578 2242 1976 2305 obteuehras-c,
2008 2251 2063 2295 et

481 2313 549 2367 de
580 2315 811 2368 tenebris
843 2317 1009 2369 lucem
1044 2317 1381 2385 processisse,
1412 2315 1531 2384 quia
1572 2313 1833 2385 publicani
1871 2323 1926 2366 et
1952 2327 2060 2385 me:

481 2386 702 2439 retrices
751 2387 1056 2454 praecedunt
1101 2387 1300 2439 incolas
1346 2388 1395 2439 in
1428 2401 1592 2455 regno
1633 2384 1920 2445 canorum;
1970 2384 2062 2438 lilii

483 2464 658 2508 autem
683 2457 828 2524 regni
858 2456 1141 2524 ejicientur
1165 2457 1216 2511 in
1257 2460 1504 2511 tenebras
1541 2455 1854 2510 exteriores.
1886 2456 2063 2521 Quare

483 2534 661 2597 autem
692 2526 790 2581 ista
819 2527 1020 2595 omnia,
1056 2528 1155 2582 nisi
1183 2527 1304 2597 quia
1334 2527 1385 2580 in
1428 2536 1660 2580 montem
1692 2525 1835 2578 illum
1860 2528 2061 2597 ascen-

484 2596 700 2669 derunt,
733 2598 783 2652 in
821 2613 980 2668 quem
1010 2595 1214 2669 primus
1238 2598 1480 2652 ascendit
1503 2598 1740 2669 angelus,
1770 2604 1820 2650 et
1844 2595 2063 2651 descen-

482 2666 561 2720 dit
588 2666 865 2724 diabolus?
892 2666 1037 2736 Quos
1062 2679 1239 2724 autem
1270 2668 1681 2737 prcedestinasti,
1715 2668 1857 2735 ipsos
1886 2676 1932 2720 el
1973 2683 2067 2719 vo-

482 2739 636 2801 casti,
665 2749 719 2795 et
748 2740 1110 2805 sanctiﬁcasti,
1142 2750 1195 2795 et
1237 2739 1525 2805 mundasti,
1568 2748 1626 2793 ut
1654 2739 1867 2807 dignum
1911 2737 2062 2791 habi-

484 2811 716 2882 taculum
744 2812 849 2866 sint
873 2821 976 2866 tuae
1002 2812 1328 2882 majestatis;
1359 2826 1481 2866 cum
1505 2811 1695 2882 quibus
1713 2819 1773 2882 et
1799 2810 1848 2861 in
1877 2809 2065 2882 quibus

484 2889 611 2934 sunt
632 2881 721 2936 tibi
749 2882 955 2939 deliciae
980 2880 1177 2938 sancta:
1196 2891 1251 2937 et
1274 2882 1507 2947 mundae,
1538 2881 1589 2935 in
1619 2880 1807 2951 quibus
1840 2887 1893 2933 tu
1920 2880 2067 2934 dele-

485 2952 666 3025 ctaris,
707 2961 763 3007 et
800 2952 1043 3025 lastilicas
1065 2954 1398 3025 juventutem
1429 2950 1909 3017 eorum,habitaus
1947 2966 2065 3005 cum

486 3021 566 3077 eis
600 3023 652 3077 in
692 3024 870 3079 medio
895 3021 1100 3090 eorum,
1129 3034 1187 3079 ut
1232 3024 1331 3094 ipsi
1362 3025 1614 3094 templum
1647 3032 1887 3094 sanctum
1918 3029 2066 3076 tuum

488 3094 782 3217 sint}.qu
817 3110 1024 3167 magnae
1051 3093 1322 3166 dignitatis
1346 3093 1740 3151 commendatio
1766 3102 1848 3148 est
1878 3093 2067 3147 Imma-

490 3175 594 3216 nita
624 3181 667 3217 ts
698 3174 912 3217 nostras.

490 3174 667 3217 uitatis
698 3174 912 3221 nostras.

557 3235 785 3293 CAPUT
822 3236 993 3293 XXX.
1033 3238 1221 3294 Anima
1285 3238 1508 3292 humana
1580 3234 1752 3302 unde,
1818 3233 1941 3305 quid
2002 3234 2068 3289 sit

488 3314 536 3359 et
587 3323 685 3375 quo
716 3307 890 3379 Abeata.
938 3310 1129 3363 Anima
1178 3309 1321 3373 enim
1371 3322 1529 3379 quam
1588 3306 1957 3379 creastimnon
1993 3307 2071 3379 Vde

491 3386 580 3442 te,
636 3377 730 3434 sed
793 3395 888 3451 per
943 3379 1171 3436 Verbum
1221 3377 1553 3451 tuum;4non
1583 3394 1647 3432 ex
1678 3377 1913 3451 qualibet
1956 3378 2070 3432 cle-

491 3448 809 3519 mentorunf
840 3452 1085 3518 materia,
1123 3452 1216 3506 sed
1254 3466 1323 3505 ex
1363 3449 1559 3515 nihilo;
1588 3464 1706 3519 quae
1727 3448 1940 3517 quidem
1982 3464 2071 3502 ra-

492 3518 747 3588 tionalis,
803 3522 1173 3577 intellectualis
1199 3565 1215 3591 ,
1256 3521 1564 3591 spiritualis,
1607 3518 1820 3588 semper
1861 3520 2068 3591 vivens,

491 3605 707 3661 semper
754 3595 805 3647 in
842 3603 1006 3659 motu,
1056 3589 1213 3664 quam
1264 3589 1484 3664 signasti
1541 3591 1740 3664 lumine
1771 3590 1944 3664 vultus
1974 3589 2070 3655 tui,

491 3673 548 3717 et
607 3665 933 3719 consecrasti
991 3661 1186 3719 virtute
1236 3661 1431 3719 lavacri
1487 3664 1558 3716 lui
1610 3679 1623 3715 :
1680 3662 1750 3715 ita
1802 3661 1938 3715 facta
1993 3670 2073 3716 est

492 3748 660 3803 capax
685 3736 977 3805 majestatis
1007 3744 1131 3800 tuae,
1167 3736 1305 3805 quod
1338 3745 1452 3805 apte
1472 3733 1689 3805 solo,_et
1723 3748 1750 3784 a
1784 3732 2075 3805 nulloalio

490 3802 662 3876 possit
684 3802 910 3876 impleri.
933 3805 1066 3861 Cum
1095 3802 1270 3861 autem
1300 3814 1352 3860 te
1377 3804 1555 3867 habet,
1580 3803 1800 3876 plenum
1829 3812 1911 3857 est
1929 3802 2074 3858 desi-

492 3873 697 3948 derium
726 3873 875 3948 ejus;
908 3888 962 3933 et
981 3878 1090 3947 jam
1122 3876 1253 3931 nihil
1287 3876 1426 3931 aliud
1454 3875 1595 3948 quod
1621 3873 1951 3948 desideretur
1979 3889 2076 3928 ex-

493 3946 680 4013 terius,
710 3943 896 4004 restat.
933 3943 1064 4003 Dum
1091 3956 1270 4003 autem
1298 3943 1496 4017 aliquid
1525 3946 1761 4001 exterius
1782 3943 2074 4017 desiderat,

494 4016 832 4089 manifestum
863 4028 943 4073 est
968 4019 1110 4089 quod
1152 4030 1203 4074 te
1233 4034 1340 4074 non
1369 4015 1530 4089 habet
1567 4017 1822 4089 interius;
1852 4031 1955 4089 quo
1985 4015 2079 4070 ha-

492 4086 628 4153 bito,
651 4088 780 4143 nihil
818 4098 901 4144 est
927 4086 1068 4160 quod
1096 4089 1448 4145 desideretur.
1472 4088 1606 4160 Cum
1650 4087 1789 4160 enim
1831 4087 2081 4160 sisgsum-

494 4172 641 4212 mum
690 4168 744 4214 et
787 4155 963 4214 omne'
990 4160 1223 4225 bonum;
1270 4175 1373 4214 non
1422 4157 1579 4212 habet
1626 4155 1767 4226 quod
1813 4156 2081 4212 desideret

495 4229 743 4299 amplius,
773 4230 816 4284 si
852 4230 1090 4299 possidet
1116 4246 1275 4285 omne
1301 4230 1520 4283 bonum.
1556 4226 1707 4297 Quod
1739 4227 1782 4299 si
1810 4241 1913 4299 non
1940 4227 2082 4299 desi-y

496 4298 650 4354 derat
673 4315 833 4355 omne
854 4298 1091 4367 bonum,
1121 4310 1280 4356 restat
1318 4308 1378 4355 ut
1403 4299 1670 4355 desideret
1715 4298 1911 4368 aliquid
1940 4298 2082 4368 quod

497 4383 605 4425 non
637 4382 717 4425 cst
748 4387 906 4427 omne
946 4373 1188 4427 bonum:
1228 4386 1355 4442 ergo
1402 4385 1501 4425 nec
1542 4384 1809 4442 summum
1859 4371 2080 4436 bonum,

497 4454 627 4511 ergo
663 4457 760 4497 nec
804 4444 990 4507 Deum,
1021 4443 1115 4498 sed
1169 4440 1343 4513 potius
1371 4451 1687 4513 creaturam.
1728 4440 1866 4513 _Cu_m
1906 4451 2084 4513 autem

497 4522 795 4569 creaturam
821 4514 1109 4579 desiderat,
1141 4511 1446 4570 continuam
1490 4512 1683 4567 famem
1728 4511 1921 4576 habet;
1962 4512 2087 4582 quia

422 4590 425 4593 '
501 4582 629 4664 licet
664 4585 804 4655 quod
833 4585 1101 4664 desiderat
1129 4585 1513 4664 deﬁci-caloris,
1544 4582 1887 4664 adipiscatur,
1919 4597 2086 4664 vacua

502 4653 694 4727 tamen
710 4663 969 4721 remanet,
998 4656 1119 4727 quia
1155 4656 1286 4712 nihil
1312 4665 1393 4712 est
1421 4654 1562 4726 quod
1592 4669 1718 4727 eam
1740 4653 1958 4723 impleat
1985 4653 2088 4708 nisi

501 4734 580 4791 tu,
611 4726 678 4781 ad
723 4727 874 4798 cujus
919 4724 1200 4798 imaginem
1234 4736 1316 4783 est
1354 4724 1550 4782 creata.
1592 4724 1785 4795 Impies
1811 4734 1987 4798 autem
2032 4733 2090 4779 tu

502 4811 618 4877 eos,
648 4797 737 4867 qui
765 4798 895 4853 nihil
922 4796 1064 4857 aliud
1102 4800 1408 4877 desiderant
1433 4806 1625 4877 praeter
1648 4804 1733 4862 te;
1765 4796 2090 4877 et‘faciseos

501 4867 691 4938 dignos
740 4880 812 4936 te,
850 4880 1085 4937 sanctos,
1129 4871 1334 4936 beatos,
1383 4869 1748 4923 immaculatos
1791 4875 1845 4922 et
1890 4867 2091 4938 amicos

503 4936 598 4994 Dei
621 4957 634 5003 ;
654 4941 752 5011 qui
788 4942 964 5011 omnia
1004 4936 1251 5011 reputant
1281 4950 1338 4995 ut
1364 4950 1621 5004 stercora,
1663 4948 1721 4993 ut
1750 4936 2095 5011 iueril‘aciant

506 5018 558 5082 ie
587 5008 758 5064 solum
793 5008 1174 5082 (Pliilippfm,
1217 5011 1296 5081 8).
1339 5011 1462 5065 Haec
1500 5019 1584 5064 est
1627 5008 1894 5082 beatitudo
1933 5024 2092 5077 quam

504 5078 708 5136 homini
750 5078 1057 5148 contuIiSti;
1108 5084 1193 5137 hic
1237 5078 1407 5137 honor
1445 5095 1551 5150 quo
1580 5095 1698 5133 eum
1741 5078 1879 5132 inter
1906 5095 2093 5133 omnes

504 5161 781 5223 creaturas
809 5194 824 5218 ,
867 5154 962 5209 sed
991 5163 1045 5208 et
1083 5167 1245 5223 super
1271 5149 1845 5223 omnes’honoriticasti
1871 5190 1885 5215 ,
1920 5158 1976 5203 ut
2022 5152 2096 5223 sit

506 5222 825 5279 admirabile
842 5240 1034 5279 nomen
1058 5220 1206 5279 tuum
1224 5225 1277 5279 in
1290 5224 1536 5278 universa
1557 5230 1692 5293 terra
1710 5220 1998 5292 (Psal.vnt,
2013 5222 2093 5293 2).

579 5293 808 5351 CAPUT
828 5294 1075 5351 XXXIU
1080 5295 1129 5349 bi
1145 5294 1283 5350 Deus
1306 5294 1507 5347 habitet.
1533 5292 1682 5359 Quod
1704 5309 1792 5363 per
1808 5292 2095 5347 sensusnmt

506 5364 789 5422 inveniatur
807 5365 962 5419 Deus.
991 5365 1127 5433 Quid
1148 5366 1306 5419 Deum
1326 5366 1597 5435 qua’rendo
1617 5380 1921 5435 quaeramus.
1947 5363 2097 5419 Crea-

508 5446 738 5491 turarum
766 5437 825 5491 de
853 5437 956 5489 Deo
976 5436 1435 5502 testintonium.Qui
1462 5436 1523 5489 ab
1548 5434 1746 5490 homine
1769 5436 1836 5488 ad
1855 5434 1946 5490 Dei
1964 5437 2097 5490 noti-

514 5509 638 5563 tiam
668 5509 987 5562 ascendatur.
1018 5507 1157 5562 Deus
1179 5508 1267 5562 sibi
1294 5510 1383 5563 soli
1416 5517 1579 5561 notus.
1625 5506 1885 5574 Quatenus
1909 5506 2099 5561 homini

510 5580 808 5634 innotescat.
852 5580 987 5634 Ecce
1017 5579 1236 5634 Domine
1264 5580 1401 5633 Deus
1426 5594 1574 5633 meus
1600 5594 1828 5644 summe,
1859 5578 2102 5649 omnipo-

513 5651 832 5717 tentissime,
854 5651 1029 5706 inveni
1054 5651 1227 5707 locum
1249 5650 1335 5705 ubi
1362 5662 1415 5704 tu
1440 5650 1646 5705 habitas
1664 5669 1676 5706 :
1695 5651 1817 5720 quia
1847 5650 1896 5703 in
1924 5652 2099 5704 anima

578 5791 596 5822 ι
621 5797 727 5840 uss.
754 5787 1347 5853 ttcgiusetColbertinus,
1372 5789 1464 5842 nisi
1505 5796 1555 5841 ut
1600 5788 1878 5844 discinctus.
1927 5789 2103 5841 Medar-

514 5851 698 5919 densis.
722 5864 873 5927 neque
892 5851 1171 5907 discinctus.

1530 6018 1725 6041 .f/‘"‘

1930 349 2273 411 APPENDIX
2287 393 2293 401 .

2166 483 2325 541 ligant
2374 460 2569 541 creasti
2611 464 2678 525 ad
2724 468 3006 541 imaginem
3055 478 3110 527 et
3159 472 3556 531 similitudinem
3603 483 3754 531 tuam

2167 537 2383 616 (Gen._t,
2414 538 2529 616 ᾖ),
2559 555 2677 609 qua:
2700 548 2751 596 te
2789 537 2959 597 solum
2985 543 3175 616 quaerit
3204 554 3257 600 et
3280 546 3583 611 desiderat;
3624 547 3756 616 quia

2164 626 2268 664 non
2319 611 2370 691 in
2395 610 2501 694 .illa
2531 626 2649 692 quin
2678 620 2732 666 te
2775 627 2881 666 non
2917 610 3111 694 quaerit
3163 631 3260 671 nec
3301 610 3591 694 desiderat.
3636 610 3759 694 Ego

2163 684 2336 756 erravi
2365 684 2502 756 sicut
2527 684 2639 735 ovis
2668 698 2789 756 qua:
2819 684 2991 756 periit,
3019 700 3263 750 qnzerens
3292 698 3342 743 te
3367 689 3627 754 exterius,
3657 684 3757 756 qui

2162 767 2221 806 es
2247 752 2499 825 interius;
2527 762 2580 807 et
2608 754 2829 807 multum
2862 755 3093 809 laboravi
3117 773 3361 825 qumrens
3382 770 3432 814 te
3457 752 3751 825 extranie,

2162 831 2218 876 et
2248 833 2298 875 tu
2340 822 2545 877 habitas
2572 825 2621 877 in
2653 839 2756 890 tne,
2784 825 2826 879 si
2859 834 3031 879 tamen
3065 822 3163 893 ego
3191 829 3490 886 desiderem
3527 840 3597 884 te.
3630 822 3757 883 Cir;

2161 894 2298 946 cuivi
2336 894 2479 948 vicos
2509 904 2562 969 et
2594 896 3057 969 plateascivitatis
3097 900 3251 968 hujus
3290 902 3473 956 mundi
3503 915 3757 969 quaerens

2164 974 2251 1027 te;
2299 973 2352 1041 et
2376 980 2479 1019 non
2506 966 2707 1041 inveni,
2739 968 2859 1041 quia
2905 968 3042 1022 male
3068 966 3371 1039 quaerebam
3408 966 3559 1039 foris,
3602 971 3756 1041 quod

2163 1045 2276 1089 erat
2303 1036 2461 1089 intus.
2505 1035 2619 1089 Misi
2661 1038 2873 1092 nuntios
2903 1054 3049 1093 meos
3075 1035 3264 1097 omnes
3292 1057 3483 1097 sensus
3506 1035 3752 1097 citerio-

2164 1121 2271 1181 res,
2314 1116 2370 1160 ut
2400 1122 2692 1181 q_u:_ererem
2732 1117 2781 1163 te
2802 1125 2825 1181 ;7
2848 1118 2902 1163 et
2932 1124 3034 1163 non
3064 1111 3262 1180 inveni,
3290 1114 3410 1181 quia
3435 1115 3572 1169 male
3597 1128 3755 1181 qua--

2165 1176 2567 1254 rebam._Video
2608 1178 2771 1242 enim,
2817 1180 2906 1254 lux
2954 1196 3069 1236 mea
3120 1176 3263 1254 Deus
3305 1176 3392 1254 qui
3437 1176 3755 1239 illuminasti

2164 1264 2271 1312 me,
2304 1249 2424 1317 quia
2458 1248 2595 1303 male
2626 1259 2675 1324 te
2702 1266 2795 1324 per
2823 1251 3272 1324 illosquterebam
3294 1248 3462 1324 {quia
3495 1263 3548 1309 tu
3575 1269 3634 1310 es
3661 1256 3753 1308 in-

2164 1327 2266 1395 tus,
2305 1327 2358 1373 et
2398 1329 2573 1395 tamen
2624 1320 2914 1395 ipsi_und_e
2956 1322 3232 1379 intraveris
3274 1320 3627 1380 nesciverunt.
3667 1326 3755 1395 (a)

2161 1388 2294 1464 Nam
2320 1390 2458 1464 oculi
2498 1390 2699 1464 dicunt,
2729 1392 2782 1446 Si
2812 1392 3079 1448 coloratus
3109 1410 3214 1448 non
3240 1395 3356 1459 fuit,
3389 1412 3483 1464 per
3513 1412 3613 1451 nos
3636 1388 3749 1451 non

2165 1460 2418 1524 intravit;
2448 1476 2621 1535 aures
2648 1462 2850 1535 dicunt,
2884 1464 2938 1517 Si
2970 1466 3200 1519 sonitum
3225 1482 3328 1520 non
3352 1460 3497 1532 fecit,
3518 1482 3611 1535 per
3644 1480 3751 1521 nos

2165 1547 2282 1608 non
2297 1532 2571 1595 transivit;
2597 1534 2952 1608 “nasusdicit,
2989 1535 3043 1589 Si
3082 1551 3186 1591 non
3217 1539 3367 1603 quit,
3398 1553 3490 1608 per
3520 1532 3605 1592 ine
3633 1553 3746 1593 non

2162 1603 2340 1676 venit;
2367 1612 2550 1670 gustus
2579 1603 2726 1669 dicit,
2750 1606 2802 1676 Si
2831 1622 2934 1659 non
2963 1608 3153 1675 sapuit,
3188 1623 3280 1676 per
3307 1603 3412 1663 me'
3446 1624 3551 1662 non
3578 1609 3758 1663 intro-

2165 1674 2498 1746 ivit;7tactus
2528 1676 2684 1728 etiam
2697 1674 2861 1741 addit,
2891 1676 2946 1731 Si
2975 1674 3315 1746 corpulentus
3341 1696 3445 1734 non
3480 1688 3583 1745 est,
3609 1679 3749 1734 nihil

2165 1760 2250 1799 me
2289 1745 2357 1799 de
2386 1745 2484 1799 hac
2522 1761 2582 1800 re
2625 1746 2935 1816 interroges.
2969 1745 3082 1802 Non
3118 1750 3214 1803 ista
3257 1759 3385 1805 sunt
3419 1750 3472 1805 in
3503 1760 3573 1815 te,
3604 1750 3753 1805 Deus

2164 1816 2432 1889 meus.(b)
2483 1816 2598 1871 Non
2645 1818 2786 1889 enim
2840 1819 3071 1886 speciem
3116 1822 3385 1889 corporis,
3441 1836 3538 1876 nec
3580 1820 3757 1876 decus

2166 1888 2443 1958 temporis,
2472 1903 2568 1941 nec
2596 1888 2880 1942 candorem
2912 1889 3044 1943 lucis
3084 1892 3164 1946 vel
3191 1888 3448 1958 colorem,
3477 1908 3583 1947 non
3619 1891 3749 1947 dul-

2164 1973 2254 2032 eos
2285 1958 2631 2032 nielodiarum
2661 1967 2845 2014 cantus
2874 1970 2926 2014 et
2968 1977 3314 2032 quaecumque
3351 1963 3506 2018 dulce
3546 1979 3751 2017 sonan-

2167 2030 2256 2093 tia,
2278 2044 2381 2083 non
2411 2031 2597 2101 Ilornm
2622 2039 2674 2082 et
2696 2039 3082 2100 unguentorum
3106 2033 3187 2087 vel
3208 2030 3502 2088 aromatum
3525 2034 3747 2101 odores,

2165 2114 2269 2153 non
2302 2101 2454 2154 mella
2482 2100 2569 2173 vel
2611 2116 2801 2155 manna
2837 2104 3011 2170 gustui
3039 2104 3390 2173 delectabilia,
3420 2121 3525 2160 non
3550 2100 3750 2161 cretera

2165 2186 2388 2240 qumque
2431 2171 2494 2225 ad
2546 2173 2863 2240 tangendum
2895 2174 2974 2229 vel
3019 2171 3425 2243 amplexandum
3476 2176 3749 2241 amabilia,

2166 2258 2263 2295 nec
2287 2243 2463 2296 omnia
2482 2243 2844 2316 aliasensibus
2858 2245 2937 2298 his
2954 2245 3186 2312 subjecta
3205 2262 3409 2316 qumro,
3434 2262 3554 2302 cum
3576 2247 3750 2303 Deum

2167 2328 2341 2388 meum
2357 2313 2727 2388 q_ua:ro_._Absit
2742 2326 2791 2368 ut
2811 2316 2909 2388 ista
2923 2313 3238 2388 crediderim
3254 2318 3418 2373 Deum
3435 2334 3611 2372 meum
3628 2333 3755 2388 quas

2166 2386 2323 2437 etiam
2340 2400 2367 2436 a
2386 2385 2667 2438 lirutalium
2682 2386 2926 2442 sensibus
2937 2387 3478 2455 comprehenduntur.
3494 2390 3557 2443 Et
3570 2385 3754 2445 tamen

2165 2470 2283 2531 eum
2310 2456 2470 2509 Deum
2491 2472 2664 2510 meum
2684 2471 2882 2531 qumro,
2902 2474 3084 2527 quaero
3105 2458 3445 2515 nihilominus
3464 2460 3755 2531 quamdam

2166 2524 2359 2600 lucem_
2380 2543 2544 2595 super
2572 2524 2783 2581 omnem
2818 2524 2987 2583 lucem
3005 2572 3020 2595 ,
3050 2545 3207 2599 quam
3235 2545 3338 2585 non
3360 2524 3500 2600 capii
3528 2531 3751 2595 oculos;

2167 2597 2449 2672 quamdam
2471 2613 2654 2672 vocem
2673 2614 2736 2672 su
2742 2616 2835 2667 per
2851 2597 3289 2669 oniiiem‘vocem,
3304 2597 3460 2672 quam
3485 2616 3596 2657 non
3608 2604 3753 2671 capit

2167 2670 2340 2733 auris;
2368 2670 2651 2743 quemdam
2674 2671 3073 2743 mluremrsuper
3092 2686 3303 2727 omnem
3322 2670 3569 2737 ‘odorem,
3590 2670 3753 2743 quem

2170 2755 2272 2813 non
2313 2740 2453 2807 capit
2491 2740 2667 2804 naris;
2714 2742 2996 2810 quemdam
3027 2742 3299 2799 duleorcm
3339 2759 3500 2813 super
3527 2740 3750 2799 omnem

2167 2808 2462 2885 duleorcm,
2508 2827 2663 2880 quem
2710 2808 2813 2866 non
2853 2815 2993 2882 sapit
3033 2827 3250 2883 gustus;
3304 2808 3588 2885 quemdam
3631 2831 3754 2869 am-

2169 2881 2380 2950 plexum
2429 2896 2588 2955 super
2626 2896 2840 2955 omnem
2870 2881 3200 2955 amplexum,
3234 2881 3391 2955 quem
3439 2900 3542 2939 non
3585 2886 3758 2955 tangit

2168 2959 2341 3024 tactus
2384 2953 2669 3007 exterioris
2714 2953 3109 3009 lioniinismei.
3158 2953 3263 3012 Ista
3301 2957 3387 3010 lux
3431 2955 3617 3024 fulget,
3659 2953 3752 3011 ubi

2170 3023 2317 3077 locus
2365 3040 2469 3094 non
2520 3023 2697 3090 capit;
2752 3025 2849 3079 ista
2891 3040 2991 3079 vox
3036 3035 3210 3094 sonat,
3255 3027 3342 3080 ubi
3393 3036 3602 3094 tempus
3645 3041 3754 3083 non

2170 3095 2341 3167 rapit;
2374 3093 2507 3167 odor
2528 3095 2633 3167 iste
2656 3095 2878 3161 redolet,
2902 3096 2989 3150 ubi
3020 3096 3175 3152 ﬂatus
3199 3093 3308 3152 non
3338 3093 3566 3167 spargit;
3590 3113 3755 3167 sapor

2172 3164 2272 3238 iste
2300 3166 2458 3238 sapit,
2488 3166 2574 3219 ubi
2616 3180 2718 3238 non
2762 3177 2847 3220 est
2871 3168 3140 3233 edacitas;
3187 3164 3600 3238 ampleius'iste
3631 3164 3755 3223 tan-

2171 3235 2332 3305 gitur,
2362 3235 2449 3289 ubi
2479 3251 2582 3290 non
2614 3236 2897 3292 divellitur.
2931 3238 3025 3293 llic
3054 3250 3134 3293 est
3174 3235 3313 3295 Deus
3351 3256 3521 3304 meus,
3549 3249 3605 3294 et
3646 3256 3758 3294 non

2172 3306 2520 3361 :estimabitur
2556 3308 2690 3380 alius
2732 3309 2797 3380 ad
2843 3309 3019 3374 illum;
3066 3309 3168 3365 hoc
3194 3326 3377 3380 quan-0
3420 3325 3541 3365 cum
3586 3310 3759 3366 Deum

2175 3392 2351 3431 meum
2403 3393 2613 3447 quaero,
2655 3379 2792 3433 istud
2840 3395 2960 3433 amo
3005 3396 3125 3435 cum
3163 3379 3328 3436 Deum
3376 3396 3554 3437 meum
3609 3396 3759 3436 amo.

2176 3448 2247 3520 (ε)
2278 3448 2411 3503 Sero
2451 3456 2502 3501 te
2545 3450 2740 3511 amavi,
2789 3450 3121 3522 pulchritudo
3152 3460 3258 3506 tam
3288 3452 3501 3522 antiqua
3546 3460 3602 3507 et
3645 3462 3759 3507 tam

2176 3534 2345 3593 nova;
2389 3533 2510 3573 sero
2555 3530 2604 3573 te
2624 3521 2803 3593 amavi
2837 3540 2847 3574 :
2880 3531 2933 3575 et
2963 3531 3016 3575 tu
3045 3523 3185 3577 intus
3214 3538 3355 3590 eras,
3385 3521 3440 3578 et
3463 3539 3562 3593 ego
3590 3522 3755 3587 foris;

2176 3591 2327 3664 etibi
2360 3603 2409 3664 te
2439 3591 2764 3664 quzrrebam,
2794 3601 2847 3664 et
2892 3593 2943 3646 in
2989 3594 3086 3647 ista
3133 3594 3364 3648 formosa
3413 3591 3533 3664 qua:
3582 3594 3759 3649 fecisti

2176 3659 2430 3734 deformis
2476 3661 2761 3734 irruebam.
2792 3663 2994 3717 Mecum
3033 3679 3174 3728 cras,
3218 3674 3271 3719 et
3298 3680 3396 3734 ego
3432 3659 3610 3719 tecum
3650 3679 3763 3719 non

2177 3747 2343 3787 eram.
2382 3730 2574 3805 Eamc
2599 3733 2847 3805 tenebant
2876 3734 3031 3803 longe
3060 3751 3087 3789 a
3128 3744 3198 3796 te,
3233 3730 3356 3805 qua?
3385 3751 3505 3791 esse
3532 3750 3634 3789 non
3664 3750 3767 3803 po-

2178 3812 2352 3858 terant
2390 3802 2488 3856 uisi
2532 3804 2581 3855 iu
2627 3812 2695 3856 te.
2727 3802 3081 3860 Circumibam
3108 3802 3265 3861 enim'
3292 3807 3467 3861 omnia
3509 3802 3765 3875 quiet-ens

2180 3884 2332 3946 te,_e_t
2364 3881 2579 3946 propter
2600 3876 2773 3946 omnia
2803 3876 3177 3946 derelinquens
3197 3893 3304 3931 me.

2253 3942 2332 4015 (ά)
2374 3945 2694 4013 Interrogavi
2723 3955 2916 4001 terram
2943 3947 2988 4001 si
3014 3942 3155 4002 esset
3187 3949 3325 4005 Deus
3351 3962 3522 4011 mens,
3542 3960 3597 4001 et
3623 3947 3765 4002 dixit

2182 4016 2309 4087 mihi
2341 4015 2483 4084 quod
2516 4031 2617 4068 non
2643 4031 2658 4080 ;
2705 4025 2759 4069 et
2785 4018 2962 4070 omnia
2998 4033 3118 4087 qua:
3148 4019 3199 4072 in
3221 4034 3282 4073 ea
3313 4027 3458 4083 sunt,
3489 4018 3592 4073 hoc
3618 4020 3764 4073 idem

2182 4086 2423 4160 confessa
2455 4095 2593 4160 sunt.
2627 4087 2946 4157 Interrogavi
2973 4086 3122 4143 mare
3146 4099 3200 4144 et
3237 4090 3483 4160 abyssos.
3516 4099 3569 4143 et
3598 4090 3769 4159 repti-

2184 4158 2253 4211 Iia
2292 4172 2410 4225 qua:
2452 4157 2504 4210 in
2534 4157 2611 4211 eis
2659 4168 2816 4221 sunt;
2865 4168 2920 4213 et
2962 4157 3391 4228 responderunt:
3425 4159 3543 4215 Non
3581 4157 3772 4215 sumus

2185 4228 2327 4312 Deus
2358 4235 2510 4292 tuus;
2542 4243 2722 4310 quaere
2752 4243 2912 4311 super
2942 4244 3039 4283 nos
3065 4245 3208 4285 eum.
3254 4230 3579 4312 Interrogavi
3610 4230 3771 4312 (inbi-

2188 4299 2265 4352 Ies
2282 4313 2473 4363 auras;
2503 4308 2557 4351 et
2578 4299 2746 4368 inquit
2774 4300 3052 4354 universus
3081 4316 3174 4355 aer
3196 4317 3319 4355 cum
3345 4299 3594 4356 omnibus
3622 4303 3772 4356 inco-

2185 4369 2251 4423 lis
2291 4368 2443 4442 suis:
2486 4368 2705 4442 Fallitur
2748 4370 3139 4442 Anaximenes;
3191 4386 3297 4427 non
3342 4388 3461 4427 sum
3491 4388 3593 4442 ego
3623 4373 3770 4427 Deus

2188 4448 2329 4494 tuus.
2370 4439 2695 4509 Interrogavi
2736 4441 2949 4505 malum,
2993 4443 3183 4508 solem,
3212 4444 3411 4508 lunam,
3456 4452 3511 4497 et
3529 4439 3770 4498 _stellas:

2188 4510 2370 4583 Neque
2416 4526 2513 4564 nos
2560 4526 2743 4583 sumus
2773 4512 2911 4575 Deus
2940 4522 3081 4583 tuus,
3112 4514 3371 4583 inquiunt.
3417 4516 3482 4568 Et
3510 4514 3619 4568 dixi
3651 4529 3774 4568 om-

2191 4581 2506 4651 nibusquze
2550 4582 2896 4636 circumstant
2938 4582 3081 4638 fores
3120 4581 3297 4638 carnis
3340 4600 3513 4639 mea):
3552 4585 3779 4639 Dixistis

2191 4652 2319 4707 mihi
2347 4650 2415 4707 de
2453 4652 2560 4707 Deo
2587 4667 2707 4706 meo
2740 4653 2881 4722 quod
2931 4668 3026 4708 vos
3067 4671 3172 4709 non
3213 4655 3376 4720 estis;
3430 4655 3593 4710 dicite
3642 4654 3779 4709 mihi

2192 4722 2259 4778 de
2288 4722 2377 4793 illo
2403 4723 2618 4792 aliquid.
2646 4723 2713 4777 Et
2738 4724 3168 4780 exclamaverunt
3187 4740 3377 4781 omnes
3401 4741 3533 4780 voce
3562 4725 3776 4793 grandi,

2196 4793 2311 4866 Ipse
2354 4792 2476 4847 fecit
2523 4809 2649 4866 nos.
2687 4795 3009 4865 Interrogavi
3058 4797 3280 4866 proinde
3322 4796 3505 4851 mundi
3548 4792 3772 4862 molem,

2196 4864 2444 4937 Dicmibi
2473 4866 2515 4918 si
2547 4880 2605 4919 es
2638 4865 2774 4937 Deus
2802 4881 2971 4931 meus,
2999 4864 3213 4922 annon:
3246 4877 3301 4922 et
3338 4868 3616 4937 respondit
3648 4882 3779 4921 voce

2195 4934 2339 5000 I‘orti,
2368 4934 2482 4990 Non
2511 4950 2649 5008 sum,
2674 4936 2862 5004 inquit,
2887 4952 3015 5008 ego;
3052 4939 3144 4992 sed
3175 4954 3269 5007 per
3298 4934 3471 5008 ipsum
3496 4953 3618 4992 sum
3647 4952 3777 5008 ego;

2197 5021 2355 5079 quem
2382 5006 2576 5079 quzcris
2607 5007 2657 5059 in
2686 5022 2807 5079 ine,
2834 5008 2946 5076 ipse
2976 5007 3100 5063 fecit
3131 5006 3250 5074 me;
3280 5006 3442 5079 super
3471 5024 3559 5064 me
3598 5006 3783 5078 quaere

2198 5078 2284 5146 qui
2314 5078 2447 5144 regit
2475 5077 2697 5150 me,_qui
2746 5077 2868 5150 fecit
2897 5086 2950 5132 ct
2988 5090 3058 5135 te.
3107 5077 3456 5150 lnterrOgatio
3502 5077 3785 5133 creatura-

2200 5163 2339 5213 rum,
2370 5146 2633 5220 profunda
2657 5149 3014 5205 consideratio
3057 5150 3291 5220 ipsarum
3319 5146 3338 5204 ἶ
3369 5152 3650 5220 responsio
3691 5166 3786 5204 ea-

2201 5234 2353 5292 rum,
2405 5218 2676 5292 attestatio
2722 5220 2954 5292 ipsarum
3002 5218 3089 5275 de
3118 5222 3248 5285 Deo,
3295 5218 3547 5292 quoniam
3603 5222 3786 5275 omnia

2201 5290 2453 5360 clamant,
2486 5289 2627 5360 Deus
2655 5304 2752 5344 nos
2777 5289 2903 5345 fecit
2932 5307 2943 5343 :
2975 5294 3251 5360 quoniam,
3284 5289 3339 5346 ut
3368 5295 3441 5346 ait
3471 5293 3786 5360 Apostolus,

2203 5359 2483 5434 Invisibilia
2512 5358 2605 5415 Dei
2634 5377 2724 5431 per
2747 5377 2805 5414 ea
2829 5377 2946 5434 quo:
2965 5358 3101 5434 facta
3130 5374 3264 5429 sunt,
3296 5381 3326 5416 α
3354 5358 3587 5418 crudum
3611 5362 3789 5416 mundi

2201 5429 2454 5503 intellecta
2481 5429 2856 5501 conspiciuntur
2885 5429 3057 5503 (Rom.
3087 5449 3124 5499 ι,
3151 5435 3267 5503 20).

2276 5502 2500 5557 Etredii
2538 5504 2603 5557 ad
2637 5517 2740 5570 me,
2772 5511 2829 5558 et
2872 5505 3058 5557 intravi
3092 5506 3144 5558 in
3186 5521 3303 5565 me;
3352 5514 3410 5560 et
3450 5505 3537 5559 aio
3578 5504 3645 5557 ad
3680 5517 3786 5565 me,

2207 5573 2284 5629 Tu
2329 5574 2445 5644 quis
2473 5589 2532 5628 es
2573 5574 2596 5627 ?
2641 5574 2705 5628 Et
2748 5574 2998 5644 respondi
3051 5577 3213 5643 mihi,
3264 5577 3434 5631 Ilomo
3488 5574 3788 5642 rationalis,

2289 5672 2340 5729 ᾳ)
2374 5666 2473 5729 vid.
2500 5666 2585 5715 lib.
2610 5666 2667 5715 l0
2688 5666 2983 5716 confession.
3009 5679 3114 5729 cap.
3134 5668 3226 5718 ,IO.

2292 5727 2340 5788 ὺ)
2365 5734 2426 5777 Ex
2447 5728 2530 5776 lib.
2553 5729 2610 5778 10
2630 5729 2921 5791 (ὶοινιιὶέδδὶοη.
2946 5742 3052 5791 cap.
3069 5727 3121 5787 Β,
3136 5728 3380 5778 nonnullis
3390 5731 3607 5779 mutatis.

2293 5794 2343 5862 (χλ
2361 5796 2420 5837 tax
2448 5790 2687 5862 eaiitefl'i.
2704 5790 2810 5862 libri
2838 5790 3310 5862 IQ_Conl‘_e§sionmn._
3713 5855 3725 5862 ι
3749 5842 3757 5861 ε

2274 5854 2351 5920 (ιι)
2377 5859 2438 5902 tax
2463 5866 2565 5917 cap.
2591 5852 2622 5901 6
2646 5854 2863 5916 ejusdem
2888 5853 2994 5903 libri
3024 5854 3079 5905 10
3100 5852 3479 5919 Confessiouttm.
3710 5855 3725 5884 ³
