4094 6342
280 273 386 334 897

280 412 365 469 ria
391 411 689 473 beatorum,
717 422 876 479 quam
902 407 1084 463 videre
1106 408 1211 463 vita
1235 417 1430 463 acterna
1460 417 1561 473 est,
1591 418 1647 464 et
1675 409 1858 465 laetitia

278 482 603 552 sempiterna
647 488 972 552 sanctorum.
1013 480 1246 534 Laetetur
1291 494 1419 547 ergo
1460 494 1555 552 cor
1587 496 1761 552 meum
1812 487 1868 534 ut

280 551 465 609 timeat
493 565 689 606 nomen
717 560 863 605 tuum
887 552 923 614 ¹,
962 551 1169 605 laetetur
1192 565 1284 605 cor
1304 551 1653 621 quaerentium
1688 551 1867 606 Domi-

280 640 433 687 num,
464 622 558 677 sed
588 621 754 676 multo
780 623 947 692 magis
973 637 1068 676 cor
1091 622 1491 676 invenientium.
1522 622 1577 675 Si
1604 621 1745 676 enim
1779 622 1869 674 ιερ-

283 696 398 749 titia
426 694 578 749 estin
597 692 905 762 quaerendo,
928 692 1098 762 qualis
1120 692 1298 746 laztitia
1324 694 1426 746 erit
1451 692 1501 746 in
1525 692 1869 747 inveniendo?

287 766 534 835 Quaeram
566 778 693 833 ergo
718 778 931 835 semper
952 763 1201 835 ardenter
1219 770 1273 835 et
1300 762 1661 835 indesinenter
1682 762 1869 817 faciem

262 833 453 900 ,tuam,
484 836 527 888 si
572 834 839 903 quomodo
871 833 1081 893 tandem
1124 834 1392 903 aperiatur
1418 833 1549 887 inihi
1596 835 1788 888 ostium
1820 842 1874 888 et

285 914 436 976 porta
464 906 699 975 iustitiae,
720 915 776 959 ut
797 906 988 959 intrem
1011 906 1062 976 in
1089 904 1339 972 gaudium
1365 904 1573 976 Domini
1599 906 1719 959 mei.
1748 904 1875 960 Huic

284 973 437 1048 porta
455 973 1143 1048 Dominiljustigintrabunt
1158 976 1210 1048 in
1231 990 1348 1030 eam
1380 973 1733 1048 (Psa_l.cxvu,
1755 976 1871 1048 20)_.

357 1046 587 1105 CAPUT
613 1045 879 1102 XXXVII.
916 1046 1092 1101 Oratio
1118 1046 1186 1100 ad
1214 1045 1441 1101 sanctam
1485 1045 1798 1100 Trinitatem.
1830 1045 1876 1102 Ο

287 1126 398 1174 tres
423 1117 722 1185 coaequales
762 1126 818 1173 et
857 1126 1137 1173 coaeternus
1168 1131 1440 1186 personm,
1471 1117 1608 1171 Deus
1650 1133 1784 1171 unus
1824 1125 1879 1173 et

283 1203 466 1253 verus,
501 1188 658 1244 Pater
700 1196 755 1243 et
782 1188 947 1243 Filius
976 1197 1029 1243 et
1060 1188 1288 1258 Spiritus
1318 1196 1532 1242 sanctus
1552 1229 1564 1247 ,
1614 1188 1703 1257 qui
1731 1188 1876 1243 solus

286 1260 496 1316 habitas
542 1260 893 1314 aeternitatem
942 1268 998 1316 et
1054 1260 1226 1314 lucem
1274 1258 1733 1323 inaccessibilem;
1784 1259 1876 1328 qui

285 1330 517 1387 fundasti
550 1340 743 1385 terram
778 1330 832 1385 in
861 1330 1094 1400 potentia
1121 1340 1232 1393 tua,
1264 1340 1319 1385 et
1361 1330 1498 1399 regis
1529 1330 1875 1399 orhempru-

284 1402 493 1466 dentia;
526 1410 772 1466 sanctus,
798 1409 1016 1457 sanctus
1036 1442 1051 1465 ,
1082 1410 1297 1455 sanctus
1335 1400 1592 1455 Dominus
1622 1401 1761 1455 Deus
1788 1416 1877 1455 sa-

286 1471 467 1536 baoth,
498 1472 747 1526 terribilis
774 1479 830 1528 et
859 1472 1030 1535 tortis,
1055 1471 1227 1537 justus
1256 1480 1312 1526 et
1347 1471 1673 1536 misericors,
1702 1471 1871 1526 admi-

284 1543 490 1608 rabilis,
523 1541 821 1608 laudabilis,
850 1542 1129 1607 amabilis;
1159 1557 1296 1597 unus
1318 1542 1478 1603 Deus,
1505 1550 1614 1596 tres
1635 1557 1880 1611 persome

286 1614 339 1668 in
364 1612 707 1669 unaesscntia
726 1629 742 1679 ;
759 1616 1015 1683 potentia,
1042 1613 1321 1682 sapientia,
1345 1613 1571 1677 bonitas,
1597 1628 1698 1667 una
1721 1622 1774 1667 et
1804 1614 1885 1667 in-

284 1684 453 1739 divisa
495 1683 728 1738 Trinitas
753 1701 766 1737 :
791 1685 995 1753 aperite
1019 1685 1040 1715 ¹
1067 1683 1197 1738 mihi
1225 1683 1474 1738 clamanti
1510 1691 1689 1750 portas
1725 1684 1885 1751 justi-

286 1756 411 1819 tize,
442 1763 497 1809 et
540 1754 813 1824 ingressus
843 1754 893 1809 in
932 1770 1024 1809 eas
1065 1754 1363 1810 conﬁtebor
1403 1754 1649 1808 Domino.
1695 1755 1772 1808 En
1810 1754 1880 1810 ad

1118 268 1487 327 ADMONITIO
1524 269 1590 327 IN
1630 269 2163 341 SUBSEQUENTES
2198 271 2721 330 MEDITATIONES.

2876 193 2957 235 ρ.

3439 273 3553 335 898

1964 410 2101 485 vobis
2131 409 2447 485 (tlauluvu
2472 451 2485 473 ,
2516 410 2844 485 7)._Pul_sant
2873 412 2939 485 ad
2966 413 3158 468 ostium
3190 423 3338 470 tuum
3356 455 3373 479 ,
3399 424 3553 485 pater

1965 481 2477 548 misericordissime,
2502 481 2763 536 desideria
2784 483 3103 553 rugientiutn
3128 481 3541 553 praacordiorum

1968 567 2229 617 meorum,
2253 561 2307 606 et
2326 553 2587 606 clamores
2610 552 2961 621 lacrymarum
2980 552 3255 610 oculOrum
3278 572 3546 611 meorum.

1968 623 2106 676 Ante
2131 630 2183 676 te
2207 631 2289 676 est
2315 636 2477 695 omne
2499 622 2819 695 desiderium
2846 640 3043 689 meum,
3067 634 3121 680 et
3144 627 3372 695 gemitus
3395 642 3549 684 meus

1970 708 2004 767 ἓ
2031 701 2081 746 te
2111 708 2215 767 non
2259 701 2342 748 est
2385 694 2726 767 absconditus
2753 693 2922 766 (Psal.
2955 693 3168 758 xxxvii,
3208 696 3321 767 10).
3350 697 3416 750 Et
3461 706 3554 765 tu,

1973 763 2217 836 Domine,
2244 780 2346 819 non
2377 777 2586 821 avertas
2617 763 2803 820 faciem
2833 776 2975 822 tuam
3006 767 3235 836 amplius
3262 763 3291 820 a
3320 782 3426 833 me,
3455 763 3556 823 nec

1973 834 2210 889 declines
2239 836 2289 888 in
2318 836 2394 889 ira
2425 851 2454 889 a
2485 850 2643 892 servo
2666 846 2756 891 tuo
2786 837 2956 906 (I’sal.
2988 834 3134 905 xxvi,
3164 836 3241 906 9).
3277 837 3435 891 Pater
3462 839 3562 892 mi-

1975 906 2382 960 sericordiarum
2406 949 2419 972 ,
2453 906 2573 980 audi
2603 906 2854 980 eiulatum
2899 908 3081 980 pupilli
3125 909 3233 975 tui,
3266 917 3320 963 et
3345 909 3563 978 porrige

1976 992 2214 1050 manum“
2235 987 2378 1032 tuam
2416 979 2672 1050 optimam
2703 979 3019 1050 adjutricein
3039 1022 3052 1044 ,
3087 988 3144 1034 ut
3170 980 3343 1034 trahat
3382 994 3468 1050 me
3496 980 3565 1034 de

1976 1047 2251 1115 profundis
2289 1047 2541 1118 aquarum
2564 1091 2578 1114 ,
2609 1059 2662 1104 et
2696 1049 2763 1105 de
2799 1050 2917 1105 lacu
2955 1050 3183 1106 miseria:
3206 1091 3221 1116 ,
3249 1059 3304 1105 et
3343 1050 3411 1105 de
3454 1049 3565 1105 luto

1978 1117 2124 1173 faecis
2147 1136 2158 1170 :
2184 1135 2253 1173 ne
2283 1117 2496 1188 peream
2526 1119 2737 1175 vidente
2762 1122 3126 1177 misericordia
3148 1122 3420 1176 oculorum
3448 1130 3565 1175 tuo-

1978 1204 2133 1255 rum,
2170 1190 2461 1264 aspiciente
2504 1190 2783 1264 clementia
2826 1193 3090 1264 viscerum
3135 1201 3344 1264 tuorum
3391 1190 3561 1264 (Psal.

1977 1275 2168 1324 χχχιχ,
2198 1261 2252 1329 5)
2279 1278 2291 1325 ;
2321 1261 2416 1316 sed
2434 1261 2657 1318 evadam
2683 1261 2749 1317 ad
2777 1270 2827 1318 te
2853 1263 3137 1318 Dominum
3168 1263 3335 1317 Deum
3360 1261 3559 1329 meum,

1979 1339 2038 1384 ut
2066 1332 2271 1385 videam
2312 1332 2521 1403 divitias
2550 1334 2699 1403 regni
2729 1334 2837 1395 tui,
2870 1342 2924 1388 et
2953 1334 3161 1389 intuear
3188 1334 3375 1388 faciem
3417 1342 3561 1388 luant

1980 1417 2212 1525 semper,
2236 1412 2292 1458 et
2322 1402 2530 1459 laudent
2554 1402 2729 1460 dicam
2755 1404 2955 1459 nomini
2980 1416 3070 1460 tuo
3091 1414 3296 1469 saneto,
3323 1404 3563 1468 Domine,

1980 1472 2067 1525 uui
2113 1473 2223 1525 acis
2244 1473 2523 1525 mirabilia.
2556 1476 2643 1525 uni
2673 1489 2766 1525 eor
2790 1490 2971 1525 meum
2998 1477 3177 1525 lmtum
3204 1474 3334 1525 facis
3365 1489 3563 1525 memo-

1979 1472 2067 1547 q_ui
2094 1472 2223 1527 facis
2244 1473 2523 1547 mirabilia.
2556 1476 2766 1547 quicor
2790 1490 2971 1531 meum
2998 1477 3177 1531 Ianum
3204 1474 3334 1529 facis
3365 1489 3571 1547 memo-

1982 1543 2059 1615 ria
2087 1551 2194 1610 tua,
2227 1545 2314 1614 qui
2344 1543 2608 1613 illuminas
2642 1546 2973 1615 juventntem
3018 1561 3225 1612 meam,
3253 1553 3309 1600 et
3336 1559 3441 1598 non
3470 1544 3566 1599 de-

1981 1614 2142 1683 spicis
2164 1626 2491 1671 seuectutem
2515 1614 2707 1680 meam,
2730 1616 2824 1672 sed
2847 1617 3075 1686 jubilare
3102 1616 3231 1671 facis
3248 1616 3424 1669 omnia
3445 1629 3569 1686 ossa

1983 1700 2124 1757 inea,
2146 1695 2201 1740 ct
2218 1688 2619 1755 rejuvenescere
2642 1690 2657 1720 ⁸
2682 1688 2811 1743 facis
2827 1684 2884 1742 ut
2899 1689 3089 1757 aquilae
3110 1701 3272 1742 canos
3294 1702 3442 1741 meos
3470 1684 3567 1757 (α).

1982 1754 2164 1827 Omnis
2185 1754 2373 1826 gloria,
2403 1759 2578 1813 omnis
2607 1758 2741 1821 laus,
2772 1754 3157 1820 ontnis'virtus,
3182 1757 3357 1811 omnis
3377 1754 3569 1827 potien-

285 1827 483 1880 ostium
515 1834 682 1889 tuum,
709 1840 916 1879 summe
941 1825 1099 1880 Pater
1121 1824 1368 1895 familias,
1395 1825 1673 1879 mendicus
1698 1828 1872 1895 pulso.

1982 1825 2053 1899 tia
2079 1868 2095 1893 ,
2140 1825 2315 1883 omnis
2357 1829 2745 1899 magniﬁcentia
2770 1870 2783 1893 ,
2825 1830 2999 1899 omnis
3038 1826 3344 1899 beatitudo,
3379 1825 3573 1881 omnis

284 1896 422 1953 Jube
445 1896 643 1967 aperiri
665 1896 926 1967 pulsanti,
952 1897 1043 1967 qui
1070 1895 1250 1952 dixisti
1276 1937 1290 1963 ,
1321 1894 1536 1951 Pulsate
1555 1905 1600 1950 et
1622 1894 1880 1967 aperietur

1979 1897 2260 2023 glementia
2302 1900 2374 1956 sit
2414 1897 2524 1957 Deo
2567 1900 2709 1955 Patri
2737 1908 2790 1956 et
2819 1898 2955 1955 Filio
2994 1908 3049 1956 et
3090 1898 3309 1971 Spiritui
3355 1907 3567 1954 sancto.

2028 1984 2173 2023 men.

2028 1984 2173 2024 men.

352 2050 369 2080 ι
397 2056 508 2099 Haec
524 2049 675 2099 verba
704 2062 717 2099 :
742 2053 947 2101 uetetur
976 2061 1092 2105 erae
1123 2061 1207 2100 cor
1240 2061 1401 2101 meum
1432 2055 1484 2101 ut
1516 2048 1680 2101 timeat
1712 2060 1884 2100 nomen

287 2116 425 2162 tuum
445 2146 461 2171 ,
489 2110 669 2161 desunt
692 2112 739 2161 in
760 2117 869 2161 Mss.

2044 2107 2060 2139 ³
2086 2109 2159 2158 sic
2182 2110 2262 2155 Ms.
2289 2108 2606 2159 colbertinns.
2638 2114 2693 2158 At
2713 2106 2794 2157 alii
2824 2105 2952 2168 libri,
2975 2103 3279 2158 reviviscere.

352 2174 374 2205 ²
397 2179 473 2223 Er.
496 2173 643 2237 Lugd.
669 2181 788 2224 ven.
814 2181 947 2237 lov.,
969 2172 1127 2239 aperi.
1206 2180 1264 2224 nt.

2041 2168 2113 2232 (a)
2130 2175 2215 2224 Hic
2237 2171 2475 2223 clauditur
2498 2170 2625 2222 liber
2653 2171 2703 2219 in
2727 2177 2832 2220 Mss.

1392 2388 2441 2522 ADMONITIO

1245 2600 1328 2662 IN
1370 2599 1973 2676 SUBSEQUENTES
2014 2596 2643 2661 MEDITATIONES.

1835 2742 2099 2800 οκιειαο

372 2878 593 2935 Librum
637 2879 782 2935 hunc
824 2878 1222 2936 Meditationum
1248 2881 1387 2938 inter
1412 2897 1699 2953 germanos
1726 2883 2003 2954 Augustini
2043 2883 2182 2938 fetus
2212 2881 2264 2936 in
2297 2890 2443 2936 tomo
2467 2894 2609 2937 nono
2638 2877 2964 2949 reliquerunt
2988 2875 3368 2941 Lovanienses,
3399 2889 3584 2945 neque

293 2971 365 3027 de
396 2987 463 3027 eo
493 2971 904 3043 pronuntiarunt
945 2973 1088 3028 aliud
1110 3015 1126 3041 ,
1174 2990 1331 3045 quam
1365 2974 1416 3030 id
1446 2975 1586 3045 quod
1614 2985 1769 3031 antea
1807 2975 2057 3031 dubitans
2086 2975 2426 3043 incertusque
2465 2973 2722 3027 Erasmus
2760 2970 2950 3026 iisdem
2993 2969 3103 3025 fere
3130 2968 3309 3024 verbis
3344 2966 3586 3034 dixerat,

293 3064 572 3123 Auctorem
601 3065 847 3121 videlicet
873 3082 979 3121 esse
1009 3065 1087 3120 vel
1108 3067 1468 3140 Augustinum,
1502 3070 1578 3124 vel
1601 3070 1687 3140 qui
1716 3070 1824 3140 ejus
1855 3069 2009 3125 libros
2031 3086 2135 3124 non
2162 3069 2484 3139 indiligenter
2513 3067 2650 3139 legit.
2684 3066 2988 3122 Bernardus
3017 3065 3311 3136 Vindingus
3341 3063 3587 3134 suspica-

293 3167 382 3213 tus
410 3165 494 3213 est
520 3157 589 3213 ab
616 3158 873 3214 Anselmo
916 3161 1284 3215 Cantuarieusi
1331 3160 1659 3232 profectum,
1708 3163 1989 3232 Augustini
2016 3171 2197 3217 autem
2227 3176 2332 3215 non
2365 3174 2485 3216 esse
2526 3160 2608 3215 his
2646 3160 2976 3231 argumentis
3013 3159 3414 3215 demonSIravit.
3454 3157 3588 3213 Nam

292 3265 418 3321 cap.
448 3250 511 3306 51
548 3250 679 3305 dicit
701 3250 1101 3307 Meditationum
1124 3252 1354 3321 scriptor
1378 3253 1529 3323 ﬁdem
1554 3270 1702 3308 suam
1726 3253 1787 3307 ab
1807 3254 1932 3325 ipsis
1953 3254 2225 3307 enutritam
2245 3251 2530 3316 cunabulis,
2555 3261 2600 3307 et
2621 3251 2960 3306 illuminatam
2981 3266 3177 3320 semper
3198 3266 3287 3322 per
3306 3248 3593 3319 intelligen-

293 3342 421 3395 tiam
448 3342 628 3413 gratia:
665 3342 866 3397 divinae.
896 3342 1029 3397 Tum
1057 3357 1176 3413 cap.
1206 3343 1275 3399 59
1304 3354 1357 3399 et
1381 3344 1471 3411 41,
1506 3343 1593 3399 ubi
1632 3359 1728 3399 sua
1758 3352 1976 3414 peccata
2006 3343 2200 3409 deﬂet,
2237 3343 2417 3397 multis
2445 3343 2657 3414 quidem
2688 3351 2745 3397 et
2784 3341 3033 3413 gravibus
3061 3350 3180 3412 post
3222 3341 3551 3412 Baptismum
3572 3381 3586 3406 ,

293 3436 396 3492 sed
430 3445 607 3491 tamen
632 3446 759 3492 ante
786 3437 1115 3507 Baptismum
1142 3438 1257 3493 solo
1296 3452 1355 3493 se
1392 3437 1634 3508 originali
1661 3446 1881 3508 peccato
1920 3436 2209 3508 obligatum
2247 3436 2412 3492 fuisse
2438 3435 2721 3507 signiﬁcat.
2756 3435 2880 3490 Haec
2907 3450 3036 3491 vero
3063 3434 3283 3490 minime
3306 3435 3593 3491 convenire

293 3530 354 3586 in
384 3530 739 3600 Augustinum
761 3558 797 3596 ,ι
821 3545 980 3586 nemo
1018 3539 1101 3587 est
1130 3530 1219 3601 qui
1247 3530 1657 3586 Confessionum
1702 3530 1869 3601 ipsius
1907 3530 2135 3601 cognitis
2165 3530 2314 3585 libris
2345 3530 2573 3600 ignoret.
2606 3530 2807 3584 Auctor
2831 3538 3089 3599 prmtcrea
3121 3526 3317 3598 passim
3354 3528 3593 3598 excerpit

298 3622 603 3677 sententias
639 3622 957 3691 Augustini,
1005 3637 1202 3692 easque
1230 3622 1498 3680 interdum
1527 3638 1635 3679 non
1666 3623 1902 3679 sinceras
1923 3663 1939 3691 ,
1981 3622 2233 3690 adhibet,
2282 3636 2379 3678 nec
2408 3636 2664 3692 germano
2693 3637 2876 3676 earum
2904 3636 3085 3677 sensu.
3116 3620 3363 3692 Exempli
3388 3620 3589 3692 gratia,

293 3713 435 3770 dixit
462 3714 792 3786 Augustinus
832 3714 954 3770 libri
985 3715 1012 3769 1
1045 3713 1290 3771 Confess.
1319 3714 1493 3786 capite
1526 3716 1553 3770 1
1574 3756 1589 3783 ,
1630 3714 1868 3771 Laudare
1910 3726 1957 3772 te
1998 3716 2104 3771 vult
2148 3715 2296 3769 homo
2346 3714 2518 3784 aliqua
2554 3714 2720 3784 portio
2762 3723 3008 3769 creatura:
3034 3722 3136 3769 tua
3161 3730 3182 3770 :
3209 3713 3294 3769 hic
3321 3723 3498 3770 autem
3538 3714 3591 3770 in

298 3805 711 3862 Meditationum
733 3806 911 3877 capite
936 3807 1027 3873 55,
1054 3805 1251 3862 Laudet
1277 3817 1323 3861 te
1345 3807 1493 3863 homo
1515 3824 1702 3878 magna
1723 3810 1895 3880 portio
1912 3820 2155 3865 creatura:
2180 3817 2297 3864 ttae.
2326 3808 2393 3864 Et
2420 3807 2549 3863 illud
2580 3806 2702 3863 libri
2733 3806 2799 3862 12
2822 3808 3062 3863 Confess.
3088 3823 3207 3878 cztp.
3235 3808 3323 3876 15,
3349 3807 3393 3862 0
3413 3808 3595 3864 domus

296 3899 556 3953 luminosa
571 3907 618 3952 et
634 3899 1019 3969 speciosa,etc.,
1041 3899 1184 3970 quod
1203 3900 1271 3955 ab
1290 3899 1588 3970 Augustino
1609 3901 1676 3955 de
1700 3903 1907 3958 ccelesti
1936 3902 2149 3973 Opiﬁcio
2168 3900 2365 3955 dictum
2394 3910 2497 3965 est,
2530 3899 2780 3955 transfert
2807 3900 2896 3955 ille
2923 3900 2975 3956 in
3000 3902 3173 3973 capite
3195 3900 3593 3957 Meditationum

294 3991 373 4048 20
398 3990 468 4046 ad
492 3989 711 4048 domum
737 3990 832 4048 Dei
858 3992 1209 4063 spiritualem,
1238 3993 1515 4049 beatorum
1545 3993 1749 4049 scilicet
1776 3995 2084 4050 societatem
2109 4035 2124 4060 ,
2170 4010 2196 4049 a
2228 4009 2330 4064 qua
2361 4008 2458 4063 pro
2496 4008 2553 4049 se
2583 3994 2728 4063 cupit
2753 3994 2921 4049 Deum
2953 3993 3114 4049 orari.
3141 3993 3406 4050 Mutuatur
3432 3996 3593 4051 etiam

295 4084 357 4140 in
387 4098 507 4154 cap.
538 4083 611 4137 22
633 4083 876 4155 quaedam
908 4099 937 4138 a
962 4083 1220 4155 Gregorio
1242 4099 1305 4139 ex
1334 4084 1551 4140 homilia
1581 4085 1648 4140 57
1682 4085 1734 4139 in
1765 4084 2133 4156 Evangelium,
2161 4094 2216 4140 et
2247 4094 2503 4153 praeterea
2528 4099 2591 4140 ex
2625 4084 2987 4140 ecclesiastico
3014 4083 3198 4141 Ofﬁcio
3225 4085 3385 4141 verba
3412 4102 3598 4158 quam-

297 4174 460 4242 plura
500 4175 553 4229 in
591 4189 749 4245 capp.
781 4176 870 4240 M,
903 4175 992 4240 15,
1027 4175 1113 4243 17,
1145 4175 1236 4243 27,
1268 4174 1358 4243 55,
1390 4177 1477 4242 55,
1511 4175 1601 4241 59,
1632 4185 1736 4231 etc.
1772 4176 1906 4248 Hym

1975 4193 2036 4231 im
2068 4191 2168 4247 pro
2198 4176 2370 4246 capite
2399 4176 2468 4232 26
2499 4177 2688 4231 inserit
2716 4175 2783 4232 de
2813 4177 2982 4247 gloria
3015 4177 3281 4247 paradisi,
3311 4178 3399 4249 qui
3438 4178 3598 4233 Petro

298 4267 552 4323 Damiani
576 4268 736 4339 vulgo
768 4269 1087 4341 assignatur.
1119 4268 1354 4340 Denique
1382 4269 1506 4325 stilo
1546 4279 1600 4325 et
1628 4269 1949 4325 dictionibus
1978 4270 2139 4325 utitur
2169 4269 2355 4325 alienis
2386 4283 2604 4339 prorsus
2640 4268 2708 4323 ab
2737 4268 3058 4340 Augustino,
3091 4269 3252 4324 veluti
3285 4271 3599 4340 reciprocare

298 4375 408 4428 pro
447 4370 708 4431 repetere;
746 4360 935 4433 proles,
964 4360 1158 4415 soboles
1187 4368 1242 4415 et
1266 4361 1541 4431 progenies
1558 4361 1766 4431 poetico
1787 4376 1955 4429 more,
1980 4376 2077 4431 pro
2103 4358 2241 4413 Filio
2271 4358 2398 4425 Dei;
2438 4359 2563 4414 item
2593 4359 2797 4430 gladius
2826 4358 3121 4426 materialis,
3154 4359 3424 4428 tumidare,
3456 4375 3598 4415 mor-

294 4449 503 4519 bidare,
530 4460 634 4507 etc.
656 4450 831 4523 Atque
860 4451 975 4507 haec
1000 4451 1118 4522 plus
1144 4451 1273 4508 satis
1299 4460 1475 4521 erant,
1503 4460 1563 4506 ut
1587 4452 1703 4507 ista:
1716 4450 2087 4507 Meditationes
2113 4450 2546 4521 abjudicarentur
2566 4450 2883 4521 Augustino.

376 4540 533 4610 Quod
562 4543 875 4599 Anselmum
913 4551 1152 4613 spectat,
1198 4558 1265 4599 ex
1311 4543 1654 4600 Orationibus
1692 4560 1757 4600 ac
1786 4544 2218 4600 Meditationibus
2263 4544 2428 4615 ipsius
2467 4546 2680 4599 nomine
2713 4544 2942 4616 vulgatis
2976 4546 3317 4602 continentur
3340 4546 3443 4603 hoc
3464 4547 3600 4603 libro

288 4651 416 4693 non
441 4652 655 4707 pauere,
674 4637 881 4693 scilicet
907 4639 962 4693 in
990 4645 1219 4707 quatuor
1246 4638 1510 4708 capitibus
1537 4638 1799 4708 prioribus
1825 4637 2008 4693 Oratio
2034 4637 2275 4703 decima;
2310 4638 2361 4692 in
2393 4638 2511 4692 aliis
2538 4647 2765 4708 quatuor
2794 4639 3036 4710 proxime
3058 4640 3421 4711 sequentibus,
3439 4639 3489 4693 id
3520 4649 3602 4694 est

287 4739 360 4795 in
388 4739 442 4803 5,
477 4739 532 4805 6,
565 4738 598 4791 7
631 4747 685 4792 et
717 4738 785 4803 8,
817 4736 1001 4792 Oratio
1025 4735 1259 4791 secunda
1284 4753 1298 4791 :
1322 4743 1507 4807 quarta
1535 4734 1739 4790 decima
1773 4735 1824 4788 in
1854 4736 2025 4805 capite
2057 4749 2232 4800 nono;
2278 4734 2329 4787 iu
2370 4733 2578 4788 decimo
2606 4734 2857 4805 vigesima
2905 4734 3094 4803 prima.
3130 4733 3383 4789 Nonnihil
3414 4742 3599 4803 postea

285 4831 675 4889 Meditationis
698 4831 766 4887 18
794 4832 846 4887 in
876 4830 1051 4901 capite
1078 4829 1145 4885 18
1173 4829 1437 4897 occurrit,
1473 4837 1529 4885 et
1554 4829 1704 4898 plura
1728 4828 2085 4884 Meditationis
2115 4829 2180 4883 14
2205 4827 2259 4882 in
2284 4843 2435 4898 capp.
2464 4827 2556 4894 22,
2582 4827 2677 4896 25,
2704 4827 2775 4883 29
2803 4838 2857 4883 et
2880 4828 2969 4884 50.
3000 4828 3231 4882 Rursum
3254 4826 3308 4881 in
3332 4826 3505 4897 capite
3534 4826 3602 4881 51

281 4927 496 4983 Oratio
520 4925 759 4981 Anselmi
787 4925 993 4996 quinta,
1023 4923 1229 4979 decima
1264 4924 1486 4993 septima
1527 4922 1581 4977 in
1606 4922 1675 4978 55
1694 4964 1707 4987 ,
1736 4921 1941 4977 decima
1970 4930 2118 4977 sexta
2163 4921 2215 4975 in
2262 4921 2360 4988 56,
2409 4920 2611 4976 decima
2643 4931 2828 4975 octava
2858 4930 2911 4975 et
2940 4919 3144 4974 decima
3174 4934 3310 4974 nona
3340 4919 3391 4972 in
3418 4919 3507 4985 57,
3540 4933 3602 4973 ac

282 5012 529 5073 tandem
564 5018 620 5071 in
657 5015 834 5086 capite
866 5015 929 5070 41
961 5014 1217 5085 vigesima
1246 5013 1387 5070 illius
1415 5012 1600 5069 Oratio
1638 5013 1937 5069 exhibetur.
1970 5012 2225 5067 Mittimus
2256 5014 2566 5080 sententias,
2594 5027 2726 5083 quas
2751 5012 2990 5081 reperire
3015 5020 3096 5066 est
3125 5010 3212 5066 hic
3239 5010 3400 5082 capiti
3428 5010 3497 5067 59
3522 5012 3604 5066 in-

278 5121 530 5180 aspersas
552 5121 620 5163 ex
643 5106 885 5176 ejusdem
899 5104 1197 5177 Proslogio,
1226 5119 1292 5160 ex
1306 5103 1735 5160 Meditationibus
1758 5104 1823 5172 2,
1852 5104 1888 5160 5
1911 5112 1967 5160 et
1996 5104 2083 5171 11,
2112 5120 2177 5159 ex
2206 5100 2459 5159 Oratione
2484 5104 2537 5168 4,
2567 5112 2622 5158 et
2648 5119 2709 5156 ex
2737 5101 2990 5157 Oratione
3017 5101 3104 5157 62.

381 5199 658 5255 Caeterum
682 5196 817 5253 nihil
841 5196 1137 5262 obstemus,
1180 5195 1467 5266 quominus
1500 5210 1682 5251 earum
1706 5237 1719 5262 ,
1766 5211 1898 5266 quas
1932 5194 2093 5251 modo
2135 5196 2530 5260 recensuimus,
2560 5193 2871 5248 Oratiouum
2903 5180 3140 5248 Anselmi
3165 5192 3279 5249 sive
3302 5192 3602 5248 Meditatio-

272 5308 476 5361 num,
514 5290 812 5346 habeantur
837 5289 1011 5346 dubias
1050 5287 1293 5360 quaedam
1318 5296 1373 5343 et
1400 5287 1619 5343 incertae
1638 5329 1652 5350 ,
1697 5287 1993 5358 praesertim
2032 5303 2162 5342 vero
2186 5287 2229 5344 si
2258 5302 2379 5358 quae
2405 5294 2526 5341 sunt
2552 5301 2618 5341 ex
2648 5284 2913 5339 variorum
2940 5291 3214 5339 auctorum
3245 5284 3448 5341 laciniis
3478 5300 3606 5341 con-

272 5383 619 5443 sarcinatae.
646 5379 950 5449 Quinetiam
975 5378 1313 5434 considerato
1341 5379 1507 5434 veteri
1534 5378 1717 5434 codice
1746 5379 1973 5448 quodam
2011 5394 2077 5434 ex
2117 5378 2173 5434 S.
2204 5378 2461 5448 Arnulphi
2501 5376 2709 5431 abbatia
2736 5375 3000 5445 Mettensi,
3028 5376 3094 5433 de
3122 5392 3226 5449 quo
3261 5381 3313 5433 in
3347 5378 3596 5437 Veterum

274 5476 698 5538 Analectorum
729 5482 871 5527 tomo
901 5473 953 5531 1,
988 5487 1106 5542 pag.
1140 5473 1265 5535 161,
1295 5471 1449 5525 facile
1478 5473 1798 5525 arbitramur
1824 5474 2006 5527 ismare
2038 5474 2409 5542 subsequentis
2438 5472 2556 5525 libri
2588 5470 2760 5540 capita
2791 5471 2976 5543 viginti
3003 5480 3249 5544 quatuor,
3275 5475 3363 5539 12,
3393 5477 3479 5540 15,
3511 5477 3600 5542 14,

276 5571 410 5635 15,
438 5567 530 5633 16,
564 5568 654 5633 17,
683 5566 773 5631 18,
806 5564 891 5631 19,
913 5564 1006 5631 ‘20,
1033 5565 1125 5630 21,
1153 5563 1244 5632 22,
1272 5565 1363 5632 25,
1390 5564 1480 5631 24,
1512 5566 1604 5631 25,
1632 5566 1721 5631 27,
1748 5566 1839 5633 28,
1867 5567 1912 5621 2ε

1987 5567 2075 5630 50,
2105 5567 2191 5621 51.
2221 5567 2311 5627 52,
2333 5566 2421 5627 55,
2455 5565 2542 5625 55,
2574 5565 2642 5617 56
2671 5574 2723 5618 et
2750 5566 2840 5630 57,
2872 5566 3094 5621 Joannis
3123 5584 3265 5633 esse,
3296 5568 3501 5623 abbatis
3531 5570 3607 5623 ιιιί

272 5662 560 5724 creditur
586 5658 1000 5723 Fiscamnensis,
1033 5658 1122 5728 qui
1148 5673 1289 5712 anno
1318 5659 1455 5713 H78
1476 5658 1615 5714 diem
1645 5658 1795 5724 obiit,
1830 5658 2084 5714 Anselmo
2106 5657 2295 5712 abbate
2322 5667 2447 5711 tunc
2470 5657 2726 5725 temporis
2759 5657 3027 5712 Beeeensi.
3063 5659 3193 5713 Nam
3222 5659 3497 5716 Mettensis
3520 5662 3605 5717 illa

274 5753 517 5822 ωδεχ,
546 5751 702 5822 cujus
732 5751 991 5821 scriptura
1029 5750 1268 5821 ejusdem
1294 5749 1512 5808 Joannis
1555 5760 1764 5811 aetatem
1802 5751 2026 5822 redolet,
2059 5750 2291 5809 libellum
2316 5759 2661 5823 repraesentat
2688 5751 2951 5833 capitibus
2976 5752 3163 5825 viginti
3192 5767 3421 5828 quatuor
3446 5771 3609 5833 supra

298 2293 3568 2320 Μ
