  <div class='ocr_page' id='page_1' title='image "/cluster/home/n/w/nwhite01/storage/ocr_20150623/40/hvd.32044024147290/462.png"; bbox 0 0 4094 6342; ppageno 0'>
   <div class='ocr_carea' id='block_1_1' title="bbox 294 332 404 391">
    <p class='ocr_par' dir='ltr' id='par_1_1' title="bbox 294 332 404 391">
     <span class='ocr_line' id='line_1_1' title="bbox 294 332 404 391; baseline 0.009 -1"><span class='ocrx_word' id='word_1_1' title='bbox 294 332 404 391; x_wconf 78' lang='lat'><strong>905</strong></span> 
     </span>
    </p>
   </div>
   <div class='ocr_carea' id='block_1_2' title="bbox 289 434 1872 507">
    <p class='ocr_par' dir='ltr' id='par_1_2' title="bbox 289 434 1872 507">
     <span class='ocr_line' id='line_1_2' title="bbox 289 434 1872 507; baseline -0.006 -7"><span class='ocrx_word' id='word_1_2' title='bbox 289 454 351 500; x_wconf 91' lang='lat' dir='ltr'><strong>tu</strong></span> <span class='ocrx_word' id='word_1_3' title='bbox 395 434 559 499; x_wconf 53' lang='lat' dir='ltr'><strong>enim&#39;</strong></span> <span class='ocrx_word' id='word_1_4' title='bbox 586 440 783 496; x_wconf 78' lang='lat' dir='ltr'><strong>veritas</strong></span> <span class='ocrx_word' id='word_1_5' title='bbox 830 451 910 495; x_wconf 85' lang='lat' dir='ltr'><strong>es.</strong></span> <span class='ocrx_word' id='word_1_6' title='bbox 950 437 1093 493; x_wconf 89' lang='lat' dir='ltr'><strong>Doce</strong></span> <span class='ocrx_word' id='word_1_7' title='bbox 1144 449 1491 507; x_wconf 61' lang='lat' dir='ltr'><strong>me.qna2so,</strong></span> <span class='ocrx_word' id='word_1_8' title='bbox 1531 436 1872 492; x_wconf 89' lang='lat' dir='ltr'><strong>clementiam</strong></span> 
     </span>
    </p>
   </div>
   <div class='ocr_carea' id='block_1_3' title="bbox 288 507 1880 578">
    <p class='ocr_par' dir='ltr' id='par_1_3' title="bbox 288 507 1880 578">
     <span class='ocr_line' id='line_1_3' title="bbox 288 507 1880 578; baseline -0.005 -9"><span class='ocrx_word' id='word_1_9' title='bbox 288 524 469 578; x_wconf 87' lang='lat' dir='ltr'><strong>tuam,</strong></span> <span class='ocrx_word' id='word_1_10' title='bbox 500 520 684 567; x_wconf 89' lang='lat' dir='ltr'><strong>sancta</strong></span> <span class='ocrx_word' id='word_1_11' title='bbox 724 510 931 565; x_wconf 77' lang='lat' dir='ltr'><strong>Veritas</strong></span> <span class='ocrx_word' id='word_1_12' title='bbox 955 550 972 576; x_wconf 91' lang='lat'><strong>,</strong></span> <span class='ocrx_word' id='word_1_13' title='bbox 1014 518 1067 563; x_wconf 88' lang='lat' dir='ltr'><strong>te</strong></span> <span class='ocrx_word' id='word_1_14' title='bbox 1110 508 1359 578; x_wconf 84' lang='lat' dir='ltr'><strong>invocare</strong></span> <span class='ocrx_word' id='word_1_15' title='bbox 1389 507 1440 561; x_wconf 90' lang='lat' dir='ltr'><strong>in</strong></span> <span class='ocrx_word' id='word_1_16' title='bbox 1472 517 1526 561; x_wconf 89' lang='lat' dir='ltr'><strong>te</strong></span> <span class='ocrx_word' id='word_1_17' title='bbox 1563 523 1579 572; x_wconf 87' lang='lat'><strong>;</strong></span> <span class='ocrx_word' id='word_1_18' title='bbox 1625 510 1745 576; x_wconf 88' lang='lat' dir='ltr'><strong>quia</strong></span> <span class='ocrx_word' id='word_1_19' title='bbox 1778 508 1880 561; x_wconf 85' lang='lat' dir='ltr'><strong>hoc</strong></span> 
     </span>
    </p>
   </div>
   <div class='ocr_carea' id='block_1_4' title="bbox 291 577 1877 653">
    <p class='ocr_par' dir='ltr' id='par_1_4' title="bbox 291 577 1877 653">
     <span class='ocr_line' id='line_1_4' title="bbox 291 577 1877 653; baseline -0.005 -15"><span class='ocrx_word' id='word_1_20' title='bbox 291 584 411 640; x_wconf 81' lang='lat' dir='ltr'><strong>fieri</strong></span> <span class='ocrx_word' id='word_1_21' title='bbox 439 577 713 653; x_wconf 89' lang='lat' dir='ltr'><strong>quomodo</strong></span> <span class='ocrx_word' id='word_1_22' title='bbox 726 578 1209 653; x_wconf 66' lang='lat' dir='ltr'><strong>oporteatnescio,</strong></span> <span class='ocrx_word' id='word_1_23' title='bbox 1241 577 1333 631; x_wconf 92' lang='lat' dir='ltr'><strong>sed</strong></span> <span class='ocrx_word' id='word_1_24' title='bbox 1360 594 1389 629; x_wconf 89' lang='lat' dir='ltr'><strong>a</strong></span> <span class='ocrx_word' id='word_1_25' title='bbox 1415 587 1466 653; x_wconf 81' lang='lat' dir='ltr'><strong>te</strong></span> <span class='ocrx_word' id='word_1_26' title='bbox 1489 578 1690 642; x_wconf 88' lang='lat' dir='ltr'><strong>doceri,</strong></span> <span class='ocrx_word' id='word_1_27' title='bbox 1725 578 1877 653; x_wconf 78' lang='lat' dir='ltr'><strong>beata</strong></span> 
     </span>
    </p>
   </div>
   <div class='ocr_carea' id='block_1_5' title="bbox 291 647 1880 720">
    <p class='ocr_par' dir='ltr' id='par_1_5' title="bbox 291 647 1880 720">
     <span class='ocr_line' id='line_1_5' title="bbox 291 647 1880 720; baseline -0.005 -13"><span class='ocrx_word' id='word_1_28' title='bbox 291 647 508 709; x_wconf 73' lang='lat' dir='ltr'><strong>Veritas</strong></span> <span class='ocrx_word' id='word_1_29' title='bbox 528 695 543 720; x_wconf 94' lang='lat'><strong>,</strong></span> <span class='ocrx_word' id='word_1_30' title='bbox 573 647 845 707; x_wconf 87' lang='lat' dir='ltr'><strong>humiliter</strong></span> <span class='ocrx_word' id='word_1_31' title='bbox 871 648 1115 717; x_wconf 91' lang='lat' dir='ltr'><strong>imploro.</strong></span> <span class='ocrx_word' id='word_1_32' title='bbox 1149 648 1257 720; x_wconf 69' lang='lat' dir='ltr'><strong>Alis</strong></span> <span class='ocrx_word' id='word_1_33' title='bbox 1290 657 1339 700; x_wconf 82' lang='lat' dir='ltr'><strong>te</strong></span> <span class='ocrx_word' id='word_1_34' title='bbox 1367 648 1509 720; x_wconf 91' lang='lat' dir='ltr'><strong>enim</strong></span> <span class='ocrx_word' id='word_1_35' title='bbox 1537 662 1754 720; x_wconf 82' lang='lat' dir='ltr'><strong>sapere.</strong></span> <span class='ocrx_word' id='word_1_36' title='bbox 1785 647 1880 720; x_wconf 78' lang='lat' dir='ltr'><strong>de—_</strong></span> 
     </span>
    </p>
   </div>
   <div class='ocr_carea' id='block_1_6' title="bbox 293 716 1877 794">
    <p class='ocr_par' dir='ltr' id='par_1_6' title="bbox 293 716 1877 794">
     <span class='ocr_line' id='line_1_6' title="bbox 293 716 1877 794; baseline -0.006 -15"><span class='ocrx_word' id='word_1_37' title='bbox 293 725 478 794; x_wconf 86' lang='lat' dir='ltr'><strong>sipere</strong></span> <span class='ocrx_word' id='word_1_38' title='bbox 502 716 584 777; x_wconf 85' lang='lat' dir='ltr'><strong>est</strong></span> <span class='ocrx_word' id='word_1_39' title='bbox 608 738 622 787; x_wconf 90' lang='lat'><strong>;</strong></span> <span class='ocrx_word' id='word_1_40' title='bbox 649 730 701 777; x_wconf 91' lang='lat' dir='ltr'><strong>te</strong></span> <span class='ocrx_word' id='word_1_41' title='bbox 727 734 856 794; x_wconf 80' lang='lat' dir='ltr'><strong>vero</strong></span> <span class='ocrx_word' id='word_1_42' title='bbox 872 716 1400 794; x_wconf 83' lang='lat' dir='ltr'><strong>_nosse,_perfeetu_m</strong></span> <span class='ocrx_word' id='word_1_43' title='bbox 1431 719 1569 771; x_wconf 88' lang='lat' dir='ltr'><strong>seire</strong></span> <span class='ocrx_word' id='word_1_44' title='bbox 1594 726 1695 772; x_wconf 85' lang='lat' dir='ltr'><strong>est.</strong></span> <span class='ocrx_word' id='word_1_45' title='bbox 1721 718 1877 794; x_wconf 59' lang='lat' dir='ltr'><strong>rigidi</strong></span> 
     </span>
    </p>
   </div>
   <div class='ocr_carea' id='block_1_7' title="bbox 290 788 1882 860">
    <p class='ocr_par' dir='ltr' id='par_1_7' title="bbox 290 788 1882 860">
     <span class='ocr_line' id='line_1_7' title="bbox 290 788 1882 860; baseline -0.006 -10"><span class='ocrx_word' id='word_1_46' title='bbox 290 788 382 850; x_wconf 73' lang='lat' dir='ltr'><strong>me</strong></span> <span class='ocrx_word' id='word_1_47' title='bbox 406 836 422 860; x_wconf 93' lang='lat'><strong>,</strong></span> <span class='ocrx_word' id='word_1_48' title='bbox 451 793 627 848; x_wconf 86' lang='lat' dir='ltr'><strong>divina</strong></span> <span class='ocrx_word' id='word_1_49' title='bbox 660 790 918 860; x_wconf 76' lang='lat' dir='ltr'><strong>sapientia</strong></span> <span class='ocrx_word' id='word_1_50' title='bbox 940 828 957 854; x_wconf 92' lang='lat'><strong>,</strong></span> <span class='ocrx_word' id='word_1_51' title='bbox 985 798 1039 843; x_wconf 92' lang='lat' dir='ltr'><strong>et</strong></span> <span class='ocrx_word' id='word_1_52' title='bbox 1067 788 1198 860; x_wconf 83' lang='lat' dir='ltr'><strong>doce</strong></span> <span class='ocrx_word' id='word_1_53' title='bbox 1228 803 1312 860; x_wconf 87' lang='lat' dir='ltr'><strong>me</strong></span> <span class='ocrx_word' id='word_1_54' title='bbox 1332 788 1516 860; x_wconf 76' lang='lat' dir='ltr'><strong>legem</strong></span> <span class='ocrx_word' id='word_1_55' title='bbox 1545 796 1708 860; x_wconf 86' lang='lat' dir='ltr'><strong>tuam.</strong></span> <span class='ocrx_word' id='word_1_56' title='bbox 1752 788 1882 860; x_wconf 70' lang='lat' dir='ltr'><strong>(Ire-</strong></span> 
     </span>
    </p>
   </div>
   <div class='ocr_carea' id='block_1_8' title="bbox 290 857 1881 931">
    <p class='ocr_par' dir='ltr' id='par_1_8' title="bbox 290 857 1881 931">
     <span class='ocr_line' id='line_1_8' title="bbox 290 857 1881 931; baseline -0.005 -12"><span class='ocrx_word' id='word_1_57' title='bbox 290 865 364 919; x_wconf 88' lang='lat' dir='ltr'><strong>do</strong></span> <span class='ocrx_word' id='word_1_58' title='bbox 393 857 521 917; x_wconf 87' lang='lat' dir='ltr'><strong>sane</strong></span> <span class='ocrx_word' id='word_1_59' title='bbox 539 904 554 929; x_wconf 94' lang='lat'><strong>,</strong></span> <span class='ocrx_word' id='word_1_60' title='bbox 582 861 702 931; x_wconf 92' lang='lat' dir='ltr'><strong>quia</strong></span> <span class='ocrx_word' id='word_1_61' title='bbox 725 857 906 931; x_wconf 57' lang='lat' dir='ltr'><strong>&#39;qucrn</strong></span> <span class='ocrx_word' id='word_1_62' title='bbox 943 867 1008 931; x_wconf 72' lang='lat' dir='ltr'><strong>tu</strong></span> <span class='ocrx_word' id='word_1_63' title='bbox 1037 858 1301 931; x_wconf 85' lang='lat' dir='ltr'><strong>erndieris</strong></span> <span class='ocrx_word' id='word_1_64' title='bbox 1331 858 1515 911; x_wconf 87' lang='lat' dir='ltr'><strong>beatus</strong></span> <span class='ocrx_word' id='word_1_65' title='bbox 1539 898 1553 921; x_wconf 93' lang='lat'><strong>,</strong></span> <span class='ocrx_word' id='word_1_66' title='bbox 1586 857 1735 931; x_wconf 79' lang='lat' dir='ltr'><strong>etde</strong></span> <span class='ocrx_word' id='word_1_67' title='bbox 1765 858 1881 927; x_wconf 92' lang='lat' dir='ltr'><strong>lege</strong></span> 
     </span>
    </p>
   </div>
   <div class='ocr_carea' id='block_1_9' title="bbox 291 928 1880 997">
    <p class='ocr_par' dir='ltr' id='par_1_9' title="bbox 291 928 1880 997">
     <span class='ocr_line' id='line_1_9' title="bbox 291 928 1880 997; baseline -0.005 -9"><span class='ocrx_word' id='word_1_68' title='bbox 291 943 382 988; x_wconf 90' lang='lat' dir='ltr'><strong>tua</strong></span> <span class='ocrx_word' id='word_1_69' title='bbox 410 928 660 988; x_wconf 83' lang='lat' dir='ltr'><strong>docueris</strong></span> <span class='ocrx_word' id='word_1_70' title='bbox 680 928 824 986; x_wconf 86' lang='lat' dir='ltr'><strong>eum.</strong></span> <span class='ocrx_word' id='word_1_71' title='bbox 856 928 1108 983; x_wconf 85' lang='lat' dir='ltr'><strong>Desidere</strong></span> <span class='ocrx_word' id='word_1_72' title='bbox 1131 929 1374 982; x_wconf 80' lang='lat' dir='ltr'><strong>invocare</strong></span> <span class='ocrx_word' id='word_1_73' title='bbox 1406 938 1456 983; x_wconf 89' lang='lat' dir='ltr'><strong>te</strong></span> <span class='ocrx_word' id='word_1_74' title='bbox 1483 968 1501 994; x_wconf 91' lang='lat'><strong>,</strong></span> <span class='ocrx_word' id='word_1_75' title='bbox 1526 928 1667 997; x_wconf 90' lang='lat' dir='ltr'><strong>quod</strong></span> <span class='ocrx_word' id='word_1_76' title='bbox 1698 942 1880 997; x_wconf 67' lang='lat' dir='ltr'><strong>qumso</strong></span> 
     </span>
    </p>
   </div>
   <div class='ocr_carea' id='block_1_10' title="bbox 289 996 1881 1067">
    <p class='ocr_par' dir='ltr' id='par_1_10' title="bbox 289 996 1881 1067">
     <span class='ocr_line' id='line_1_10' title="bbox 289 996 1881 1067; baseline -0.005 -9"><span class='ocrx_word' id='word_1_77' title='bbox 289 1014 351 1058; x_wconf 91' lang='lat' dir='ltr'><strong>ut</strong></span> <span class='ocrx_word' id='word_1_78' title='bbox 389 1005 442 1058; x_wconf 91' lang='lat' dir='ltr'><strong>in</strong></span> <span class='ocrx_word' id='word_1_79' title='bbox 470 1002 688 1057; x_wconf 90' lang='lat' dir='ltr'><strong>veritate</strong></span> <span class='ocrx_word' id='word_1_80' title='bbox 722 1001 831 1053; x_wconf 86' lang='lat' dir='ltr'><strong>tiat.</strong></span> <span class='ocrx_word' id='word_1_81' title='bbox 863 998 998 1067; x_wconf 82' lang='lat' dir='ltr'><strong>Quid</strong></span> <span class='ocrx_word' id='word_1_82' title='bbox 1019 1007 1102 1053; x_wconf 90' lang='lat' dir='ltr'><strong>est</strong></span> <span class='ocrx_word' id='word_1_83' title='bbox 1128 998 1179 1052; x_wconf 89' lang='lat' dir='ltr'><strong>in</strong></span> <span class='ocrx_word' id='word_1_84' title='bbox 1212 998 1431 1053; x_wconf 89' lang='lat' dir='ltr'><strong>veritate</strong></span> <span class='ocrx_word' id='word_1_85' title='bbox 1461 996 1881 1052; x_wconf 62' lang='lat' dir='ltr'><strong>invocareveri-</strong></span> 
     </span>
    </p>
   </div>
   <div class='ocr_carea' id='block_1_11' title="bbox 290 1066 1875 1137">
    <p class='ocr_par' dir='ltr' id='par_1_11' title="bbox 290 1066 1875 1137">
     <span class='ocr_line' id='line_1_11' title="bbox 290 1066 1875 1137; baseline -0.004 -9"><span class='ocrx_word' id='word_1_86' title='bbox 290 1082 454 1129; x_wconf 94' lang='lat' dir='ltr'><strong>tatem</strong></span> <span class='ocrx_word' id='word_1_87' title='bbox 480 1113 494 1136; x_wconf 93' lang='lat'><strong>,</strong></span> <span class='ocrx_word' id='word_1_88' title='bbox 546 1072 648 1126; x_wconf 86' lang='lat' dir='ltr'><strong>nisi</strong></span> <span class='ocrx_word' id='word_1_89' title='bbox 688 1070 740 1124; x_wconf 91' lang='lat' dir='ltr'><strong>iu</strong></span> <span class='ocrx_word' id='word_1_90' title='bbox 786 1068 922 1124; x_wconf 81' lang='lat' dir='ltr'><strong>Filio</strong></span> <span class='ocrx_word' id='word_1_91' title='bbox 964 1067 1227 1123; x_wconf 79' lang='lat' dir='ltr'><strong>Patrem?</strong></span> <span class='ocrx_word' id='word_1_92' title='bbox 1255 1067 1413 1137; x_wconf 85' lang='lat' dir='ltr'><strong>Ergo,</strong></span> <span class='ocrx_word' id='word_1_93' title='bbox 1440 1076 1626 1123; x_wconf 91' lang='lat' dir='ltr'><strong>sancte</strong></span> <span class='ocrx_word' id='word_1_94' title='bbox 1675 1066 1833 1122; x_wconf 89' lang='lat' dir='ltr'><strong>Pater</strong></span> <span class='ocrx_word' id='word_1_95' title='bbox 1860 1109 1875 1132; x_wconf 95' lang='lat'><strong>,</strong></span> 
     </span>
    </p>
   </div>
   <div class='ocr_carea' id='block_1_12' title="bbox 293 1138 1879 1209">
    <p class='ocr_par' dir='ltr' id='par_1_12' title="bbox 293 1138 1879 1209">
     <span class='ocr_line' id='line_1_12' title="bbox 293 1138 1879 1209; baseline -0.003 -12"><span class='ocrx_word' id='word_1_96' title='bbox 293 1158 476 1197; x_wconf 84' lang='lat' dir='ltr'><strong>sermo</strong></span> <span class='ocrx_word' id='word_1_97' title='bbox 504 1152 623 1197; x_wconf 88' lang='lat' dir='ltr'><strong>tuus</strong></span> <span class='ocrx_word' id='word_1_98' title='bbox 652 1140 849 1195; x_wconf 89' lang='lat' dir='ltr'><strong>veritas</strong></span> <span class='ocrx_word' id='word_1_99' title='bbox 877 1147 978 1204; x_wconf 88' lang='lat' dir='ltr'><strong>est,</strong></span> <span class='ocrx_word' id='word_1_100' title='bbox 1010 1138 1326 1209; x_wconf 84' lang='lat' dir='ltr'><strong>principium</strong></span> <span class='ocrx_word' id='word_1_101' title='bbox 1357 1139 1637 1209; x_wconf 83' lang='lat' dir='ltr'><strong>verborum</strong></span> <span class='ocrx_word' id='word_1_102' title='bbox 1670 1146 1879 1209; x_wconf 90' lang='lat' dir='ltr'><strong>tuorum</strong></span> 
     </span>
    </p>
   </div>
   <div class='ocr_carea' id='block_1_13' title="bbox 289 1208 1903 1289">
    <p class='ocr_par' dir='ltr' id='par_1_13' title="bbox 289 1208 1903 1289">
     <span class='ocr_line' id='line_1_13' title="bbox 289 1208 1903 1289; baseline -0.002 -25"><span class='ocrx_word' id='word_1_103' title='bbox 289 1215 511 1289; x_wconf 76' lang='lat' dir='ltr'><strong>veritas.</strong></span> <span class='ocrx_word' id='word_1_104' title='bbox 535 1212 647 1289; x_wconf 82' lang='lat' dir='ltr'><strong>Hoc</strong></span> <span class='ocrx_word' id='word_1_105' title='bbox 671 1210 864 1289; x_wconf 81' lang='lat' dir='ltr'><strong>quippe</strong></span> <span class='ocrx_word' id='word_1_106' title='bbox 885 1218 971 1289; x_wconf 87' lang='lat' dir='ltr'><strong>est</strong></span> <span class='ocrx_word' id='word_1_107' title='bbox 997 1208 1280 1289; x_wconf 63' lang='lat' dir='ltr'><strong>verborum</strong></span> <span class='ocrx_word' id='word_1_108' title='bbox 1298 1216 1514 1289; x_wconf 57' lang='lat' dir='ltr'><strong>iunium</strong></span> <span class='ocrx_word' id='word_1_109' title='bbox 1539 1208 1877 1289; x_wconf 73' lang='lat' dir='ltr'><strong>principium,</strong></span> <span class='ocrx_word' id='word_1_110' title='bbox 1902 1244 1903 1247; x_wconf 60' lang='grc' dir='ltr'><strong>η</strong></span> 
     </span>
    </p>
   </div>
   <div class='ocr_carea' id='block_1_14' title="bbox 289 1277 1881 1352">
    <p class='ocr_par' dir='ltr' id='par_1_14' title="bbox 289 1277 1881 1352">
     <span class='ocr_line' id='line_1_14' title="bbox 289 1277 1881 1352; baseline -0.001 -17"><span class='ocrx_word' id='word_1_111' title='bbox 289 1284 434 1352; x_wconf 86' lang='lat' dir='ltr'><strong>quod</strong></span> <span class='ocrx_word' id='word_1_112' title='bbox 478 1284 530 1337; x_wconf 90' lang='lat' dir='ltr'><strong>in</strong></span> <span class='ocrx_word' id='word_1_113' title='bbox 563 1277 823 1352; x_wconf 80' lang='lat' dir='ltr'><strong>principio</strong></span> <span class='ocrx_word' id='word_1_114' title='bbox 865 1288 981 1352; x_wconf 82' lang='lat' dir='ltr'><strong>erat</strong></span> <span class='ocrx_word' id='word_1_115' title='bbox 1009 1278 1263 1352; x_wconf 62' lang='lat' dir='ltr'><strong>Verbum.</strong></span> <span class='ocrx_word' id='word_1_116' title='bbox 1296 1277 1354 1352; x_wconf 83' lang='lat' dir='ltr'><strong>in</strong></span> <span class='ocrx_word' id='word_1_117' title='bbox 1392 1278 1510 1348; x_wconf 84' lang='lat' dir='ltr'><strong>ipso</strong></span> <span class='ocrx_word' id='word_1_118' title='bbox 1538 1277 1881 1352; x_wconf 73' lang='lat' dir='ltr'><strong>principiale</strong></span> 
     </span>
    </p>
   </div>
   <div class='ocr_carea' id='block_1_15' title="bbox 291 1348 1881 1418">
    <p class='ocr_par' dir='ltr' id='par_1_15' title="bbox 291 1348 1881 1418">
     <span class='ocr_line' id='line_1_15' title="bbox 291 1348 1881 1418; baseline -0.004 -11"><span class='ocrx_word' id='word_1_119' title='bbox 291 1348 577 1407; x_wconf 77' lang='lat' dir='ltr'><strong>summum</strong></span> <span class='ocrx_word' id='word_1_120' title='bbox 598 1348 764 1405; x_wconf 80' lang='lat' dir='ltr'><strong>adoro</strong></span> <span class='ocrx_word' id='word_1_121' title='bbox 799 1348 1143 1418; x_wconf 89' lang='lat' dir='ltr'><strong>Principium.</strong></span> <span class='ocrx_word' id='word_1_122' title='bbox 1187 1348 1245 1403; x_wconf 91' lang='lat' dir='ltr'><strong>lo</strong></span> <span class='ocrx_word' id='word_1_123' title='bbox 1293 1349 1409 1418; x_wconf 89' lang='lat' dir='ltr'><strong>ipso</strong></span> <span class='ocrx_word' id='word_1_124' title='bbox 1440 1349 1676 1403; x_wconf 83' lang='lat' dir='ltr'><strong>veritatis</strong></span> <span class='ocrx_word' id='word_1_125' title='bbox 1707 1348 1881 1402; x_wconf 84' lang='lat' dir='ltr'><strong>Verbo</strong></span> 
     </span>
    </p>
   </div>
   <div class='ocr_carea' id='block_1_16' title="bbox 293 1418 1881 1493">
    <p class='ocr_par' dir='ltr' id='par_1_16' title="bbox 293 1418 1881 1493">
     <span class='ocr_line' id='line_1_16' title="bbox 293 1418 1881 1493; baseline -0.003 -16"><span class='ocrx_word' id='word_1_126' title='bbox 293 1434 371 1490; x_wconf 91' lang='lat' dir='ltr'><strong>te,</strong></span> <span class='ocrx_word' id='word_1_127' title='bbox 402 1421 658 1493; x_wconf 86' lang='lat' dir='ltr'><strong>perfecta,</strong></span> <span class='ocrx_word' id='word_1_128' title='bbox 685 1420 1171 1493; x_wconf 47' lang='lat' dir='ltr'><strong>invoco,_VeritasZ</strong></span> <span class='ocrx_word' id='word_1_129' title='bbox 1201 1432 1307 1493; x_wconf 81' lang='lat' dir='ltr'><strong>quo</strong></span> <span class='ocrx_word' id='word_1_130' title='bbox 1340 1418 1393 1493; x_wconf 84' lang='lat' dir='ltr'><strong>in</strong></span> <span class='ocrx_word' id='word_1_131' title='bbox 1426 1419 1546 1493; x_wconf 77' lang='lat' dir='ltr'><strong>ipsa</strong></span> <span class='ocrx_word' id='word_1_132' title='bbox 1576 1418 1762 1493; x_wconf 83' lang='lat' dir='ltr'><strong>eadem</strong></span> <span class='ocrx_word' id='word_1_133' title='bbox 1801 1418 1881 1472; x_wconf 88' lang='lat' dir='ltr'><strong>di-</strong></span> 
     </span>
    </p>
   </div>
   <div class='ocr_carea' id='block_1_17' title="bbox 290 1488 1901 1562">
    <p class='ocr_par' dir='ltr' id='par_1_17' title="bbox 290 1488 1901 1562">
     <span class='ocr_line' id='line_1_17' title="bbox 290 1488 1901 1562; baseline -0.002 -15"><span class='ocrx_word' id='word_1_134' title='bbox 290 1488 436 1562; x_wconf 80' lang='lat' dir='ltr'><strong>rigas</strong></span> <span class='ocrx_word' id='word_1_135' title='bbox 455 1508 542 1547; x_wconf 90' lang='lat' dir='ltr'><strong>me</strong></span> <span class='ocrx_word' id='word_1_136' title='bbox 568 1494 791 1546; x_wconf 84' lang='lat' dir='ltr'><strong>veritate</strong></span> <span class='ocrx_word' id='word_1_137' title='bbox 817 1499 872 1562; x_wconf 88' lang='lat' dir='ltr'><strong>et</strong></span> <span class='ocrx_word' id='word_1_138' title='bbox 896 1490 1111 1562; x_wconf 78' lang='lat' dir='ltr'><strong>doceas.</strong></span> <span class='ocrx_word' id='word_1_139' title='bbox 1138 1489 1271 1562; x_wconf 80' lang='lat' dir='ltr'><strong>Quid</strong></span> <span class='ocrx_word' id='word_1_140' title='bbox 1293 1489 1434 1543; x_wconf 88' lang='lat' dir='ltr'><strong>enim</strong></span> <span class='ocrx_word' id='word_1_141' title='bbox 1459 1488 1687 1562; x_wconf 90' lang='lat' dir='ltr'><strong>dulcius,</strong></span> <span class='ocrx_word' id='word_1_142' title='bbox 1719 1502 1901 1562; x_wconf 80' lang='lat' dir='ltr'><strong>quam</strong></span> 
     </span>
    </p>
   </div>
   <div class='ocr_carea' id='block_1_18' title="bbox 288 1558 1897 1628">
    <p class='ocr_par' dir='ltr' id='par_1_18' title="bbox 288 1558 1897 1628">
     <span class='ocr_line' id='line_1_18' title="bbox 288 1558 1897 1628; baseline -0.005 -9"><span class='ocrx_word' id='word_1_143' title='bbox 288 1558 600 1619; x_wconf 76' lang='lat' dir='ltr'><strong>Genitorem</strong></span> <span class='ocrx_word' id='word_1_144' title='bbox 633 1562 683 1615; x_wconf 91' lang='lat' dir='ltr'><strong>in</strong></span> <span class='ocrx_word' id='word_1_145' title='bbox 725 1561 940 1615; x_wconf 85' lang='lat' dir='ltr'><strong>nomine</strong></span> <span class='ocrx_word' id='word_1_146' title='bbox 981 1558 1242 1628; x_wconf 79' lang='lat' dir='ltr'><strong>Unigcniti</strong></span> <span class='ocrx_word' id='word_1_147' title='bbox 1271 1574 1531 1628; x_wconf 81' lang='lat' dir='ltr'><strong>exorare,</strong></span> <span class='ocrx_word' id='word_1_148' title='bbox 1574 1558 1791 1628; x_wconf 80' lang='lat' dir='ltr'><strong>Patrem</strong></span> <span class='ocrx_word' id='word_1_149' title='bbox 1827 1560 1897 1612; x_wconf 49' lang='lat' dir='ltr'><strong>in.</strong></span> 
     </span>
    </p>
   </div>
   <div class='ocr_carea' id='block_1_19' title="bbox 291 1626 1879 1699">
    <p class='ocr_par' dir='ltr' id='par_1_19' title="bbox 291 1626 1879 1699">
     <span class='ocr_line' id='line_1_19' title="bbox 291 1626 1879 1699; baseline -0.004 -11"><span class='ocrx_word' id='word_1_150' title='bbox 291 1634 660 1688; x_wconf 89' lang='lat' dir='ltr'><strong>recordatione</strong></span> <span class='ocrx_word' id='word_1_151' title='bbox 689 1631 806 1685; x_wconf 83' lang='lat' dir='ltr'><strong>Filii</strong></span> <span class='ocrx_word' id='word_1_152' title='bbox 832 1630 897 1684; x_wconf 90' lang='lat' dir='ltr'><strong>ad</strong></span> <span class='ocrx_word' id='word_1_153' title='bbox 931 1626 1177 1699; x_wconf 68' lang='lat' dir='ltr'><strong>pietatém</strong></span> <span class='ocrx_word' id='word_1_154' title='bbox 1208 1627 1480 1684; x_wconf 84' lang='lat' dir='ltr'><strong>inﬂectere</strong></span> <span class='ocrx_word' id='word_1_155' title='bbox 1499 1669 1514 1689; x_wconf 83' lang='lat'><strong>,</strong></span> <span class='ocrx_word' id='word_1_156' title='bbox 1543 1642 1721 1699; x_wconf 89' lang='lat' dir='ltr'><strong>regem</strong></span> <span class='ocrx_word' id='word_1_157' title='bbox 1748 1626 1879 1682; x_wconf 88' lang='lat' dir='ltr'><strong>eba-</strong></span> 
     </span>
    </p>
   </div>
   <div class='ocr_carea' id='block_1_20' title="bbox 290 1699 1881 1768">
    <p class='ocr_par' dir='ltr' id='par_1_20' title="bbox 290 1699 1881 1768">
     <span class='ocr_line' id='line_1_20' title="bbox 290 1699 1881 1768; baseline -0.003 -10"><span class='ocrx_word' id='word_1_158' title='bbox 290 1704 519 1758; x_wconf 69' lang='lat' dir='ltr'><strong>rissimae</strong></span> <span class='ocrx_word' id='word_1_159' title='bbox 538 1702 739 1757; x_wconf 83' lang='lat' dir='ltr'><strong>sobolis</strong></span> <span class='ocrx_word' id='word_1_160' title='bbox 762 1700 1105 1756; x_wconf 88' lang='lat' dir='ltr'><strong>denotatione</strong></span> <span class='ocrx_word' id='word_1_161' title='bbox 1134 1700 1150 1730; x_wconf 81' lang='grc'>¹</span> <span class='ocrx_word' id='word_1_162' title='bbox 1182 1699 1420 1768; x_wconf 80' lang='lat' dir='ltr'><strong>mitigare</strong></span> <span class='ocrx_word' id='word_1_163' title='bbox 1446 1700 1469 1750; x_wconf 81' lang='lat' dir='ltr'><strong>&#39;t</strong></span> <span class='ocrx_word' id='word_1_164' title='bbox 1496 1700 1584 1754; x_wconf 82' lang='lat' dir='ltr'><strong>Sic</strong></span> <span class='ocrx_word' id='word_1_165' title='bbox 1604 1700 1678 1753; x_wconf 89' lang='lat' dir='ltr'><strong>rei</strong></span> <span class='ocrx_word' id='word_1_166' title='bbox 1706 1699 1881 1753; x_wconf 84' lang='lat' dir='ltr'><strong>solent</strong></span> 
     </span>
    </p>
   </div>
   <div class='ocr_carea' id='block_1_21' title="bbox 290 1768 1882 1840">
    <p class='ocr_par' dir='ltr' id='par_1_21' title="bbox 290 1768 1882 1840">
     <span class='ocr_line' id='line_1_21' title="bbox 290 1768 1882 1840; baseline -0.003 -12"><span class='ocrx_word' id='word_1_167' title='bbox 290 1774 597 1829; x_wconf 72' lang='lat' dir='ltr'><strong>carceribus</strong></span> <span class='ocrx_word' id='word_1_168' title='bbox 634 1772 763 1840; x_wconf 82' lang='lat' dir='ltr'><strong>eripi</strong></span> <span class='ocrx_word' id='word_1_169' title='bbox 791 1812 806 1835; x_wconf 92' lang='lat'><strong>,</strong></span> <span class='ocrx_word' id='word_1_170' title='bbox 844 1770 921 1825; x_wconf 89' lang='lat' dir='ltr'><strong>sic</strong></span> <span class='ocrx_word' id='word_1_171' title='bbox 952 1768 1230 1840; x_wconf 86' lang='lat' dir='ltr'><strong>mancipati</strong></span> <span class='ocrx_word' id='word_1_172' title='bbox 1259 1768 1487 1823; x_wconf 90' lang='lat' dir='ltr'><strong>vinculis</strong></span> <span class='ocrx_word' id='word_1_173' title='bbox 1518 1768 1731 1840; x_wconf 86' lang='lat' dir='ltr'><strong>liberari</strong></span> <span class='ocrx_word' id='word_1_174' title='bbox 1758 1810 1773 1833; x_wconf 94' lang='lat'><strong>,</strong></span> <span class='ocrx_word' id='word_1_175' title='bbox 1804 1769 1882 1824; x_wconf 90' lang='lat' dir='ltr'><strong>sic</strong></span> 
     </span>
    </p>
   </div>
   <div class='ocr_carea' id='block_1_22' title="bbox 291 1839 1876 1911">
    <p class='ocr_par' dir='ltr' id='par_1_22' title="bbox 291 1839 1876 1911">
     <span class='ocr_line' id='line_1_22' title="bbox 291 1839 1876 1911; baseline -0.004 -13"><span class='ocrx_word' id='word_1_176' title='bbox 291 1845 499 1898; x_wconf 88' lang='lat' dir='ltr'><strong>tristem</strong></span> <span class='ocrx_word' id='word_1_177' title='bbox 529 1839 725 1911; x_wconf 81' lang='lat' dir='ltr'><strong>capitis</strong></span> <span class='ocrx_word' id='word_1_178' title='bbox 745 1840 951 1909; x_wconf 78' lang='lat' dir='ltr'><strong>excepti</strong></span> <span class='ocrx_word' id='word_1_179' title='bbox 982 1839 1320 1911; x_wconf 82' lang='lat' dir='ltr'><strong>sententiam,</strong></span> <span class='ocrx_word' id='word_1_180' title='bbox 1350 1854 1455 1893; x_wconf 92' lang='lat' dir='ltr'><strong>non</strong></span> <span class='ocrx_word' id='word_1_181' title='bbox 1476 1839 1650 1911; x_wconf 86' lang='lat' dir='ltr'><strong>solum</strong></span> <span class='ocrx_word' id='word_1_182' title='bbox 1677 1840 1839 1911; x_wconf 86' lang='lat' dir='ltr'><strong>vitam</strong></span> <span class='ocrx_word' id='word_1_183' title='bbox 1859 1878 1876 1907; x_wconf 91' lang='lat'><strong>,</strong></span> 
     </span>
    </p>
   </div>
   <div class='ocr_carea' id='block_1_23' title="bbox 293 1908 1882 1980">
    <p class='ocr_par' dir='ltr' id='par_1_23' title="bbox 293 1908 1882 1980">
     <span class='ocr_line' id='line_1_23' title="bbox 293 1908 1882 1980; baseline -0.003 -12"><span class='ocrx_word' id='word_1_184' title='bbox 293 1914 393 1968; x_wconf 83' lang='lat' dir='ltr'><strong>sed</strong></span> <span class='ocrx_word' id='word_1_185' title='bbox 443 1908 659 1980; x_wconf 78' lang='lat' dir='ltr'><strong>insuper</strong></span> <span class='ocrx_word' id='word_1_186' title='bbox 698 1908 930 1965; x_wconf 89' lang='lat' dir='ltr'><strong>nancisci</strong></span> <span class='ocrx_word' id='word_1_187' title='bbox 978 1910 1244 1963; x_wconf 86' lang='lat' dir='ltr'><strong>insolitam</strong></span> <span class='ocrx_word' id='word_1_188' title='bbox 1283 1911 1541 1978; x_wconf 77' lang='lat' dir='ltr'><strong>gratiam,</strong></span> <span class='ocrx_word' id='word_1_189' title='bbox 1589 1908 1882 1980; x_wconf 82' lang='lat' dir='ltr'><strong>dummodo</strong></span> 
     </span>
    </p>
   </div>
   <div class='ocr_carea' id='block_1_24' title="bbox 293 1977 1882 2054">
    <p class='ocr_par' dir='ltr' id='par_1_24' title="bbox 293 1977 1882 2054">
     <span class='ocr_line' id='line_1_24' title="bbox 293 1977 1882 2054; baseline -0.003 -16"><span class='ocrx_word' id='word_1_190' title='bbox 293 1984 445 2038; x_wconf 85' lang='lat' dir='ltr'><strong>iratis</strong></span> <span class='ocrx_word' id='word_1_191' title='bbox 476 1977 799 2054; x_wconf 74' lang='lat' dir='ltr'><strong>principibus</strong></span> <span class='ocrx_word' id='word_1_192' title='bbox 827 1980 1033 2035; x_wconf 71' lang='lat' dir='ltr'><strong>dilecta:</strong></span> <span class='ocrx_word' id='word_1_193' title='bbox 1064 1980 1225 2054; x_wconf 82' lang='lat' dir='ltr'><strong>prolis</strong></span> <span class='ocrx_word' id='word_1_194' title='bbox 1260 1977 1616 2054; x_wconf 79' lang='lat' dir='ltr'><strong>intimaverint</strong></span> <span class='ocrx_word' id='word_1_195' title='bbox 1636 1977 1882 2054; x_wconf 74' lang='lat' dir='ltr'><strong>_eliari_ta-</strong></span> 
     </span>
    </p>
   </div>
   <div class='ocr_carea' id='block_1_25' title="bbox 296 2048 1876 2121">
    <p class='ocr_par' dir='ltr' id='par_1_25' title="bbox 296 2048 1876 2121">
     <span class='ocr_line' id='line_1_25' title="bbox 296 2048 1876 2121; baseline -0.003 -14"><span class='ocrx_word' id='word_1_196' title='bbox 296 2064 406 2107; x_wconf 78' lang='lat' dir='ltr'><strong>tein</strong></span> <span class='ocrx_word' id='word_1_197' title='bbox 442 2048 577 2115; x_wconf 46' lang='lat' dir='ltr'><strong>{sic</strong></span> <span class='ocrx_word' id='word_1_198' title='bbox 601 2048 969 2121; x_wconf 84' lang='lat' dir='ltr'><strong>delinquentes</strong></span> <span class='ocrx_word' id='word_1_199' title='bbox 1003 2050 1199 2121; x_wconf 79' lang='lat' dir='ltr'><strong>servuli</strong></span> <span class='ocrx_word' id='word_1_200' title='bbox 1228 2048 1458 2121; x_wconf 84' lang='lat' dir='ltr'><strong>evadunt</strong></span> <span class='ocrx_word' id='word_1_201' title='bbox 1497 2049 1751 2121; x_wconf 68' lang='lat' dir='ltr'><strong>supplicia</strong></span> <span class='ocrx_word' id='word_1_202' title='bbox 1780 2049 1876 2104; x_wconf 87' lang='lat' dir='ltr'><strong>do-</strong></span> 
     </span>
    </p>
   </div>
   <div class='ocr_carea' id='block_1_26' title="bbox 294 2119 1877 2191">
    <p class='ocr_par' dir='ltr' id='par_1_26' title="bbox 294 2119 1877 2191">
     <span class='ocr_line' id='line_1_26' title="bbox 294 2119 1877 2191; baseline -0.003 -14"><span class='ocrx_word' id='word_1_203' title='bbox 294 2125 561 2178; x_wconf 85' lang='lat' dir='ltr'><strong>minorum</strong></span> <span class='ocrx_word' id='word_1_204' title='bbox 582 2164 596 2187; x_wconf 92' lang='lat'><strong>,</strong></span> <span class='ocrx_word' id='word_1_205' title='bbox 630 2119 777 2177; x_wconf 31' lang='lat' dir='ltr'><strong>dum‘</strong></span> <span class='ocrx_word' id='word_1_206' title='bbox 805 2136 902 2191; x_wconf 90' lang='lat' dir='ltr'><strong>pro</strong></span> <span class='ocrx_word' id='word_1_207' title='bbox 943 2121 1021 2175; x_wconf 88' lang='lat' dir='ltr'><strong>eis</strong></span> <span class='ocrx_word' id='word_1_208' title='bbox 1057 2119 1339 2174; x_wconf 88' lang='lat' dir='ltr'><strong>intervenit</strong></span> <span class='ocrx_word' id='word_1_209' title='bbox 1372 2120 1600 2191; x_wconf 87' lang='lat' dir='ltr'><strong>dulcedo</strong></span> <span class='ocrx_word' id='word_1_210' title='bbox 1630 2119 1877 2191; x_wconf 79' lang='lat' dir='ltr'><strong>liiiorum.</strong></span> 
     </span>
    </p>
   </div>
   <div class='ocr_carea' id='block_1_27' title="bbox 293 2189 1880 2314">
    <p class='ocr_par' dir='ltr' id='par_1_27' title="bbox 293 2189 1880 2314">
     <span class='ocr_line' id='line_1_27' title="bbox 293 2189 1880 2314; baseline -0.003 -65"><span class='ocrx_word' id='word_1_211' title='bbox 293 2196 385 2249; x_wconf 82' lang='lat' dir='ltr'><strong>Sic</strong></span> <span class='ocrx_word' id='word_1_212' title='bbox 412 2205 496 2255; x_wconf 90' lang='lat' dir='ltr'><strong>te,</strong></span> <span class='ocrx_word' id='word_1_213' title='bbox 542 2189 877 2262; x_wconf 78' lang='lat' dir='ltr'><strong>omnipotens</strong></span> <span class='ocrx_word' id='word_1_214' title='bbox 912 2191 1211 2314; x_wconf 66' lang='lat' dir='ltr'><strong>Patendper</strong></span> <span class='ocrx_word' id='word_1_215' title='bbox 1239 2189 1619 2259; x_wconf 89' lang='lat' dir='ltr'><strong>omnipotentis</strong></span> <span class='ocrx_word' id='word_1_216' title='bbox 1655 2189 1770 2243; x_wconf 88' lang='lat' dir='ltr'><strong>Filii</strong></span> <span class='ocrx_word' id='word_1_217' title='bbox 1806 2191 1880 2244; x_wconf 91' lang='lat' dir='ltr'><strong>tui</strong></span> 
     </span>
     <span class='ocr_line' id='line_1_28' title="bbox 293 2259 1880 2314; baseline 0 0"><span class='ocrx_word' id='word_1_218' title='bbox 293 2266 608 2314; x_wconf 87' lang='lat' dir='ltr'><strong>eharitatem</strong></span> <span class='ocrx_word' id='word_1_219' title='bbox 648 2262 860 2314; x_wconf 86' lang='lat' dir='ltr'><strong>noslulo</strong></span> <span class='ocrx_word' id='word_1_220' title='bbox 881 2300 898 2314; x_wconf 88' lang='lat'><strong>.</strong></span> <span class='ocrx_word' id='word_1_221' title='bbox 929 2261 1064 2314; x_wconf 90' lang='lat' dir='ltr'><strong>educ</strong></span> <span class='ocrx_word' id='word_1_222' title='bbox 1131 2275 1161 2314; x_wconf 90' lang='lat' dir='ltr'><strong>e</strong></span> <span class='ocrx_word' id='word_1_223' title='bbox 1186 2273 1401 2314; x_wconf 81' lang='lat' dir='ltr'><strong>carcere</strong></span> <span class='ocrx_word' id='word_1_224' title='bbox 1426 2260 1491 2313; x_wconf 90' lang='lat' dir='ltr'><strong>ad</strong></span> <span class='ocrx_word' id='word_1_225' title='bbox 1518 2259 1880 2314; x_wconf 85' lang='lat' dir='ltr'><strong>coolitendttm</strong></span> 
     </span>
    </p>
   </div>
   <div class='ocr_carea' id='block_1_28' title="bbox 293 2259 1880 2332">
    <p class='ocr_par' dir='ltr' id='par_1_28' title="bbox 293 2259 1880 2332">
     <span class='ocr_line' id='line_1_29' title="bbox 293 2259 1880 2332; baseline -0.003 -14"><span class='ocrx_word' id='word_1_226' title='bbox 293 2266 608 2318; x_wconf 89' lang='lat' dir='ltr'><strong>charitatem</strong></span> <span class='ocrx_word' id='word_1_227' title='bbox 648 2259 898 2332; x_wconf 78' lang='lat' dir='ltr'><strong>postulo,</strong></span> <span class='ocrx_word' id='word_1_228' title='bbox 929 2261 1064 2315; x_wconf 90' lang='lat' dir='ltr'><strong>educ</strong></span> <span class='ocrx_word' id='word_1_229' title='bbox 1094 2259 1401 2332; x_wconf 72' lang='lat' dir='ltr'><strong>derarcere</strong></span> <span class='ocrx_word' id='word_1_230' title='bbox 1426 2260 1491 2313; x_wconf 92' lang='lat' dir='ltr'><strong>ad</strong></span> <span class='ocrx_word' id='word_1_231' title='bbox 1518 2259 1880 2332; x_wconf 79' lang='lat' dir='ltr'><strong>confitendum</strong></span> 
     </span>
    </p>
   </div>
   <div class='ocr_carea' id='block_1_29' title="bbox 296 2328 1880 2399">
    <p class='ocr_par' dir='ltr' id='par_1_29' title="bbox 296 2328 1880 2399">
     <span class='ocr_line' id='line_1_30' title="bbox 296 2328 1880 2399; baseline -0.003 -11"><span class='ocrx_word' id='word_1_232' title='bbox 296 2334 501 2389; x_wconf 88' lang='lat' dir='ltr'><strong>nomini</strong></span> <span class='ocrx_word' id='word_1_233' title='bbox 551 2328 911 2387; x_wconf 59' lang='lat' dir='ltr'><strong>tuo&#39;animam</strong></span> <span class='ocrx_word' id='word_1_234' title='bbox 944 2344 1115 2385; x_wconf 83' lang='lat' dir='ltr'><strong>meam</strong></span> <span class='ocrx_word' id='word_1_235' title='bbox 1156 2328 1348 2399; x_wconf 78' lang='lat' dir='ltr'><strong>(Psal.</strong></span> <span class='ocrx_word' id='word_1_236' title='bbox 1377 2345 1530 2394; x_wconf 74' lang='lat' dir='ltr'><strong>cru,</strong></span> <span class='ocrx_word' id='word_1_237' title='bbox 1560 2330 1632 2398; x_wconf 89' lang='lat'><strong>8)</strong></span> <span class='ocrx_word' id='word_1_238' title='bbox 1668 2347 1683 2383; x_wconf 88' lang='lat'><strong>:</strong></span> <span class='ocrx_word' id='word_1_239' title='bbox 1717 2329 1880 2384; x_wconf 90' lang='lat' dir='ltr'><strong>libera</strong></span> 
     </span>
    </p>
   </div>
   <div class='ocr_carea' id='block_1_30' title="bbox 294 2400 1883 2471">
    <p class='ocr_par' dir='ltr' id='par_1_30' title="bbox 294 2400 1883 2471">
     <span class='ocr_line' id='line_1_31' title="bbox 294 2400 1883 2471; baseline -0.004 -12"><span class='ocrx_word' id='word_1_240' title='bbox 294 2419 383 2459; x_wconf 88' lang='lat' dir='ltr'><strong>me</strong></span> <span class='ocrx_word' id='word_1_241' title='bbox 403 2419 431 2457; x_wconf 91' lang='lat' dir='ltr'><strong>a</strong></span> <span class='ocrx_word' id='word_1_242' title='bbox 462 2404 686 2457; x_wconf 88' lang='lat' dir='ltr'><strong>vinculis</strong></span> <span class='ocrx_word' id='word_1_243' title='bbox 721 2411 1077 2471; x_wconf 89' lang='lat' dir='ltr'><strong>peccatorum,</strong></span> <span class='ocrx_word' id='word_1_244' title='bbox 1109 2416 1204 2470; x_wconf 90' lang='lat' dir='ltr'><strong>per</strong></span> <span class='ocrx_word' id='word_1_245' title='bbox 1222 2408 1543 2455; x_wconf 70' lang='lat' dir='ltr'><strong>comtcrnum</strong></span> <span class='ocrx_word' id='word_1_246' title='bbox 1571 2400 1748 2471; x_wconf 85' lang='lat' dir='ltr'><strong>ﬂagito</strong></span> <span class='ocrx_word' id='word_1_247' title='bbox 1773 2401 1883 2453; x_wconf 85' lang='lat' dir='ltr'><strong>ttni-</strong></span> 
     </span>
    </p>
   </div>
   <div class='ocr_carea' id='block_1_31' title="bbox 292 2470 1880 2540">
    <p class='ocr_par' dir='ltr' id='par_1_31' title="bbox 292 2470 1880 2540">
     <span class='ocr_line' id='line_1_32' title="bbox 292 2470 1880 2540; baseline -0.004 -11"><span class='ocrx_word' id='word_1_248' title='bbox 292 2490 416 2529; x_wconf 89' lang='lat' dir='ltr'><strong>cum</strong></span> <span class='ocrx_word' id='word_1_249' title='bbox 448 2475 541 2529; x_wconf 85' lang='lat' dir='ltr'><strong>tibi</strong></span> <span class='ocrx_word' id='word_1_250' title='bbox 567 2470 758 2527; x_wconf 85' lang='lat' dir='ltr'><strong>Natum</strong></span> <span class='ocrx_word' id='word_1_251' title='bbox 796 2488 811 2536; x_wconf 87' lang='lat'><strong>;</strong></span> <span class='ocrx_word' id='word_1_252' title='bbox 842 2486 1061 2540; x_wconf 84' lang='lat' dir='ltr'><strong>meque,</strong></span> <span class='ocrx_word' id='word_1_253' title='bbox 1095 2471 1180 2525; x_wconf 91' lang='lat' dir='ltr'><strong>cui</strong></span> <span class='ocrx_word' id='word_1_254' title='bbox 1217 2471 1428 2540; x_wconf 90' lang='lat' dir='ltr'><strong>propria</strong></span> <span class='ocrx_word' id='word_1_255' title='bbox 1476 2471 1660 2525; x_wconf 85' lang='lat' dir='ltr'><strong>merita</strong></span> <span class='ocrx_word' id='word_1_256' title='bbox 1708 2470 1880 2523; x_wconf 83' lang='lat' dir='ltr'><strong>letha-</strong></span> 
     </span>
    </p>
   </div>
   <div class='ocr_carea' id='block_1_32' title="bbox 293 2540 1876 2611">
    <p class='ocr_par' dir='ltr' id='par_1_32' title="bbox 293 2540 1876 2611">
     <span class='ocr_line' id='line_1_33' title="bbox 293 2540 1876 2611; baseline -0.003 -12"><span class='ocrx_word' id='word_1_257' title='bbox 293 2546 403 2599; x_wconf 91' lang='lat' dir='ltr'><strong>lem</strong></span> <span class='ocrx_word' id='word_1_258' title='bbox 428 2545 697 2598; x_wconf 88' lang='lat' dir='ltr'><strong>minantur</strong></span> <span class='ocrx_word' id='word_1_259' title='bbox 718 2543 1053 2603; x_wconf 88' lang='lat' dir='ltr'><strong>sententiam,</strong></span> <span class='ocrx_word' id='word_1_260' title='bbox 1084 2541 1484 2611; x_wconf 61' lang='lat' dir='ltr'><strong>pretiosissimae</strong></span> <span class='ocrx_word' id='word_1_261' title='bbox 1510 2540 1574 2593; x_wconf 91' lang='lat' dir='ltr'><strong>ad</strong></span> <span class='ocrx_word' id='word_1_262' title='bbox 1601 2540 1876 2594; x_wconf 72' lang='lat' dir='ltr'><strong>dexteram</strong></span> 
     </span>
    </p>
   </div>
   <div class='ocr_carea' id='block_1_33' title="bbox 295 2611 1881 2681">
    <p class='ocr_par' dir='ltr' id='par_1_33' title="bbox 295 2611 1881 2681">
     <span class='ocr_line' id='line_1_34' title="bbox 295 2611 1881 2681; baseline -0.003 -13"><span class='ocrx_word' id='word_1_263' title='bbox 295 2625 443 2668; x_wconf 83' lang='lat' dir='ltr'><strong>tuam</strong></span> <span class='ocrx_word' id='word_1_264' title='bbox 474 2612 825 2681; x_wconf 14' lang='lat' dir='ltr'><strong>consedentis,</strong></span> <span class='ocrx_word' id='word_1_265' title='bbox 848 2611 1010 2681; x_wconf 89' lang='lat' dir='ltr'><strong>prolis</strong></span> <span class='ocrx_word' id='word_1_266' title='bbox 1044 2612 1469 2681; x_wconf 72' lang='lat' dir='ltr'><strong>interpellatione</strong></span> <span class='ocrx_word' id='word_1_267' title='bbox 1495 2619 1734 2665; x_wconf 88' lang='lat' dir='ltr'><strong>restaura</strong></span> <span class='ocrx_word' id='word_1_268' title='bbox 1767 2611 1881 2679; x_wconf 80' lang='lat' dir='ltr'><strong>pla-</strong></span> 
     </span>
    </p>
   </div>
   <div class='ocr_carea' id='block_1_34' title="bbox 292 2680 1883 2751">
    <p class='ocr_par' dir='ltr' id='par_1_34' title="bbox 292 2680 1883 2751">
     <span class='ocr_line' id='line_1_35' title="bbox 292 2680 1883 2751; baseline -0.004 -11"><span class='ocrx_word' id='word_1_269' title='bbox 292 2695 446 2740; x_wconf 85' lang='lat' dir='ltr'><strong>catus</strong></span> <span class='ocrx_word' id='word_1_270' title='bbox 471 2684 537 2739; x_wconf 91' lang='lat' dir='ltr'><strong>ad</strong></span> <span class='ocrx_word' id='word_1_271' title='bbox 566 2685 747 2738; x_wconf 87' lang='lat' dir='ltr'><strong>vitam.</strong></span> <span class='ocrx_word' id='word_1_272' title='bbox 773 2680 940 2749; x_wconf 78' lang='lat' dir='ltr'><strong>Quem</strong></span> <span class='ocrx_word' id='word_1_273' title='bbox 961 2682 1101 2735; x_wconf 92' lang='lat' dir='ltr'><strong>enim</strong></span> <span class='ocrx_word' id='word_1_274' title='bbox 1126 2682 1285 2734; x_wconf 92' lang='lat' dir='ltr'><strong>alium</strong></span> <span class='ocrx_word' id='word_1_275' title='bbox 1313 2680 1541 2751; x_wconf 78' lang='lat' dir='ltr'><strong>dirigam</strong></span> <span class='ocrx_word' id='word_1_276' title='bbox 1566 2682 1883 2735; x_wconf 76' lang='lat' dir='ltr'><strong>interceSso-</strong></span> 
     </span>
    </p>
   </div>
   <div class='ocr_carea' id='block_1_35' title="bbox 294 2751 1885 2819">
    <p class='ocr_par' dir='ltr' id='par_1_35' title="bbox 294 2751 1885 2819">
     <span class='ocr_line' id='line_1_36' title="bbox 294 2751 1885 2819; baseline -0.005 -9"><span class='ocrx_word' id='word_1_277' title='bbox 294 2770 408 2810; x_wconf 81' lang='lat' dir='ltr'><strong>rem</strong></span> <span class='ocrx_word' id='word_1_278' title='bbox 432 2755 526 2809; x_wconf 90' lang='lat' dir='ltr'><strong>tibi</strong></span> <span class='ocrx_word' id='word_1_279' title='bbox 553 2753 732 2808; x_wconf 89' lang='lat' dir='ltr'><strong>nescio</strong></span> <span class='ocrx_word' id='word_1_280' title='bbox 756 2794 769 2814; x_wconf 87' lang='lat'><strong>,</strong></span> <span class='ocrx_word' id='word_1_281' title='bbox 801 2753 899 2806; x_wconf 78' lang='lat' dir='ltr'><strong>nisi</strong></span> <span class='ocrx_word' id='word_1_282' title='bbox 922 2751 1059 2805; x_wconf 91' lang='lat' dir='ltr'><strong>hunc</strong></span> <span class='ocrx_word' id='word_1_283' title='bbox 1079 2752 1167 2819; x_wconf 89' lang='lat' dir='ltr'><strong>qui</strong></span> <span class='ocrx_word' id='word_1_284' title='bbox 1197 2760 1276 2805; x_wconf 89' lang='lat' dir='ltr'><strong>est</strong></span> <span class='ocrx_word' id='word_1_285' title='bbox 1298 2751 1599 2819; x_wconf 88' lang='lat' dir='ltr'><strong>propitiatio</strong></span> <span class='ocrx_word' id='word_1_286' title='bbox 1636 2766 1729 2818; x_wconf 88' lang='lat' dir='ltr'><strong>pro</strong></span> <span class='ocrx_word' id='word_1_287' title='bbox 1760 2765 1885 2819; x_wconf 89' lang='lat' dir='ltr'><strong>pee-</strong></span> 
     </span>
    </p>
   </div>
   <div class='ocr_carea' id='block_1_36' title="bbox 295 2820 1883 2892">
    <p class='ocr_par' dir='ltr' id='par_1_36' title="bbox 295 2820 1883 2892">
     <span class='ocr_line' id='line_1_37' title="bbox 295 2820 1883 2892; baseline -0.003 -13"><span class='ocrx_word' id='word_1_288' title='bbox 295 2827 435 2879; x_wconf 88' lang='lat' dir='ltr'><strong>catis</strong></span> <span class='ocrx_word' id='word_1_289' title='bbox 472 2825 666 2878; x_wconf 89' lang='lat' dir='ltr'><strong>nostris</strong></span> <span class='ocrx_word' id='word_1_290' title='bbox 700 2821 932 2892; x_wconf 82' lang='lat' dir='ltr'><strong>(lJaau.</strong></span> <span class='ocrx_word' id='word_1_291' title='bbox 965 2837 1021 2884; x_wconf 89' lang='lat' dir='ltr'><strong>n,</strong></span> <span class='ocrx_word' id='word_1_292' title='bbox 1049 2820 1119 2892; x_wconf 77' lang='lat'><strong>2)</strong></span> <span class='ocrx_word' id='word_1_293' title='bbox 1144 2860 1159 2886; x_wconf 85' lang='lat'><strong>,</strong></span> <span class='ocrx_word' id='word_1_294' title='bbox 1203 2820 1292 2890; x_wconf 91' lang='lat' dir='ltr'><strong>qui</strong></span> <span class='ocrx_word' id='word_1_295' title='bbox 1321 2822 1470 2892; x_wconf 87' lang='lat' dir='ltr'><strong>sedet</strong></span> <span class='ocrx_word' id='word_1_296' title='bbox 1504 2821 1571 2875; x_wconf 91' lang='lat' dir='ltr'><strong>ad</strong></span> <span class='ocrx_word' id='word_1_297' title='bbox 1585 2820 1883 2892; x_wconf 26' lang='lat' dir='ltr'><strong>idexteram</strong></span> 
     </span>
    </p>
   </div>
   <div class='ocr_carea' id='block_1_37' title="bbox 297 2891 1881 2964">
    <p class='ocr_par' dir='ltr' id='par_1_37' title="bbox 297 2891 1881 2964">
     <span class='ocr_line' id='line_1_38' title="bbox 297 2891 1881 2964; baseline -0.003 -16"><span class='ocrx_word' id='word_1_298' title='bbox 297 2904 441 2949; x_wconf 87' lang='lat' dir='ltr'><strong>tuam</strong></span> <span class='ocrx_word' id='word_1_299' title='bbox 465 2936 481 2959; x_wconf 92' lang='lat'><strong>,</strong></span> <span class='ocrx_word' id='word_1_300' title='bbox 528 2896 617 2964; x_wconf 91' lang='lat' dir='ltr'><strong>qui</strong></span> <span class='ocrx_word' id='word_1_301' title='bbox 663 2891 820 2947; x_wconf 87' lang='lat' dir='ltr'><strong>etiam</strong></span> <span class='ocrx_word' id='word_1_302' title='bbox 853 2891 1154 2961; x_wconf 86' lang='lat' dir='ltr'><strong>interpellat</strong></span> <span class='ocrx_word' id='word_1_303' title='bbox 1181 2905 1275 2964; x_wconf 84' lang='lat' dir='ltr'><strong>pro</strong></span> <span class='ocrx_word' id='word_1_304' title='bbox 1302 2891 1456 2964; x_wconf 78' lang='lat' dir='ltr'><strong>nobis</strong></span> <span class='ocrx_word' id='word_1_305' title='bbox 1479 2892 1500 2923; x_wconf 81' lang='grc'>¹</span> <span class='ocrx_word' id='word_1_306' title='bbox 1536 2891 1719 2964; x_wconf 58' lang='lat' dir='ltr'><strong>(Roga.</strong></span> <span class='ocrx_word' id='word_1_307' title='bbox 1754 2906 1841 2944; x_wconf 83' lang='lat' dir='ltr'><strong>\‘lll</strong></span> <span class='ocrx_word' id='word_1_308' title='bbox 1862 2931 1881 2957; x_wconf 93' lang='lat'><strong>,</strong></span> 
     </span>
    </p>
   </div>
   <div class='ocr_carea' id='block_1_38' title="bbox 294 2960 1880 3037">
    <p class='ocr_par' dir='ltr' id='par_1_38' title="bbox 294 2960 1880 3037">
     <span class='ocr_line' id='line_1_39' title="bbox 294 2960 1880 3037; baseline -0.004 -18"><span class='ocrx_word' id='word_1_309' title='bbox 294 2965 367 3037; x_wconf 60' lang='lat' dir='ltr'><strong>iit</strong></span> <span class='ocrx_word' id='word_1_310' title='bbox 386 2964 425 3037; x_wconf 90' lang='lat'><strong>).</strong></span> <span class='ocrx_word' id='word_1_311' title='bbox 458 2960 927 3037; x_wconf 81' lang='lat' dir='ltr'><strong>Ecce__advocatus</strong></span> <span class='ocrx_word' id='word_1_312' title='bbox 956 2960 1107 3017; x_wconf 88' lang='lat' dir='ltr'><strong>meus</strong></span> <span class='ocrx_word' id='word_1_313' title='bbox 1129 2961 1270 3037; x_wconf 80' lang='lat' dir='ltr'><strong>apud</strong></span> <span class='ocrx_word' id='word_1_314' title='bbox 1299 2960 1626 3037; x_wconf 86' lang='lat' dir='ltr'><strong>te__Deumet</strong></span> <span class='ocrx_word' id='word_1_315' title='bbox 1649 2960 1880 3037; x_wconf 64' lang='lat' dir='ltr'><strong>Patrem2</strong></span> 
     </span>
    </p>
   </div>
   <div class='ocr_carea' id='block_1_39' title="bbox 296 3031 1881 3104">
    <p class='ocr_par' dir='ltr' id='par_1_39' title="bbox 296 3031 1881 3104">
     <span class='ocr_line' id='line_1_40' title="bbox 296 3031 1881 3104; baseline -0.004 -15"><span class='ocrx_word' id='word_1_316' title='bbox 296 3031 437 3089; x_wconf 81' lang='lat' dir='ltr'><strong>Ecce</strong></span> <span class='ocrx_word' id='word_1_317' title='bbox 464 3034 697 3104; x_wconf 83' lang='lat' dir='ltr'><strong>pontifex</strong></span> <span class='ocrx_word' id='word_1_318' title='bbox 736 3047 977 3087; x_wconf 91' lang='lat' dir='ltr'><strong>summus</strong></span> <span class='ocrx_word' id='word_1_319' title='bbox 998 3071 1013 3095; x_wconf 87' lang='lat'><strong>,</strong></span> <span class='ocrx_word' id='word_1_320' title='bbox 1040 3033 1141 3104; x_wconf 29' lang='lat' dir='ltr'><strong>Aqui</strong></span> <span class='ocrx_word' id='word_1_321' title='bbox 1166 3048 1271 3086; x_wconf 92' lang='lat' dir='ltr'><strong>non</strong></span> <span class='ocrx_word' id='word_1_322' title='bbox 1312 3032 1487 3086; x_wconf 89' lang='lat' dir='ltr'><strong>alieno</strong></span> <span class='ocrx_word' id='word_1_323' title='bbox 1515 3039 1635 3101; x_wconf 90' lang='lat' dir='ltr'><strong>eget</strong></span> <span class='ocrx_word' id='word_1_324' title='bbox 1679 3031 1881 3104; x_wconf 78' lang='lat' dir='ltr'><strong>expiari</strong></span> 
     </span>
    </p>
   </div>
   <div class='ocr_carea' id='block_1_40' title="bbox 295 3098 1883 3175">
    <p class='ocr_par' dir='ltr' id='par_1_40' title="bbox 295 3098 1883 3175">
     <span class='ocr_line' id='line_1_41' title="bbox 295 3098 1883 3175; baseline -0.001 -16"><span class='ocrx_word' id='word_1_325' title='bbox 295 3098 589 3175; x_wconf 79' lang='lat' dir='ltr'><strong>sanguine,</strong></span> <span class='ocrx_word' id='word_1_326' title='bbox 621 3104 996 3175; x_wconf 83' lang='lat' dir='ltr'><strong>quiaproprio</strong></span> <span class='ocrx_word' id='word_1_327' title='bbox 1036 3098 1199 3173; x_wconf 83' lang='lat' dir='ltr'><strong>fulget</strong></span> <span class='ocrx_word' id='word_1_328' title='bbox 1227 3104 1473 3175; x_wconf 76' lang='lat' dir='ltr'><strong>perfusus</strong></span> <span class='ocrx_word' id='word_1_329' title='bbox 1496 3098 1883 3175; x_wconf 72' lang='lat' dir='ltr'><strong>cruore._Eceb</strong></span> 
     </span>
    </p>
   </div>
   <div class='ocr_carea' id='block_1_41' title="bbox 296 3170 1883 3242">
    <p class='ocr_par' dir='ltr' id='par_1_41' title="bbox 296 3170 1883 3242">
     <span class='ocr_line' id='line_1_42' title="bbox 296 3170 1883 3242; baseline -0.003 -13"><span class='ocrx_word' id='word_1_330' title='bbox 296 3170 470 3229; x_wconf 72' lang='lat' dir='ltr'><strong>hostia</strong></span> <span class='ocrx_word' id='word_1_331' title='bbox 508 3170 691 3229; x_wconf 81' lang='lat' dir='ltr'><strong>sancta</strong></span> <span class='ocrx_word' id='word_1_332' title='bbox 713 3214 726 3235; x_wconf 89' lang='lat'><strong>.</strong></span> <span class='ocrx_word' id='word_1_333' title='bbox 760 3170 894 3228; x_wconf 79' lang='lat' dir='ltr'><strong>bene</strong></span> <span class='ocrx_word' id='word_1_334' title='bbox 928 3170 1141 3242; x_wconf 82' lang='lat' dir='ltr'><strong>placens</strong></span> <span class='ocrx_word' id='word_1_335' title='bbox 1174 3180 1229 3226; x_wconf 90' lang='lat' dir='ltr'><strong>et</strong></span> <span class='ocrx_word' id='word_1_336' title='bbox 1266 3171 1528 3241; x_wconf 88' lang='lat' dir='ltr'><strong>perfecta,</strong></span> <span class='ocrx_word' id='word_1_337' title='bbox 1561 3172 1614 3225; x_wconf 93' lang='lat' dir='ltr'><strong>in</strong></span> <span class='ocrx_word' id='word_1_338' title='bbox 1661 3170 1883 3242; x_wconf 83' lang='lat' dir='ltr'><strong>odorem</strong></span> 
     </span>
    </p>
   </div>
   <div class='ocr_carea' id='block_1_42' title="bbox 296 3239 1886 3312">
    <p class='ocr_par' dir='ltr' id='par_1_42' title="bbox 296 3239 1886 3312">
     <span class='ocr_line' id='line_1_43' title="bbox 296 3239 1886 3312; baseline -0.003 -15"><span class='ocrx_word' id='word_1_339' title='bbox 296 3246 574 3299; x_wconf 89' lang='lat' dir='ltr'><strong>suavitatis</strong></span> <span class='ocrx_word' id='word_1_340' title='bbox 614 3253 669 3299; x_wconf 90' lang='lat' dir='ltr'><strong>et</strong></span> <span class='ocrx_word' id='word_1_341' title='bbox 696 3245 870 3298; x_wconf 90' lang='lat' dir='ltr'><strong>oblata</strong></span> <span class='ocrx_word' id='word_1_342' title='bbox 897 3239 952 3298; x_wconf 80' lang='lat' dir='ltr'><strong>et</strong></span> <span class='ocrx_word' id='word_1_343' title='bbox 988 3252 1227 3310; x_wconf 85' lang='lat' dir='ltr'><strong>accepta.</strong></span> <span class='ocrx_word' id='word_1_344' title='bbox 1256 3239 1397 3312; x_wconf 68' lang='lat' dir='ltr'><strong>Ecce</strong></span> <span class='ocrx_word' id='word_1_345' title='bbox 1424 3256 1591 3312; x_wconf 82' lang='lat' dir='ltr'><strong>agnus</strong></span> <span class='ocrx_word' id='word_1_346' title='bbox 1630 3239 1745 3295; x_wconf 90' lang='lat' dir='ltr'><strong>sine</strong></span> <span class='ocrx_word' id='word_1_347' title='bbox 1772 3257 1886 3295; x_wconf 71' lang='lat' dir='ltr'><strong>ma.</strong></span> 
     </span>
    </p>
   </div>
   <div class='ocr_carea' id='block_1_43' title="bbox 295 3311 1882 3383">
    <p class='ocr_par' dir='ltr' id='par_1_43' title="bbox 295 3311 1882 3383">
     <span class='ocr_line' id='line_1_44' title="bbox 295 3311 1882 3383; baseline -0.004 -13"><span class='ocrx_word' id='word_1_348' title='bbox 295 3317 433 3381; x_wconf 81' lang='lat' dir='ltr'><strong>cuia,</strong></span> <span class='ocrx_word' id='word_1_349' title='bbox 454 3316 542 3383; x_wconf 92' lang='lat' dir='ltr'><strong>qui</strong></span> <span class='ocrx_word' id='word_1_350' title='bbox 570 3330 749 3370; x_wconf 89' lang='lat' dir='ltr'><strong>coram</strong></span> <span class='ocrx_word' id='word_1_351' title='bbox 775 3330 834 3369; x_wconf 89' lang='lat' dir='ltr'><strong>se</strong></span> <span class='ocrx_word' id='word_1_352' title='bbox 856 3314 1195 3368; x_wconf 91' lang='lat' dir='ltr'><strong>tondentibus</strong></span> <span class='ocrx_word' id='word_1_353' title='bbox 1218 3311 1648 3383; x_wconf 70' lang='lat' dir='ltr'><strong>obmutuitllszi.</strong></span> <span class='ocrx_word' id='word_1_354' title='bbox 1674 3326 1783 3383; x_wconf 69' lang='lat' dir='ltr'><strong>ian,</strong></span> <span class='ocrx_word' id='word_1_355' title='bbox 1805 3312 1882 3382; x_wconf 87' lang='lat'><strong>7),</strong></span> 
     </span>
    </p>
   </div>
   <div class='ocr_carea' id='block_1_44' title="bbox 296 3381 1883 3467">
    <p class='ocr_par' dir='ltr' id='par_1_44' title="bbox 296 3381 1883 3467">
     <span class='ocr_line' id='line_1_45' title="bbox 296 3381 1883 3467; baseline -0.004 -26"><span class='ocrx_word' id='word_1_356' title='bbox 296 3389 387 3455; x_wconf 89' lang='lat' dir='ltr'><strong>qui</strong></span> <span class='ocrx_word' id='word_1_357' title='bbox 427 3381 593 3455; x_wconf 83' lang='lat' dir='ltr'><strong>alapis</strong></span> <span class='ocrx_word' id='word_1_358' title='bbox 632 3399 850 3467; x_wconf 35' lang='lat' dir='ltr'><strong>caesus”</strong></span> <span class='ocrx_word' id='word_1_359' title='bbox 876 3383 1046 3467; x_wconf 71' lang='lat' dir='ltr'><strong>spuiis</strong></span> <span class='ocrx_word' id='word_1_360' title='bbox 1076 3384 1237 3464; x_wconf 78' lang='lat' dir='ltr'><strong>illitas</strong></span> <span class='ocrx_word' id='word_1_361' title='bbox 1262 3423 1275 3446; x_wconf 92' lang='lat'><strong>,</strong></span> <span class='ocrx_word' id='word_1_362' title='bbox 1315 3382 1614 3467; x_wconf 81' lang='lat' dir='ltr'><strong>opprobriis</strong></span> <span class='ocrx_word' id='word_1_363' title='bbox 1640 3381 1883 3467; x_wconf 68' lang='lat' dir='ltr'><strong>allectus,</strong></span> 
     </span>
    </p>
   </div>
   <div class='ocr_carea' id='block_1_45' title="bbox 296 3452 1882 3525">
    <p class='ocr_par' dir='ltr' id='par_1_45' title="bbox 296 3452 1882 3525">
     <span class='ocr_line' id='line_1_46' title="bbox 296 3452 1882 3525; baseline -0.003 -15"><span class='ocrx_word' id='word_1_364' title='bbox 296 3452 360 3510; x_wconf 86' lang='lat' dir='ltr'><strong>os</strong></span> <span class='ocrx_word' id='word_1_365' title='bbox 389 3452 543 3510; x_wconf 86' lang='lat' dir='ltr'><strong>suum</strong></span> <span class='ocrx_word' id='word_1_366' title='bbox 575 3471 680 3511; x_wconf 92' lang='lat' dir='ltr'><strong>non</strong></span> <span class='ocrx_word' id='word_1_367' title='bbox 718 3452 945 3525; x_wconf 64' lang='lat' dir='ltr'><strong>apct’uit.</strong></span> <span class='ocrx_word' id='word_1_368' title='bbox 976 3455 1111 3508; x_wconf 82' lang='lat' dir='ltr'><strong>Ecce</strong></span> <span class='ocrx_word' id='word_1_369' title='bbox 1145 3454 1234 3524; x_wconf 89' lang='lat' dir='ltr'><strong>qui</strong></span> <span class='ocrx_word' id='word_1_370' title='bbox 1273 3464 1548 3523; x_wconf 88' lang='lat' dir='ltr'><strong>peccatum</strong></span> <span class='ocrx_word' id='word_1_371' title='bbox 1590 3468 1694 3505; x_wconf 91' lang='lat' dir='ltr'><strong>non</strong></span> <span class='ocrx_word' id='word_1_372' title='bbox 1717 3452 1882 3525; x_wconf 65' lang='lat' dir='ltr'><strong>iecit,</strong></span> 
     </span>
    </p>
   </div>
   <div class='ocr_carea' id='block_1_46' title="bbox 296 3522 1885 3595">
    <p class='ocr_par' dir='ltr' id='par_1_46' title="bbox 296 3522 1885 3595">
     <span class='ocr_line' id='line_1_47' title="bbox 296 3522 1885 3595; baseline -0.003 -14"><span class='ocrx_word' id='word_1_373' title='bbox 296 3537 515 3595; x_wconf 82' lang='lat' dir='ltr'><strong>peccata</strong></span> <span class='ocrx_word' id='word_1_374' title='bbox 546 3542 662 3580; x_wconf 86' lang='lat' dir='ltr'><strong>mea</strong></span> <span class='ocrx_word' id='word_1_375' title='bbox 710 3522 958 3595; x_wconf 75' lang='lat' dir='ltr'><strong>pertulit,</strong></span> <span class='ocrx_word' id='word_1_376' title='bbox 998 3534 1051 3578; x_wconf 90' lang='lat' dir='ltr'><strong>et</strong></span> <span class='ocrx_word' id='word_1_377' title='bbox 1080 3522 1361 3595; x_wconf 80' lang='lat' dir='ltr'><strong>languores</strong></span> <span class='ocrx_word' id='word_1_378' title='bbox 1400 3538 1549 3579; x_wconf 88' lang='lat' dir='ltr'><strong>meos</strong></span> <span class='ocrx_word' id='word_1_379' title='bbox 1577 3536 1674 3577; x_wconf 91' lang='lat' dir='ltr'><strong>suo</strong></span> <span class='ocrx_word' id='word_1_380' title='bbox 1716 3522 1885 3577; x_wconf 86' lang='lat' dir='ltr'><strong>livore</strong></span> 
     </span>
    </p>
   </div>
   <div class='ocr_carea' id='block_1_47' title="bbox 298 3594 1129 3676">
    <p class='ocr_par' dir='ltr' id='par_1_47' title="bbox 298 3594 1129 3676">
     <span class='ocr_line' id='line_1_48' title="bbox 298 3594 1129 3676; baseline -0.001 1"><span class='ocrx_word' id='word_1_381' title='bbox 298 3594 601 3676; x_wconf 45' lang='lat' dir='ltr'><strong>aventu</strong></span> <span class='ocrx_word' id='word_1_382' title='bbox 636 3594 1129 3676; x_wconf 39' lang='lat' dir='ltr'><strong>Rev-“&quot;4131?-</strong></span> 
     </span>
    </p>
   </div>
   <div class='ocr_carea' id='block_1_48' title="bbox 370 3662 1884 3734">
    <p class='ocr_par' dir='ltr' id='par_1_48' title="bbox 370 3662 1884 3734">
     <span class='ocr_line' id='line_1_49' title="bbox 370 3662 1884 3734; baseline -0.003 -13"><span class='ocrx_word' id='word_1_383' title='bbox 370 3666 595 3722; x_wconf 77' lang='lat' dir='ltr'><strong>CAPUT</strong></span> <span class='ocrx_word' id='word_1_384' title='bbox 636 3667 722 3720; x_wconf 78' lang='lat' dir='ltr'><strong>Vl.</strong></span> <span class='ocrx_word' id='word_1_385' title='bbox 765 3664 945 3719; x_wconf 80' lang='lat' dir='ltr'><strong>Passio</strong></span> <span class='ocrx_word' id='word_1_386' title='bbox 971 3662 1096 3717; x_wconf 85' lang='lat' dir='ltr'><strong>Filii</strong></span> <span class='ocrx_word' id='word_1_387' title='bbox 1122 3672 1506 3733; x_wconf 68' lang='lat' dir='ltr'><strong>reprasentatar</strong></span> <span class='ocrx_word' id='word_1_388' title='bbox 1530 3662 1695 3716; x_wconf 85' lang='lat' dir='ltr'><strong>Patri.</strong></span> <span class='ocrx_word' id='word_1_389' title='bbox 1725 3663 1884 3734; x_wconf 84' lang='lat' dir='ltr'><strong>ASpi-</strong></span> 
     </span>
    </p>
   </div>
   <div class='ocr_carea' id='block_1_49' title="bbox 298 3735 1885 3806">
    <p class='ocr_par' dir='ltr' id='par_1_49' title="bbox 298 3735 1885 3806">
     <span class='ocr_line' id='line_1_50' title="bbox 298 3735 1885 3806; baseline -0.003 -16"><span class='ocrx_word' id='word_1_390' title='bbox 298 3752 401 3799; x_wconf 88' lang='lat' dir='ltr'><strong>ce,</strong></span> <span class='ocrx_word' id='word_1_391' title='bbox 451 3737 609 3792; x_wconf 88' lang='lat' dir='ltr'><strong>Pater</strong></span> <span class='ocrx_word' id='word_1_392' title='bbox 650 3736 765 3806; x_wconf 90' lang='lat' dir='ltr'><strong>pie,</strong></span> <span class='ocrx_word' id='word_1_393' title='bbox 810 3738 1103 3804; x_wconf 86' lang='lat' dir='ltr'><strong>piissimum</strong></span> <span class='ocrx_word' id='word_1_394' title='bbox 1141 3735 1328 3788; x_wconf 85' lang='lat' dir='ltr'><strong>Filium</strong></span> <span class='ocrx_word' id='word_1_395' title='bbox 1369 3750 1465 3803; x_wconf 90' lang='lat' dir='ltr'><strong>pro</strong></span> <span class='ocrx_word' id='word_1_396' title='bbox 1508 3744 1741 3806; x_wconf 74' lang='lat' dir='ltr'><strong>metam</strong></span> <span class='ocrx_word' id='word_1_397' title='bbox 1783 3735 1885 3787; x_wconf 81' lang='lat' dir='ltr'><strong>im-</strong></span> 
     </span>
    </p>
   </div>
   <div class='ocr_carea' id='block_1_50' title="bbox 304 3803 1880 3876">
    <p class='ocr_par' dir='ltr' id='par_1_50' title="bbox 304 3803 1880 3876">
     <span class='ocr_line' id='line_1_51' title="bbox 304 3803 1880 3876; baseline -0.002 -16"><span class='ocrx_word' id='word_1_398' title='bbox 304 3807 392 3876; x_wconf 87' lang='lat' dir='ltr'><strong>pia</strong></span> <span class='ocrx_word' id='word_1_399' title='bbox 420 3803 664 3876; x_wconf 64' lang='lat' dir='ltr'><strong>passumf</strong></span> <span class='ocrx_word' id='word_1_400' title='bbox 680 3803 924 3875; x_wconf 72' lang='lat' dir='ltr'><strong>Respice,</strong></span> <span class='ocrx_word' id='word_1_401' title='bbox 943 3805 1354 3859; x_wconf 90' lang='lat' dir='ltr'><strong>clementissime</strong></span> <span class='ocrx_word' id='word_1_402' title='bbox 1379 3806 1511 3869; x_wconf 77' lang='lat' dir='ltr'><strong>Rex,</strong></span> <span class='ocrx_word' id='word_1_403' title='bbox 1536 3803 1623 3876; x_wconf 87' lang='lat' dir='ltr'><strong>qui</strong></span> <span class='ocrx_word' id='word_1_404' title='bbox 1662 3805 1880 3876; x_wconf 87' lang='lat' dir='ltr'><strong>patitur,</strong></span> 
     </span>
    </p>
   </div>
   <div class='ocr_carea' id='block_1_51' title="bbox 300 3874 1887 3945">
    <p class='ocr_par' dir='ltr' id='par_1_51' title="bbox 300 3874 1887 3945">
     <span class='ocr_line' id='line_1_52' title="bbox 300 3874 1887 3945; baseline -0.001 -15"><span class='ocrx_word' id='word_1_405' title='bbox 300 3874 353 3931; x_wconf 71' lang='lat' dir='ltr'><strong>et</strong></span> <span class='ocrx_word' id='word_1_406' title='bbox 392 3874 738 3931; x_wconf 81' lang='lat' dir='ltr'><strong>reminiscere</strong></span> <span class='ocrx_word' id='word_1_407' title='bbox 778 3874 1038 3945; x_wconf 82' lang='lat' dir='ltr'><strong>benignus</strong></span> <span class='ocrx_word' id='word_1_408' title='bbox 1078 3890 1173 3943; x_wconf 90' lang='lat' dir='ltr'><strong>pro</strong></span> <span class='ocrx_word' id='word_1_409' title='bbox 1197 3890 1302 3944; x_wconf 89' lang='lat' dir='ltr'><strong>quo</strong></span> <span class='ocrx_word' id='word_1_410' title='bbox 1332 3876 1543 3943; x_wconf 87' lang='lat' dir='ltr'><strong>patitur.</strong></span> <span class='ocrx_word' id='word_1_411' title='bbox 1572 3874 1759 3929; x_wconf 87' lang='lat' dir='ltr'><strong>Nonne</strong></span> <span class='ocrx_word' id='word_1_412' title='bbox 1802 3874 1887 3929; x_wconf 84' lang='lat' dir='ltr'><strong>hic</strong></span> 
     </span>
    </p>
   </div>
   <div class='ocr_carea' id='block_1_52' title="bbox 300 3945 1885 4017">
    <p class='ocr_par' dir='ltr' id='par_1_52' title="bbox 300 3945 1885 4017">
     <span class='ocr_line' id='line_1_53' title="bbox 300 3945 1885 4017; baseline -0.002 -17"><span class='ocrx_word' id='word_1_413' title='bbox 300 3956 407 4017; x_wconf 84' lang='lat' dir='ltr'><strong>est,</strong></span> <span class='ocrx_word' id='word_1_414' title='bbox 432 3949 503 4001; x_wconf 92' lang='lat' dir='ltr'><strong>mi</strong></span> <span class='ocrx_word' id='word_1_415' title='bbox 532 3948 773 4017; x_wconf 83' lang='lat' dir='ltr'><strong>Domine,</strong></span> <span class='ocrx_word' id='word_1_416' title='bbox 806 3948 1060 4017; x_wconf 82' lang='lat' dir='ltr'><strong>innocens</strong></span> <span class='ocrx_word' id='word_1_417' title='bbox 1087 3946 1197 4017; x_wconf 72' lang='lat' dir='ltr'><strong>ilic,</strong></span> <span class='ocrx_word' id='word_1_418' title='bbox 1227 3960 1408 4017; x_wconf 86' lang='lat' dir='ltr'><strong>quem,</strong></span> <span class='ocrx_word' id='word_1_419' title='bbox 1434 3953 1492 3997; x_wconf 90' lang='lat' dir='ltr'><strong>ut</strong></span> <span class='ocrx_word' id='word_1_420' title='bbox 1511 3960 1722 4017; x_wconf 82' lang='lat' dir='ltr'><strong>servum</strong></span> <span class='ocrx_word' id='word_1_421' title='bbox 1747 3945 1885 4017; x_wconf 81' lang='lat' dir='ltr'><strong>redi-</strong></span> 
     </span>
    </p>
   </div>
   <div class='ocr_carea' id='block_1_53' title="bbox 300 4015 1888 4081">
    <p class='ocr_par' dir='ltr' id='par_1_53' title="bbox 300 4015 1888 4081">
     <span class='ocr_line' id='line_1_54' title="bbox 300 4015 1888 4081; baseline 0 -12"><span class='ocrx_word' id='word_1_422' title='bbox 300 4015 502 4081; x_wconf 80' lang='lat' dir='ltr'><strong>lnercs,</strong></span> <span class='ocrx_word' id='word_1_423' title='bbox 532 4016 724 4070; x_wconf 88' lang='lat' dir='ltr'><strong>Filium</strong></span> <span class='ocrx_word' id='word_1_424' title='bbox 766 4016 1065 4071; x_wconf 79' lang='lat' dir='ltr'><strong>tradidisti?</strong></span> <span class='ocrx_word' id='word_1_425' title='bbox 1109 4015 1373 4081; x_wconf 85' lang='lat' dir='ltr'><strong>Numquid</strong></span> <span class='ocrx_word' id='word_1_426' title='bbox 1410 4022 1597 4067; x_wconf 86' lang='lat' dir='ltr'><strong>auctor</strong></span> <span class='ocrx_word' id='word_1_427' title='bbox 1637 4016 1757 4067; x_wconf 71' lang='lat' dir='ltr'><strong>vita)</strong></span> <span class='ocrx_word' id='word_1_428' title='bbox 1804 4015 1888 4069; x_wconf 75' lang='lat' dir='ltr'><strong>llic</strong></span> 
     </span>
    </p>
   </div>
   <div class='ocr_carea' id='block_1_54' title="bbox 299 4083 1883 4156">
    <p class='ocr_par' dir='ltr' id='par_1_54' title="bbox 299 4083 1883 4156">
     <span class='ocr_line' id='line_1_55' title="bbox 299 4083 1883 4156; baseline -0.002 -16"><span class='ocrx_word' id='word_1_429' title='bbox 299 4095 408 4147; x_wconf 81' lang='lat' dir='ltr'><strong>est,</strong></span> <span class='ocrx_word' id='word_1_430' title='bbox 435 4088 525 4156; x_wconf 90' lang='lat' dir='ltr'><strong>qui</strong></span> <span class='ocrx_word' id='word_1_431' title='bbox 558 4097 615 4140; x_wconf 92' lang='lat' dir='ltr'><strong>ut</strong></span> <span class='ocrx_word' id='word_1_432' title='bbox 651 4089 767 4141; x_wconf 91' lang='lat' dir='ltr'><strong>ovis</strong></span> <span class='ocrx_word' id='word_1_433' title='bbox 805 4086 870 4141; x_wconf 89' lang='lat' dir='ltr'><strong>ad</strong></span> <span class='ocrx_word' id='word_1_434' title='bbox 900 4086 1220 4140; x_wconf 80' lang='lat' dir='ltr'><strong>occisionem</strong></span> <span class='ocrx_word' id='word_1_435' title='bbox 1248 4083 1440 4138; x_wconf 88' lang='lat' dir='ltr'><strong>ductus</strong></span> <span class='ocrx_word' id='word_1_436' title='bbox 1461 4083 1613 4156; x_wconf 80' lang='lat' dir='ltr'><strong>(Isai.</strong></span> <span class='ocrx_word' id='word_1_437' title='bbox 1654 4100 1762 4156; x_wconf 76' lang='lat' dir='ltr'><strong>un,</strong></span> <span class='ocrx_word' id='word_1_438' title='bbox 1790 4085 1883 4153; x_wconf 85' lang='lat'><strong>7),</strong></span> 
     </span>
    </p>
   </div>
   <div class='ocr_carea' id='block_1_55' title="bbox 301 4153 1882 4226">
    <p class='ocr_par' dir='ltr' id='par_1_55' title="bbox 301 4153 1882 4226">
     <span class='ocr_line' id='line_1_56' title="bbox 301 4153 1882 4226; baseline 0 -17"><span class='ocrx_word' id='word_1_439' title='bbox 301 4153 506 4226; x_wconf 84' lang='lat' dir='ltr'><strong>tibique</strong></span> <span class='ocrx_word' id='word_1_440' title='bbox 521 4157 779 4212; x_wconf 84' lang='lat' dir='ltr'><strong>obed.ens</strong></span> <span class='ocrx_word' id='word_1_441' title='bbox 800 4172 966 4225; x_wconf 89' lang='lat' dir='ltr'><strong>usque</strong></span> <span class='ocrx_word' id='word_1_442' title='bbox 985 4156 1050 4209; x_wconf 90' lang='lat' dir='ltr'><strong>ad</strong></span> <span class='ocrx_word' id='word_1_443' title='bbox 1077 4164 1300 4209; x_wconf 90' lang='lat' dir='ltr'><strong>mortem</strong></span> <span class='ocrx_word' id='word_1_444' title='bbox 1347 4157 1515 4208; x_wconf 86' lang='lat' dir='ltr'><strong>factus</strong></span> <span class='ocrx_word' id='word_1_445' title='bbox 1542 4153 1798 4226; x_wconf 48' lang='lat' dir='ltr'><strong>(Philipp:</strong></span> <span class='ocrx_word' id='word_1_446' title='bbox 1826 4171 1882 4220; x_wconf 86' lang='grc' dir='ltr'>ιι,</span> 
     </span>
    </p>
   </div>
   <div class='ocr_carea' id='block_1_56' title="bbox 298 4224 1885 4295">
    <p class='ocr_par' dir='ltr' id='par_1_56' title="bbox 298 4224 1885 4295">
     <span class='ocr_line' id='line_1_57' title="bbox 298 4224 1885 4295; baseline -0.001 -15"><span class='ocrx_word' id='word_1_447' title='bbox 298 4227 337 4280; x_wconf 84' lang='grc'>8</span> <span class='ocrx_word' id='word_1_448' title='bbox 358 4228 401 4295; x_wconf 89' lang='lat'><strong>),</strong></span> <span class='ocrx_word' id='word_1_449' title='bbox 422 4224 785 4281; x_wconf 74' lang='lat' dir='ltr'><strong>atrociSsimae</strong></span> <span class='ocrx_word' id='word_1_450' title='bbox 824 4224 928 4279; x_wconf 87' lang='lat' dir='ltr'><strong>non</strong></span> <span class='ocrx_word' id='word_1_451' title='bbox 958 4227 1131 4280; x_wconf 90' lang='lat' dir='ltr'><strong>timuit</strong></span> <span class='ocrx_word' id='word_1_452' title='bbox 1159 4227 1301 4279; x_wconf 86' lang='lat' dir='ltr'><strong>necis</strong></span> <span class='ocrx_word' id='word_1_453' title='bbox 1327 4226 1505 4279; x_wconf 89' lang='lat' dir='ltr'><strong>subire</strong></span> <span class='ocrx_word' id='word_1_454' title='bbox 1529 4224 1742 4292; x_wconf 85' lang='lat' dir='ltr'><strong>genus?</strong></span> <span class='ocrx_word' id='word_1_455' title='bbox 1778 4224 1885 4279; x_wconf 82' lang='lat' dir='ltr'><strong>Re-</strong></span> 
     </span>
    </p>
   </div>
   <div class='ocr_carea' id='block_1_57' title="bbox 300 4296 1883 4366">
    <p class='ocr_par' dir='ltr' id='par_1_57' title="bbox 300 4296 1883 4366">
     <span class='ocr_line' id='line_1_58' title="bbox 300 4296 1883 4366; baseline 0 -16"><span class='ocrx_word' id='word_1_456' title='bbox 300 4298 441 4360; x_wconf 86' lang='lat' dir='ltr'><strong>cole,</strong></span> <span class='ocrx_word' id='word_1_457' title='bbox 471 4297 632 4350; x_wconf 90' lang='lat' dir='ltr'><strong>totius</strong></span> <span class='ocrx_word' id='word_1_458' title='bbox 658 4298 842 4350; x_wconf 86' lang='lat' dir='ltr'><strong>salutis</strong></span> <span class='ocrx_word' id='word_1_459' title='bbox 869 4297 1177 4364; x_wconf 70' lang='lat' dir='ltr'><strong>di5|l08il0r,</strong></span> <span class='ocrx_word' id='word_1_460' title='bbox 1201 4298 1321 4366; x_wconf 89' lang='lat' dir='ltr'><strong>quia</strong></span> <span class='ocrx_word' id='word_1_461' title='bbox 1353 4296 1439 4349; x_wconf 87' lang='lat' dir='ltr'><strong>hic</strong></span> <span class='ocrx_word' id='word_1_462' title='bbox 1462 4297 1572 4363; x_wconf 89' lang='lat' dir='ltr'><strong>ipse</strong></span> <span class='ocrx_word' id='word_1_463' title='bbox 1594 4306 1696 4356; x_wconf 82' lang='lat' dir='ltr'><strong>est,</strong></span> <span class='ocrx_word' id='word_1_464' title='bbox 1727 4311 1883 4363; x_wconf 89' lang='lat' dir='ltr'><strong>quem</strong></span> 
     </span>
    </p>
   </div>
   <div class='ocr_carea' id='block_1_58' title="bbox 300 4366 1886 4435">
    <p class='ocr_par' dir='ltr' id='par_1_58' title="bbox 300 4366 1886 4435">
     <span class='ocr_line' id='line_1_59' title="bbox 300 4366 1886 4435; baseline 0 -14"><span class='ocrx_word' id='word_1_465' title='bbox 300 4368 403 4421; x_wconf 85' lang='lat' dir='ltr'><strong>etsi</strong></span> <span class='ocrx_word' id='word_1_466' title='bbox 441 4375 527 4420; x_wconf 85' lang='lat' dir='ltr'><strong>tua</strong></span> <span class='ocrx_word' id='word_1_467' title='bbox 553 4366 574 4398; x_wconf 85' lang='grc'><em>³</em></span> <span class='ocrx_word' id='word_1_468' title='bbox 605 4383 670 4421; x_wconf 82' lang='lat' dir='ltr'><strong>ex</strong></span> <span class='ocrx_word' id='word_1_469' title='bbox 696 4367 892 4421; x_wconf 88' lang='lat' dir='ltr'><strong>virtute</strong></span> <span class='ocrx_word' id='word_1_470' title='bbox 919 4368 1166 4435; x_wconf 82' lang='lat' dir='ltr'><strong>genuisti,</strong></span> <span class='ocrx_word' id='word_1_471' title='bbox 1194 4382 1326 4419; x_wconf 67' lang='lat' dir='ltr'><strong>mete</strong></span> <span class='ocrx_word' id='word_1_472' title='bbox 1357 4376 1531 4419; x_wconf 86' lang='lat' dir='ltr'><strong>tamen</strong></span> <span class='ocrx_word' id='word_1_473' title='bbox 1566 4366 1886 4421; x_wconf 79' lang='lat' dir='ltr'><strong>inﬁrmitatis</strong></span> 
     </span>
    </p>
   </div>
   <div class='ocr_carea' id='block_1_59' title="bbox 300 4435 1883 4506">
    <p class='ocr_par' dir='ltr' id='par_1_59' title="bbox 300 4435 1883 4506">
     <span class='ocr_line' id='line_1_60' title="bbox 300 4435 1883 4506; baseline 0.001 -18"><span class='ocrx_word' id='word_1_474' title='bbox 300 4438 616 4506; x_wconf 88' lang='lat' dir='ltr'><strong>participem</strong></span> <span class='ocrx_word' id='word_1_475' title='bbox 661 4438 772 4491; x_wconf 82' lang='lat' dir='ltr'><strong>fieri</strong></span> <span class='ocrx_word' id='word_1_476' title='bbox 814 4438 1045 4490; x_wconf 89' lang='lat' dir='ltr'><strong>voluisti.</strong></span> <span class='ocrx_word' id='word_1_477' title='bbox 1093 4437 1228 4491; x_wconf 85' lang='lat' dir='ltr'><strong>Vere</strong></span> <span class='ocrx_word' id='word_1_478' title='bbox 1276 4437 1390 4490; x_wconf 70' lang='lat' dir='ltr'><strong>lucc</strong></span> <span class='ocrx_word' id='word_1_479' title='bbox 1424 4444 1504 4489; x_wconf 90' lang='lat' dir='ltr'><strong>est</strong></span> <span class='ocrx_word' id='word_1_480' title='bbox 1545 4444 1630 4490; x_wconf 90' lang='lat' dir='ltr'><strong>tua</strong></span> <span class='ocrx_word' id='word_1_481' title='bbox 1672 4435 1883 4501; x_wconf 87' lang='lat' dir='ltr'><strong>deitas,</strong></span> 
     </span>
    </p>
   </div>
   <div class='ocr_carea' id='block_1_60' title="bbox 301 4506 1884 4576">
    <p class='ocr_par' dir='ltr' id='par_1_60' title="bbox 301 4506 1884 4576">
     <span class='ocr_line' id='line_1_61' title="bbox 301 4506 1884 4576; baseline 0 -17"><span class='ocrx_word' id='word_1_482' title='bbox 301 4522 426 4576; x_wconf 83' lang='lat' dir='ltr'><strong>qu:e</strong></span> <span class='ocrx_word' id='word_1_483' title='bbox 444 4523 613 4561; x_wconf 86' lang='lat' dir='ltr'><strong>meam</strong></span> <span class='ocrx_word' id='word_1_484' title='bbox 636 4508 816 4561; x_wconf 89' lang='lat' dir='ltr'><strong>induta</strong></span> <span class='ocrx_word' id='word_1_485' title='bbox 834 4517 1099 4569; x_wconf 88' lang='lat' dir='ltr'><strong>naturam,</strong></span> <span class='ocrx_word' id='word_1_486' title='bbox 1117 4508 1292 4561; x_wconf 90' lang='lat' dir='ltr'><strong>crucis</strong></span> <span class='ocrx_word' id='word_1_487' title='bbox 1313 4507 1553 4561; x_wconf 85' lang='lat' dir='ltr'><strong>ascendit</strong></span> <span class='ocrx_word' id='word_1_488' title='bbox 1571 4506 1884 4574; x_wconf 84' lang='lat' dir='ltr'><strong>patibulum,</strong></span> 
     </span>
    </p>
   </div>
   <div class='ocr_carea' id='block_1_61' title="bbox 299 4576 1883 4646">
    <p class='ocr_par' dir='ltr' id='par_1_61' title="bbox 299 4576 1883 4646">
     <span class='ocr_line' id='line_1_62' title="bbox 299 4576 1883 4646; baseline 0.001 -17"><span class='ocrx_word' id='word_1_489' title='bbox 299 4592 423 4644; x_wconf 70' lang='lat' dir='ltr'><strong>(pne</strong></span> <span class='ocrx_word' id='word_1_490' title='bbox 448 4578 496 4630; x_wconf 91' lang='lat' dir='ltr'><strong>iu</strong></span> <span class='ocrx_word' id='word_1_491' title='bbox 520 4586 786 4646; x_wconf 87' lang='lat' dir='ltr'><strong>assumpta</strong></span> <span class='ocrx_word' id='word_1_492' title='bbox 813 4592 974 4631; x_wconf 88' lang='lat' dir='ltr'><strong>carne</strong></span> <span class='ocrx_word' id='word_1_493' title='bbox 1000 4579 1150 4631; x_wconf 89' lang='lat' dir='ltr'><strong>triste</strong></span> <span class='ocrx_word' id='word_1_494' title='bbox 1177 4578 1291 4629; x_wconf 87' lang='lat' dir='ltr'><strong>tulit</strong></span> <span class='ocrx_word' id='word_1_495' title='bbox 1314 4576 1652 4644; x_wconf 89' lang='lat' dir='ltr'><strong>supplicium.</strong></span> <span class='ocrx_word' id='word_1_496' title='bbox 1682 4576 1883 4641; x_wconf 77' lang='lat' dir='ltr'><strong>Reduc,</strong></span> 
     </span>
    </p>
   </div>
   <div class='ocr_carea' id='block_1_62' title="bbox 306 4646 1887 4714">
    <p class='ocr_par' dir='ltr' id='par_1_62' title="bbox 306 4646 1887 4714">
     <span class='ocr_line' id='line_1_63' title="bbox 306 4646 1887 4714; baseline 0 -15"><span class='ocrx_word' id='word_1_497' title='bbox 306 4647 532 4700; x_wconf 84' lang='lat' dir='ltr'><strong>Domine</strong></span> <span class='ocrx_word' id='word_1_498' title='bbox 562 4648 698 4712; x_wconf 82' lang='lat' dir='ltr'><strong>Deus</strong></span> <span class='ocrx_word' id='word_1_499' title='bbox 725 4663 895 4713; x_wconf 90' lang='lat' dir='ltr'><strong>meus,</strong></span> <span class='ocrx_word' id='word_1_500' title='bbox 921 4648 1108 4702; x_wconf 86' lang='lat' dir='ltr'><strong>oculos</strong></span> <span class='ocrx_word' id='word_1_501' title='bbox 1128 4646 1421 4714; x_wconf 74' lang='lat' dir='ltr'><strong>maiestatis</strong></span> <span class='ocrx_word' id='word_1_502' title='bbox 1448 4655 1551 4699; x_wconf 74' lang='lat' dir='ltr'><strong>luce</strong></span> <span class='ocrx_word' id='word_1_503' title='bbox 1572 4660 1733 4713; x_wconf 87' lang='lat' dir='ltr'><strong>super</strong></span> <span class='ocrx_word' id='word_1_504' title='bbox 1754 4660 1887 4713; x_wconf 87' lang='lat' dir='ltr'><strong>opus</strong></span> 
     </span>
    </p>
   </div>
   <div class='ocr_carea' id='block_1_63' title="bbox 301 4717 1889 4785">
    <p class='ocr_par' dir='ltr' id='par_1_63' title="bbox 301 4717 1889 4785">
     <span class='ocr_line' id='line_1_64' title="bbox 301 4717 1889 4785; baseline -0.002 -15"><span class='ocrx_word' id='word_1_505' title='bbox 301 4717 587 4770; x_wconf 86' lang='lat' dir='ltr'><strong>ineﬂ&#39;abilis</strong></span> <span class='ocrx_word' id='word_1_506' title='bbox 625 4720 851 4785; x_wconf 88' lang='lat' dir='ltr'><strong>pietatis.</strong></span> <span class='ocrx_word' id='word_1_507' title='bbox 899 4718 1107 4772; x_wconf 91' lang='lat' dir='ltr'><strong>Intuere</strong></span> <span class='ocrx_word' id='word_1_508' title='bbox 1135 4717 1343 4771; x_wconf 79' lang='lat' dir='ltr'><strong>dulcem</strong></span> <span class='ocrx_word' id='word_1_509' title='bbox 1403 4726 1583 4769; x_wconf 89' lang='lat' dir='ltr'><strong>uatum</strong></span> <span class='ocrx_word' id='word_1_510' title='bbox 1623 4726 1733 4769; x_wconf 88' lang='lat' dir='ltr'><strong>toto</strong></span> <span class='ocrx_word' id='word_1_511' title='bbox 1768 4732 1889 4770; x_wconf 87' lang='lat' dir='ltr'><strong>cor-</strong></span> 
     </span>
    </p>
   </div>
   <div class='ocr_carea' id='block_1_64' title="bbox 305 4786 1889 4856">
    <p class='ocr_par' dir='ltr' id='par_1_64' title="bbox 305 4786 1889 4856">
     <span class='ocr_line' id='line_1_65' title="bbox 305 4786 1889 4856; baseline 0.001 -17"><span class='ocrx_word' id='word_1_512' title='bbox 305 4802 437 4856; x_wconf 84' lang='lat' dir='ltr'><strong>pore</strong></span> <span class='ocrx_word' id='word_1_513' title='bbox 464 4798 769 4850; x_wconf 82' lang='lat' dir='ltr'><strong>extensum,</strong></span> <span class='ocrx_word' id='word_1_514' title='bbox 817 4802 977 4843; x_wconf 87' lang='lat' dir='ltr'><strong>cerne</strong></span> <span class='ocrx_word' id='word_1_515' title='bbox 1006 4804 1196 4841; x_wconf 89' lang='lat' dir='ltr'><strong>manus</strong></span> <span class='ocrx_word' id='word_1_516' title='bbox 1226 4786 1467 4839; x_wconf 74' lang='lat' dir='ltr'><strong>innoxios</strong></span> <span class='ocrx_word' id='word_1_517' title='bbox 1496 4787 1580 4853; x_wconf 90' lang='lat' dir='ltr'><strong>pio</strong></span> <span class='ocrx_word' id='word_1_518' title='bbox 1611 4795 1889 4840; x_wconf 85' lang='lat' dir='ltr'><strong>manantes</strong></span> 
     </span>
    </p>
   </div>
   <div class='ocr_carea' id='block_1_65' title="bbox 303 4857 1889 4926">
    <p class='ocr_par' dir='ltr' id='par_1_65' title="bbox 303 4857 1889 4926">
     <span class='ocr_line' id='line_1_66' title="bbox 303 4857 1889 4926; baseline 0.001 -18"><span class='ocrx_word' id='word_1_519' title='bbox 303 4858 599 4926; x_wconf 87' lang='lat' dir='ltr'><strong>sanguine;</strong></span> <span class='ocrx_word' id='word_1_520' title='bbox 647 4868 700 4912; x_wconf 91' lang='lat' dir='ltr'><strong>et</strong></span> <span class='ocrx_word' id='word_1_521' title='bbox 730 4860 941 4912; x_wconf 89' lang='lat' dir='ltr'><strong>remitte</strong></span> <span class='ocrx_word' id='word_1_522' title='bbox 979 4860 1215 4926; x_wconf 87' lang='lat' dir='ltr'><strong>placatus</strong></span> <span class='ocrx_word' id='word_1_523' title='bbox 1250 4857 1450 4911; x_wconf 78' lang='lat' dir='ltr'><strong>scelera</strong></span> <span class='ocrx_word' id='word_1_524' title='bbox 1491 4870 1609 4925; x_wconf 75' lang='lat' dir='ltr'><strong>qua:</strong></span> <span class='ocrx_word' id='word_1_525' title='bbox 1642 4865 1889 4923; x_wconf 71' lang='lat' dir='ltr'><strong>pati-ave-</strong></span> 
     </span>
    </p>
   </div>
   <div class='ocr_carea' id='block_1_66' title="bbox 303 4926 1887 4993">
    <p class='ocr_par' dir='ltr' id='par_1_66' title="bbox 303 4926 1887 4993">
     <span class='ocr_line' id='line_1_67' title="bbox 303 4926 1887 4993; baseline -0.001 -12"><span class='ocrx_word' id='word_1_526' title='bbox 303 4937 434 4981; x_wconf 85' lang='lat' dir='ltr'><strong>runt</strong></span> <span class='ocrx_word' id='word_1_527' title='bbox 455 4942 640 4980; x_wconf 87' lang='lat' dir='ltr'><strong>manus</strong></span> <span class='ocrx_word' id='word_1_528' title='bbox 661 4944 812 4982; x_wconf 69' lang='lat' dir='ltr'><strong>mese.</strong></span> <span class='ocrx_word' id='word_1_529' title='bbox 837 4929 1125 4981; x_wconf 77' lang='lat' dir='ltr'><strong>Considera</strong></span> <span class='ocrx_word' id='word_1_530' title='bbox 1155 4928 1356 4982; x_wconf 86' lang='lat' dir='ltr'><strong>inerme</strong></span> <span class='ocrx_word' id='word_1_531' title='bbox 1376 4928 1509 4980; x_wconf 85' lang='lat' dir='ltr'><strong>latus</strong></span> <span class='ocrx_word' id='word_1_532' title='bbox 1530 4926 1732 4980; x_wconf 82' lang='lat' dir='ltr'><strong>crudeli</strong></span> <span class='ocrx_word' id='word_1_533' title='bbox 1763 4942 1887 4993; x_wconf 87' lang='lat' dir='ltr'><strong>per-</strong></span> 
     </span>
    </p>
   </div>
   <div class='ocr_carea' id='block_1_67' title="bbox 306 4997 1886 5066">
    <p class='ocr_par' dir='ltr' id='par_1_67' title="bbox 306 4997 1886 5066">
     <span class='ocr_line' id='line_1_68' title="bbox 306 4997 1886 5066; baseline 0 -17"><span class='ocrx_word' id='word_1_534' title='bbox 306 4997 511 5050; x_wconf 86' lang='lat' dir='ltr'><strong>fossum</strong></span> <span class='ocrx_word' id='word_1_535' title='bbox 538 5000 789 5066; x_wconf 80' lang='lat' dir='ltr'><strong>cuspide;</strong></span> <span class='ocrx_word' id='word_1_536' title='bbox 814 5008 868 5052; x_wconf 92' lang='lat' dir='ltr'><strong>et</strong></span> <span class='ocrx_word' id='word_1_537' title='bbox 891 5012 1085 5051; x_wconf 89' lang='lat' dir='ltr'><strong>reuova</strong></span> <span class='ocrx_word' id='word_1_538' title='bbox 1114 5014 1200 5051; x_wconf 87' lang='lat' dir='ltr'><strong>me</strong></span> <span class='ocrx_word' id='word_1_539' title='bbox 1225 5005 1584 5051; x_wconf 87' lang='lat' dir='ltr'><strong>sacro-saneto</strong></span> <span class='ocrx_word' id='word_1_540' title='bbox 1607 4998 1751 5050; x_wconf 80' lang='lat' dir='ltr'><strong>l‘onte</strong></span> <span class='ocrx_word' id='word_1_541' title='bbox 1776 4997 1886 5061; x_wconf 92' lang='lat' dir='ltr'><strong>illo,</strong></span> 
     </span>
    </p>
   </div>
   <div class='ocr_carea' id='block_1_68' title="bbox 303 5067 1885 5137">
    <p class='ocr_par' dir='ltr' id='par_1_68' title="bbox 303 5067 1885 5137">
     <span class='ocr_line' id='line_1_69' title="bbox 303 5067 1885 5137; baseline 0.001 -20"><span class='ocrx_word' id='word_1_542' title='bbox 303 5082 466 5136; x_wconf 92' lang='lat' dir='ltr'><strong>quem</strong></span> <span class='ocrx_word' id='word_1_543' title='bbox 512 5068 635 5122; x_wconf 88' lang='lat' dir='ltr'><strong>inde</strong></span> <span class='ocrx_word' id='word_1_544' title='bbox 663 5070 876 5123; x_wconf 75' lang='lat' dir='ltr'><strong>ﬂuxisse</strong></span> <span class='ocrx_word' id='word_1_545' title='bbox 905 5068 1086 5122; x_wconf 88' lang='lat' dir='ltr'><strong>credo.</strong></span> <span class='ocrx_word' id='word_1_546' title='bbox 1122 5067 1249 5120; x_wconf 69' lang='lat' dir='ltr'><strong>Vide</strong></span> <span class='ocrx_word' id='word_1_547' title='bbox 1278 5067 1610 5120; x_wconf 90' lang='lat' dir='ltr'><strong>immaculata</strong></span> <span class='ocrx_word' id='word_1_548' title='bbox 1642 5067 1885 5137; x_wconf 83' lang='lat' dir='ltr'><strong>vestigia,</strong></span> 
     </span>
    </p>
   </div>
   <div class='ocr_carea' id='block_1_69' title="bbox 303 5135 1888 5208">
    <p class='ocr_par' dir='ltr' id='par_1_69' title="bbox 303 5135 1888 5208">
     <span class='ocr_line' id='line_1_70' title="bbox 303 5135 1888 5208; baseline 0 -19"><span class='ocrx_word' id='word_1_549' title='bbox 303 5135 427 5205; x_wconf 69' lang='lat' dir='ltr'><strong>qua:</strong></span> <span class='ocrx_word' id='word_1_550' title='bbox 455 5152 559 5191; x_wconf 92' lang='lat' dir='ltr'><strong>non</strong></span> <span class='ocrx_word' id='word_1_551' title='bbox 586 5147 850 5193; x_wconf 89' lang='lat' dir='ltr'><strong>steterunt</strong></span> <span class='ocrx_word' id='word_1_552' title='bbox 878 5140 928 5191; x_wconf 91' lang='lat' dir='ltr'><strong>in</strong></span> <span class='ocrx_word' id='word_1_553' title='bbox 956 5139 1039 5192; x_wconf 88' lang='lat' dir='ltr'><strong>via</strong></span> <span class='ocrx_word' id='word_1_554' title='bbox 1073 5147 1413 5208; x_wconf 84' lang='lat' dir='ltr'><strong>peccatorum</strong></span> <span class='ocrx_word' id='word_1_555' title='bbox 1431 5136 1602 5208; x_wconf 80' lang='lat' dir='ltr'><strong>(l’sal.</strong></span> <span class='ocrx_word' id='word_1_556' title='bbox 1631 5152 1666 5200; x_wconf 84' lang='grc' dir='ltr'>ι,</span> <span class='ocrx_word' id='word_1_557' title='bbox 1694 5135 1769 5208; x_wconf 86' lang='lat' dir='ltr'><strong>l),</strong></span> <span class='ocrx_word' id='word_1_558' title='bbox 1792 5135 1888 5189; x_wconf 73' lang='lat' dir='ltr'><strong>Sed</strong></span> 
     </span>
    </p>
   </div>
   <div class='ocr_carea' id='block_1_70' title="bbox 302 5206 1887 5278">
    <p class='ocr_par' dir='ltr' id='par_1_70' title="bbox 302 5206 1887 5278">
     <span class='ocr_line' id='line_1_71' title="bbox 302 5206 1887 5278; baseline -0.003 -17"><span class='ocrx_word' id='word_1_559' title='bbox 302 5223 523 5278; x_wconf 86' lang='lat' dir='ltr'><strong>semper</strong></span> <span class='ocrx_word' id='word_1_560' title='bbox 542 5209 945 5263; x_wconf 89' lang='lat' dir='ltr'><strong>ambulaverunt</strong></span> <span class='ocrx_word' id='word_1_561' title='bbox 965 5210 1015 5261; x_wconf 92' lang='lat' dir='ltr'><strong>in</strong></span> <span class='ocrx_word' id='word_1_562' title='bbox 1046 5209 1160 5277; x_wconf 88' lang='lat' dir='ltr'><strong>lege</strong></span> <span class='ocrx_word' id='word_1_563' title='bbox 1188 5216 1294 5268; x_wconf 86' lang='lat' dir='ltr'><strong>tua,</strong></span> <span class='ocrx_word' id='word_1_564' title='bbox 1319 5207 1450 5278; x_wconf 85' lang='lat' dir='ltr'><strong>diris</strong></span> <span class='ocrx_word' id='word_1_565' title='bbox 1474 5206 1679 5278; x_wconf 67' lang='lat' dir='ltr'><strong>conlisa</strong></span> <span class='ocrx_word' id='word_1_566' title='bbox 1702 5206 1887 5278; x_wconf 79' lang='lat' dir='ltr'><strong>clavis;</strong></span> 
     </span>
    </p>
   </div>
   <div class='ocr_carea' id='block_1_71' title="bbox 302 5275 1891 5348">
    <p class='ocr_par' dir='ltr' id='par_1_71' title="bbox 302 5275 1891 5348">
     <span class='ocr_line' id='line_1_72' title="bbox 302 5275 1891 5348; baseline 0 -18"><span class='ocrx_word' id='word_1_567' title='bbox 302 5286 364 5348; x_wconf 85' lang='lat' dir='ltr'><strong>et</strong></span> <span class='ocrx_word' id='word_1_568' title='bbox 388 5275 580 5348; x_wconf 77' lang='lat' dir='ltr'><strong>perﬁce</strong></span> <span class='ocrx_word' id='word_1_569' title='bbox 605 5294 823 5348; x_wconf 89' lang='lat' dir='ltr'><strong>gressus</strong></span> <span class='ocrx_word' id='word_1_570' title='bbox 853 5294 1002 5333; x_wconf 89' lang='lat' dir='ltr'><strong>meos</strong></span> <span class='ocrx_word' id='word_1_571' title='bbox 1031 5280 1081 5332; x_wconf 94' lang='lat' dir='ltr'><strong>iu</strong></span> <span class='ocrx_word' id='word_1_572' title='bbox 1102 5275 1329 5348; x_wconf 36' lang='lat' dir='ltr'><strong>“semitis</strong></span> <span class='ocrx_word' id='word_1_573' title='bbox 1360 5277 1462 5331; x_wconf 87' lang='lat' dir='ltr'><strong>tuis</strong></span> <span class='ocrx_word' id='word_1_574' title='bbox 1481 5318 1495 5337; x_wconf 90' lang='lat'><strong>,</strong></span> <span class='ocrx_word' id='word_1_575' title='bbox 1537 5276 1724 5348; x_wconf 84' lang='lat' dir='ltr'><strong>facquc</strong></span> <span class='ocrx_word' id='word_1_576' title='bbox 1766 5275 1891 5348; x_wconf 87' lang='lat' dir='ltr'><strong>odio</strong></span> 
     </span>
    </p>
   </div>
   <div class='ocr_carea' id='block_1_72' title="bbox 304 5346 1891 5418">
    <p class='ocr_par' dir='ltr' id='par_1_72' title="bbox 304 5346 1891 5418">
     <span class='ocr_line' id='line_1_73' title="bbox 304 5346 1891 5418; baseline -0.001 -17"><span class='ocrx_word' id='word_1_577' title='bbox 304 5346 510 5402; x_wconf 83' lang='lat' dir='ltr'><strong>habere</strong></span> <span class='ocrx_word' id='word_1_578' title='bbox 542 5346 801 5418; x_wconf 80' lang='lat' dir='ltr'><strong>benignus</strong></span> <span class='ocrx_word' id='word_1_579' title='bbox 838 5363 1050 5403; x_wconf 92' lang='lat' dir='ltr'><strong>omnem</strong></span> <span class='ocrx_word' id='word_1_580' title='bbox 1091 5349 1228 5401; x_wconf 85' lang='lat' dir='ltr'><strong>viam</strong></span> <span class='ocrx_word' id='word_1_581' title='bbox 1262 5347 1573 5418; x_wconf 80' lang='lat' dir='ltr'><strong>iniquitatis.</strong></span> <span class='ocrx_word' id='word_1_582' title='bbox 1610 5347 1756 5400; x_wconf 86' lang='lat' dir='ltr'><strong>Viam</strong></span> <span class='ocrx_word' id='word_1_583' title='bbox 1788 5346 1891 5400; x_wconf 88' lang='lat' dir='ltr'><strong>iui-</strong></span> 
     </span>
    </p>
   </div>
   <div class='ocr_carea' id='block_1_73' title="bbox 304 5415 1890 5488">
    <p class='ocr_par' dir='ltr' id='par_1_73' title="bbox 304 5415 1890 5488">
     <span class='ocr_line' id='line_1_74' title="bbox 304 5415 1890 5488; baseline 0 -17"><span class='ocrx_word' id='word_1_584' title='bbox 304 5419 528 5487; x_wconf 86' lang='lat' dir='ltr'><strong>quitatis</strong></span> <span class='ocrx_word' id='word_1_585' title='bbox 546 5458 564 5486; x_wconf 89' lang='lat'><strong>,</strong></span> <span class='ocrx_word' id='word_1_586' title='bbox 593 5415 901 5475; x_wconf 78' lang='lat' dir='ltr'><strong>misericors</strong></span> <span class='ocrx_word' id='word_1_587' title='bbox 918 5461 936 5487; x_wconf 92' lang='lat'><strong>,</strong></span> <span class='ocrx_word' id='word_1_588' title='bbox 962 5434 1149 5475; x_wconf 90' lang='lat' dir='ltr'><strong>amove</strong></span> <span class='ocrx_word' id='word_1_589' title='bbox 1175 5435 1204 5473; x_wconf 87' lang='lat' dir='ltr'><strong>a</strong></span> <span class='ocrx_word' id='word_1_590' title='bbox 1232 5432 1318 5472; x_wconf 91' lang='lat' dir='ltr'><strong>me</strong></span> <span class='ocrx_word' id='word_1_591' title='bbox 1335 5458 1350 5484; x_wconf 93' lang='lat'><strong>,</strong></span> <span class='ocrx_word' id='word_1_592' title='bbox 1381 5415 1570 5488; x_wconf 86' lang='lat' dir='ltr'><strong>facque</strong></span> <span class='ocrx_word' id='word_1_593' title='bbox 1596 5432 1681 5471; x_wconf 89' lang='lat' dir='ltr'><strong>me</strong></span> <span class='ocrx_word' id='word_1_594' title='bbox 1707 5419 1890 5487; x_wconf 85' lang='lat' dir='ltr'><strong>propi-</strong></span> 
     </span>
    </p>
   </div>
   <div class='ocr_carea' id='block_1_74' title="bbox 371 5594 984 5651">
    <p class='ocr_par' dir='ltr' id='par_1_74' title="bbox 371 5594 984 5651">
     <span class='ocr_line' id='line_1_75' title="bbox 371 5594 984 5651; baseline 0.002 -9"><span class='ocrx_word' id='word_1_595' title='bbox 371 5594 387 5625; x_wconf 84' lang='grc'>¹</span> <span class='ocrx_word' id='word_1_596' title='bbox 415 5594 559 5651; x_wconf 77' lang='lat' dir='ltr'><strong>Alias,</strong></span> <span class='ocrx_word' id='word_1_597' title='bbox 587 5594 984 5646; x_wconf 75' lang='lat' dir='ltr'><strong>denom&#39;nattone.</strong></span> 
     </span>
    </p>
   </div>
   <div class='ocr_carea' id='block_1_75' title="bbox 369 5649 1892 5721">
    <p class='ocr_par' dir='ltr' id='par_1_75' title="bbox 369 5649 1892 5721">
     <span class='ocr_line' id='line_1_76' title="bbox 369 5649 1892 5721; baseline 0.001 -18"><span class='ocrx_word' id='word_1_598' title='bbox 369 5657 391 5687; x_wconf 75' lang='grc'>³</span> <span class='ocrx_word' id='word_1_599' title='bbox 418 5649 612 5705; x_wconf 67' lang='lat' dir='ltr'><strong>Mittitur</strong></span> <span class='ocrx_word' id='word_1_600' title='bbox 637 5658 686 5706; x_wconf 90' lang='lat' dir='ltr'><strong>in</strong></span> <span class='ocrx_word' id='word_1_601' title='bbox 708 5664 791 5707; x_wconf 80' lang='lat' dir='ltr'><strong>tus.</strong></span> <span class='ocrx_word' id='word_1_602' title='bbox 817 5657 1068 5718; x_wconf 76' lang='lat' dir='ltr'><strong>Mettensi,</strong></span> <span class='ocrx_word' id='word_1_603' title='bbox 1105 5657 1236 5708; x_wconf 77' lang='lat' dir='ltr'><strong>mute</strong></span> <span class='ocrx_word' id='word_1_604' title='bbox 1275 5653 1431 5721; x_wconf 72' lang='lat' dir='ltr'><strong>gloria</strong></span> <span class='ocrx_word' id='word_1_605' title='bbox 1456 5652 1548 5706; x_wconf 79' lang='lat' dir='ltr'><strong>sibi</strong></span> <span class='ocrx_word' id='word_1_606' title='bbox 1584 5658 1662 5715; x_wconf 81' lang='lat' dir='ltr'><strong>et;</strong></span> <span class='ocrx_word' id='word_1_607' title='bbox 1698 5649 1892 5715; x_wconf 87' lang='lat' dir='ltr'><strong>omisso,</strong></span> 
     </span>
    </p>
   </div>
   <div class='ocr_carea' id='block_1_76' title="bbox 298 5729 693 5839">
    <p class='ocr_par' dir='ltr' id='par_1_76' title="bbox 298 5729 693 5839">
     <span class='ocr_line' id='line_1_77' title="bbox 298 5729 439 5768; baseline -0.021 0"><span class='ocrx_word' id='word_1_608' title='bbox 298 5729 439 5768; x_wconf 69' lang='lat' dir='ltr'><strong>ecce.</strong></span> 
     </span>
     <span class='ocr_line' id='line_1_78' title="bbox 369 5779 693 5839; baseline 0 -12"><span class='ocrx_word' id='word_1_609' title='bbox 369 5779 392 5810; x_wconf 85' lang='grc'>³</span> <span class='ocrx_word' id='word_1_610' title='bbox 414 5780 557 5839; x_wconf 74' lang='lat' dir='ltr'><strong>Alias,</strong></span> <span class='ocrx_word' id='word_1_611' title='bbox 578 5793 693 5829; x_wconf 81' lang='lat' dir='ltr'><strong>una.</strong></span> 
     </span>
    </p>
   </div>
   <div class='ocr_carea' id='block_1_77' title="bbox 587 5863 1272 5924">
    <p class='ocr_par' dir='ltr' id='par_1_77' title="bbox 587 5863 1272 5924">
     <span class='ocr_line' id='line_1_79' title="bbox 587 5863 1272 5924; baseline -0.004 0"><span class='ocrx_word' id='word_1_612' title='bbox 587 5863 813 5924; x_wconf 68' lang='lat' dir='ltr'><strong>Sancr.</strong></span> <span class='ocrx_word' id='word_1_613' title='bbox 864 5865 1134 5924; x_wconf 73' lang='lat' dir='ltr'><strong>Auecsr.</strong></span> <span class='ocrx_word' id='word_1_614' title='bbox 1167 5864 1272 5923; x_wconf 85' lang='lat' dir='ltr'><strong>Vl.</strong></span> 
     </span>
    </p>
   </div>
   <div class='ocr_carea' id='block_1_78' title="bbox 1533 321 2312 382">
    <p class='ocr_par' dir='ltr' id='par_1_78' title="bbox 1533 321 2312 382">
     <span class='ocr_line' id='line_1_80' title="bbox 1533 321 2312 382; baseline -0.004 -2"><span class='ocrx_word' id='word_1_615' title='bbox 1533 323 1736 380; x_wconf 78' lang='lat' dir='ltr'><strong>LIBER</strong></span> <span class='ocrx_word' id='word_1_616' title='bbox 1774 321 2312 382; x_wconf 74' lang='lat' dir='ltr'><strong>MEDITATIONUM.</strong></span> 
     </span>
    </p>
   </div>
   <div class='ocr_carea' id='block_1_79' title="bbox 3449 326 3556 384">
    <p class='ocr_par' dir='ltr' id='par_1_79' title="bbox 3449 326 3556 384">
     <span class='ocr_line' id='line_1_81' title="bbox 3449 326 3556 384; baseline 0 0"><span class='ocrx_word' id='word_1_617' title='bbox 3449 326 3556 384; x_wconf 73' lang='lat'><strong>906</strong></span> 
     </span>
    </p>
   </div>
   <div class='ocr_carea' id='block_1_80' title="bbox 1987 437 3558 509">
    <p class='ocr_par' dir='ltr' id='par_1_80' title="bbox 1987 437 3558 509">
     <span class='ocr_line' id='line_1_82' title="bbox 1987 437 3558 509; baseline 0.002 -14"><span class='ocrx_word' id='word_1_618' title='bbox 1987 442 2091 495; x_wconf 90' lang='lat' dir='ltr'><strong>lius</strong></span> <span class='ocrx_word' id='word_1_619' title='bbox 2119 442 2255 495; x_wconf 85' lang='lat' dir='ltr'><strong>viam</strong></span> <span class='ocrx_word' id='word_1_620' title='bbox 2286 438 2524 494; x_wconf 88' lang='lat' dir='ltr'><strong>veritatis</strong></span> <span class='ocrx_word' id='word_1_621' title='bbox 2550 437 2764 509; x_wconf 83' lang='lat' dir='ltr'><strong>eligere.</strong></span> <span class='ocrx_word' id='word_1_622' title='bbox 2795 439 2905 495; x_wconf 88' lang='lat' dir='ltr'><strong>Oro</strong></span> <span class='ocrx_word' id='word_1_623' title='bbox 2940 448 3019 504; x_wconf 82' lang='lat' dir='ltr'><strong>te,</strong></span> <span class='ocrx_word' id='word_1_624' title='bbox 3051 456 3143 496; x_wconf 82' lang='lat' dir='ltr'><strong>rex</strong></span> <span class='ocrx_word' id='word_1_625' title='bbox 3169 446 3513 499; x_wconf 83' lang='lat' dir='ltr'><strong>sanctorum&#39;</strong></span> <span class='ocrx_word' id='word_1_626' title='bbox 3541 483 3558 507; x_wconf 87' lang='lat'><strong>.</strong></span> 
     </span>
    </p>
   </div>
   <div class='ocr_carea' id='block_1_81' title="bbox 1985 510 3585 585">
    <p class='ocr_par' dir='ltr' id='par_1_81' title="bbox 1985 510 3585 585">
     <span class='ocr_line' id='line_1_83' title="bbox 1985 510 3585 585; baseline 0.003 -19"><span class='ocrx_word' id='word_1_627' title='bbox 1985 526 2079 579; x_wconf 77' lang='lat' dir='ltr'><strong>per</strong></span> <span class='ocrx_word' id='word_1_628' title='bbox 2105 511 2244 566; x_wconf 92' lang='lat' dir='ltr'><strong>hunc</strong></span> <span class='ocrx_word' id='word_1_629' title='bbox 2280 519 2519 585; x_wconf 83' lang='lat' dir='ltr'><strong>sanetum</strong></span> <span class='ocrx_word' id='word_1_630' title='bbox 2560 520 2863 564; x_wconf 87' lang='lat' dir='ltr'><strong>sanctorum</strong></span> <span class='ocrx_word' id='word_1_631' title='bbox 2884 526 3028 585; x_wconf 86' lang='lat' dir='ltr'><strong>,_per</strong></span> <span class='ocrx_word' id='word_1_632' title='bbox 3058 510 3197 585; x_wconf 85' lang='lat' dir='ltr'><strong>hunc</strong></span> <span class='ocrx_word' id='word_1_633' title='bbox 3236 514 3585 585; x_wconf 50' lang='lat' dir='ltr'><strong>Redempto»</strong></span> 
     </span>
    </p>
   </div>
   <div class='ocr_carea' id='block_1_82' title="bbox 1984 580 3558 644">
    <p class='ocr_par' dir='ltr' id='par_1_82' title="bbox 1984 580 3558 644">
     <span class='ocr_line' id='line_1_84' title="bbox 1984 580 3558 644; baseline 0.003 -7"><span class='ocrx_word' id='word_1_634' title='bbox 1984 597 2097 637; x_wconf 91' lang='lat' dir='ltr'><strong>rem</strong></span> <span class='ocrx_word' id='word_1_635' title='bbox 2129 596 2339 644; x_wconf 88' lang='lat' dir='ltr'><strong>meum,</strong></span> <span class='ocrx_word' id='word_1_636' title='bbox 2381 580 2462 634; x_wconf 82' lang='lat' dir='ltr'><strong>fac</strong></span> <span class='ocrx_word' id='word_1_637' title='bbox 2502 596 2589 635; x_wconf 89' lang='lat' dir='ltr'><strong>me</strong></span> <span class='ocrx_word' id='word_1_638' title='bbox 2626 596 2839 635; x_wconf 90' lang='lat' dir='ltr'><strong>currere</strong></span> <span class='ocrx_word' id='word_1_639' title='bbox 2869 581 3007 634; x_wconf 86' lang='lat' dir='ltr'><strong>viam</strong></span> <span class='ocrx_word' id='word_1_640' title='bbox 3040 584 3404 640; x_wconf 83' lang='lat' dir='ltr'><strong>mandatorum</strong></span> <span class='ocrx_word' id='word_1_641' title='bbox 3438 580 3558 641; x_wconf 76' lang='lat' dir='ltr'><strong>too-</strong></span> 
     </span>
    </p>
   </div>
   <div class='ocr_carea' id='block_1_83' title="bbox 1983 652 3561 720">
    <p class='ocr_par' dir='ltr' id='par_1_83' title="bbox 1983 652 3561 720">
     <span class='ocr_line' id='line_1_85' title="bbox 1983 652 3561 720; baseline 0.003 -13"><span class='ocrx_word' id='word_1_642' title='bbox 1983 667 2100 707; x_wconf 88' lang='lat' dir='ltr'><strong>rum</strong></span> <span class='ocrx_word' id='word_1_643' title='bbox 2133 670 2144 705; x_wconf 75' lang='grc' dir='ltr'>ε</span> <span class='ocrx_word' id='word_1_644' title='bbox 2175 662 2230 706; x_wconf 84' lang='grc' dir='ltr'><strong>ιιι</strong></span> <span class='ocrx_word' id='word_1_645' title='bbox 2255 654 2300 705; x_wconf 89' lang='lat' dir='ltr'><strong>ei</strong></span> <span class='ocrx_word' id='word_1_646' title='bbox 2334 652 2535 705; x_wconf 87' lang='lat' dir='ltr'><strong>valeam</strong></span> <span class='ocrx_word' id='word_1_647' title='bbox 2564 653 2747 720; x_wconf 86' lang='lat' dir='ltr'><strong>spiritu</strong></span> <span class='ocrx_word' id='word_1_648' title='bbox 2776 652 2933 713; x_wconf 88' lang='lat' dir='ltr'><strong>uniri,</strong></span> <span class='ocrx_word' id='word_1_649' title='bbox 2962 653 3050 718; x_wconf 87' lang='lat' dir='ltr'><strong>qui</strong></span> <span class='ocrx_word' id='word_1_650' title='bbox 3079 669 3194 707; x_wconf 87' lang='lat' dir='ltr'><strong>mea</strong></span> <span class='ocrx_word' id='word_1_651' title='bbox 3228 670 3330 709; x_wconf 89' lang='lat' dir='ltr'><strong>non</strong></span> <span class='ocrx_word' id='word_1_652' title='bbox 3356 657 3561 712; x_wconf 85' lang='lat' dir='ltr'><strong>borrtnt</strong></span> 
     </span>
    </p>
   </div>
   <div class='ocr_carea' id='block_1_84' title="bbox 1982 720 3563 792">
    <p class='ocr_par' dir='ltr' id='par_1_84' title="bbox 1982 720 3563 792">
     <span class='ocr_line' id='line_1_86' title="bbox 1982 720 3563 792; baseline 0.004 -18"><span class='ocrx_word' id='word_1_653' title='bbox 1982 736 2143 775; x_wconf 88' lang='lat' dir='ltr'><strong>carne</strong></span> <span class='ocrx_word' id='word_1_654' title='bbox 2172 722 2373 776; x_wconf 89' lang='lat' dir='ltr'><strong>vestiri.</strong></span> <span class='ocrx_word' id='word_1_655' title='bbox 2406 720 2667 792; x_wconf 79' lang='lat' dir='ltr'><strong>Numquid</strong></span> <span class='ocrx_word' id='word_1_656' title='bbox 2697 738 2800 775; x_wconf 90' lang='lat' dir='ltr'><strong>non</strong></span> <span class='ocrx_word' id='word_1_657' title='bbox 2828 723 3045 777; x_wconf 88' lang='lat' dir='ltr'><strong>attentis</strong></span> <span class='ocrx_word' id='word_1_658' title='bbox 3064 762 3080 785; x_wconf 90' lang='lat'><strong>,</strong></span> <span class='ocrx_word' id='word_1_659' title='bbox 3117 724 3201 791; x_wconf 91' lang='lat' dir='ltr'><strong>pie</strong></span> <span class='ocrx_word' id='word_1_660' title='bbox 3228 725 3400 790; x_wconf 88' lang='lat' dir='ltr'><strong>Pater,</strong></span> <span class='ocrx_word' id='word_1_661' title='bbox 3433 729 3563 781; x_wconf 79' lang='lat' dir='ltr'><strong>ado-</strong></span> 
     </span>
    </p>
   </div>
   <div class='ocr_carea' id='block_1_85' title="bbox 1984 792 3562 861">
    <p class='ocr_par' dir='ltr' id='par_1_85' title="bbox 1984 792 3562 861">
     <span class='ocr_line' id='line_1_87' title="bbox 1984 792 3562 861; baseline 0.004 -15"><span class='ocrx_word' id='word_1_662' title='bbox 1984 792 2237 847; x_wconf 87' lang='lat' dir='ltr'><strong>lesceutis</strong></span> <span class='ocrx_word' id='word_1_663' title='bbox 2263 793 2377 847; x_wconf 79' lang='lat' dir='ltr'><strong>Filii</strong></span> <span class='ocrx_word' id='word_1_664' title='bbox 2405 793 2702 846; x_wconf 85' lang='lat' dir='ltr'><strong>cbarissimi</strong></span> <span class='ocrx_word' id='word_1_665' title='bbox 2736 802 2915 861; x_wconf 83' lang='lat' dir='ltr'><strong>caput,</strong></span> <span class='ocrx_word' id='word_1_666' title='bbox 2944 792 3093 847; x_wconf 87' lang='lat' dir='ltr'><strong>nivea</strong></span> <span class='ocrx_word' id='word_1_667' title='bbox 3115 796 3323 850; x_wconf 82' lang='lat' dir='ltr'><strong>cervice</strong></span> <span class='ocrx_word' id='word_1_668' title='bbox 3356 799 3562 853; x_wconf 80' lang='lat' dir='ltr'><strong>deﬂexa</strong></span> 
     </span>
    </p>
   </div>
   <div class='ocr_carea' id='block_1_86' title="bbox 1986 862 3564 933">
    <p class='ocr_par' dir='ltr' id='par_1_86' title="bbox 1986 862 3564 933">
     <span class='ocr_line' id='line_1_88' title="bbox 1986 862 3564 933; baseline 0.006 -18"><span class='ocrx_word' id='word_1_669' title='bbox 1986 863 2268 933; x_wconf 78' lang='lat' dir='ltr'><strong>pretiosam</strong></span> <span class='ocrx_word' id='word_1_670' title='bbox 2308 862 2596 916; x_wconf 89' lang='lat' dir='ltr'><strong>resolutum</strong></span> <span class='ocrx_word' id='word_1_671' title='bbox 2626 864 2677 916; x_wconf 91' lang='lat' dir='ltr'><strong>in</strong></span> <span class='ocrx_word' id='word_1_672' title='bbox 2720 862 2992 917; x_wconf 85' lang='lat' dir='ltr'><strong>mortem?</strong></span> <span class='ocrx_word' id='word_1_673' title='bbox 3015 864 3245 933; x_wconf 83' lang='lat' dir='ltr'><strong>Aspice,</strong></span> <span class='ocrx_word' id='word_1_674' title='bbox 3281 867 3564 925; x_wconf 83' lang='lat' dir='ltr'><strong>mitissime</strong></span> 
     </span>
    </p>
   </div>
   <div class='ocr_carea' id='block_1_87' title="bbox 1982 931 3563 998">
    <p class='ocr_par' dir='ltr' id='par_1_87' title="bbox 1982 931 3563 998">
     <span class='ocr_line' id='line_1_89' title="bbox 1982 931 3563 998; baseline 0.004 -12"><span class='ocrx_word' id='word_1_675' title='bbox 1982 931 2254 993; x_wconf 84' lang='lat' dir='ltr'><strong>Conditor.</strong></span> <span class='ocrx_word' id='word_1_676' title='bbox 2293 933 2500 987; x_wconf 75' lang='lat' dir='ltr'><strong>dilecta:</strong></span> <span class='ocrx_word' id='word_1_677' title='bbox 2526 933 2725 987; x_wconf 87' lang='lat' dir='ltr'><strong>sobolis</strong></span> <span class='ocrx_word' id='word_1_678' title='bbox 2760 931 3171 998; x_wconf 75' lang='lat' dir='ltr'><strong>humanitatem;</strong></span> <span class='ocrx_word' id='word_1_679' title='bbox 3214 946 3268 987; x_wconf 87' lang='lat' dir='ltr'><strong>et</strong></span> <span class='ocrx_word' id='word_1_680' title='bbox 3308 939 3563 993; x_wconf 74' lang='lat' dir='ltr'><strong>miserere</strong></span> 
     </span>
    </p>
   </div>
   <div class='ocr_carea' id='block_1_88' title="bbox 1983 1003 3562 1072">
    <p class='ocr_par' dir='ltr' id='par_1_88' title="bbox 1983 1003 3562 1072">
     <span class='ocr_line' id='line_1_90' title="bbox 1983 1003 3562 1072; baseline 0.005 -16"><span class='ocrx_word' id='word_1_681' title='bbox 1983 1017 2145 1072; x_wconf 88' lang='lat' dir='ltr'><strong>super</strong></span> <span class='ocrx_word' id='word_1_682' title='bbox 2175 1003 2367 1058; x_wconf 80' lang='lat' dir='ltr'><strong>infirmi</strong></span> <span class='ocrx_word' id='word_1_683' title='bbox 2396 1003 2668 1072; x_wconf 88' lang='lat' dir='ltr'><strong>plasmatis</strong></span> <span class='ocrx_word' id='word_1_684' title='bbox 2691 1004 3036 1058; x_wconf 82' lang='lat' dir='ltr'><strong>debilitatem.</strong></span> <span class='ocrx_word' id='word_1_685' title='bbox 3078 1005 3283 1061; x_wconf 83' lang='lat' dir='ltr'><strong>Candet</strong></span> <span class='ocrx_word' id='word_1_686' title='bbox 3306 1008 3562 1064; x_wconf 85' lang='lat' dir='ltr'><strong>nudatum</strong></span> 
     </span>
    </p>
   </div>
   <div class='ocr_carea' id='block_1_89' title="bbox 1983 1073 3557 1143">
    <p class='ocr_par' dir='ltr' id='par_1_89' title="bbox 1983 1073 3557 1143">
     <span class='ocr_line' id='line_1_91' title="bbox 1983 1073 3557 1143; baseline 0.004 -16"><span class='ocrx_word' id='word_1_687' title='bbox 1983 1082 2200 1143; x_wconf 87' lang='lat' dir='ltr'><strong>pectus,</strong></span> <span class='ocrx_word' id='word_1_688' title='bbox 2231 1073 2386 1128; x_wconf 89' lang='lat' dir='ltr'><strong>rubet</strong></span> <span class='ocrx_word' id='word_1_689' title='bbox 2428 1081 2704 1128; x_wconf 89' lang='lat' dir='ltr'><strong>cruentum</strong></span> <span class='ocrx_word' id='word_1_690' title='bbox 2745 1074 2920 1134; x_wconf 86' lang='lat' dir='ltr'><strong>latus,</strong></span> <span class='ocrx_word' id='word_1_691' title='bbox 2946 1083 3105 1129; x_wconf 83' lang='lat' dir='ltr'><strong>tensa</strong></span> <span class='ocrx_word' id='word_1_692' title='bbox 3144 1086 3298 1131; x_wconf 85' lang='lat' dir='ltr'><strong>arent</strong></span> <span class='ocrx_word' id='word_1_693' title='bbox 3324 1078 3557 1143; x_wconf 83' lang='lat' dir='ltr'><strong>viscera,</strong></span> 
     </span>
    </p>
   </div>
   <div class='ocr_carea' id='block_1_90' title="bbox 1984 1144 3560 1217">
    <p class='ocr_par' dir='ltr' id='par_1_90' title="bbox 1984 1144 3560 1217">
     <span class='ocr_line' id='line_1_92' title="bbox 1984 1144 3560 1217; baseline 0.003 -19"><span class='ocrx_word' id='word_1_694' title='bbox 1984 1144 2196 1217; x_wconf 71' lang='lat' dir='ltr'><strong>decora</strong></span> <span class='ocrx_word' id='word_1_695' title='bbox 2221 1146 2471 1217; x_wconf 71' lang='lat' dir='ltr'><strong>languent</strong></span> <span class='ocrx_word' id='word_1_696' title='bbox 2513 1145 2710 1199; x_wconf 90' lang='lat' dir='ltr'><strong>lumina</strong></span> <span class='ocrx_word' id='word_1_697' title='bbox 2733 1144 2921 1217; x_wconf 26' lang='lat' dir='ltr'><strong>.Aregia</strong></span> <span class='ocrx_word' id='word_1_698' title='bbox 2954 1145 3153 1213; x_wconf 88' lang='lat' dir='ltr'><strong>pallent</strong></span> <span class='ocrx_word' id='word_1_699' title='bbox 3180 1162 3294 1211; x_wconf 90' lang='lat' dir='ltr'><strong>ora,</strong></span> <span class='ocrx_word' id='word_1_700' title='bbox 3339 1164 3560 1217; x_wconf 88' lang='lat' dir='ltr'><strong>procera</strong></span> 
     </span>
    </p>
   </div>
   <div class='ocr_carea' id='block_1_91' title="bbox 1985 1213 3585 1287">
    <p class='ocr_par' dir='ltr' id='par_1_91' title="bbox 1985 1213 3585 1287">
     <span class='ocr_line' id='line_1_93' title="bbox 1985 1213 3585 1287; baseline 0.001 -19"><span class='ocrx_word' id='word_1_701' title='bbox 1985 1216 2158 1287; x_wconf 83' lang='lat' dir='ltr'><strong>rigent</strong></span> <span class='ocrx_word' id='word_1_702' title='bbox 2183 1214 2431 1287; x_wconf 77' lang='lat' dir='ltr'><strong>brachia,</strong></span> <span class='ocrx_word' id='word_1_703' title='bbox 2458 1229 2613 1287; x_wconf 83' lang='lat' dir='ltr'><strong>crura</strong></span> <span class='ocrx_word' id='word_1_704' title='bbox 2641 1213 2872 1287; x_wconf 83' lang='lat' dir='ltr'><strong>pendent</strong></span> <span class='ocrx_word' id='word_1_705' title='bbox 2901 1231 3218 1287; x_wconf 86' lang='lat' dir='ltr'><strong>marmorea,</strong></span> <span class='ocrx_word' id='word_1_706' title='bbox 3261 1213 3397 1287; x_wconf 82' lang='lat' dir='ltr'><strong>rigat</strong></span> <span class='ocrx_word' id='word_1_707' title='bbox 3420 1232 3585 1275; x_wconf 41' lang='lat' dir='ltr'><strong>tere-</strong></span> 
     </span>
    </p>
   </div>
   <div class='ocr_carea' id='block_1_92' title="bbox 1985 1284 3561 1359">
    <p class='ocr_par' dir='ltr' id='par_1_92' title="bbox 1985 1284 3561 1359">
     <span class='ocr_line' id='line_1_94' title="bbox 1985 1284 3561 1359; baseline 0.005 -21"><span class='ocrx_word' id='word_1_708' title='bbox 1985 1284 2164 1359; x_wconf 83' lang='lat' dir='ltr'><strong>bratos</strong></span> <span class='ocrx_word' id='word_1_709' title='bbox 2203 1285 2363 1353; x_wconf 79' lang='lat' dir='ltr'><strong>pedes</strong></span> <span class='ocrx_word' id='word_1_710' title='bbox 2384 1285 2529 1359; x_wconf 80' lang='lat' dir='ltr'><strong>beati</strong></span> <span class='ocrx_word' id='word_1_711' title='bbox 2568 1284 2839 1359; x_wconf 78' lang='lat' dir='ltr'><strong>sanguinis</strong></span> <span class='ocrx_word' id='word_1_712' title='bbox 2883 1286 3041 1339; x_wconf 87' lang='lat' dir='ltr'><strong>unda.</strong></span> <span class='ocrx_word' id='word_1_713' title='bbox 3083 1284 3561 1359; x_wconf 47' lang='lat' dir='ltr'><strong>Spectafgloriosc</strong></span> 
     </span>
    </p>
   </div>
   <div class='ocr_carea' id='block_1_93' title="bbox 1984 1355 3579 1426">
    <p class='ocr_par' dir='ltr' id='par_1_93' title="bbox 1984 1355 3579 1426">
     <span class='ocr_line' id='line_1_95' title="bbox 1984 1355 3579 1426; baseline 0.004 -16"><span class='ocrx_word' id='word_1_714' title='bbox 1984 1357 2225 1420; x_wconf 77' lang='lat' dir='ltr'><strong>Genitor,</strong></span> <span class='ocrx_word' id='word_1_715' title='bbox 2265 1355 2577 1425; x_wconf 74' lang='lat' dir='ltr'><strong>gratissimae</strong></span> <span class='ocrx_word' id='word_1_716' title='bbox 2606 1356 2771 1426; x_wconf 82' lang='lat' dir='ltr'><strong>prolis</strong></span> <span class='ocrx_word' id='word_1_717' title='bbox 2800 1355 3025 1408; x_wconf 84' lang='lat' dir='ltr'><strong>lacerata</strong></span> <span class='ocrx_word' id='word_1_718' title='bbox 3055 1358 3291 1412; x_wconf 86' lang='lat' dir='ltr'><strong>membra</strong></span> <span class='ocrx_word' id='word_1_719' title='bbox 3316 1355 3416 1425; x_wconf 61' lang='lat' dir='ltr'><strong>{et</strong></span> <span class='ocrx_word' id='word_1_720' title='bbox 3440 1378 3579 1415; x_wconf 35' lang='lat' dir='ltr'><strong>met</strong></span> 
     </span>
    </p>
   </div>
   <div class='ocr_carea' id='block_1_94' title="bbox 1985 1426 3560 1500">
    <p class='ocr_par' dir='ltr' id='par_1_94' title="bbox 1985 1426 3560 1500">
     <span class='ocr_line' id='line_1_96' title="bbox 1985 1426 3560 1500; baseline 0.006 -22"><span class='ocrx_word' id='word_1_721' title='bbox 1985 1441 2195 1500; x_wconf 70' lang='lat' dir='ltr'><strong>morare</strong></span> <span class='ocrx_word' id='word_1_722' title='bbox 2221 1427 2479 1500; x_wconf 84' lang='lat' dir='ltr'><strong>benignus</strong></span> <span class='ocrx_word' id='word_1_723' title='bbox 2497 1441 2616 1495; x_wconf 68' lang='lat' dir='ltr'><strong>qua:</strong></span> <span class='ocrx_word' id='word_1_724' title='bbox 2643 1441 2757 1479; x_wconf 88' lang='lat' dir='ltr'><strong>mea</strong></span> <span class='ocrx_word' id='word_1_725' title='bbox 2775 1436 2867 1500; x_wconf 91' lang='lat' dir='ltr'><strong>_est</strong></span> <span class='ocrx_word' id='word_1_726' title='bbox 2892 1426 3205 1500; x_wconf 81' lang='lat' dir='ltr'><strong>substantia.</strong></span> <span class='ocrx_word' id='word_1_727' title='bbox 3236 1428 3560 1500; x_wconf 76' lang='lat' dir='ltr'><strong>Conspicare</strong></span> 
     </span>
    </p>
   </div>
   <div class='ocr_carea' id='block_1_95' title="bbox 1986 1495 3561 1564">
    <p class='ocr_par' dir='ltr' id='par_1_95' title="bbox 1986 1495 3561 1564">
     <span class='ocr_line' id='line_1_97' title="bbox 1986 1495 3561 1564; baseline 0.004 -14"><span class='ocrx_word' id='word_1_728' title='bbox 1986 1495 2078 1550; x_wconf 90' lang='lat' dir='ltr'><strong>Dei</strong></span> <span class='ocrx_word' id='word_1_729' title='bbox 2109 1495 2336 1550; x_wconf 88' lang='lat' dir='ltr'><strong>hominis</strong></span> <span class='ocrx_word' id='word_1_730' title='bbox 2362 1510 2571 1564; x_wconf 65' lang='lat' dir='ltr'><strong>poenam</strong></span> <span class='ocrx_word' id='word_1_731' title='bbox 2594 1514 2607 1558; x_wconf 88' lang='lat'><strong>;</strong></span> <span class='ocrx_word' id='word_1_732' title='bbox 2635 1505 2687 1551; x_wconf 92' lang='lat' dir='ltr'><strong>et</strong></span> <span class='ocrx_word' id='word_1_733' title='bbox 2714 1496 2888 1551; x_wconf 87' lang='lat' dir='ltr'><strong>releva</strong></span> <span class='ocrx_word' id='word_1_734' title='bbox 2917 1498 3113 1551; x_wconf 92' lang='lat' dir='ltr'><strong>conditi</strong></span> <span class='ocrx_word' id='word_1_735' title='bbox 3141 1495 3561 1556; x_wconf 60' lang='lat' dir='ltr'><strong>lmminis&#39;mise-</strong></span> 
     </span>
    </p>
   </div>
   <div class='ocr_carea' id='block_1_96' title="bbox 1984 1566 3558 1635">
    <p class='ocr_par' dir='ltr' id='par_1_96' title="bbox 1984 1566 3558 1635">
     <span class='ocr_line' id='line_1_98' title="bbox 1984 1566 3558 1635; baseline 0.004 -15"><span class='ocrx_word' id='word_1_736' title='bbox 1984 1567 2138 1620; x_wconf 89' lang='lat' dir='ltr'><strong>riam.</strong></span> <span class='ocrx_word' id='word_1_737' title='bbox 2166 1566 2664 1635; x_wconf 68' lang='lat' dir='ltr'><strong>V’ide&#39;redemptoris</strong></span> <span class='ocrx_word' id='word_1_738' title='bbox 2680 1566 2994 1635; x_wconf 83' lang='lat' dir='ltr'><strong>supplicium</strong></span> <span class='ocrx_word' id='word_1_739' title='bbox 3016 1585 3030 1630; x_wconf 91' lang='lat'><strong>;</strong></span> <span class='ocrx_word' id='word_1_740' title='bbox 3050 1577 3103 1621; x_wconf 91' lang='lat' dir='ltr'><strong>et</strong></span> <span class='ocrx_word' id='word_1_741' title='bbox 3120 1570 3329 1624; x_wconf 81' lang='lat' dir='ltr'><strong>remitte</strong></span> <span class='ocrx_word' id='word_1_742' title='bbox 3349 1572 3558 1627; x_wconf 83' lang='lat' dir='ltr'><strong>redem-</strong></span> 
     </span>
    </p>
   </div>
   <div class='ocr_carea' id='block_1_97' title="bbox 1985 1636 3560 1712">
    <p class='ocr_par' dir='ltr' id='par_1_97' title="bbox 1985 1636 3560 1712">
     <span class='ocr_line' id='line_1_99' title="bbox 1985 1636 3560 1712; baseline 0.004 -23"><span class='ocrx_word' id='word_1_743' title='bbox 1985 1637 2056 1706; x_wconf 91' lang='lat' dir='ltr'><strong>pti</strong></span> <span class='ocrx_word' id='word_1_744' title='bbox 2082 1636 2357 1712; x_wconf 78' lang='lat' dir='ltr'><strong>delictum.</strong></span> <span class='ocrx_word' id='word_1_745' title='bbox 2388 1637 2484 1712; x_wconf 75' lang='lat' dir='ltr'><strong>liic</strong></span> <span class='ocrx_word' id='word_1_746' title='bbox 2511 1645 2612 1701; x_wconf 85' lang='lat' dir='ltr'><strong>est,</strong></span> <span class='ocrx_word' id='word_1_747' title='bbox 2638 1637 2975 1712; x_wconf 67' lang='lat' dir='ltr'><strong>Dominemi,</strong></span> <span class='ocrx_word' id='word_1_748' title='bbox 3007 1652 3410 1712; x_wconf 79' lang='lat' dir='ltr'><strong>quempropter</strong></span> <span class='ocrx_word' id='word_1_749' title='bbox 3437 1658 3560 1712; x_wconf 79' lang='lat' dir='ltr'><strong>pec-</strong></span> 
     </span>
    </p>
   </div>
   <div class='ocr_carea' id='block_1_98' title="bbox 1984 1706 3559 1777">
    <p class='ocr_par' dir='ltr' id='par_1_98' title="bbox 1984 1706 3559 1777">
     <span class='ocr_line' id='line_1_100' title="bbox 1984 1706 3559 1777; baseline 0.005 -16"><span class='ocrx_word' id='word_1_750' title='bbox 1984 1717 2101 1761; x_wconf 88' lang='lat' dir='ltr'><strong>cata</strong></span> <span class='ocrx_word' id='word_1_751' title='bbox 2143 1707 2321 1776; x_wconf 83' lang='lat' dir='ltr'><strong>populi</strong></span> <span class='ocrx_word' id='word_1_752' title='bbox 2352 1708 2424 1761; x_wconf 92' lang='lat' dir='ltr'><strong>tui</strong></span> <span class='ocrx_word' id='word_1_753' title='bbox 2467 1708 2809 1776; x_wconf 85' lang='lat' dir='ltr'><strong>percussisti,</strong></span> <span class='ocrx_word' id='word_1_754' title='bbox 2838 1706 2962 1761; x_wconf 90' lang='lat' dir='ltr'><strong>licet</strong></span> <span class='ocrx_word' id='word_1_755' title='bbox 3006 1706 3119 1777; x_wconf 80' lang='lat' dir='ltr'><strong>ipse</strong></span> <span class='ocrx_word' id='word_1_756' title='bbox 3142 1706 3215 1763; x_wconf 84' lang='lat' dir='ltr'><strong>sit</strong></span> <span class='ocrx_word' id='word_1_757' title='bbox 3252 1706 3477 1767; x_wconf 83' lang='lat' dir='ltr'><strong>dilectus</strong></span> <span class='ocrx_word' id='word_1_758' title='bbox 3506 1716 3559 1769; x_wconf 87' lang='lat' dir='ltr'><strong>in</strong></span> 
     </span>
    </p>
   </div>
   <div class='ocr_carea' id='block_1_99' title="bbox 1982 1777 3563 1849">
    <p class='ocr_par' dir='ltr' id='par_1_99' title="bbox 1982 1777 3563 1849">
     <span class='ocr_line' id='line_1_101' title="bbox 1982 1777 3563 1849; baseline 0.005 -18"><span class='ocrx_word' id='word_1_759' title='bbox 1982 1793 2089 1849; x_wconf 83' lang='lat' dir='ltr'><strong>quo</strong></span> <span class='ocrx_word' id='word_1_760' title='bbox 2110 1777 2201 1831; x_wconf 91' lang='lat' dir='ltr'><strong>tibi</strong></span> <span class='ocrx_word' id='word_1_761' title='bbox 2231 1780 2363 1833; x_wconf 92' lang='lat' dir='ltr'><strong>bene</strong></span> <span class='ocrx_word' id='word_1_762' title='bbox 2390 1778 2754 1849; x_wconf 85' lang='lat' dir='ltr'><strong>complacuisti</strong></span> <span class='ocrx_word' id='word_1_763' title='bbox 2779 1777 2991 1843; x_wconf 79' lang='lat' dir='ltr'><strong>(Matth.</strong></span> <span class='ocrx_word' id='word_1_764' title='bbox 3010 1794 3087 1843; x_wconf 88' lang='lat' dir='ltr'><strong>Ill,</strong></span> <span class='ocrx_word' id='word_1_765' title='bbox 3113 1780 3222 1849; x_wconf 81' lang='lat' dir='ltr'><strong>l7).</strong></span> <span class='ocrx_word' id='word_1_766' title='bbox 3247 1781 3343 1835; x_wconf 91' lang='lat' dir='ltr'><strong>llic</strong></span> <span class='ocrx_word' id='word_1_767' title='bbox 3367 1794 3447 1837; x_wconf 87' lang='lat' dir='ltr'><strong>est</strong></span> <span class='ocrx_word' id='word_1_768' title='bbox 3469 1786 3563 1839; x_wconf 88' lang='lat' dir='ltr'><strong>ille</strong></span> 
     </span>
    </p>
   </div>
   <div class='ocr_carea' id='block_1_100' title="bbox 1985 1848 3557 1918">
    <p class='ocr_par' dir='ltr' id='par_1_100' title="bbox 1985 1848 3557 1918">
     <span class='ocr_line' id='line_1_102' title="bbox 1985 1848 3557 1918; baseline 0.004 -17"><span class='ocrx_word' id='word_1_769' title='bbox 1985 1848 2237 1901; x_wconf 88' lang='lat' dir='ltr'><strong>innocens</strong></span> <span class='ocrx_word' id='word_1_770' title='bbox 2258 1891 2272 1913; x_wconf 90' lang='lat'><strong>,</strong></span> <span class='ocrx_word' id='word_1_771' title='bbox 2326 1849 2376 1902; x_wconf 92' lang='lat' dir='ltr'><strong>in</strong></span> <span class='ocrx_word' id='word_1_772' title='bbox 2404 1864 2510 1918; x_wconf 91' lang='lat' dir='ltr'><strong>quo</strong></span> <span class='ocrx_word' id='word_1_773' title='bbox 2538 1848 2695 1901; x_wconf 89' lang='lat' dir='ltr'><strong>dolus</strong></span> <span class='ocrx_word' id='word_1_774' title='bbox 2734 1848 2977 1902; x_wconf 90' lang='lat' dir='ltr'><strong>inventus</strong></span> <span class='ocrx_word' id='word_1_775' title='bbox 3016 1865 3119 1903; x_wconf 89' lang='lat' dir='ltr'><strong>non</strong></span> <span class='ocrx_word' id='word_1_776' title='bbox 3150 1848 3264 1915; x_wconf 75' lang='lat' dir='ltr'><strong>est;</strong></span> <span class='ocrx_word' id='word_1_777' title='bbox 3293 1862 3349 1907; x_wconf 89' lang='lat' dir='ltr'><strong>et</strong></span> <span class='ocrx_word' id='word_1_778' title='bbox 3380 1862 3557 1909; x_wconf 89' lang='lat' dir='ltr'><strong>tamen</strong></span> 
     </span>
    </p>
   </div>
   <div class='ocr_carea' id='block_1_101' title="bbox 1982 1919 3272 2044">
    <p class='ocr_par' dir='ltr' id='par_1_101' title="bbox 1982 1919 3272 2044">
     <span class='ocr_line' id='line_1_103' title="bbox 1982 1919 3272 2044; baseline 0.002 -72"><span class='ocrx_word' id='word_1_779' title='bbox 1982 1932 2102 1973; x_wconf 90' lang='lat' dir='ltr'><strong>cum</strong></span> <span class='ocrx_word' id='word_1_780' title='bbox 2131 1920 2323 2044; x_wconf 75' lang='lat' dir='ltr'><strong>iniquis</strong></span> <span class='ocrx_word' id='word_1_781' title='bbox 2343 1919 2627 2000; x_wconf 67' lang='lat' dir='ltr'><strong>deputatus</strong></span> <span class='ocrx_word' id='word_1_782' title='bbox 2650 1928 2729 1972; x_wconf 88' lang='lat' dir='ltr'><strong>est</strong></span> <span class='ocrx_word' id='word_1_783' title='bbox 2760 1919 2909 1988; x_wconf 83' lang='lat' dir='ltr'><strong>(lsat‘.</strong></span> <span class='ocrx_word' id='word_1_784' title='bbox 2941 1934 3047 1982; x_wconf 63' lang='grc' dir='ltr'>ιλιι,</span> <span class='ocrx_word' id='word_1_785' title='bbox 3075 1921 3129 1981; x_wconf 86' lang='grc'><strong>9,</strong></span> <span class='ocrx_word' id='word_1_786' title='bbox 3162 1920 3272 1991; x_wconf 72' lang='lat' dir='ltr'><strong>l2).</strong></span> 
     </span>
     <span class='ocr_line' id='line_1_104' title="bbox 2055 1988 3272 2044; baseline 0.002 -3"><span class='ocrx_word' id='word_1_787' title='bbox 2055 1988 2184 2043; x_wconf 79' lang='lat' dir='ltr'><strong>CAP</strong></span> <span class='ocrx_word' id='word_1_788' title='bbox 2239 1990 2280 2043; x_wconf 91' lang='lat' dir='ltr'>T</span> <span class='ocrx_word' id='word_1_789' title='bbox 2320 1989 2429 2042; x_wconf 84' lang='lat' dir='ltr'><strong>VII.</strong></span> <span class='ocrx_word' id='word_1_790' title='bbox 2464 1989 2560 2042; x_wconf 79' lang='lat' dir='ltr'><strong>Det</strong></span> <span class='ocrx_word' id='word_1_791' title='bbox 2585 2005 2636 2041; x_wconf 87' lang='lat' dir='ltr'><strong>tn</strong></span> <span class='ocrx_word' id='word_1_792' title='bbox 2674 1990 2903 2044; x_wconf 74' lang='lat' dir='ltr'><strong>passione</strong></span> <span class='ocrx_word' id='word_1_793' title='bbox 2941 1990 3128 2044; x_wconf 75' lang='lat' dir='ltr'><strong>Christi</strong></span> <span class='ocrx_word' id='word_1_794' title='bbox 3165 1994 3272 2044; x_wconf 70' lang='lat' dir='ltr'><strong>miri</strong></span> 
     </span>
    </p>
   </div>
   <div class='ocr_carea' id='block_1_102' title="bbox 2055 1988 3559 2063">
    <p class='ocr_par' dir='ltr' id='par_1_102' title="bbox 2055 1988 3559 2063">
     <span class='ocr_line' id='line_1_105' title="bbox 2055 1988 3559 2063; baseline 0.005 -22"><span class='ocrx_word' id='word_1_795' title='bbox 2055 1988 2280 2063; x_wconf 45' lang='lat' dir='ltr'><strong>CAPUT</strong></span> <span class='ocrx_word' id='word_1_796' title='bbox 2309 1989 2429 2063; x_wconf 53' lang='grc' dir='ltr'><strong>γη.</strong></span> <span class='ocrx_word' id='word_1_797' title='bbox 2464 1989 2560 2042; x_wconf 85' lang='lat' dir='ltr'><strong>Dei</strong></span> <span class='ocrx_word' id='word_1_798' title='bbox 2585 1989 2636 2041; x_wconf 88' lang='lat' dir='ltr'><strong>in</strong></span> <span class='ocrx_word' id='word_1_799' title='bbox 2674 1990 2903 2057; x_wconf 77' lang='lat' dir='ltr'><strong>passione</strong></span> <span class='ocrx_word' id='word_1_800' title='bbox 2941 1990 3128 2063; x_wconf 75' lang='lat' dir='ltr'><strong>Christi</strong></span> <span class='ocrx_word' id='word_1_801' title='bbox 3165 1988 3293 2045; x_wconf 80' lang='lat' dir='ltr'><strong>mira</strong></span> <span class='ocrx_word' id='word_1_802' title='bbox 3340 1994 3559 2063; x_wconf 76' lang='lat' dir='ltr'><strong>disposi-</strong></span> 
     </span>
    </p>
   </div>
   <div class='ocr_carea' id='block_1_103' title="bbox 1984 2058 3556 2131">
    <p class='ocr_par' dir='ltr' id='par_1_103' title="bbox 1984 2058 3556 2131">
     <span class='ocr_line' id='line_1_106' title="bbox 1984 2058 3556 2131; baseline 0.004 -18"><span class='ocrx_word' id='word_1_803' title='bbox 1984 2058 2072 2113; x_wconf 80' lang='lat' dir='ltr'><strong>tio.</strong></span> <span class='ocrx_word' id='word_1_804' title='bbox 2118 2059 2265 2131; x_wconf 78' lang='lat' dir='ltr'><strong>Unde</strong></span> <span class='ocrx_word' id='word_1_805' title='bbox 2297 2060 2414 2113; x_wconf 85' lang='lat' dir='ltr'><strong>hinc</strong></span> <span class='ocrx_word' id='word_1_806' title='bbox 2456 2063 2604 2131; x_wconf 81' lang='lat' dir='ltr'><strong>homo</strong></span> <span class='ocrx_word' id='word_1_807' title='bbox 2646 2062 2858 2130; x_wconf 83' lang='lat' dir='ltr'><strong>gratiam</strong></span> <span class='ocrx_word' id='word_1_808' title='bbox 2900 2062 3172 2129; x_wconf 75' lang='lat' dir='ltr'><strong>rependere</strong></span> <span class='ocrx_word' id='word_1_809' title='bbox 3210 2072 3378 2131; x_wconf 77' lang='lat' dir='ltr'><strong>queat.</strong></span> <span class='ocrx_word' id='word_1_810' title='bbox 3420 2058 3556 2130; x_wconf 73' lang='lat' dir='ltr'><strong>Quid</strong></span> 
     </span>
    </p>
   </div>
   <div class='ocr_carea' id='block_1_104' title="bbox 1983 2130 3557 2201">
    <p class='ocr_par' dir='ltr' id='par_1_104' title="bbox 1983 2130 3557 2201">
     <span class='ocr_line' id='line_1_107' title="bbox 1983 2130 3557 2201; baseline 0.003 -17"><span class='ocrx_word' id='word_1_811' title='bbox 1983 2130 2318 2201; x_wconf 87' lang='lat' dir='ltr'><strong>commisisti,</strong></span> <span class='ocrx_word' id='word_1_812' title='bbox 2344 2130 2648 2185; x_wconf 88' lang='lat' dir='ltr'><strong>dulcissime</strong></span> <span class='ocrx_word' id='word_1_813' title='bbox 2677 2144 2824 2201; x_wconf 90' lang='lat' dir='ltr'><strong>puer,</strong></span> <span class='ocrx_word' id='word_1_814' title='bbox 2857 2139 2913 2183; x_wconf 91' lang='lat' dir='ltr'><strong>ut</strong></span> <span class='ocrx_word' id='word_1_815' title='bbox 2941 2131 3019 2184; x_wconf 89' lang='lat' dir='ltr'><strong>sic</strong></span> <span class='ocrx_word' id='word_1_816' title='bbox 3042 2130 3396 2199; x_wconf 80' lang='lat' dir='ltr'><strong>judicareris?</strong></span> <span class='ocrx_word' id='word_1_817' title='bbox 3420 2136 3557 2201; x_wconf 84' lang='lat' dir='ltr'><strong>Quid</strong></span> 
     </span>
    </p>
   </div>
   <div class='ocr_carea' id='block_1_105' title="bbox 1982 2200 3559 2270">
    <p class='ocr_par' dir='ltr' id='par_1_105' title="bbox 1982 2200 3559 2270">
     <span class='ocr_line' id='line_1_108' title="bbox 1982 2200 3559 2270; baseline 0.004 -16"><span class='ocrx_word' id='word_1_818' title='bbox 1982 2200 2318 2264; x_wconf 89' lang='lat' dir='ltr'><strong>commisisti,</strong></span> <span class='ocrx_word' id='word_1_819' title='bbox 2347 2201 2707 2254; x_wconf 88' lang='lat' dir='ltr'><strong>amantissime</strong></span> <span class='ocrx_word' id='word_1_820' title='bbox 2745 2200 2975 2270; x_wconf 89' lang='lat' dir='ltr'><strong>juvenis,</strong></span> <span class='ocrx_word' id='word_1_821' title='bbox 3017 2210 3072 2254; x_wconf 87' lang='lat' dir='ltr'><strong>ut</strong></span> <span class='ocrx_word' id='word_1_822' title='bbox 3103 2203 3235 2257; x_wconf 87' lang='lat' dir='ltr'><strong>adeo</strong></span> <span class='ocrx_word' id='word_1_823' title='bbox 3258 2206 3278 2235; x_wconf 85' lang='grc'>³</span> <span class='ocrx_word' id='word_1_824' title='bbox 3304 2200 3559 2261; x_wconf 81' lang='lat' dir='ltr'><strong>tractare-</strong></span> 
     </span>
    </p>
   </div>
   <div class='ocr_carea' id='block_1_106' title="bbox 1982 2270 3557 2344">
    <p class='ocr_par' dir='ltr' id='par_1_106' title="bbox 1982 2270 3557 2344">
     <span class='ocr_line' id='line_1_109' title="bbox 1982 2270 3557 2344; baseline 0.004 -19"><span class='ocrx_word' id='word_1_825' title='bbox 1982 2270 2099 2325; x_wconf 82' lang='lat' dir='ltr'><strong>ris?</strong></span> <span class='ocrx_word' id='word_1_826' title='bbox 2130 2272 2290 2344; x_wconf 74' lang='lat' dir='ltr'><strong>Quod</strong></span> <span class='ocrx_word' id='word_1_827' title='bbox 2343 2271 2530 2344; x_wconf 78' lang='lat' dir='ltr'><strong>scelus</strong></span> <span class='ocrx_word' id='word_1_828' title='bbox 2547 2279 2693 2324; x_wconf 91' lang='lat' dir='ltr'><strong>tuum</strong></span> <span class='ocrx_word' id='word_1_829' title='bbox 2715 2285 2887 2344; x_wconf 76' lang='lat' dir='ltr'><strong>,_qu:o</strong></span> <span class='ocrx_word' id='word_1_830' title='bbox 2916 2285 3059 2344; x_wconf 75' lang='lat' dir='ltr'><strong>noxa</strong></span> <span class='ocrx_word' id='word_1_831' title='bbox 3092 2280 3212 2344; x_wconf 64' lang='lat' dir='ltr'><strong>tum;</strong></span> <span class='ocrx_word' id='word_1_832' title='bbox 3240 2288 3358 2344; x_wconf 74' lang='lat' dir='ltr'><strong>qum</strong></span> <span class='ocrx_word' id='word_1_833' title='bbox 3398 2290 3557 2331; x_wconf 88' lang='lat' dir='ltr'><strong>causa</strong></span> 
     </span>
    </p>
   </div>
   <div class='ocr_carea' id='block_1_107' title="bbox 1984 2341 3558 2415">
    <p class='ocr_par' dir='ltr' id='par_1_107' title="bbox 1984 2341 3558 2415">
     <span class='ocr_line' id='line_1_110' title="bbox 1984 2341 3558 2415; baseline 0.003 -20"><span class='ocrx_word' id='word_1_834' title='bbox 1984 2342 2188 2415; x_wconf 84' lang='lat' dir='ltr'><strong>mortis,</strong></span> <span class='ocrx_word' id='word_1_835' title='bbox 2214 2357 2347 2415; x_wconf 49' lang='lat' dir='ltr'><strong>quin</strong></span> <span class='ocrx_word' id='word_1_836' title='bbox 2360 2341 2570 2415; x_wconf 78' lang='lat' dir='ltr'><strong>occasio</strong></span> <span class='ocrx_word' id='word_1_837' title='bbox 2602 2351 2702 2394; x_wconf 77' lang='lat' dir='ltr'><strong>tua:</strong></span> <span class='ocrx_word' id='word_1_838' title='bbox 2727 2341 3114 2415; x_wconf 82' lang='lat' dir='ltr'><strong>damnationis?</strong></span> <span class='ocrx_word' id='word_1_839' title='bbox 3135 2341 3412 2415; x_wconf 40' lang='lat' dir='ltr'><strong>Ego—enim</strong></span> <span class='ocrx_word' id='word_1_840' title='bbox 3439 2361 3558 2400; x_wconf 88' lang='lat' dir='ltr'><strong>smn</strong></span> 
     </span>
    </p>
   </div>
   <div class='ocr_carea' id='block_1_108' title="bbox 1982 2411 3559 2485">
    <p class='ocr_par' dir='ltr' id='par_1_108' title="bbox 1982 2411 3559 2485">
     <span class='ocr_line' id='line_1_111' title="bbox 1982 2411 3559 2485; baseline 0.003 -20"><span class='ocrx_word' id='word_1_841' title='bbox 1982 2412 2057 2485; x_wconf 85' lang='lat' dir='ltr'><strong>tui</strong></span> <span class='ocrx_word' id='word_1_842' title='bbox 2091 2411 2486 2485; x_wconf 61' lang='lat' dir='ltr'><strong>plaga&#39;doloris,</strong></span> <span class='ocrx_word' id='word_1_843' title='bbox 2516 2420 2618 2485; x_wconf 68' lang='lat' dir='ltr'><strong>tum</strong></span> <span class='ocrx_word' id='word_1_844' title='bbox 2655 2411 3137 2485; x_wconf 15' lang='lat' dir='ltr'><strong>culpaioccisionis.</strong></span> <span class='ocrx_word' id='word_1_845' title='bbox 3164 2413 3278 2480; x_wconf 85' lang='lat' dir='ltr'><strong>Ego</strong></span> <span class='ocrx_word' id='word_1_846' title='bbox 3303 2423 3406 2468; x_wconf 81' lang='lat' dir='ltr'><strong>tuze</strong></span> <span class='ocrx_word' id='word_1_847' title='bbox 3435 2431 3559 2485; x_wconf 86' lang='lat' dir='ltr'><strong>pas-</strong></span> 
     </span>
    </p>
   </div>
   <div class='ocr_carea' id='block_1_109' title="bbox 1984 2482 3560 2550">
    <p class='ocr_par' dir='ltr' id='par_1_109' title="bbox 1984 2482 3560 2550">
     <span class='ocr_line' id='line_1_112' title="bbox 1984 2482 3560 2550; baseline 0.004 -15"><span class='ocrx_word' id='word_1_848' title='bbox 1984 2482 2148 2536; x_wconf 88' lang='lat' dir='ltr'><strong>sionis</strong></span> <span class='ocrx_word' id='word_1_849' title='bbox 2173 2483 2328 2547; x_wconf 86' lang='lat' dir='ltr'><strong>livor,</strong></span> <span class='ocrx_word' id='word_1_850' title='bbox 2357 2483 2431 2536; x_wconf 87' lang='lat' dir='ltr'><strong>tui</strong></span> <span class='ocrx_word' id='word_1_851' title='bbox 2459 2482 2723 2536; x_wconf 90' lang='lat' dir='ltr'><strong>cruciatus</strong></span> <span class='ocrx_word' id='word_1_852' title='bbox 2764 2482 2931 2535; x_wconf 88' lang='lat' dir='ltr'><strong>labor.</strong></span> <span class='ocrx_word' id='word_1_853' title='bbox 2961 2482 3071 2550; x_wconf 84' lang='lat' dir='ltr'><strong>Ego</strong></span> <span class='ocrx_word' id='word_1_854' title='bbox 3100 2492 3202 2536; x_wconf 73' lang='lat' dir='ltr'><strong>tua:</strong></span> <span class='ocrx_word' id='word_1_855' title='bbox 3229 2485 3414 2539; x_wconf 85' lang='lat' dir='ltr'><strong>tnortis</strong></span> <span class='ocrx_word' id='word_1_856' title='bbox 3437 2482 3560 2542; x_wconf 80' lang='lat' dir='ltr'><strong>mc-</strong></span> 
     </span>
    </p>
   </div>
   <div class='ocr_carea' id='block_1_110' title="bbox 1984 2550 3561 2620">
    <p class='ocr_par' dir='ltr' id='par_1_110' title="bbox 1984 2550 3561 2620">
     <span class='ocr_line' id='line_1_113' title="bbox 1984 2550 3561 2620; baseline 0.003 -12"><span class='ocrx_word' id='word_1_857' title='bbox 1984 2554 2143 2608; x_wconf 89' lang='lat' dir='ltr'><strong>ritum</strong></span> <span class='ocrx_word' id='word_1_858' title='bbox 2166 2594 2179 2615; x_wconf 91' lang='lat'><strong>,</strong></span> <span class='ocrx_word' id='word_1_859' title='bbox 2224 2564 2327 2607; x_wconf 59' lang='lat' dir='ltr'><strong>tua)</strong></span> <span class='ocrx_word' id='word_1_860' title='bbox 2368 2551 2613 2606; x_wconf 77' lang='lat' dir='ltr'><strong>vindictae</strong></span> <span class='ocrx_word' id='word_1_861' title='bbox 2639 2550 2912 2620; x_wconf 77' lang='lat' dir='ltr'><strong>flagitium.</strong></span> <span class='ocrx_word' id='word_1_862' title='bbox 2956 2553 3001 2606; x_wconf 89' lang='grc'><strong>0</strong></span> <span class='ocrx_word' id='word_1_863' title='bbox 3031 2552 3287 2607; x_wconf 91' lang='lat' dir='ltr'><strong>mirabilis</strong></span> <span class='ocrx_word' id='word_1_864' title='bbox 3316 2571 3561 2613; x_wconf 76' lang='lat' dir='ltr'><strong>censura:</strong></span> 
     </span>
    </p>
   </div>
   <div class='ocr_carea' id='block_1_111' title="bbox 1985 2622 3561 2692">
    <p class='ocr_par' dir='ltr' id='par_1_111' title="bbox 1985 2622 3561 2692">
     <span class='ocr_line' id='line_1_114' title="bbox 1985 2622 3561 2692; baseline 0.003 -14"><span class='ocrx_word' id='word_1_865' title='bbox 1985 2623 2239 2686; x_wconf 90' lang='lat' dir='ltr'><strong>conditio,</strong></span> <span class='ocrx_word' id='word_1_866' title='bbox 2267 2633 2317 2677; x_wconf 86' lang='lat' dir='ltr'><strong>et</strong></span> <span class='ocrx_word' id='word_1_867' title='bbox 2346 2623 2625 2678; x_wconf 86' lang='lat' dir='ltr'><strong>iucﬂ&#39;abilis</strong></span> <span class='ocrx_word' id='word_1_868' title='bbox 2650 2622 2883 2692; x_wconf 83' lang='lat' dir='ltr'><strong>mysterii</strong></span> <span class='ocrx_word' id='word_1_869' title='bbox 2905 2622 3216 2682; x_wconf 79' lang='lat' dir='ltr'><strong>dispositio!</strong></span> <span class='ocrx_word' id='word_1_870' title='bbox 3242 2625 3431 2681; x_wconf 87' lang='lat' dir='ltr'><strong>Peccat</strong></span> <span class='ocrx_word' id='word_1_871' title='bbox 3453 2629 3561 2682; x_wconf 88' lang='lat' dir='ltr'><strong>iui-</strong></span> 
     </span>
    </p>
   </div>
   <div class='ocr_carea' id='block_1_112' title="bbox 1985 2692 3562 2766">
    <p class='ocr_par' dir='ltr' id='par_1_112' title="bbox 1985 2692 3562 2766">
     <span class='ocr_line' id='line_1_115' title="bbox 1985 2692 3562 2766; baseline 0.004 -19"><span class='ocrx_word' id='word_1_872' title='bbox 1985 2708 2153 2763; x_wconf 89' lang='lat' dir='ltr'><strong>quus,</strong></span> <span class='ocrx_word' id='word_1_873' title='bbox 2198 2705 2251 2748; x_wconf 90' lang='lat' dir='ltr'><strong>et</strong></span> <span class='ocrx_word' id='word_1_874' title='bbox 2282 2696 2498 2766; x_wconf 76' lang='lat' dir='ltr'><strong>punitur</strong></span> <span class='ocrx_word' id='word_1_875' title='bbox 2530 2693 2738 2766; x_wconf 82' lang='lat' dir='ltr'><strong>justus;</strong></span> <span class='ocrx_word' id='word_1_876' title='bbox 2784 2692 3040 2766; x_wconf 83' lang='lat' dir='ltr'><strong>delinquit</strong></span> <span class='ocrx_word' id='word_1_877' title='bbox 3083 2708 3238 2761; x_wconf 89' lang='lat' dir='ltr'><strong>reus,</strong></span> <span class='ocrx_word' id='word_1_878' title='bbox 3272 2707 3319 2749; x_wconf 89' lang='lat' dir='ltr'><strong>et</strong></span> <span class='ocrx_word' id='word_1_879' title='bbox 3348 2700 3562 2766; x_wconf 86' lang='lat' dir='ltr'><strong>vapulat</strong></span> 
     </span>
    </p>
   </div>
   <div class='ocr_carea' id='block_1_113' title="bbox 1987 2763 3556 2837">
    <p class='ocr_par' dir='ltr' id='par_1_113' title="bbox 1987 2763 3556 2837">
     <span class='ocr_line' id='line_1_116' title="bbox 1987 2763 3556 2837; baseline 0.003 -18"><span class='ocrx_word' id='word_1_880' title='bbox 1987 2768 2275 2829; x_wconf 88' lang='lat' dir='ltr'><strong>innocens;</strong></span> <span class='ocrx_word' id='word_1_881' title='bbox 2306 2764 2528 2837; x_wconf 76' lang='lat' dir='ltr'><strong>offendit</strong></span> <span class='ocrx_word' id='word_1_882' title='bbox 2550 2764 2780 2837; x_wconf 87' lang='lat' dir='ltr'><strong>impius,</strong></span> <span class='ocrx_word' id='word_1_883' title='bbox 2829 2773 2881 2816; x_wconf 89' lang='lat' dir='ltr'><strong>et</strong></span> <span class='ocrx_word' id='word_1_884' title='bbox 2912 2763 3196 2837; x_wconf 83' lang='lat' dir='ltr'><strong>damnatur</strong></span> <span class='ocrx_word' id='word_1_885' title='bbox 3223 2766 3341 2835; x_wconf 90' lang='lat' dir='ltr'><strong>pius</strong></span> <span class='ocrx_word' id='word_1_886' title='bbox 3373 2784 3385 2819; x_wconf 88' lang='lat'>:</span> <span class='ocrx_word' id='word_1_887' title='bbox 3413 2763 3556 2837; x_wconf 83' lang='lat' dir='ltr'><strong>quod</strong></span> 
     </span>
    </p>
   </div>
   <div class='ocr_carea' id='block_1_114' title="bbox 1986 2834 3558 2905">
    <p class='ocr_par' dir='ltr' id='par_1_114' title="bbox 1986 2834 3558 2905">
     <span class='ocr_line' id='line_1_117' title="bbox 1986 2834 3558 2905; baseline 0.001 -16"><span class='ocrx_word' id='word_1_888' title='bbox 1986 2844 2220 2889; x_wconf 91' lang='lat' dir='ltr'><strong>meretur</strong></span> <span class='ocrx_word' id='word_1_889' title='bbox 2241 2836 2431 2899; x_wconf 85' lang='lat' dir='ltr'><strong>malus,</strong></span> <span class='ocrx_word' id='word_1_890' title='bbox 2454 2836 2651 2904; x_wconf 89' lang='lat' dir='ltr'><strong>patitur</strong></span> <span class='ocrx_word' id='word_1_891' title='bbox 2673 2836 2868 2905; x_wconf 84' lang='lat' dir='ltr'><strong>bonus;</strong></span> <span class='ocrx_word' id='word_1_892' title='bbox 2892 2834 3031 2901; x_wconf 88' lang='lat' dir='ltr'><strong>quod</strong></span> <span class='ocrx_word' id='word_1_893' title='bbox 3060 2834 3326 2904; x_wconf 83' lang='lat' dir='ltr'><strong>perpetrat</strong></span> <span class='ocrx_word' id='word_1_894' title='bbox 3350 2834 3558 2905; x_wconf 34' lang='lat' dir='ltr'><strong>ser—vus,</strong></span> 
     </span>
    </p>
   </div>
   <div class='ocr_carea' id='block_1_115' title="bbox 1986 2904 3563 2986">
    <p class='ocr_par' dir='ltr' id='par_1_115' title="bbox 1986 2904 3563 2986">
     <span class='ocr_line' id='line_1_118' title="bbox 1986 2904 3563 2986; baseline 0.003 -27"><span class='ocrx_word' id='word_1_895' title='bbox 1986 2905 2218 2986; x_wconf 63' lang='lat' dir='ltr'><strong>exsolvii</strong></span> <span class='ocrx_word' id='word_1_896' title='bbox 2254 2906 2557 2986; x_wconf 42' lang='lat' dir='ltr'><strong>doniinusi‘</strong></span> <span class='ocrx_word' id='word_1_897' title='bbox 2577 2904 2718 2986; x_wconf 89' lang='lat' dir='ltr'><strong>quod</strong></span> <span class='ocrx_word' id='word_1_898' title='bbox 2766 2905 3049 2986; x_wconf 68' lang='lat' dir='ltr'><strong>commiitit</strong></span> <span class='ocrx_word' id='word_1_899' title='bbox 3090 2905 3287 2986; x_wconf 69' lang='lat' dir='ltr'><strong>lmine.</strong></span> <span class='ocrx_word' id='word_1_900' title='bbox 3334 2910 3563 2986; x_wconf 64' lang='lat' dir='ltr'><strong>susiinet</strong></span> 
     </span>
    </p>
   </div>
   <div class='ocr_carea' id='block_1_116' title="bbox 1988 2974 3563 3044">
    <p class='ocr_par' dir='ltr' id='par_1_116' title="bbox 1988 2974 3563 3044">
     <span class='ocr_line' id='line_1_119' title="bbox 1988 2974 3563 3044; baseline 0.002 -14"><span class='ocrx_word' id='word_1_901' title='bbox 1988 2976 2148 3031; x_wconf 90' lang='lat' dir='ltr'><strong>Deus.</strong></span> <span class='ocrx_word' id='word_1_902' title='bbox 2179 2976 2296 3044; x_wconf 84' lang='lat' dir='ltr'><strong>Quo</strong></span> <span class='ocrx_word' id='word_1_903' title='bbox 2317 3017 2331 3039; x_wconf 92' lang='lat'><strong>,</strong></span> <span class='ocrx_word' id='word_1_904' title='bbox 2363 2976 2493 3030; x_wconf 86' lang='lat' dir='ltr'><strong>Nate</strong></span> <span class='ocrx_word' id='word_1_905' title='bbox 2523 2974 2612 3030; x_wconf 88' lang='lat' dir='ltr'><strong>Dei</strong></span> <span class='ocrx_word' id='word_1_906' title='bbox 2636 3017 2649 3036; x_wconf 82' lang='grc'>,</span> <span class='ocrx_word' id='word_1_907' title='bbox 2698 2988 2805 3043; x_wconf 90' lang='lat' dir='ltr'><strong>quo</strong></span> <span class='ocrx_word' id='word_1_908' title='bbox 2835 2983 2919 3027; x_wconf 88' lang='lat' dir='ltr'><strong>tua</strong></span> <span class='ocrx_word' id='word_1_909' title='bbox 2948 2974 3223 3029; x_wconf 89' lang='lat' dir='ltr'><strong>descendit</strong></span> <span class='ocrx_word' id='word_1_910' title='bbox 3254 2978 3563 3033; x_wconf 82' lang='lat' dir='ltr'><strong>humilitas?</strong></span> 
     </span>
    </p>
   </div>
   <div class='ocr_carea' id='block_1_117' title="bbox 1985 3045 3562 3118">
    <p class='ocr_par' dir='ltr' id='par_1_117' title="bbox 1985 3045 3562 3118">
     <span class='ocr_line' id='line_1_120' title="bbox 1985 3045 3562 3118; baseline 0.001 -18"><span class='ocrx_word' id='word_1_911' title='bbox 1985 3061 2093 3117; x_wconf 90' lang='lat' dir='ltr'><strong>quo</strong></span> <span class='ocrx_word' id='word_1_912' title='bbox 2119 3056 2204 3101; x_wconf 91' lang='lat' dir='ltr'><strong>tua</strong></span> <span class='ocrx_word' id='word_1_913' title='bbox 2236 3047 2473 3118; x_wconf 86' lang='lat' dir='ltr'><strong>ﬂagravit</strong></span> <span class='ocrx_word' id='word_1_914' title='bbox 2502 3045 2772 3118; x_wconf 82' lang='lat' dir='ltr'><strong>charitas?</strong></span> <span class='ocrx_word' id='word_1_915' title='bbox 2798 3059 2904 3114; x_wconf 88' lang='lat' dir='ltr'><strong>quo</strong></span> <span class='ocrx_word' id='word_1_916' title='bbox 2933 3048 3190 3118; x_wconf 80' lang='lat' dir='ltr'><strong>processit</strong></span> <span class='ocrx_word' id='word_1_917' title='bbox 3227 3048 3430 3115; x_wconf 82' lang='lat' dir='ltr'><strong>pietas?</strong></span> <span class='ocrx_word' id='word_1_918' title='bbox 3454 3068 3562 3118; x_wconf 84' lang='lat' dir='ltr'><strong>quo</strong></span> 
     </span>
    </p>
   </div>
   <div class='ocr_carea' id='block_1_118' title="bbox 1987 3116 3560 3187">
    <p class='ocr_par' dir='ltr' id='par_1_118' title="bbox 1987 3116 3560 3187">
     <span class='ocr_line' id='line_1_121' title="bbox 1987 3116 3560 3187; baseline 0.001 -16"><span class='ocrx_word' id='word_1_919' title='bbox 1987 3116 2220 3172; x_wconf 80' lang='lat' dir='ltr'><strong>excrevit</strong></span> <span class='ocrx_word' id='word_1_920' title='bbox 2242 3116 2581 3187; x_wconf 84' lang='lat' dir='ltr'><strong>benignitas?</strong></span> <span class='ocrx_word' id='word_1_921' title='bbox 2609 3131 2713 3184; x_wconf 90' lang='lat' dir='ltr'><strong>quo</strong></span> <span class='ocrx_word' id='word_1_922' title='bbox 2726 3124 2853 3187; x_wconf 78' lang='lat' dir='ltr'><strong>tuus</strong></span> <span class='ocrx_word' id='word_1_923' title='bbox 2883 3117 3053 3187; x_wconf 87' lang='lat' dir='ltr'><strong>attigit</strong></span> <span class='ocrx_word' id='word_1_924' title='bbox 3085 3118 3275 3169; x_wconf 88' lang='lat' dir='ltr'><strong>amor?</strong></span> <span class='ocrx_word' id='word_1_925' title='bbox 3300 3133 3405 3187; x_wconf 93' lang='lat' dir='ltr'><strong>quo</strong></span> <span class='ocrx_word' id='word_1_926' title='bbox 3435 3116 3560 3187; x_wconf 78' lang='lat' dir='ltr'><strong>per-</strong></span> 
     </span>
    </p>
   </div>
   <div class='ocr_carea' id='block_1_119' title="bbox 1987 3185 3557 3257">
    <p class='ocr_par' dir='ltr' id='par_1_119' title="bbox 1987 3185 3557 3257">
     <span class='ocr_line' id='line_1_122' title="bbox 1987 3185 3557 3257; baseline 0.004 -18"><span class='ocrx_word' id='word_1_927' title='bbox 1987 3187 2132 3242; x_wconf 91' lang='lat' dir='ltr'><strong>venit</strong></span> <span class='ocrx_word' id='word_1_928' title='bbox 2156 3185 2494 3256; x_wconf 84' lang='lat' dir='ltr'><strong>cotnpassio?</strong></span> <span class='ocrx_word' id='word_1_929' title='bbox 2530 3187 2640 3257; x_wconf 84' lang='lat' dir='ltr'><strong>Ego</strong></span> <span class='ocrx_word' id='word_1_930' title='bbox 2666 3185 2843 3255; x_wconf 89' lang='lat' dir='ltr'><strong>inique</strong></span> <span class='ocrx_word' id='word_1_931' title='bbox 2878 3186 2979 3254; x_wconf 83' lang='lat' dir='ltr'><strong>egi,</strong></span> <span class='ocrx_word' id='word_1_932' title='bbox 3013 3195 3066 3239; x_wconf 91' lang='lat' dir='ltr'><strong>tu</strong></span> <span class='ocrx_word' id='word_1_933' title='bbox 3090 3200 3242 3253; x_wconf 71' lang='lat' dir='ltr'><strong>plena</strong></span> <span class='ocrx_word' id='word_1_934' title='bbox 3275 3185 3557 3255; x_wconf 35' lang='lat' dir='ltr'><strong>multa&#39;ris;</strong></span> 
     </span>
    </p>
   </div>
   <div class='ocr_carea' id='block_1_120' title="bbox 1987 3256 3559 3329">
    <p class='ocr_par' dir='ltr' id='par_1_120' title="bbox 1987 3256 3559 3329">
     <span class='ocr_line' id='line_1_123' title="bbox 1987 3256 3559 3329; baseline 0.002 -18"><span class='ocrx_word' id='word_1_935' title='bbox 1987 3272 2087 3329; x_wconf 87' lang='lat' dir='ltr'><strong>ego</strong></span> <span class='ocrx_word' id='word_1_936' title='bbox 2122 3257 2323 3313; x_wconf 82' lang='lat' dir='ltr'><strong>facinus</strong></span> <span class='ocrx_word' id='word_1_937' title='bbox 2352 3258 2539 3312; x_wconf 88' lang='lat' dir='ltr'><strong>admisi</strong></span> <span class='ocrx_word' id='word_1_938' title='bbox 2562 3256 2660 3329; x_wconf 77' lang='lat' dir='ltr'><strong>,tu</strong></span> <span class='ocrx_word' id='word_1_939' title='bbox 2687 3257 2884 3329; x_wconf 79' lang='lat' dir='ltr'><strong>ultione</strong></span> <span class='ocrx_word' id='word_1_940' title='bbox 2916 3256 3161 3329; x_wconf 84' lang='lat' dir='ltr'><strong>plecteris</strong></span> <span class='ocrx_word' id='word_1_941' title='bbox 3187 3274 3199 3329; x_wconf 86' lang='lat'><strong>;</strong></span> <span class='ocrx_word' id='word_1_942' title='bbox 3229 3271 3329 3328; x_wconf 79' lang='lat' dir='ltr'><strong>ego</strong></span> <span class='ocrx_word' id='word_1_943' title='bbox 3354 3261 3559 3315; x_wconf 90' lang='lat' dir='ltr'><strong>crimen</strong></span> 
     </span>
    </p>
   </div>
   <div class='ocr_carea' id='block_1_121' title="bbox 1988 3327 3563 3396">
    <p class='ocr_par' dir='ltr' id='par_1_121' title="bbox 1988 3327 3563 3396">
     <span class='ocr_line' id='line_1_124' title="bbox 1988 3327 3563 3396; baseline 0 -10"><span class='ocrx_word' id='word_1_944' title='bbox 1988 3327 2152 3395; x_wconf 85' lang='lat' dir='ltr'><strong>edidi,</strong></span> <span class='ocrx_word' id='word_1_945' title='bbox 2198 3340 2250 3383; x_wconf 93' lang='lat' dir='ltr'><strong>tu</strong></span> <span class='ocrx_word' id='word_1_946' title='bbox 2280 3338 2496 3383; x_wconf 70' lang='lat' dir='ltr'><strong>torturze</strong></span> <span class='ocrx_word' id='word_1_947' title='bbox 2524 3327 2835 3393; x_wconf 84' lang='lat' dir='ltr'><strong>subjiccris:</strong></span> <span class='ocrx_word' id='word_1_948' title='bbox 2863 3341 2961 3394; x_wconf 80' lang='lat' dir='ltr'><strong>ego</strong></span> <span class='ocrx_word' id='word_1_949' title='bbox 2985 3327 3283 3396; x_wconf 36' lang='lat' dir='ltr'><strong>superbivi,’</strong></span> <span class='ocrx_word' id='word_1_950' title='bbox 3305 3342 3357 3381; x_wconf 89' lang='lat' dir='ltr'><strong>tu</strong></span> <span class='ocrx_word' id='word_1_951' title='bbox 3388 3331 3563 3385; x_wconf 85' lang='lat' dir='ltr'><strong>humi-</strong></span> 
     </span>
    </p>
   </div>
   <div class='ocr_carea' id='block_1_122' title="bbox 1988 3398 3562 3469">
    <p class='ocr_par' dir='ltr' id='par_1_122' title="bbox 1988 3398 3562 3469">
     <span class='ocr_line' id='line_1_125' title="bbox 1988 3398 3562 3469; baseline 0.001 -14"><span class='ocrx_word' id='word_1_952' title='bbox 1988 3401 2167 3465; x_wconf 87' lang='lat' dir='ltr'><strong>liaris;</strong></span> <span class='ocrx_word' id='word_1_953' title='bbox 2196 3415 2293 3469; x_wconf 86' lang='lat' dir='ltr'><strong>ego</strong></span> <span class='ocrx_word' id='word_1_954' title='bbox 2319 3399 2485 3452; x_wconf 92' lang='lat' dir='ltr'><strong>tumui</strong></span> <span class='ocrx_word' id='word_1_955' title='bbox 2511 3441 2523 3460; x_wconf 90' lang='lat'><strong>,</strong></span> <span class='ocrx_word' id='word_1_956' title='bbox 2556 3409 2607 3451; x_wconf 93' lang='lat' dir='ltr'><strong>tu</strong></span> <span class='ocrx_word' id='word_1_957' title='bbox 2638 3399 2959 3469; x_wconf 55' lang='lat' dir='ltr'><strong>attinuaris;</strong></span> <span class='ocrx_word' id='word_1_958' title='bbox 2993 3412 3091 3467; x_wconf 89' lang='lat' dir='ltr'><strong>ego</strong></span> <span class='ocrx_word' id='word_1_959' title='bbox 3130 3398 3439 3455; x_wconf 87' lang='lat' dir='ltr'><strong>iuobediens</strong></span> <span class='ocrx_word' id='word_1_960' title='bbox 3469 3418 3562 3456; x_wconf 77' lang='lat' dir='ltr'><strong>ex-</strong></span> 
     </span>
    </p>
   </div>
   <div class='ocr_carea' id='block_1_123' title="bbox 1988 3467 3563 3541">
    <p class='ocr_par' dir='ltr' id='par_1_123' title="bbox 1988 3467 3563 3541">
     <span class='ocr_line' id='line_1_126' title="bbox 1988 3467 3563 3541; baseline -0.001 -14"><span class='ocrx_word' id='word_1_961' title='bbox 1988 3473 2119 3536; x_wconf 87' lang='lat' dir='ltr'><strong>stiti,</strong></span> <span class='ocrx_word' id='word_1_962' title='bbox 2148 3480 2202 3524; x_wconf 89' lang='lat' dir='ltr'><strong>tu</strong></span> <span class='ocrx_word' id='word_1_963' title='bbox 2230 3467 2484 3541; x_wconf 85' lang='lat' dir='ltr'><strong>obedieus</strong></span> <span class='ocrx_word' id='word_1_964' title='bbox 2516 3469 2690 3541; x_wconf 82' lang='lat' dir='ltr'><strong>scelus</strong></span> <span class='ocrx_word' id='word_1_965' title='bbox 2716 3467 3088 3541; x_wconf 73' lang='lat' dir='ltr'><strong>inobcdientire</strong></span> <span class='ocrx_word' id='word_1_966' title='bbox 3130 3468 3268 3533; x_wconf 90' lang='lat' dir='ltr'><strong>luis;</strong></span> <span class='ocrx_word' id='word_1_967' title='bbox 3300 3485 3401 3539; x_wconf 82' lang='lat' dir='ltr'><strong>ego</strong></span> <span class='ocrx_word' id='word_1_968' title='bbox 3423 3473 3563 3541; x_wconf 76' lang='lat' dir='ltr'><strong>gulae</strong></span> 
     </span>
    </p>
   </div>
   <div class='ocr_carea' id='block_1_124' title="bbox 1990 3538 3565 3612">
    <p class='ocr_par' dir='ltr' id='par_1_124' title="bbox 1990 3538 3565 3612">
     <span class='ocr_line' id='line_1_127' title="bbox 1990 3538 3565 3612; baseline 0.001 -16"><span class='ocrx_word' id='word_1_969' title='bbox 1990 3543 2158 3612; x_wconf 89' lang='lat' dir='ltr'><strong>parui,</strong></span> <span class='ocrx_word' id='word_1_970' title='bbox 2189 3551 2243 3595; x_wconf 90' lang='lat' dir='ltr'><strong>tu</strong></span> <span class='ocrx_word' id='word_1_971' title='bbox 2273 3539 2734 3612; x_wconf 75' lang='lat' dir='ltr'><strong>inediaailiceris;</strong></span> <span class='ocrx_word' id='word_1_972' title='bbox 2761 3552 2852 3612; x_wconf 70' lang='lat' dir='ltr'><strong>ine</strong></span> <span class='ocrx_word' id='word_1_973' title='bbox 2871 3538 3137 3612; x_wconf 24' lang='lat' dir='ltr'><strong>adiillicita</strong></span> <span class='ocrx_word' id='word_1_974' title='bbox 3170 3538 3565 3612; x_wconf 54' lang='lat' dir='ltr'><strong>rapuitconcu‘</strong></span> 
     </span>
    </p>
   </div>
   <div class='ocr_carea' id='block_1_125' title="bbox 1988 3607 3562 3683">
    <p class='ocr_par' dir='ltr' id='par_1_125' title="bbox 1988 3607 3562 3683">
     <span class='ocr_line' id='line_1_128' title="bbox 1988 3607 3562 3683; baseline 0 -16"><span class='ocrx_word' id='word_1_975' title='bbox 1988 3607 2242 3683; x_wconf 81' lang='lat' dir='ltr'><strong>piscentia</strong></span> <span class='ocrx_word' id='word_1_976' title='bbox 2282 3610 2542 3675; x_wconf 76' lang='lat' dir='ltr'><strong>arboris‘,</strong></span> <span class='ocrx_word' id='word_1_977' title='bbox 2582 3618 2632 3683; x_wconf 89' lang='lat' dir='ltr'><strong>te</strong></span> <span class='ocrx_word' id='word_1_978' title='bbox 2660 3607 2889 3683; x_wconf 75' lang='lat' dir='ltr'><strong>perfecta</strong></span> <span class='ocrx_word' id='word_1_979' title='bbox 2916 3608 3144 3683; x_wconf 79' lang='lat' dir='ltr'><strong>charitas</strong></span> <span class='ocrx_word' id='word_1_980' title='bbox 3173 3607 3319 3683; x_wconf 77' lang='lat' dir='ltr'><strong>ducit</strong></span> <span class='ocrx_word' id='word_1_981' title='bbox 3345 3612 3411 3683; x_wconf 88' lang='lat' dir='ltr'><strong>ad</strong></span> <span class='ocrx_word' id='word_1_982' title='bbox 3436 3628 3562 3667; x_wconf 89' lang='lat' dir='ltr'><strong>cru-</strong></span> 
     </span>
    </p>
   </div>
   <div class='ocr_carea' id='block_1_126' title="bbox 1989 3679 3560 3752">
    <p class='ocr_par' dir='ltr' id='par_1_126' title="bbox 1989 3679 3560 3752">
     <span class='ocr_line' id='line_1_129' title="bbox 1989 3679 3560 3752; baseline 0.006 -24"><span class='ocrx_word' id='word_1_983' title='bbox 1989 3679 2136 3745; x_wconf 62' lang='lat' dir='ltr'><strong>éem;</strong></span> <span class='ocrx_word' id='word_1_984' title='bbox 2175 3697 2274 3752; x_wconf 80' lang='lat' dir='ltr'><strong>ego</strong></span> <span class='ocrx_word' id='word_1_985' title='bbox 2312 3680 2904 3752; x_wconf 63' lang='lat' dir='ltr'><strong>prinsumpsiveliltun,</strong></span> <span class='ocrx_word' id='word_1_986' title='bbox 2938 3687 2998 3752; x_wconf 78' lang='lat' dir='ltr'><strong>tu</strong></span> <span class='ocrx_word' id='word_1_987' title='bbox 3031 3679 3215 3752; x_wconf 79' lang='lat' dir='ltr'><strong>subisti</strong></span> <span class='ocrx_word' id='word_1_988' title='bbox 3241 3682 3560 3751; x_wconf 78' lang='lat' dir='ltr'><strong>etptuleum;</strong></span> 
     </span>
    </p>
   </div>
   <div class='ocr_carea' id='block_1_127' title="bbox 1988 3750 3563 3824">
    <p class='ocr_par' dir='ltr' id='par_1_127' title="bbox 1988 3750 3563 3824">
     <span class='ocr_line' id='line_1_130' title="bbox 1988 3750 3563 3824; baseline 0.003 -18"><span class='ocrx_word' id='word_1_989' title='bbox 1988 3769 2089 3824; x_wconf 89' lang='lat' dir='ltr'><strong>ego</strong></span> <span class='ocrx_word' id='word_1_990' title='bbox 2115 3750 2357 3824; x_wconf 74' lang='lat' dir='ltr'><strong>delector</strong></span> <span class='ocrx_word' id='word_1_991' title='bbox 2383 3752 2538 3824; x_wconf 88' lang='lat' dir='ltr'><strong>cibo,_</strong></span> <span class='ocrx_word' id='word_1_992' title='bbox 2557 3750 2846 3824; x_wconf 19' lang='lat' dir='ltr'><strong>tuilaboras</strong></span> <span class='ocrx_word' id='word_1_993' title='bbox 2873 3750 3142 3824; x_wconf 81' lang='lat' dir='ltr'><strong>patibulo;</strong></span> <span class='ocrx_word' id='word_1_994' title='bbox 3173 3765 3272 3824; x_wconf 68' lang='lat' dir='ltr'><strong>ego</strong></span> <span class='ocrx_word' id='word_1_995' title='bbox 3295 3754 3441 3807; x_wconf 86' lang='lat' dir='ltr'><strong>l&#39;ruor</strong></span> <span class='ocrx_word' id='word_1_996' title='bbox 3463 3753 3563 3811; x_wconf 84' lang='lat' dir='ltr'><strong>tle-</strong></span> 
     </span>
    </p>
   </div>
   <div class='ocr_carea' id='block_1_128' title="bbox 1990 3820 3565 3889">
    <p class='ocr_par' dir='ltr' id='par_1_128' title="bbox 1990 3820 3565 3889">
     <span class='ocr_line' id='line_1_131' title="bbox 1990 3820 3565 3889; baseline 0 -11"><span class='ocrx_word' id='word_1_997' title='bbox 1990 3820 2145 3888; x_wconf 76' lang='lat' dir='ltr'><strong>liciis,</strong></span> <span class='ocrx_word' id='word_1_998' title='bbox 2175 3834 2229 3878; x_wconf 91' lang='lat' dir='ltr'><strong>tu</strong></span> <span class='ocrx_word' id='word_1_999' title='bbox 2257 3823 2471 3877; x_wconf 90' lang='lat' dir='ltr'><strong>laniaris</strong></span> <span class='ocrx_word' id='word_1_1000' title='bbox 2496 3822 2691 3885; x_wconf 88' lang='lat' dir='ltr'><strong>clavis;</strong></span> <span class='ocrx_word' id='word_1_1001' title='bbox 2716 3834 2815 3889; x_wconf 87' lang='lat' dir='ltr'><strong>ego</strong></span> <span class='ocrx_word' id='word_1_1002' title='bbox 2837 3820 2976 3886; x_wconf 90' lang='lat' dir='ltr'><strong>pomi</strong></span> <span class='ocrx_word' id='word_1_1003' title='bbox 2999 3820 3356 3886; x_wconf 88' lang='lat' dir='ltr'><strong>dulcedinem,</strong></span> <span class='ocrx_word' id='word_1_1004' title='bbox 3386 3833 3440 3877; x_wconf 89' lang='lat' dir='ltr'><strong>tu</strong></span> <span class='ocrx_word' id='word_1_1005' title='bbox 3469 3824 3565 3879; x_wconf 78' lang='lat' dir='ltr'><strong>fel-</strong></span> 
     </span>
    </p>
   </div>
   <div class='ocr_carea' id='block_1_129' title="bbox 1989 3890 3561 3965">
    <p class='ocr_par' dir='ltr' id='par_1_129' title="bbox 1989 3890 3561 3965">
     <span class='ocr_line' id='line_1_132' title="bbox 1989 3890 3561 3965; baseline -0.001 -16"><span class='ocrx_word' id='word_1_1006' title='bbox 1989 3894 2054 3950; x_wconf 90' lang='lat' dir='ltr'><strong>lis</strong></span> <span class='ocrx_word' id='word_1_1007' title='bbox 2077 3905 2254 3965; x_wconf 86' lang='lat' dir='ltr'><strong>gustas</strong></span> <span class='ocrx_word' id='word_1_1008' title='bbox 2276 3890 2868 3965; x_wconf 82' lang='lat' dir='ltr'><strong>amaritndiuem_:_mihi</strong></span> <span class='ocrx_word' id='word_1_1009' title='bbox 2892 3890 3400 3965; x_wconf 63' lang='lat' dir='ltr'><strong>ridens_congaudet</strong></span> <span class='ocrx_word' id='word_1_1010' title='bbox 3428 3895 3561 3959; x_wconf 77' lang='lat' dir='ltr'><strong>Eva,</strong></span> 
     </span>
    </p>
   </div>
   <div class='ocr_carea' id='block_1_130' title="bbox 1991 3960 3566 4034">
    <p class='ocr_par' dir='ltr' id='par_1_130' title="bbox 1991 3960 3566 4034">
     <span class='ocr_line' id='line_1_133' title="bbox 1991 3960 3566 4034; baseline 0 -15"><span class='ocrx_word' id='word_1_1011' title='bbox 1991 3960 2326 4034; x_wconf 59' lang='lat' dir='ltr'><strong>tibi&#39;plorans</strong></span> <span class='ocrx_word' id='word_1_1012' title='bbox 2346 3962 2666 4034; x_wconf 79' lang='lat' dir='ltr'><strong>compalitur</strong></span> <span class='ocrx_word' id='word_1_1013' title='bbox 2682 3961 2863 4034; x_wconf 39' lang='lat' dir='ltr'><strong>Maria:</strong></span> <span class='ocrx_word' id='word_1_1014' title='bbox 2892 3960 3185 4034; x_wconf 46' lang='lat' dir='ltr'><strong>EcecLRex</strong></span> <span class='ocrx_word' id='word_1_1015' title='bbox 3209 3962 3413 4031; x_wconf 77' lang='lat' dir='ltr'><strong>gloriae,</strong></span> <span class='ocrx_word' id='word_1_1016' title='bbox 3438 3980 3566 4019; x_wconf 77' lang='lat' dir='ltr'><strong>ct-ce</strong></span> 
     </span>
    </p>
   </div>
   <div class='ocr_carea' id='block_1_131' title="bbox 1990 4031 3563 4104">
    <p class='ocr_par' dir='ltr' id='par_1_131' title="bbox 1990 4031 3563 4104">
     <span class='ocr_line' id='line_1_134' title="bbox 1990 4031 3563 4104; baseline -0.001 -14"><span class='ocrx_word' id='word_1_1017' title='bbox 1990 4031 2400 4104; x_wconf 56' lang='lat' dir='ltr'><strong>mea&#39;impietas,</strong></span> <span class='ocrx_word' id='word_1_1018' title='bbox 2430 4042 2482 4087; x_wconf 89' lang='lat' dir='ltr'><strong>et</strong></span> <span class='ocrx_word' id='word_1_1019' title='bbox 2507 4041 2593 4104; x_wconf 88' lang='lat' dir='ltr'><strong>tua</strong></span> <span class='ocrx_word' id='word_1_1020' title='bbox 2624 4032 2789 4085; x_wconf 86' lang='lat' dir='ltr'><strong>claret</strong></span> <span class='ocrx_word' id='word_1_1021' title='bbox 2817 4031 3004 4100; x_wconf 87' lang='lat' dir='ltr'><strong>pietas.</strong></span> <span class='ocrx_word' id='word_1_1022' title='bbox 3033 4031 3112 4085; x_wconf 86' lang='lat' dir='ltr'><strong>En</strong></span> <span class='ocrx_word' id='word_1_1023' title='bbox 3142 4048 3259 4086; x_wconf 86' lang='lat' dir='ltr'><strong>mea</strong></span> <span class='ocrx_word' id='word_1_1024' title='bbox 3283 4033 3563 4103; x_wconf 73' lang='lat' dir='ltr'><strong>iniustitia,</strong></span> 
     </span>
    </p>
   </div>
   <div class='ocr_carea' id='block_1_132' title="bbox 1989 4103 2602 4173">
    <p class='ocr_par' dir='ltr' id='par_1_132' title="bbox 1989 4103 2602 4173">
     <span class='ocr_line' id='line_1_135' title="bbox 1989 4103 2602 4173; baseline -0.013 -11"><span class='ocrx_word' id='word_1_1025' title='bbox 1989 4116 2045 4162; x_wconf 89' lang='lat' dir='ltr'><strong>et</strong></span> <span class='ocrx_word' id='word_1_1026' title='bbox 2071 4117 2159 4158; x_wconf 89' lang='lat' dir='ltr'><strong>tua</strong></span> <span class='ocrx_word' id='word_1_1027' title='bbox 2192 4103 2357 4165; x_wconf 80' lang='lat' dir='ltr'><strong>liquet</strong></span> <span class='ocrx_word' id='word_1_1028' title='bbox 2379 4103 2602 4173; x_wconf 83' lang='lat' dir='ltr'><strong>justitia.</strong></span> 
     </span>
    </p>
   </div>
   <div class='ocr_carea' id='block_1_133' title="bbox 2060 4172 3567 4245">
    <p class='ocr_par' dir='ltr' id='par_1_133' title="bbox 2060 4172 3567 4245">
     <span class='ocr_line' id='line_1_136' title="bbox 2060 4172 3567 4245; baseline 0.001 -16"><span class='ocrx_word' id='word_1_1029' title='bbox 2060 4176 2213 4245; x_wconf 85' lang='lat' dir='ltr'><strong>Quid,</strong></span> <span class='ocrx_word' id='word_1_1030' title='bbox 2248 4175 2360 4229; x_wconf 80' lang='lat' dir='ltr'><strong>Rex</strong></span> <span class='ocrx_word' id='word_1_1031' title='bbox 2391 4188 2541 4228; x_wconf 88' lang='lat' dir='ltr'><strong>meus</strong></span> <span class='ocrx_word' id='word_1_1032' title='bbox 2565 4183 2617 4226; x_wconf 88' lang='lat' dir='ltr'><strong>et</strong></span> <span class='ocrx_word' id='word_1_1033' title='bbox 2644 4172 2783 4226; x_wconf 82' lang='lat' dir='ltr'><strong>Deus</strong></span> <span class='ocrx_word' id='word_1_1034' title='bbox 2814 4187 2981 4245; x_wconf 80' lang='lat' dir='ltr'><strong>meus,</strong></span> <span class='ocrx_word' id='word_1_1035' title='bbox 3007 4173 3131 4245; x_wconf 85' lang='lat' dir='ltr'><strong>quid</strong></span> <span class='ocrx_word' id='word_1_1036' title='bbox 3160 4175 3446 4230; x_wconf 89' lang='lat' dir='ltr'><strong>retribuam</strong></span> <span class='ocrx_word' id='word_1_1037' title='bbox 3470 4175 3567 4230; x_wconf 86' lang='lat' dir='ltr'><strong>tibi</strong></span> 
     </span>
    </p>
   </div>
   <div class='ocr_carea' id='block_1_134' title="bbox 1991 4244 3567 4329">
    <p class='ocr_par' dir='ltr' id='par_1_134' title="bbox 1991 4244 3567 4329">
     <span class='ocr_line' id='line_1_137' title="bbox 1991 4244 3567 4329; baseline -0.001 -27"><span class='ocrx_word' id='word_1_1038' title='bbox 1991 4244 2362 4329; x_wconf 26' lang='lat' dir='ltr'><strong>pro’omnibus</strong></span> <span class='ocrx_word' id='word_1_1039' title='bbox 2400 4260 2518 4329; x_wconf 59' lang='lat' dir='ltr'><strong>quin</strong></span> <span class='ocrx_word' id='word_1_1040' title='bbox 2549 4244 2773 4326; x_wconf 80' lang='lat' dir='ltr'><strong>tribuisti</strong></span> <span class='ocrx_word' id='word_1_1041' title='bbox 2817 4244 2982 4329; x_wconf 79' lang='lat' dir='ltr'><strong>milii?</strong></span> <span class='ocrx_word' id='word_1_1042' title='bbox 3022 4244 3138 4329; x_wconf 40' lang='lat' dir='ltr'><strong>lion</strong></span> <span class='ocrx_word' id='word_1_1043' title='bbox 3168 4248 3318 4329; x_wconf 61' lang='lat' dir='ltr'><strong>enini</strong></span> <span class='ocrx_word' id='word_1_1044' title='bbox 3342 4247 3567 4329; x_wconf 81' lang='lat' dir='ltr'><strong>inveniri</strong></span> 
     </span>
    </p>
   </div>
   <div class='ocr_carea' id='block_1_135' title="bbox 1992 4314 3568 4387">
    <p class='ocr_par' dir='ltr' id='par_1_135' title="bbox 1992 4314 3568 4387">
     <span class='ocr_line' id='line_1_138' title="bbox 1992 4314 3568 4387; baseline -0.001 -14"><span class='ocrx_word' id='word_1_1045' title='bbox 1992 4314 2042 4373; x_wconf 82' lang='lat' dir='ltr'><strong>in</strong></span> <span class='ocrx_word' id='word_1_1046' title='bbox 2068 4317 2229 4372; x_wconf 86' lang='lat' dir='ltr'><strong>corde</strong></span> <span class='ocrx_word' id='word_1_1047' title='bbox 2268 4325 2442 4387; x_wconf 87' lang='lat' dir='ltr'><strong>potest</strong></span> <span class='ocrx_word' id='word_1_1048' title='bbox 2464 4315 2730 4387; x_wconf 78' lang='lat' dir='ltr'><strong>liomiuis,</strong></span> <span class='ocrx_word' id='word_1_1049' title='bbox 2750 4314 2887 4382; x_wconf 87' lang='lat' dir='ltr'><strong>quod</strong></span> <span class='ocrx_word' id='word_1_1050' title='bbox 2919 4315 3194 4387; x_wconf 11' lang='lat' dir='ltr'><strong>condigne,</strong></span> <span class='ocrx_word' id='word_1_1051' title='bbox 3212 4318 3404 4371; x_wconf 84' lang='lat' dir='ltr'><strong>talibus</strong></span> <span class='ocrx_word' id='word_1_1052' title='bbox 3430 4318 3568 4372; x_wconf 87' lang='lat' dir='ltr'><strong>refe-</strong></span> 
     </span>
    </p>
   </div>
   <div class='ocr_carea' id='block_1_136' title="bbox 1991 4385 3569 4457">
    <p class='ocr_par' dir='ltr' id='par_1_136' title="bbox 1991 4385 3569 4457">
     <span class='ocr_line' id='line_1_139' title="bbox 1991 4385 3569 4457; baseline -0.001 -14"><span class='ocrx_word' id='word_1_1053' title='bbox 1991 4398 2139 4443; x_wconf 82' lang='lat' dir='ltr'><strong>ratur</strong></span> <span class='ocrx_word' id='word_1_1054' title='bbox 2184 4385 2432 4457; x_wconf 50' lang='lat' dir='ltr'><strong>pra‘miis.</strong></span> <span class='ocrx_word' id='word_1_1055' title='bbox 2462 4385 2723 4455; x_wconf 67' lang='lat' dir='ltr'><strong>Numquid</strong></span> <span class='ocrx_word' id='word_1_1056' title='bbox 2765 4386 3037 4457; x_wconf 66' lang='lat' dir='ltr'><strong>sagacitas</strong></span> <span class='ocrx_word' id='word_1_1057' title='bbox 3063 4385 3355 4457; x_wconf 76' lang='lat' dir='ltr'><strong>machinari</strong></span> <span class='ocrx_word' id='word_1_1058' title='bbox 3378 4397 3569 4457; x_wconf 79' lang='lat' dir='ltr'><strong>potest</strong></span> 
     </span>
    </p>
   </div>
   <div class='ocr_carea' id='block_1_137' title="bbox 1991 4456 3571 4523">
    <p class='ocr_par' dir='ltr' id='par_1_137' title="bbox 1991 4456 3571 4523">
     <span class='ocr_line' id='line_1_140' title="bbox 1991 4456 3571 4523; baseline 0.001 -11"><span class='ocrx_word' id='word_1_1059' title='bbox 1991 4456 2221 4512; x_wconf 83' lang='lat' dir='ltr'><strong>humana</strong></span> <span class='ocrx_word' id='word_1_1060' title='bbox 2245 4498 2259 4523; x_wconf 94' lang='lat'><strong>,</strong></span> <span class='ocrx_word' id='word_1_1061' title='bbox 2307 4457 2390 4512; x_wconf 90' lang='lat' dir='ltr'><strong>cui</strong></span> <span class='ocrx_word' id='word_1_1062' title='bbox 2432 4465 2767 4523; x_wconf 81' lang='lat' dir='ltr'><strong>comparetur</strong></span> <span class='ocrx_word' id='word_1_1063' title='bbox 2808 4456 3079 4509; x_wconf 77' lang='lat' dir='ltr'><strong>miseratio</strong></span> <span class='ocrx_word' id='word_1_1064' title='bbox 3106 4456 3319 4509; x_wconf 76' lang='lat' dir='ltr'><strong>divina?</strong></span> <span class='ocrx_word' id='word_1_1065' title='bbox 3345 4456 3453 4512; x_wconf 88' lang='lat' dir='ltr'><strong>Nec</strong></span> <span class='ocrx_word' id='word_1_1066' title='bbox 3485 4468 3571 4513; x_wconf 81' lang='lat' dir='ltr'><strong>est</strong></span> 
     </span>
    </p>
   </div>
   <div class='ocr_carea' id='block_1_138' title="bbox 1990 4524 3570 4592">
    <p class='ocr_par' dir='ltr' id='par_1_138' title="bbox 1990 4524 3570 4592">
     <span class='ocr_line' id='line_1_141' title="bbox 1990 4524 3570 4592; baseline 0.001 -10"><span class='ocrx_word' id='word_1_1067' title='bbox 1990 4540 2249 4584; x_wconf 74' lang='lat' dir='ltr'><strong>creaturae</strong></span> <span class='ocrx_word' id='word_1_1068' title='bbox 2275 4527 2448 4579; x_wconf 87' lang='lat' dir='ltr'><strong>moliri</strong></span> <span class='ocrx_word' id='word_1_1069' title='bbox 2478 4526 2734 4587; x_wconf 85' lang='lat' dir='ltr'><strong>oflicium,</strong></span> <span class='ocrx_word' id='word_1_1070' title='bbox 2767 4539 2874 4592; x_wconf 91' lang='lat' dir='ltr'><strong>quo</strong></span> <span class='ocrx_word' id='word_1_1071' title='bbox 2897 4524 3038 4592; x_wconf 78' lang='lat' dir='ltr'><strong>juste</strong></span> <span class='ocrx_word' id='word_1_1072' title='bbox 3068 4527 3336 4581; x_wconf 70' lang='lat' dir='ltr'><strong>Creatoris</strong></span> <span class='ocrx_word' id='word_1_1073' title='bbox 3363 4544 3570 4584; x_wconf 85' lang='lat' dir='ltr'><strong>recom-</strong></span> 
     </span>
    </p>
   </div>
   <div class='ocr_carea' id='block_1_139' title="bbox 1991 4595 3569 4669">
    <p class='ocr_par' dir='ltr' id='par_1_139' title="bbox 1991 4595 3569 4669">
     <span class='ocr_line' id='line_1_142' title="bbox 1991 4595 3569 4669; baseline -0.001 -16"><span class='ocrx_word' id='word_1_1074' title='bbox 1991 4608 2180 4669; x_wconf 86' lang='lat' dir='ltr'><strong>pensct</strong></span> <span class='ocrx_word' id='word_1_1075' title='bbox 2217 4596 2553 4669; x_wconf 31' lang='lat' dir='ltr'><strong>prtesidium.‘</strong></span> <span class='ocrx_word' id='word_1_1076' title='bbox 2573 4595 2663 4647; x_wconf 67' lang='lat' dir='ltr'><strong>l&#39;lst</strong></span> <span class='ocrx_word' id='word_1_1077' title='bbox 2690 4604 2866 4647; x_wconf 86' lang='lat' dir='ltr'><strong>autem</strong></span> <span class='ocrx_word' id='word_1_1078' title='bbox 2892 4595 3185 4669; x_wconf 19' lang='lat' dir='ltr'><strong>,iNateDei</strong></span> <span class='ocrx_word' id='word_1_1079' title='bbox 3207 4638 3222 4662; x_wconf 94' lang='lat'><strong>,</strong></span> <span class='ocrx_word' id='word_1_1080' title='bbox 3255 4598 3303 4649; x_wconf 92' lang='lat' dir='ltr'><strong>in</strong></span> <span class='ocrx_word' id='word_1_1081' title='bbox 3351 4598 3449 4669; x_wconf 82' lang='lat' dir='ltr'><strong>hac</strong></span> <span class='ocrx_word' id='word_1_1082' title='bbox 3481 4609 3569 4652; x_wconf 82' lang='lat' dir='ltr'><strong>tua</strong></span> 
     </span>
    </p>
   </div>
   <div class='ocr_carea' id='block_1_140' title="bbox 1992 4665 3572 4736">
    <p class='ocr_par' dir='ltr' id='par_1_140' title="bbox 1992 4665 3572 4736">
     <span class='ocr_line' id='line_1_143' title="bbox 1992 4665 3572 4736; baseline -0.001 -15"><span class='ocrx_word' id='word_1_1083' title='bbox 1992 4665 2287 4723; x_wconf 76' lang='lat' dir='ltr'><strong>admirabili</strong></span> <span class='ocrx_word' id='word_1_1084' title='bbox 2316 4665 2663 4734; x_wconf 87' lang='lat' dir='ltr'><strong>dispositione</strong></span> <span class='ocrx_word' id='word_1_1085' title='bbox 2685 4709 2697 4728; x_wconf 92' lang='lat'><strong>,</strong></span> <span class='ocrx_word' id='word_1_1086' title='bbox 2725 4675 2807 4717; x_wconf 83' lang='lat' dir='ltr'><strong>est</strong></span> <span class='ocrx_word' id='word_1_1087' title='bbox 2844 4666 2928 4718; x_wconf 86' lang='lat' dir='ltr'><strong>cui</strong></span> <span class='ocrx_word' id='word_1_1088' title='bbox 2960 4666 3214 4736; x_wconf 75' lang='lat' dir='ltr'><strong>fragilitas</strong></span> <span class='ocrx_word' id='word_1_1089' title='bbox 3251 4682 3365 4720; x_wconf 84' lang='lat' dir='ltr'><strong>mea</strong></span> <span class='ocrx_word' id='word_1_1090' title='bbox 3396 4668 3445 4720; x_wconf 92' lang='lat' dir='ltr'><strong>iu</strong></span> <span class='ocrx_word' id='word_1_1091' title='bbox 3474 4669 3572 4720; x_wconf 91' lang='lat' dir='ltr'><strong>ali-</strong></span> 
     </span>
    </p>
   </div>
   <div class='ocr_carea' id='block_1_141' title="bbox 1992 4736 3567 4809">
    <p class='ocr_par' dir='ltr' id='par_1_141' title="bbox 1992 4736 3567 4809">
     <span class='ocr_line' id='line_1_144' title="bbox 1992 4736 3567 4809; baseline -0.002 -17"><span class='ocrx_word' id='word_1_1092' title='bbox 1992 4755 2098 4809; x_wconf 92' lang='lat' dir='ltr'><strong>quo</strong></span> <span class='ocrx_word' id='word_1_1093' title='bbox 2140 4738 2459 4806; x_wconf 86' lang='lat' dir='ltr'><strong>suppeditet,</strong></span> <span class='ocrx_word' id='word_1_1094' title='bbox 2492 4737 2658 4809; x_wconf 78' lang='lat' dir='ltr'><strong>silua</strong></span> <span class='ocrx_word' id='word_1_1095' title='bbox 2706 4736 3007 4809; x_wconf 82' lang='lat' dir='ltr'><strong>visitatione</strong></span> <span class='ocrx_word' id='word_1_1096' title='bbox 3050 4747 3367 4809; x_wconf 77' lang='lat' dir='ltr'><strong>compuncta</strong></span> <span class='ocrx_word' id='word_1_1097' title='bbox 3415 4752 3567 4809; x_wconf 79' lang='lat' dir='ltr'><strong>meus</strong></span> 
     </span>
    </p>
   </div>
   <div class='ocr_carea' id='block_1_142' title="bbox 1992 4806 3572 4875">
    <p class='ocr_par' dir='ltr' id='par_1_142' title="bbox 1992 4806 3572 4875">
     <span class='ocr_line' id='line_1_145' title="bbox 1992 4806 3572 4875; baseline -0.001 -12"><span class='ocrx_word' id='word_1_1098' title='bbox 1992 4806 2207 4863; x_wconf 81' lang='lat' dir='ltr'><strong>carnem</strong></span> <span class='ocrx_word' id='word_1_1099' title='bbox 2234 4823 2381 4861; x_wconf 89' lang='lat' dir='ltr'><strong>suam</strong></span> <span class='ocrx_word' id='word_1_1100' title='bbox 2412 4806 2681 4875; x_wconf 84' lang='lat' dir='ltr'><strong>cruciligat</strong></span> <span class='ocrx_word' id='word_1_1101' title='bbox 2719 4822 2839 4859; x_wconf 88' lang='lat' dir='ltr'><strong>cum</strong></span> <span class='ocrx_word' id='word_1_1102' title='bbox 2873 4808 3010 4861; x_wconf 90' lang='lat' dir='ltr'><strong>vitiis</strong></span> <span class='ocrx_word' id='word_1_1103' title='bbox 3036 4817 3088 4859; x_wconf 90' lang='lat' dir='ltr'><strong>et</strong></span> <span class='ocrx_word' id='word_1_1104' title='bbox 3124 4806 3572 4875; x_wconf 82' lang='lat' dir='ltr'><strong>concupiscentiis</strong></span> 
     </span>
    </p>
   </div>
   <div class='ocr_carea' id='block_1_143' title="bbox 1995 4876 3567 4950">
    <p class='ocr_par' dir='ltr' id='par_1_143' title="bbox 1995 4876 3567 4950">
     <span class='ocr_line' id='line_1_146' title="bbox 1995 4876 3567 4950; baseline -0.003 -16"><span class='ocrx_word' id='word_1_1105' title='bbox 1995 4879 2197 4950; x_wconf 81' lang='lat' dir='ltr'><strong>(Galat.</strong></span> <span class='ocrx_word' id='word_1_1106' title='bbox 2228 4895 2279 4941; x_wconf 92' lang='lat' dir='ltr'><strong>v,</strong></span> <span class='ocrx_word' id='word_1_1107' title='bbox 2306 4876 2415 4949; x_wconf 59' lang='grc'><strong>9-4)</strong></span> <span class='ocrx_word' id='word_1_1108' title='bbox 2449 4894 2461 4931; x_wconf 92' lang='lat'><strong>:</strong></span> <span class='ocrx_word' id='word_1_1109' title='bbox 2492 4879 2625 4950; x_wconf 84' lang='lat' dir='ltr'><strong>etsi</strong></span> <span class='ocrx_word' id='word_1_1110' title='bbox 2660 4878 2756 4950; x_wconf 84' lang='lat' dir='ltr'><strong>hoc</strong></span> <span class='ocrx_word' id='word_1_1111' title='bbox 2786 4893 2813 4928; x_wconf 88' lang='lat' dir='ltr'><strong>a</strong></span> <span class='ocrx_word' id='word_1_1112' title='bbox 2846 4887 2895 4931; x_wconf 92' lang='lat' dir='ltr'><strong>te</strong></span> <span class='ocrx_word' id='word_1_1113' title='bbox 2922 4876 3250 4939; x_wconf 87' lang='lat' dir='ltr'><strong>conceditur,</strong></span> <span class='ocrx_word' id='word_1_1114' title='bbox 3283 4878 3432 4950; x_wconf 83' lang='lat' dir='ltr'><strong>quasi</strong></span> <span class='ocrx_word' id='word_1_1115' title='bbox 3459 4892 3567 4944; x_wconf 67' lang='lat' dir='ltr'><strong>3am</strong></span> 
     </span>
    </p>
   </div>
   <div class='ocr_carea' id='block_1_144' title="bbox 1995 4947 3567 5019">
    <p class='ocr_par' dir='ltr' id='par_1_144' title="bbox 1995 4947 3567 5019">
     <span class='ocr_line' id='line_1_147' title="bbox 1995 4947 3567 5019; baseline -0.003 -15"><span class='ocrx_word' id='word_1_1116' title='bbox 1995 4947 2087 5006; x_wconf 83' lang='lat' dir='ltr'><strong>tibi</strong></span> <span class='ocrx_word' id='word_1_1117' title='bbox 2126 4950 2309 5019; x_wconf 87' lang='lat' dir='ltr'><strong>incipit</strong></span> <span class='ocrx_word' id='word_1_1118' title='bbox 2337 4947 2596 5017; x_wconf 84' lang='lat' dir='ltr'><strong>compati,</strong></span> <span class='ocrx_word' id='word_1_1119' title='bbox 2635 4948 2756 5016; x_wconf 87' lang='lat' dir='ltr'><strong>quia</strong></span> <span class='ocrx_word' id='word_1_1120' title='bbox 2785 4956 2838 5019; x_wconf 90' lang='lat' dir='ltr'><strong>et</strong></span> <span class='ocrx_word' id='word_1_1121' title='bbox 2868 4957 2919 4999; x_wconf 91' lang='lat' dir='ltr'><strong>tu</strong></span> <span class='ocrx_word' id='word_1_1122' title='bbox 2951 4962 3049 5019; x_wconf 80' lang='lat' dir='ltr'><strong>pro</strong></span> <span class='ocrx_word' id='word_1_1123' title='bbox 3078 4953 3307 5019; x_wconf 79' lang='lat' dir='ltr'><strong>peccato</strong></span> <span class='ocrx_word' id='word_1_1124' title='bbox 3322 4947 3567 5019; x_wconf 78' lang='lat' dir='ltr'><strong>dignatus</strong></span> 
     </span>
    </p>
   </div>
   <div class='ocr_carea' id='block_1_145' title="bbox 1994 5016 3573 5089">
    <p class='ocr_par' dir='ltr' id='par_1_145' title="bbox 1994 5016 3573 5089">
     <span class='ocr_line' id='line_1_148' title="bbox 1994 5016 3573 5089; baseline -0.004 -11"><span class='ocrx_word' id='word_1_1125' title='bbox 1994 5037 2054 5078; x_wconf 85' lang='lat' dir='ltr'><strong>es</strong></span> <span class='ocrx_word' id='word_1_1126' title='bbox 2094 5016 2250 5074; x_wconf 64' lang='lat' dir='ltr'><strong>mori.</strong></span> <span class='ocrx_word' id='word_1_1127' title='bbox 2296 5018 2489 5089; x_wconf 90' lang='lat' dir='ltr'><strong>Sicque</strong></span> <span class='ocrx_word' id='word_1_1128' title='bbox 2532 5033 2626 5086; x_wconf 90' lang='lat' dir='ltr'><strong>per</strong></span> <span class='ocrx_word' id='word_1_1129' title='bbox 2656 5018 2961 5089; x_wconf 84' lang='lat' dir='ltr'><strong>interiorem</strong></span> <span class='ocrx_word' id='word_1_1130' title='bbox 3004 5016 3318 5069; x_wconf 69' lang='lat' dir='ltr'><strong>victoriam&quot;</strong></span> <span class='ocrx_word' id='word_1_1131' title='bbox 3357 5016 3408 5089; x_wconf 83' lang='lat' dir='ltr'><strong>te</strong></span> <span class='ocrx_word' id='word_1_1132' title='bbox 3438 5017 3573 5071; x_wconf 86' lang='lat' dir='ltr'><strong>duce</strong></span> 
     </span>
    </p>
   </div>
   <div class='ocr_carea' id='block_1_146' title="bbox 1994 5088 3570 5155">
    <p class='ocr_par' dir='ltr' id='par_1_146' title="bbox 1994 5088 3570 5155">
     <span class='ocr_line' id='line_1_149' title="bbox 1994 5088 3570 5155; baseline -0.003 -9"><span class='ocrx_word' id='word_1_1133' title='bbox 1994 5092 2286 5146; x_wconf 84' lang='lat' dir='ltr'><strong>artnabitur</strong></span> <span class='ocrx_word' id='word_1_1134' title='bbox 2314 5090 2378 5143; x_wconf 88' lang='lat' dir='ltr'><strong>ad</strong></span> <span class='ocrx_word' id='word_1_1135' title='bbox 2408 5088 2723 5143; x_wconf 81' lang='lat' dir='ltr'><strong>exteriorem</strong></span> <span class='ocrx_word' id='word_1_1136' title='bbox 2758 5088 2983 5155; x_wconf 85' lang='lat' dir='ltr'><strong>palmam</strong></span> <span class='ocrx_word' id='word_1_1137' title='bbox 3015 5103 3028 5138; x_wconf 91' lang='lat'>:</span> <span class='ocrx_word' id='word_1_1138' title='bbox 3060 5093 3323 5154; x_wconf 86' lang='lat' dir='ltr'><strong>quatenus</strong></span> <span class='ocrx_word' id='word_1_1139' title='bbox 3362 5088 3570 5141; x_wconf 89' lang='lat' dir='ltr'><strong>devicta</strong></span> 
     </span>
    </p>
   </div>
   <div class='ocr_carea' id='block_1_147' title="bbox 1997 5159 3576 5234">
    <p class='ocr_par' dir='ltr' id='par_1_147' title="bbox 1997 5159 3576 5234">
     <span class='ocr_line' id='line_1_150' title="bbox 1997 5159 3576 5234; baseline -0.004 -17"><span class='ocrx_word' id='word_1_1140' title='bbox 1997 5161 2370 5234; x_wconf 85' lang='lat' dir='ltr'><strong>persecutione</strong></span> <span class='ocrx_word' id='word_1_1141' title='bbox 2409 5159 2688 5229; x_wconf 90' lang='lat' dir='ltr'><strong>spirituali,</strong></span> <span class='ocrx_word' id='word_1_1142' title='bbox 2725 5172 2832 5211; x_wconf 90' lang='lat' dir='ltr'><strong>non</strong></span> <span class='ocrx_word' id='word_1_1143' title='bbox 2864 5166 3113 5210; x_wconf 86' lang='lat' dir='ltr'><strong>vereatur</strong></span> <span class='ocrx_word' id='word_1_1144' title='bbox 3146 5171 3242 5226; x_wconf 88' lang='lat' dir='ltr'><strong>pro</strong></span> <span class='ocrx_word' id='word_1_1145' title='bbox 3271 5172 3455 5213; x_wconf 86' lang='lat' dir='ltr'><strong>amore</strong></span> <span class='ocrx_word' id='word_1_1146' title='bbox 3486 5167 3576 5211; x_wconf 91' lang='lat' dir='ltr'><strong>tuo</strong></span> 
     </span>
    </p>
   </div>
   <div class='ocr_carea' id='block_1_148' title="bbox 2061 5386 3333 5456">
    <p class='ocr_par' dir='ltr' id='par_1_148' title="bbox 2061 5386 3333 5456">
     <span class='ocr_line' id='line_1_151' title="bbox 2061 5386 3333 5456; baseline -0.008 -9"><span class='ocrx_word' id='word_1_1147' title='bbox 2061 5403 2078 5432; x_wconf 76' lang='grc' dir='ltr'><strong>ι</strong></span> <span class='ocrx_word' id='word_1_1148' title='bbox 2104 5397 2247 5456; x_wconf 77' lang='lat' dir='ltr'><strong>Alias,</strong></span> <span class='ocrx_word' id='word_1_1149' title='bbox 2277 5407 2367 5446; x_wconf 77' lang='lat' dir='ltr'><strong>rea:</strong></span> <span class='ocrx_word' id='word_1_1150' title='bbox 2389 5389 2676 5456; x_wconf 67' lang='grc' dir='ltr'><strong>εωίτιιοηφι</strong></span> <span class='ocrx_word' id='word_1_1151' title='bbox 2699 5403 2783 5453; x_wconf 88' lang='lat' dir='ltr'><strong>per</strong></span> <span class='ocrx_word' id='word_1_1152' title='bbox 2802 5386 2926 5456; x_wconf 81' lang='lat' dir='ltr'><strong>hunc</strong></span> <span class='ocrx_word' id='word_1_1153' title='bbox 2957 5387 3333 5451; x_wconf 76' lang='lat' dir='ltr'><strong>Redemptorem.</strong></span> 
     </span>
    </p>
   </div>
   <div class='ocr_carea' id='block_1_149' title="bbox 2060 5450 2936 5514">
    <p class='ocr_par' dir='ltr' id='par_1_149' title="bbox 2060 5450 2936 5514">
     <span class='ocr_line' id='line_1_152' title="bbox 2060 5450 2936 5514; baseline -0.016 -5"><span class='ocrx_word' id='word_1_1154' title='bbox 2060 5464 2081 5493; x_wconf 80' lang='grc'>²</span> <span class='ocrx_word' id='word_1_1155' title='bbox 2104 5450 2244 5514; x_wconf 66' lang='grc' dir='ltr'><strong>Αιυᾶ</strong></span> <span class='ocrx_word' id='word_1_1156' title='bbox 2259 5455 2530 5505; x_wconf 76' lang='lat' dir='ltr'><strong>Ausebnum</strong></span> <span class='ocrx_word' id='word_1_1157' title='bbox 2554 5450 2760 5509; x_wconf 86' lang='lat' dir='ltr'><strong>additur,</strong></span> <span class='ocrx_word' id='word_1_1158' title='bbox 2797 5450 2936 5514; x_wconf 75' lang='lat' dir='ltr'><strong>dare.</strong></span> 
     </span>
    </p>
   </div>
   <div class='ocr_carea' id='block_1_150' title="bbox 2063 5507 3571 5575">
    <p class='ocr_par' dir='ltr' id='par_1_150' title="bbox 2063 5507 3571 5575">
     <span class='ocr_line' id='line_1_153' title="bbox 2063 5507 3571 5575; baseline -0.006 -6"><span class='ocrx_word' id='word_1_1159' title='bbox 2063 5524 2083 5556; x_wconf 81' lang='grc'><strong><em>³</em></strong></span> <span class='ocrx_word' id='word_1_1160' title='bbox 2105 5507 2177 5569; x_wconf 74' lang='lat' dir='ltr'><strong>Sic</strong></span> <span class='ocrx_word' id='word_1_1161' title='bbox 2220 5527 2298 5568; x_wconf 78' lang='lat' dir='ltr'><strong>Ms.</strong></span> <span class='ocrx_word' id='word_1_1162' title='bbox 2325 5524 2453 5566; x_wconf 77' lang='lat' dir='ltr'><strong>Mett.</strong></span> <span class='ocrx_word' id='word_1_1163' title='bbox 2500 5514 2629 5575; x_wconf 75' lang='lat' dir='ltr'><strong>Apud</strong></span> <span class='ocrx_word' id='word_1_1164' title='bbox 2674 5507 2983 5575; x_wconf 70' lang='lat' dir='ltr'><strong>Auselmum,</strong></span> <span class='ocrx_word' id='word_1_1165' title='bbox 3006 5508 3071 5575; x_wconf 80' lang='lat' dir='ltr'><strong>ad</strong></span> <span class='ocrx_word' id='word_1_1166' title='bbox 3105 5507 3326 5575; x_wconf 66' lang='lat' dir='ltr'><strong>illicitum</strong></span> <span class='ocrx_word' id='word_1_1167' title='bbox 3356 5515 3571 5574; x_wconf 56' lang='lat' dir='ltr'><strong>concupit</strong></span> 
     </span>
    </p>
   </div>
   <div class='ocr_carea' id='block_1_151' title="bbox 1998 5570 3578 5642">
    <p class='ocr_par' dir='ltr' id='par_1_151' title="bbox 1998 5570 3578 5642">
     <span class='ocr_line' id='line_1_154' title="bbox 1998 5570 3578 5642; baseline -0.008 -6"><span class='ocrx_word' id='word_1_1168' title='bbox 1998 5583 2178 5635; x_wconf 74' lang='lat' dir='ltr'><strong>arentia</strong></span> <span class='ocrx_word' id='word_1_1169' title='bbox 2199 5578 2362 5642; x_wconf 78' lang='lat' dir='ltr'><strong>rapuit</strong></span> <span class='ocrx_word' id='word_1_1170' title='bbox 2380 5570 2632 5642; x_wconf 56' lang='lat' dir='ltr'><strong>arborem;</strong></span> <span class='ocrx_word' id='word_1_1171' title='bbox 2659 5575 2775 5642; x_wconf 87' lang='lat' dir='ltr'><strong>_vel,_</strong></span> <span class='ocrx_word' id='word_1_1172' title='bbox 2802 5574 2870 5642; x_wconf 62' lang='lat' dir='ltr'><strong>ad</strong></span> <span class='ocrx_word' id='word_1_1173' title='bbox 2905 5572 3124 5642; x_wconf 72' lang='lat' dir='ltr'><strong>illicitum</strong></span> <span class='ocrx_word' id='word_1_1174' title='bbox 3158 5570 3319 5641; x_wconf 68' lang='lat' dir='ltr'><strong>rapuit</strong></span> <span class='ocrx_word' id='word_1_1175' title='bbox 3356 5570 3578 5642; x_wconf 69' lang='lat' dir='ltr'><strong>concupi-</strong></span> 
     </span>
    </p>
   </div>
   <div class='ocr_carea' id='block_1_152' title="bbox 1998 5634 3572 5699">
    <p class='ocr_par' dir='ltr' id='par_1_152' title="bbox 1998 5634 3572 5699">
     <span class='ocr_line' id='line_1_155' title="bbox 1998 5634 3572 5699; baseline -0.009 -1"><span class='ocrx_word' id='word_1_1176' title='bbox 1998 5634 2179 5699; x_wconf 75' lang='lat' dir='ltr'><strong>scentia</strong></span> <span class='ocrx_word' id='word_1_1177' title='bbox 2207 5634 2451 5691; x_wconf 62' lang='lat' dir='ltr'><strong>ardorem.</strong></span> <span class='ocrx_word' id='word_1_1178' title='bbox 2476 5646 2532 5687; x_wconf 81' lang='grc' dir='ltr'>Αι</span> <span class='ocrx_word' id='word_1_1179' title='bbox 2554 5639 2690 5697; x_wconf 88' lang='lat' dir='ltr'><strong>editi,</strong></span> <span class='ocrx_word' id='word_1_1180' title='bbox 2710 5637 2775 5686; x_wconf 78' lang='lat' dir='ltr'><strong>ad</strong></span> <span class='ocrx_word' id='word_1_1181' title='bbox 2797 5634 3017 5687; x_wconf 74' lang='lat' dir='ltr'><strong>illicitum</strong></span> <span class='ocrx_word' id='word_1_1182' title='bbox 3044 5634 3472 5697; x_wconf 57' lang='lat' dir='ltr'><strong>concupiscentiam</strong></span> <span class='ocrx_word' id='word_1_1183' title='bbox 3492 5634 3572 5685; x_wconf 77' lang='lat' dir='ltr'><strong>ra-</strong></span> 
     </span>
    </p>
   </div>
   <div class='ocr_carea' id='block_1_153' title="bbox 1999 5703 3282 5767">
    <p class='ocr_par' dir='ltr' id='par_1_153' title="bbox 1999 5703 3282 5767">
     <span class='ocr_line' id='line_1_156' title="bbox 1999 5703 3282 5767; baseline -0.002 -11"><span class='ocrx_word' id='word_1_1184' title='bbox 1999 5703 2282 5765; x_wconf 64' lang='lat' dir='ltr'><strong>imitarbor.</strong></span> <span class='ocrx_word' id='word_1_1185' title='bbox 2846 5759 2907 5767; x_wconf 89' lang='lat'>__</span> <span class='ocrx_word' id='word_1_1186' title='bbox 2972 5757 2984 5767; x_wconf 87' lang='lat'><em>_</em></span> <span class='ocrx_word' id='word_1_1187' title='bbox 3048 5757 3059 5767; x_wconf 87' lang='lat'><em>_</em></span> <span class='ocrx_word' id='word_1_1188' title='bbox 3111 5756 3121 5767; x_wconf 86' lang='lat'>_</span> <span class='ocrx_word' id='word_1_1189' title='bbox 3222 5756 3233 5767; x_wconf 69' lang='grc'><em>,</em></span> <span class='ocrx_word' id='word_1_1190' title='bbox 3271 5756 3282 5767; x_wconf 66' lang='grc'><em>,</em></span> 
     </span>
    </p>
   </div>
   <div class='ocr_carea' id='block_1_154' title="bbox 2071 5756 3323 5824">
    <p class='ocr_par' dir='ltr' id='par_1_154' title="bbox 2071 5756 3323 5824">
     <span class='ocr_line' id='line_1_157' title="bbox 2071 5756 3323 5824; baseline -0.009 -7"><span class='ocrx_word' id='word_1_1191' title='bbox 2071 5756 2092 5801; x_wconf 55' lang='grc'>⁸</span> <span class='ocrx_word' id='word_1_1192' title='bbox 2116 5772 2185 5816; x_wconf 80' lang='lat' dir='ltr'><strong>sic</strong></span> <span class='ocrx_word' id='word_1_1193' title='bbox 2210 5775 2289 5814; x_wconf 61' lang='lat' dir='ltr'><strong>ius.</strong></span> <span class='ocrx_word' id='word_1_1194' title='bbox 2319 5769 2448 5814; x_wconf 73' lang='lat' dir='ltr'><strong>Meti.</strong></span> <span class='ocrx_word' id='word_1_1195' title='bbox 2488 5768 2541 5811; x_wconf 72' lang='lat' dir='ltr'><strong>At</strong></span> <span class='ocrx_word' id='word_1_1196' title='bbox 2565 5759 2699 5821; x_wconf 89' lang='lat' dir='ltr'><strong>editi,</strong></span> <span class='ocrx_word' id='word_1_1197' title='bbox 2722 5771 2809 5824; x_wconf 83' lang='lat' dir='ltr'><strong>per</strong></span> <span class='ocrx_word' id='word_1_1198' title='bbox 2838 5757 3082 5810; x_wconf 80' lang='lat' dir='ltr'><strong>interioris</strong></span> <span class='ocrx_word' id='word_1_1199' title='bbox 3104 5756 3323 5806; x_wconf 67' lang='lat' dir='ltr'><strong>homini...</strong></span> 
     </span>
    </p>
   </div>
   <div class='ocr_carea' id='block_1_155' title="bbox 2813 5844 3290 5923">
    <p class='ocr_par' dir='ltr' id='par_1_155' title="bbox 2813 5844 3290 5923">
     <span class='ocr_line' id='line_1_158' title="bbox 2813 5844 3290 5923; baseline -0.008 -16"><span class='ocrx_word' id='word_1_1200' title='bbox 2813 5844 3290 5923; x_wconf 71' lang='lat' dir='ltr'><strong>(l’ingt-nmtl.)</strong></span> 
     </span>
    </p>
   </div>
  </div>
