4094 6342
335 411 342 420 -
380 381 486 440 9l3

379 496 506 552 tatis
530 503 588 551 et
613 493 960 550 humanitatis
982 494 1036 549 in
1063 494 1263 550 unitate
1290 505 1530 562 personae
1554 508 1569 557 ;
1603 501 1658 544 ιιι
1687 507 1795 546 non
1823 491 1957 546 alter
1981 525 1990 530 ι

383 569 555 632 Deus,
597 567 734 620 alter
774 566 933 620 homo
958 574 1134 628 esset,
1180 564 1274 618 sed
1305 577 1442 618 unus
1473 562 1716 632 idemque
1745 563 1882 616 Deus
1909 570 1964 615 et

380 631 580 701 homo,
620 636 782 690 homo
808 645 862 689 et
901 636 1058 690 Deus.
1102 634 1206 690 Sed
1237 633 1362 688 licet
1400 631 1962 702 mirabili'dignatione

381 707 616 762 Verbum
654 721 781 760 caro
819 704 1012 758 factum
1042 705 1150 771 sit,
1199 712 1386 758 neutra
1430 713 1603 757 tamen
1643 701 1962 757 ex’duabus

379 777 586 831 naturis
623 775 676 830 in
719 776 874 830 aliam
920 782 1117 829 mutata
1162 781 1246 827 est
1284 773 1654 827 substantiam.
1687 771 1960 825 Trinitatis

378 846 639 917 mysterio
659 854 846 917 quarta
876 859 979 917 non
1007 853 1092 917 est
1113 843 1292 917 addita
1316 857 1561 917 persona.
1589 842 1743 917 Unita
1765 841 1960 917 quippe

377 912 463 972 est
483 959 498 977 .
527 932 632 988 non
672 912 904 988 confusa
925 915 1079 969 Verbi
1111 915 1203 988 Dei
1248 913 1592 988 hominisque
1617 912 1909 988 substantia
1942 928 1956 964 :

379 998 441 1042 ut
478 988 530 1040 in
575 987 738 1041 Deum
769 984 909 1052 quod
935 1000 998 1038 ex
1038 984 1189 1038 nobis
1217 981 1521 1051 susceptum
1569 981 1740 1035 fuerat
1771 997 1958 1052 pervej

379 1059 542 1122 niret,
570 1065 625 1112 et
665 1050 797 1110 illud
818 1054 957 1123 quod
985 1069 1252 1123 nunquam
1282 1050 1385 1107 non
1417 1053 1616 1116 fuerat,
1649 1050 1788 1106 idem
1816 1050 1958 1120 quod

377 1142 594 1197 semper
623 1127 793 1197 luerat
822 1133 1177 1197 permaneret.
1205 1123 1250 1197 Ο
1277 1123 1589 1197 admirabile
1614 1123 1955 1197 mysterium!

376 1215 413 1248 ιι
443 1192 796 1251 inenarrabile
823 1192 1211 1249 conunercium
1238 1195 1251 1247 l
1297 1209 1332 1248 o
1362 1195 1492 1246 mira
1519 1192 1836 1260 semperque
1861 1192 1959 1244 mi-

379 1267 547 1322 randa
589 1266 782 1320 divina:
822 1265 1209 1334 propitiatirmis
1248 1264 1583 1332 benignitas!
1635 1263 1784 1334 Servi
1813 1262 1956 1334 digni

377 1354 486 1390 tton
528 1337 741 1399 fuimus,
771 1331 833 1389 et
855 1331 980 1390 ecce
1021 1335 1114 1388 ﬁlii
1156 1335 1246 1388 Dei
1290 1331 1410 1388 facti
1453 1347 1674 1395 smnus;
1717 1331 1958 1386 hreredes

375 1406 594 1477 quidem
621 1405 733 1466 Dei,
756 1404 1063 1477 ectihzeredes
1084 1414 1265 1477 autem
1290 1404 1494 1477 Christi
1513 1402 1686 1477 (liam.
1705 1417 1817 1468 Vlll,
1844 1403 1955 1474 ΓΙ).

378 1474 536 1532 Unde
563 1477 662 1531 hoc
691 1475 864 1536 nobis,
895 1475 1094 1543 etquid
1127 1489 1222 1527 nos
1248 1475 1313 1527 ad
1342 1474 1498 1528 haec?

450 1546 556 1602 Sed
587 1561 717 1615 rogo
746 1554 827 1610 te,
860 1544 1274 1600 clementissime
1311 1543 1470 1615 Pater
1500 1544 1793 1615 Deustper
1819 1543 1958 1598 hanc

378 1613 802 1671 inaestimabilem
857 1615 1144 1684 pietatem,
1199 1613 1486 1668 bonitatem
1537 1623 1593 1669 et
1641 1613 1954 1684 charitatem

381 1697 557 1750 tuam,
588 1694 646 1740 ut
672 1683 982 1754 dignos’nos
1013 1684 1175 1738 facias
1204 1685 1382 1740 multis
1410 1693 1465 1739 et
1493 1683 1696 1754 magnis
1725 1685 1954 1754 promis-

377 1757 620 1811 sionibus
647 1753 883 1826 ejusdem
909 1754 1026 1810 Filii
1056 1755 1130 1808 tui
1157 1755 1361 1826 Domini
1389 1755 1556 1809 nostri
1579 1753 1710 1826 Jesu
1735 1753 1953 1808 Christi.

377 1827 574 1882 Manda
601 1824 777 1880 virtuti
808 1836 930 1892 tuac,
960 1834 1014 1879 et
1041 1825 1294 1878 continua
1327 1824 1427 1880 hoc
1451 1824 1591 1894 quod
1620 1833 1869 1892 operatus
1895 1839 1956 1880 es

339 1955 350 1960 _
376 1897 434 1951 in
465 1897 616 1951 nobis
644 1895 815 1965 (l’sal.
846 1912 1018 1962 ιιι-ιι,
1041 1896 1110 1959 29
1131 1897 1168 1954 l.
1203 1894 1407 1950 Perfice
1441 1895 1582 1964 quod
1625 1895 1865 1963 cmpisti,
1899 1905 1956 1948 ut

376 1967 446 2048 ad
474 1969 683 2038 plenam
713 1975 814 2048 tuin
838 1966 1054 2048 pietatis
1077 1965 1629 2048 grutiamomet'eamur
1651 1966 1950 2046 pervenire.

378 2035 491 2092 Fac
515 2051 614 2091 nos
645 2053 736 2106 per
760 2035 1016 2106 Spiritum
1041 2045 1282 2090 sanctum
1309 2035 1626 2106 intelligere,
1650 2045 1704 2091 et
1732 2035 1950 2099 mereri,

377 2117 435 2161 ct
463 2105 654 2162 debito
667 2105 882 2175 semper
911 2107 1111 2160 honore
1137 2107 1376 2160 venerari
1417 2105 1517 2160 hoc
1545 2120 1795 2175 magnum
1836 2107 1952 2174 pie-

379 2177 890 2248 tatisimysterium,
934 2176 1074 2248 quod
1116 2175 1506 2248 manifestatum
1547 2185 1630 2248 est
1669 2176 1721 2230 in
1765 2190 1947 2248 carne,

345 2257 348 2260 '
375 2245 721 2318 iustificatam
748 2255 828 2301 est
855 2248 906 2301 in
932 2245 1140 2318 spiritu,
1167 2247 1410 2318 apparuit
1429 2245 1668 2318 Angelis,
1695 2246 1954 2316 pandicu-

378 2315 493 2371 tum
524 2325 606 2372 est
634 2317 892 2372 Gentibus
912 2357 927 2383 ,
959 2315 1217 2371 creditum
1241 2315 1343 2371 est
1378 2317 1434 2372 in
1477 2315 1710 2382 mundo,
1741 2331 1950 2371 assum-

376 2396 527 2456 ptum
554 2396 637 2457 est
663 2388 713 2440 in
739 2387 906 2454 gloria
937 2386 986 2455 (1
1009 2386 1142 2441 Tim.
1169 2402 1242 2451 ut,
1278 2387 1388 2457 lli).

450 2456 676 2513 CAPUT
712 2457 874 2512 XVII.
936 2457 1137 2524 Quanta
1188 2457 1296 2510 Deo
1348 2455 1630 2512 debeamus.
1687 2455 1836 2522 Quod
1887 2455 1952 2511 de

374 2527 490 2596 ipso
517 2529 563 2582 ei
601 2529 896 2582 serviamus.
931 2526 1013 2582 Ea:
1050 2529 1098 2582 vi
1138 2528 1432 2583 collatorum
1472 2544 1733 2581 inunerum
1779 2528 1950 2594 petitio

375 2598 690 2669 aiiorumxt)
718 2608 974 2669 quantum
1019 2598 1114 2669 tibi
1154 2613 1336 2652 sumus
1377 2597 1678 2669 debitores.
1727 2597 1950 2669 Domine

375 2668 520 2724 Deus
563 2667 784 2734 noster,
835 2677 982 2723 tanto
1026 2668 1283 2736 redempti
1327 2667 1532 2737 pretio.
1581 2667 1948 2723 tanto'salvziti

375 2738 554 2820 dopo,
586 2749 640 2820 et
678 2749 782 2820 tam
807 2739 1055 2820 glorioso
1083 2737 1574 2820 adjutibeneticio!
1625 2739 1888 2820 Quantum
1918 2753 1948 2792 a

375 2811 532 2864 nobis
571 2809 776 2864 miseris
804 2807 1068 2864 timendus
1106 2816 1270 2863 estet
1313 2807 1602 2872 amandus,
1634 2809 1950 2863 benedicen-

373 2878 482 2932 dus
509 2891 561 2934 et
590 2879 911 2944 laudandus,
954 2877 1295 2933 honorandus
1319 2888 1372 2932 et
1409 2877 1818 2948 glorificandus,
1859 2879 1949 2948 qui

379 2964 480 3004 nos
506 2951 582 3003 sic
606 2951 814 3015 amasti,
839 2950 916 3004 sic
938 2949 1170 3016 salvasti,
1200 2950 1278 3003 sic
1301 2949 1662 3015 sanctiticasti,
1687 2949 1764 3003 sic
1784 2948 1950 3004 subli-

375 3021 570 3074 masti!
617 3019 735 3075 Tibi
771 3035 962 3089 nempe
995 3020 1254 3075 debemus
1282 3034 1440 3074 onme
1465 3019 1604 3088 quod
1647 3034 1946 3087 possumus,

373 3104 537 3160 omne
578 3090 718 3159 quod
763 3091 1027 3160 sapimus,
1059 3105 1218 3144 omne
1259 3089 1399 3159 quod
1430 3090 1672 3144 vivimus.
1725 3089 1790 3144 Et
1831 3091 1950 3159 quis

377 3159 540 3215 habet
565 3159 848 3230 quidquam
876 3176 979 3215 non
1010 3160 1190 3214 tuum?
1216 3160 1258 3214 Τ
1265 3177 1316 3225 ιι,
1343 3159 1561 3214 Domine
1584 3161 1722 3214 Deus
1747 3170 1944 3225 noster,

373 3245 406 3282 a
441 3245 545 3299 quo
580 3233 718 3286 bona
757 3243 948 3286 cuncta
987 3230 1298 3300 procedunt,
1331 3239 1547 3298 propter
1578 3238 1628 3284 te
1655 3239 1711 3284 et
1755 3246 1950 3286 nomen

363 3310 617 3354 Sanctum
650 3311 792 3355 tuum
833 3301 900 3354 da
944 3302 1096 3356 nobis
1139 3301 1205 3355 de
1234 3301 1388 3355 bonis
1416 3301 1549 3362 tuis,
1583 3309 1639 3354 ut
1683 3301 1750 3355 de
1796 3301 1950 3357 donis

373 3385 440 3423 ac
464 3371 600 3425 dalis
630 3373 734 3427 tuis
758 3373 1051 3426 serviamus
1078 3371 1193 3436 tibi,
1217 3380 1271 3425 et
1297 3371 1348 3424 in
1377 3372 1597 3425 veritate
1626 3371 1946 3440 placeamus,

374 3449 537 3509 atque
561 3441 768 3512 debitas
809 3442 1046 3512 quotidie
1091 3443 1270 3496 laudes
1318 3440 1670 3510 rependamus
1717 3441 1807 3494 tibi
1855 3457 1950 3510 pro

375 3513 540 3566 tantis
566 3511 840 3567 beneficiis
861 3511 1236 3567 misericordizu
1263 3519 1364 3565 tua:
1391 3516 1405 3565 ἑ
1441 3525 1545 3565 non
1571 3511 1711 3566 enim
1737 3511 1950 3567 aliunde

376 3595 659 3649 possumus
709 3581 800 3635 tibi
851 3584 1052 3638 servire
1098 3597 1268 3651 neque
1313 3582 1554 3651 placere,
1601 3581 1701 3636 nisi
1748 3583 1815 3636 de
1861 3592 1950 3637 tuo

373 3666 622 3705 munere.
657 3651 818 3706 Omne
855 3653 1028 3706 datum
1055 3654 1299 3721 optimum
1318 3692 1332 3717 ,
1363 3661 1408 3706 et
1445 3667 1591 3722 omne
1618 3652 1806 3705 donum
1837 3669 1952 3722 per-

374 3724 564 3791 fectum
593 3724 857 3776 desursum
887 3733 956 3777 est
979 3765 993 3788 ,
1023 3720 1326 3776 descendens
1355 3738 1386 3774 a
1415 3729 1464 3776 te
1496 3720 1653 3775 Patre
1681 3720 1946 3788 (ioniniun,

373 3792 515 3859 apud
559 3809 704 3862 quem
757 3793 860 3862 iion
906 3803 977 3846 est
1023 3793 1408 3860 transmutatio,
1460 3809 1549 3847 nec
1593 3793 1950 3848 vicissitudinis

373 3861 687 3934 obumbratio
713 3861 912 3934 (Jacobi
941 3879 978 3930 ι,
1010 3865 1119 3934 Π).

448 3933 672 3988 Domine
700 3933 838 3988 Deus
879 3945 1058 3988 noster
1077 3976 1091 3999 ,
1124 3934 1263 3986 Deus
1293 3934 1404 4000 pie,
1439 3933 1574 3989 Deus
1603 3933 1741 3989 bone
1762 3975 1776 3997 ,
1810 3933 1951 3990 Deus

372 4004 746 4072 otimipotens,
781 4005 854 4074 (ιι)
885 4005 1024 4059 Deus
1068 4003 1347 4059 incll'abilis
1385 4012 1440 4058 et
1481 4005 1951 4074 incircumscripta:

373 4082 599 4132 naturzu,
634 4075 903 4129 institutor
929 4075 1166 4129 omnium
1207 4090 1418 4138 rerum,
1447 4083 1501 4128 et
1529 4075 1736 4128 Domini
1783 4076 1950 4130 nostri

371 4141 500 4197 Jesu
549 4143 746 4198 Christi
795 4145 987 4211 Pater,
1033 4147 1120 4215 qui
1164 4145 1410 4198 eumdem
1460 4143 1712 4200 dilectum
1756 4145 1950 4201 Filium

375 4223 523 4267 tuum
553 4215 836 4268 Dominum
865 4225 1102 4271 nostrum
1125 4215 1490 4270 dulcissimum
1519 4216 1706 4270 misisti
1737 4215 1804 4270 de
1830 4217 1950 4272 sinu

375 4294 467 4336 tuo
494 4285 560 4336 ad
602 4286 867 4353 publicum
901 4295 1158 4340 nostrum-
1184 4287 1455 4355 suscipere
1485 4286 1644 4341 vitam
1691 4295 1949 4354 nostram,

375 4363 432 4407 ut
465 4355 620 4409 nobis
649 4355 872 4410 donaret
900 4372 1047 4410 suam
1072 4397 1088 4422 ,
1133 4365 1380 4424 essetque
1411 4356 1672 4424 perfectus
1713 4357 1856 4411 Deus
1884 4373 1948 4412 ex

373 4433 427 4478 te
459 4425 646 4491 Patre,
678 4434 733 4480 et
759 4427 1024 4494 perfectus
1051 4427 1210 4480 homo
1235 4442 1297 4480 es
1329 4435 1496 4481 matre
1517 4469 1531 4491 ,
1562 4437 1702 4481 totus
1731 4428 1869 4482 Deus
1898 4435 1953 4486 et

375 4504 518 4567 totus
546 4495 725 4561 homo,
752 4513 887 4550 unus
919 4497 1162 4567 idemque
1185 4497 1446 4557 Christus,
1478 4508 1711 4552 aeternus
1736 4508 1791 4552 et
1821 4508 1953 4552 tem-

373 4565 596 4632 poralis,
629 4567 941 4622 immortalis
965 4577 1018 4622 et
1045 4565 1332 4621 moriturus
1352 4605 1367 4631 ,
1397 4576 1606 4620 creator
1634 4580 1690 4622 et
1716 4576 1948 4630 creatus,

375 4635 529 4690 fortis
552 4646 607 4690 et
633 4637 895 4704 infirmus,
918 4639 1089 4693 victor
1118 4648 1170 4692 et
1195 4638 1363 4691 victus
1385 4638 1423 4699 ⁸,
1452 4637 1678 4692 rmtritor
1703 4646 1758 4692 et
1785 4637 1955 4692 nutri-

375 4715 490 4769 tus,
531 4717 712 4775 pastor
738 4716 792 4761 et
826 4709 972 4772 ovis,
1019 4707 1382 4776 temporaliter
1408 4715 1650 4761 mortuus
1682 4717 1736 4762 et
1778 4717 1952 4763 tecum

374 4777 562 4830 vivens
590 4779 642 4831 in
669 4786 927 4833 :eternum
957 4797 970 4832 :
1001 4781 1110 4833 suis
1136 4778 1480 4832 dilectoribus
1505 4778 1626 4832 vita:
1656 4778 1951 4847 municipa-

374 4855 486 4900 tum
531 4848 850 4917 promittens
891 4849 1070 4914 dedit,
1105 4857 1159 4903 et
1203 4847 1558 4912 nobisdixit,
1593 4849 1954 4917 Quodcumque

373 4915 616 4988 petieritis
656 4915 860 4973 Patrem
901 4919 955 4972 in
997 4921 1197 4973 nomine
1241 4935 1384 4981 meo,
1425 4919 1562 4972 dabit
1604 4918 1741 4973 vobis
1771 4915 1949 4988 (Joan.

373 5002 470 5051 sv,
503 4986 614 5058 l6).
663 4989 764 5042 l'er
805 4990 976 5058 ipsum
1007 5003 1272 5044 summum
1313 4989 1644 5044 sacerdotem
1685 4999 1740 5044 et
1767 4986 1952 5044 verum

374 5058 680 5130 pontificem
711 5070 762 5114 et
791 5060 985 5114 bonum
1014 5069 1281 5130 pastorem
1301 5100 1316 5125 ,
1345 5060 1434 5128 qui
1469 5075 1527 5114 se
1563 5061 1657 5114 tibi
1687 5060 1877 5114 obtulit
1902 5062 1954 5115 in

373 5129 693 5182 Sacrificium
714 5145 965 5202 ,poneus
989 5129 1221 5202 animam
1251 5145 1400 5202 suam
1416 5145 1531 5202 pro
1555 5146 1715 5202 grege
1741 5146 1838 5184 suo
1857 5173 1871 5195 ,
1905 5141 1956 5185 te

375 5213 503 5269 rogo
542 5216 554 5252 :
601 5215 695 5267 per
739 5201 909 5268 ipsum
952 5201 1042 5269 qui
1087 5201 1240 5255 sedet
1283 5200 1348 5253 ad
1397 5200 1670 5256 dexteram
1715 5209 1857 5255 tuam
1903 5211 1958 5258 et

377 5266 681 5337 interpellat
723 5266 820 5340 pro
869 5266 1042 5334 nobis,
1091 5271 1501 5338 Iiedemptorem
1544 5281 1599 5325 et
1639 5272 1954 5328 advocatum

379 5347 643 5410 nostrum,
677 5341 858 5408 pietati
885 5349 940 5396 et
969 5342 1190 5395 bonitati
1219 5349 1322 5394 tua:
1348 5341 1610 5410 supplico,
1643 5343 1957 5398 clementis-

374 5409 509 5462 sime
537 5419 594 5481 et
631 5412 998 5466 amantissime
1025 5420 1079 5466 et
1119 5409 1496 5481 benignissime
1534 5422 1741 5466 amator
1781 5415 1956 5468 homi-

375 5493 500 5532 num
531 5479 707 5550 Deus,
735 5481 807 5553 (ὁ)
839 5490 897 5536 ιιι
937 5481 1034 5539 des
1063 5483 1192 5539 mihi
1233 5479 1354 5538 cum
1382 5482 1574 5540 eodem
1606 5483 1742 5539 Filio
1785 5494 1878 5540 tuo
1905 5493 1958 5540 et

437 5645 462 5708 '7
481 5653 577 5695 Nec
600 5653 680 5696 Ms.
706 5652 836 5695 Mett.
863 5659 956 5695 nec
978 5647 1202 5696 Alcuinus
1229 5646 1434 5708 habent,
1455 5646 1604 5696 victor
1626 5651 1672 5696 ct
1695 5645 1862 5698 rictus.

408 5769 416 5777 '
445 5707 520 5768 (ιι)
544 5709 697 5756 \‘erba
721 5707 935 5757 confess.
973 5709 1153 5758 Alcuin.
1181 5715 1304 5770 part.
1331 5709 1377 5770 2,
1419 5707 1469 5759 ιι.
1492 5710 1553 5774 6;
1587 5717 1637 5760 et
1676 5717 1800 5773 λιιι-ι.
1832 5709 1882 5772 4,
1907 5724 1956 5760 ιι.

380 5767 466 5818 li:
491 5781 678 5818 necnon
703 5767 880 5818 Aleuini
905 5782 1013 5818 nas.
1045 5770 1149 5818 155.
1173 5782 1222 5818 e.

410 5783 466 5820 zz
491 5783 678 5818 necnon
703 5783 880 5818 Alcutul
905 5783 1013 5832 pag.
1045 5783 1149 5827 too,
1173 5783 1222 5818 e.

437 5829 508 5893 (ὸ)
533 5837 594 5880 Ex
616 5830 794 5883 Alcuin.
820 5831 1031 5882 (:onfess.
1057 5839 1194 5896 parte
1217 5830 1264 5893 2,
1290 5843 1337 5880 ιι.
1363 5831 1411 5882 7.

1608 376 1806 432 LIBER
1845 374 2377 434 MEDITATIONUM.

3544 389 3644 444 JH

2077 504 2261 571 sapcto
2288 503 2378 549 tuo
2402 494 2602 571 Spiritu
2629 504 2680 552 te
2711 497 3378 571 inomuibnsbenedicere
3406 510 3458 555 et
3484 503 3644 571 glori-

2069 563 2251 641 ﬁmre,
2282 581 2402 619 eum
2433 563 2594 641 multa
2635 569 2811 622 cordis
2840 570 3160 625 eontrilioue
3199 583 3249 624 et
3289 563 3642 641 lacrymarum

2067 631 2245 698 fonte,
2276 649 2396 690 cum
2426 639 2585 710 multa
2635 641 2929 693 reverentia
2961 652 3014 694 et
3053 651 3285 695 tremore
3313 659 3324 694 :
3359 631 3482 706 quia
3507 658 3641 710 quo-

2069 719 2185 758 rum
2224 720 2324 758 una
2368 715 2450 759 est
2495 708 2812 773 substantia,
2860 726 3019 762 umun
3065 721 3148 764 est
3190 720 3244 763 et
3289 711 3488 764 datum.
3525 708 3642 770 Sed

2066 775 2314 851 qttoniam
2357 792 2538 851 corpus
2579 778 2713 851 quod
2753 780 3090 848 corrumpitur
3136 790 3374 851 aggravet
3420 783 3644 836 animam

2067 843 2340 920 (Sanun,
2372 843 2500 920 15;),
2546 843 2739 910 circini,
2789 843 2991 918 qumso,
3035 843 3299 920 torporem
3333 866 3504 904 meum
3539 854 3644 908 tuis

2066 914 2314 990 stimulis,
2343 926 2396 969 et
2434 915 2513 990 fac
2552 932 2636 990 nte
2665 914 2878 972 strenue
2909 914 3247 988 perseverare
3277 921 3328 974 in
3363 922 3643 990 prmcepti';

2017 1005 2019 1008 ·
2065 991 2120 1036 et
2160 985 2398 1039 laudibus
2429 987 2532 1040 tuis
2573 986 2660 1042 die
2699 1004 2761 1041 ac
2800 985 2974 1044 nocte.
3029 990 3224 1046 'l‘ribue
3269 1000 3322 1045 ut
3363 985 3643 1047 concaleat

2065 1067 2159 1106 cor
2179 1071 2352 1108 meum
2381 1057 2516 1110 intra
2541 1072 2644 1123 me,
2670 1069 2722 1113 et
2749 1059 2798 1112 in
2827 1060 3168 1116 meditatione
3191 1078 3303 1115 mea
3329 1061 3642 1117 exardescat

2067 1123 2200 1191 ignis
2231 1124 2397 1202 (Rsal.
2429 1142 2628 1202 xvam
2649 1171 2663 1195 ,
2696 1129 2779 1202 4).
2811 1128 2888 1202 (τι)
2921 1131 2984 1185 Et
3011 1133 3131 1201 quia
3177 1133 3290 1202 ipse
3337 1143 3455 1186 tuus
3486 1133 3640 1187 unice

2065 1203 2221 1249 natus
2246 1195 2413 1273 dixit,
2441 1196 2604 1251 Nemo
2641 1195 2772 1273 venit
2798 1195 2879 1253 ad
2895 1218 2972 1254 me
2990 1243 3005 1267 ,
3030 1195 3136 1256 'nisi
3161 1195 3318 1273 [fater
3337 1244 3350 1266 ,
3381 1205 3467 1273 qui
3506 1203 3640 1258 misit

2066 1280 2144 1318 me
2159 1307 2182 1343 ,_
2203 1266 2408 1343 traxerit
2433 1283 2576 1343 cum;
2604 1277 2686 1333 et,
2719 1268 2882 1343 Nemo
2909 1266 3038 1325 venit
3075 1273 3142 1326 ad
3171 1266 3512 1326 Patrem-nisi
3551 1291 3640 1343 per

2063 1351 2142 1387 me
2167 1334 2354 1412 (Joan_.
2382 1353 2470 1402 vt,
2510 1339 2612 1412 fit:
2663 1356 2778 1403 xw,
2820 1339 2934 1412 6),:
2975 1345 3198 1397 obsecro
3235 1353 3288 1397 et
3328 1334 3638 1412 suppliciter

2061 1419 2211 1482 rogo,
2246 1406 2393 1482 trahe
2423 1406 2590 1482 metu
2617 1423 2828 1482 semper
2857 1406 2920 1464 ad
2962 1413 3155 1482 ipsum,
3188 1422 3239 1474 et
3269 1414 3381 1482 ipse
3397 1406 3492 1468 me
3518 1425 3636 1467 taxi-

2061 1474 2182 1547 dem
2209 1477 2462 1544 perducat
2488 1479 2553 1531 ad
2584 1489 2634 1533 te
2663 1474 2786 1534 illuc
2807 1523 2821 1547 ,
2855 1482 2942 1535 ubi
2983 1474 3077 1538 ille
3105 1474 3186 1538 est
3213 1483 3264 1537 in
3291 1474 3513 1538 dextera
3546 1491 3635 1538 tua

2061 1545 2288 1622 sedens;
2319 1547 2403 1601 ubi
2432 1551 2752 1622 sempiterna
2781 1545 2863 1606 est
2887 1553 2990 1606 vita
3021 1563 3073 1607 et
3102 1553 3423 1622 sempiterno
3451 1555 3632 1614 beata;

2063 1614 2151 1669 ubi
2179 1625 2260 1670 cst
2287 1631 2437 1671 amor
2465 1614 2758 1686 perfectus,
2787 1631 2839 1675 et
2868 1624 3042 1678 nullus
3073 1614 3264 1684 timor;
3299 1624 3385 1677 ubi
3414 1634 3497 1679 est
3519 1624 3636 1678 dies

2059 1695 2326 1752 aeternus,
2357 1698 2412 1742 et
2442 1705 2576 1743 unus
2615 1691 2852 1746 oumium
2890 1694 3146 1761 Spiritus;
3194 1693 3279 1748 ubi
3308 1690 3391 1749 est
3428 1709 3636 1748 summa

2058 1765 2114 1809 et
2135 1766 2290 1832 certa
2333 1761 2611 1832 securitas,
2657 1769 2712 1832 et
2759 1777 2945 1817 secura
2979 1764 3350 1832 tranquillitas,
3396 1773 3450 1818 et
3489 1775 3636 1826 ll‘an-

2057 1826 2220 1899 quilla
2244 1827 2580 1898 iucunditas,
2609 1841 2661 1884 et
2687 1831 2918 1898 jucunda
2951 1826 3175 1888 felicitas
3197 1877 3210 1899 ,
3240 1845 3292 1888 et
3323 1834 3446 1895 fe.
3476 1845 3636 1894 (cter-

2059 1897 2216 1962 nitas,
2244 1897 2298 1968 et
2320 1907 2519 1954 arterna
2549 1897 2840 1968 beatitudo,
2868 1910 2920 1956 et
2949 1904 3099 1958 beata
3128 1897 3207 1958 tui
3231 1905 3347 1959 sine
3375 1905 3478 1959 line
3503 1906 3636 1959 visio

2059 1975 2216 2036 atque
2242 1967 2511 2023 laudatio:
2542 1971 2626 2024 ubi
2657 1982 2710 2026 ιιι
2735 1987 2855 2027 cum
2883 1973 2990 2035 illo,
3017 1983 3067 2029 et
3095 1975 3181 2030 ille
3212 1985 3382 2030 tecum
3413 1976 3462 2028 in
3489 1990 3636 2029 com-

2057 2040 2310 2115 munione
2335 2040 2502 2094 sancti
2531 2040 2757 2115 Spiritus
2783 2044 3106 2098 :cterualitcr
3142 2061 3204 2098 ac
3241 2046 3632 2115 sempiternali-

2055 2114 2140 2232 Ἀρι*
2159 2107 2292 2163 vivis
2315 2118 2369 2165 et
2394 2107 2584 2181 regnas
2603 2112 2739 2168 Deus
2764 2127 2859 2183 per
2879 2115 3055 2169 omnia
3077 2115 3270 2174 saecula
3293 2107 3634 2171 sm'culorum.

2103 2193 2246 2232 men.

2103 2193 2246 2234 men.

2055 2288 2287 2368 CA.
2305 2292 2489 2368 XVI".
2515 2295 2750 2368 Precatio
2780 2297 2850 2351 ad
2881 2297 3158 2353 Christum.
3183 2298 3319 2364 Quid
3338 2299 3526 2368 ipsesit
3548 2290 3639 2349 no-

2124 2359 2216 2434 bis.
2237 2362 2522 2434 Necessitas
2541 2366 2586 2418 ei
2607 2384 2694 2434 per
2709 2384 2932 2421 amorem
2949 2359 3257 2422 adltwrcndi.
3277 2359 3434 2422 Amor
3452 2369 3640 2423 Christi

2125 2432 2304 2488 domus
2331 2433 2427 2488 Dei
2453 2432 2796 2492 recordatione
2819 2439 3133 2493 accenditur.

2053 2544 2128 2609 (ὁ)
2149 2553 2270 2611 Spes
2315 2560 2426 2597 mea
2448 2549 2632 2611 Christe
2655 2557 2800 2610 Deus,
2825 2550 2950 2599 homt
2959 2564 3072 2600 num
3095 2557 3147 2600 tu
3171 2551 3322 2600 dulcis
3343 2559 3548 2611 amator,

2052 2609 2290 2674 Lux,_via,
2314 2612 2427 2668 vita,
2451 2610 2596 2670 salus,
2623 2625 2712 2674 [vix
2741 2609 2964 2674 etidecus
2984 2626 3130 2661 omne
3151 2621 3362 2672 tuortun,

2051 2671 2215 2718 Omnia
2235 2684 2323 2732 pro
2343 2685 2550 2734 quorum
2573 2671 2763 2722 vdluisti
2787 2673 2922 2724 ferre
2944 2673 3121 2731 salute,

2049 2737 2268 2790 Carnem,
2286 2734 2438 2798 vincla
2454 2747 2689 2798 _,_crueem,
2703 2735 2876 2785 vulnus
2899 2773 2912 2794 ,
2934 2743 3242 2798 mortemque
3267 2770 3280 2793 ,
3307 2734 3602 2798 sepulcrum,

2052 2798 2170 2860 t'ost
2184 2800 2286 2860 tres
2301 2794 2414 2860 inde
2435 2795 2543 2843 dies
2560 2797 2749 2860 devicta
2773 2805 2930 2860 morte
2964 2794 3252 2860 resurgans,

2050 2853 2303 2916 Discipulis
2325 2858 2454 2906 visus
2479 2890 2492 2915 ,
2521 2859 2739 2906 nutantia
2761 2859 2903 2907 corda
2922 2853 3207 2917 reformatis,

2051 2921 2176 2965 Luce
2201 2923 2374 2978 quater
2395 2917 2522 2966 dena
2543 2917 2776 2968 caelorum
2798 2933 2984 2969 summa
3008 2921 3198 2978 petisti:

2052 2977 2180 3028 Vivis
2201 2977 2250 3026 iu
2271 2985 2524 3040 mteruum,
2548 2993 2676 3030 nunc
2699 2987 2749 3030 et
2772 2994 2861 3044 per
2877 2977 3054 3031 saecula
3075 2995 3308 3045 regnans.

2124 3081 2198 3155 (c)
2221 3082 2303 3155 Τιι
2335 3083 2472 3155 Deus
2510 3099 2660 3139 meus
2682 3085 2832 3140 vivus
2867 3094 2922 3140 et
2950 3101 3125 3151 verus,
3155 3093 3306 3155 pater
3346 3099 3494 3140 meus
3516 3101 3638 3140 san-

2051 3153 2185 3218 ctus,
2217 3153 2470 3225 Dominus
2497 3170 2647 3210 meus
2681 3156 2820 3225 pius,
2855 3172 2946 3210 rex
2988 3153 3416 3225 meus'maguus,
3461 3166 3633 3223 pastor

2053 3229 2202 3278 m'eus
2229 3224 2420 3295 lamus,
2451 3224 2702 3292 magister
2730 3243 2878 3280 meus
2913 3243 3080 3290 intus,
3119 3224 3328 3295 abjutor
3357 3243 3507 3281 uncus
3535 3244 3635 3294 op—

2054 3302 2332 3366 portunus,
2375 3294 2601 3366 dilectus
2645 3313 2794 3351 meus
2834 3294 3240 3366 pulcherrimus,
3287 3298 3438 3366 panis
3488 3313 3638 3352 meus

2053 3364 2233 3428 vivus;
2265 3365 2512 3419 sacerdos
2541 3382 2689 3421 tuens
2733 3368 2785 3421 in
2813 3364 3089 3433 :i-ternum,
3119 3367 3224 3421 dux
3271 3364 3420 3422 meus
3447 3372 3511 3420 ad
3543 3385 3638 3435 ιιςιο

2054 3435 2228 3499 triam,
2261 3436 2346 3490 lux
2387 3451 2504 3489 mea
2549 3453 2690 3503 vera,
2730 3435 2956 3503 dulcedo
2994 3454 3109 3492 mea
3151 3447 3352 3504 sancta,
3396 3437 3476 3491 via
3521 3453 3636 3491 mea

2052 3515 2219 3571 recta,
2251 3507 2506 3577 sapientia
2535 3522 2652 3561 mea
2675 3509 2922 3574 praeclara
2947 3549 2960 3573 ,
2997 3507 3306 3577 simplicitas
3335 3524 3450 3562 mea
3483 3525 3634 3577 pura.

2052 3575 2334 3646 concordia
2383 3592 2498 3630 mea
2540 3577 2791 3646 pacifica,
2833 3578 3071 3632 custodia
3105 3575 3229 3632 inea
3279 3588 3416 3639 tuta,
3465 3575 3642 3646 portio.

2053 3659 2171 3717 mea
2213 3645 2371 3710 bona,
2401 3645 2555 3702 salus
2574 3663 2688 3702 mea
2719 3649 3060 3717 sempiterna,
3113 3645 3476 3704 misericordia
3521 3665 3638 3703 mea

2053 3715 2263 3785 inagna,
2294 3718 2542 3786 patientia
2574 3734 2688 3772 mea
2717 3715 3108 3787 robustissima,
3133 3719 3342 3775 victima
3371 3735 3487 3773 mea
3535 3720 3636 3772 im-

2053 3789 2334 3858 maculata,
2387 3787 2680 3856 redemptio
2727 3805 2848 3855 mea
2884 3800 3091 3856 sancta,
3113 3805 3378 3858 spesmea
3417 3790 3586 3843 futura
3619 3790 3636 3822 ί

2053 3857 2286 3911 Charitas
2330 3873 2446 3913 mea
2491 3859 2721 3926 perfecta
2743 3901 2758 3925 ,
2791 3861 3107 3915 resurrectio
3147 3857 3264 3915 mea
3294 3871 3496 3924 sancta,
3531 3861 3638 3914 vita-

2055 3941 2170 3980 mea
2213 3939 2430 3994 auerna,
2477 3929 2760 3984 exsultatio
2787 3939 2840 3984 et
2885 3930 3017 3987 visio
3051 3946 3166 3984 mea
3195 3931 3494 3988 beatissima
3522 3931 3642 3984 sine

2056 3997 2161 4052 line
2185 4013 2453 4071 mansura.
2493 3999 2566 4071 Te
2606 4000 2885 4070 deprecor,
2921 4001 3160 4070 supplico
3189 4010 3243 4056 ct
3279 4017 3428 4071 rogo,
3462 4011 3519 4055 ut
3547 4017 3642 4068 per

2056 4077 2108 4123 te
2142 4068 2432 4141 ambulem,
2460 4069 2526 4124 ad
2557 4079 2608 4124 te
2646 4068 2972 4140 perveniam,
2991 4068 3055 4126 in
3089 4081 3139 4126 te
3167 4068 3518 4141 requiescam,
3548 4071 3639 4141 qui

2055 4153 2115 4194 cs
2143 4140 2247 4214 via,
2277 4141 2471 4214 veritas
2497 4149 2552 4196 et
2586 4142 2689 4195 vita
2717 4141 3048 4214 (Joau._XIv,
3081 4141 3158 4212 ϐ),
3196 4140 3312 4214 sine
3339 4159 3441 4209 qua
3482 4140 3640 4196 uerno

2055 4210 2199 4264 venit
2227 4210 2291 4264 ad
2323 4211 2531 4266 Patrem
2573 4230 2588 4266 :
2635 4220 2687 4266 te
2715 4210 2856 4267 enim
2899 4210 3146 4269 desidero
3187 4212 3550 4270 dulcissimum
3585 4221 3645 4270 et

2057 4280 2468 4350 pulcherrimum
2503 4282 2803 4338 Domimun.

2125 4351 2170 4423 D
2195 4351 2448 4423 splendor
2491 4363 2723 4422 paternae.
2761 4353 2972 4423 glorire,
3007 4353 3095 4423 qui
3129 4353 3285 4410 sedes
3315 4371 3474 4423 super
3501 4353 3645 4409 Che-

2055 4421 2248 4496 rubin},
2273 4430 2324 4475 et
2351 4421 2571 4496 intueris
2595 4421 2870 4496 abyssum,
2896 4421 3076 4496 ltnnen
3115 4421 3428 4490 veridicum,
3461 4425 3640 4479 lumen

2056 4489 2380 4564 illmninaus,
2414 4489 2944 4564 lumenjudelieiens,
2976 4495 3025 4548 in
3045 4496 3184 4564 quod
3211 4497 3514 4551 desiderant
3534 4498 3647 4548 An-

2055 4561 2492 4635 geliprospicere
2517 4562 2571 4635 7(l
2595 4562 2734 4635 Petr.
2767 4581 2806 4630 ι,
2835 4565 2959 4634 1‘2);
2990 4561 3116 4622 ecce
3139 4583 3232 4621 cor
3259 4583 3434 4620 meum
3461 4580 3642 4620 coram

2058 4639 2128 4702 te,
2157 4631 2362 4686 discute
2389 4631 2636 4688 tenebras
2674 4634 2811 4700 ejus,
2841 4631 3119 4691 nt’anmris
3164 4637 3238 4692 tui
3265 4636 3503 4691 claritate
3535 4635 3646 4702 ple-

2057 4701 2182 4775 nius
2203 4701 2565 4770 perfundatur.
2594 4704 2669 4775 (d)
2700 4705 2770 4759 Da
2799 4706 2926 4760 mild
2969 4715 3038 4770 te.
3089 4708 3230 4763 Deus
3271 4721 3442 4770 meus,
3482 4701 3647 4760 redde

2057 4771 2186 4845 mihi
2219 4782 2268 4826 te
2301 4789 2314 4825 :
2346 4788 2412 4828 en
2441 4789 2564 4828 amo
2594 4771 2665 4839 te,
2701 4784 2753 4832 et
2780 4777 2822 4830 si
2849 4793 3030 4845 parum
3059 4787 3162 4845 est,
3191 4793 3364 4832 amem
3397 4775 3643 4834 validius.

2056 4841 2172 4917 Non
2205 4857 2416 4917 possum
2445 4845 2618 4900 metiri
2643 4855 2698 4900 ut
2724 4841 2887 4902 sciam
2912 4841 3164 4917 quantum
3189 4847 3330 4902 desit
3353 4846 3480 4901 mihi
3497 4862 3645 4900 auio.-

2059 4911 2133 4986 ri_s
2164 4913 2240 4968 tul
2263 4913 2330 4968 ad
2357 4914 2406 4970 id
2435 4917 2578 4986 quod
2604 4917 2733 4971 satis
2761 4927 2860 4980 est,
2889 4911 2946 4970 ui
2969 4925 3149 4972 currat
3177 4919 3280 4971 vita
3311 4933 3427 4972 mea
3452 4918 3506 4971 in
3532 4933 3648 4972 an'v-

2061 4983 2244 5053 plexus
2275 4991 2416 5050 tuos,
2450 4983 2546 5040 nec
2575 4996 2842 5041 avertatur
2860 4987 3031 5041 donec
3058 4987 3412 5043 abscondatur
3438 4987 3492 5042 in
3519 4989 3646 5042 abs-

2058 5054 2274 5108 condito
2331 5056 2622 5128 Vultusitui.
2650 5057 2764 5128 lloc
2787 5067 2990 5112 tantum
3015 5059 3150 5124 scio,
3193 5059 3312 5128 quia
3341 5059 3476 5112 mala
3517 5059 3650 5114 mihi

2059 5134 2143 5179 est
2172 5135 2364 5210 praster
2405 5135 2476 5192 te,
2508 5127 2754 5208 Domine,
2789 5143 2892 5182 non
2923 5128 3096 5210 stilum
3119 5127 3267 5188 extra
3297 5144 3403 5192 me,
3449 5128 3544 5182 sed
3595 5131 3647 5183 in

2061 5209 2146 5248 me
2170 5198 2314 5268 ipso,
2333 5206 2386 5251 et
2410 5198 2582 5268 omnis
2610 5198 2759 5266 copia
2787 5215 2904 5268 qua:
2935 5198 3242 5256 Deusmeus
3264 5215 3369 5254 non
3394 5209 3498 5263 est,
3525 5215 3650 5266 ege-

2060 5274 2169 5320 stas
2190 5267 2316 5340 mihi
2347 5277 2449 5340 est.
2478 5266 2681 5340 Bonum
2712 5266 2961 5336 namque,
2985 5267 3128 5338 quod
3155 5285 3325 5340 neque
3353 5271 3404 5323 in
3434 5271 3648 5333 melius,

2063 5352 2234 5410 neque
2258 5337 2307 5410 in
2339 5338 2570 5410 deterius
2597 5339 2910 5393 comumlari
2943 5337 3138 5408 potest,
3165 5349 3219 5395 tu
3243 5337 3396 5395 solus
3415 5355 3475 5396 es
3495 5357 3510 5407 ;
3528 5341 3646 5410 quia

2062 5406 2209 5464 solus
2227 5408 2537 5480 simpliciter
2562 5423 2656 5466 es:
2686 5410 2771 5464 cui
2801 5425 2914 5470 non
2936 5406 3018 5466 est
3041 5411 3184 5466 aliud
3205 5413 3403 5479 vivere,
3428 5421 3483 5468 et
3499 5406 3648 5472 aliud

2129 5586 2146 5658 ξ
2173 5585 2312 5658 tilias
2336 5582 2496 5658 ﬁm-

2127 5647 2200 5713 (ᾳ)
2226 5647 2600 5713 Alc-uiuus,_pag.
2624 5647 2733 5708 15},
2754 5647 2804 5697 d.
2825 5661 2852 5713 ;_
2875 5654 2927 5698 et
2947 5647 3162 5700 Confess.
3188 5656 3310 5713 part.
3330 5649 3380 5712 2,
3405 5664 3454 5702 ιι.
3477 5650 3552 5704 ιιι.

2128 5708 2200 5778 ψ)
2223 5709 2418 5778 Joanuis
2439 5708 2804 5778 ltiScatmt_,_|_vars
2824 5709 2872 5759 2.

2131 5768 2202 5834 (c_)_
2227 5768 2471 5834 Aleuiuus,
2494 5784 2603 5834 pag.
2626 5768 2738 5831 293,
2763 5773 2813 5834 li.
2835 5786 2848 5831 ;
2879 5772 2982 5829 153,
3002 5773 3052 5820 (Ι,

2133 5829 2211 5894 (d)
2235 5832 2481 5893 Augustin.
2496 5829 2590 5883 liti.
2620 5834 2680 5883 15
2697 5829 2932 5899 Confusis,
2952 5850 3088 5901 capp
3108 5835 3156 5898 8,
3180 5836 3230 5898 5,
3246 5837 3298 5888 θ.
