  <div class='ocr_page' id='page_1' title='image "/cluster/home/n/w/nwhite01/storage/ocr_20150623/40/hvd.32044024147290/468.png"; bbox 0 0 4094 6342; ppageno 0'>
   <div class='ocr_carea' id='block_1_1' title="bbox 364 345 474 406">
    <p class='ocr_par' dir='ltr' id='par_1_1' title="bbox 364 345 474 406">
     <span class='ocr_line' id='line_1_1' title="bbox 364 345 474 406; baseline -0.018 0"><span class='ocrx_word' id='word_1_1' title='bbox 364 345 474 406; x_wconf 75' lang='lat' dir='ltr'><strong>M7</strong></span> 
     </span>
    </p>
   </div>
   <div class='ocr_carea' id='block_1_2' title="bbox 366 458 1950 530">
    <p class='ocr_par' dir='ltr' id='par_1_2' title="bbox 366 458 1950 530">
     <span class='ocr_line' id='line_1_2' title="bbox 366 458 1950 530; baseline 0 -12"><span class='ocrx_word' id='word_1_2' title='bbox 366 462 481 518; x_wconf 88' lang='lat' dir='ltr'><strong>Deo</strong></span> <span class='ocrx_word' id='word_1_3' title='bbox 505 468 560 517; x_wconf 90' lang='lat' dir='ltr'><strong>et</strong></span> <span class='ocrx_word' id='word_1_4' title='bbox 583 459 861 517; x_wconf 88' lang='lat' dir='ltr'><strong>Salvatore</strong></span> <span class='ocrx_word' id='word_1_5' title='bbox 878 466 1081 526; x_wconf 88' lang='lat' dir='ltr'><strong>nostro,</strong></span> <span class='ocrx_word' id='word_1_6' title='bbox 1099 458 1187 530; x_wconf 99' lang='lat' dir='ltr'><strong>qui</strong></span> <span class='ocrx_word' id='word_1_7' title='bbox 1210 459 1366 514; x_wconf 89' lang='lat' dir='ltr'><strong>solvit</strong></span> <span class='ocrx_word' id='word_1_8' title='bbox 1386 458 1689 516; x_wconf 74' lang='lat' dir='ltr'><strong>inimicitias</strong></span> <span class='ocrx_word' id='word_1_9' title='bbox 1716 462 1768 516; x_wconf 92' lang='lat' dir='ltr'><strong>in</strong></span> <span class='ocrx_word' id='word_1_10' title='bbox 1788 478 1950 519; x_wconf 85' lang='lat' dir='ltr'><strong>carne</strong></span> 
     </span>
    </p>
   </div>
   <div class='ocr_carea' id='block_1_3' title="bbox 348 530 1951 602">
    <p class='ocr_par' dir='ltr' id='par_1_3' title="bbox 348 530 1951 602">
     <span class='ocr_line' id='line_1_3' title="bbox 348 530 1951 602; baseline 0.001 -16"><span class='ocrx_word' id='word_1_11' title='bbox 348 547 484 599; x_wconf 73' lang='lat' dir='ltr'><strong>sua,</strong></span> <span class='ocrx_word' id='word_1_12' title='bbox 513 540 570 587; x_wconf 88' lang='lat' dir='ltr'><strong>et</strong></span> <span class='ocrx_word' id='word_1_13' title='bbox 604 530 899 602; x_wconf 84' lang='lat' dir='ltr'><strong>pacificavit</strong></span> <span class='ocrx_word' id='word_1_14' title='bbox 941 530 1118 602; x_wconf 90' lang='lat' dir='ltr'><strong>omnia</strong></span> <span class='ocrx_word' id='word_1_15' title='bbox 1159 530 1359 602; x_wconf 71' lang='lat' dir='ltr'><strong>qumin</strong></span> <span class='ocrx_word' id='word_1_16' title='bbox 1387 530 1539 585; x_wconf 65' lang='lat' dir='ltr'><strong>caelis</strong></span> <span class='ocrx_word' id='word_1_17' title='bbox 1568 541 1714 597; x_wconf 89' lang='lat' dir='ltr'><strong>sunt,</strong></span> <span class='ocrx_word' id='word_1_18' title='bbox 1745 542 1800 587; x_wconf 93' lang='lat' dir='ltr'><strong>et</strong></span> <span class='ocrx_word' id='word_1_19' title='bbox 1828 550 1951 602; x_wconf 68' lang='lat' dir='ltr'><strong>qua-</strong></span> 
     </span>
    </p>
   </div>
   <div class='ocr_carea' id='block_1_4' title="bbox 363 598 1949 673">
    <p class='ocr_par' dir='ltr' id='par_1_4' title="bbox 363 598 1949 673">
     <span class='ocr_line' id='line_1_4' title="bbox 363 598 1949 673; baseline 0.002 -19"><span class='ocrx_word' id='word_1_20' title='bbox 363 602 419 673; x_wconf 82' lang='lat' dir='ltr'><strong>in</strong></span> <span class='ocrx_word' id='word_1_21' title='bbox 451 598 623 673; x_wconf 63' lang='lat' dir='ltr'><strong>terra,</strong></span> <span class='ocrx_word' id='word_1_22' title='bbox 639 601 895 671; x_wconf 86' lang='lat' dir='ltr'><strong>sanguine</strong></span> <span class='ocrx_word' id='word_1_23' title='bbox 923 615 1039 673; x_wconf 70' lang='lat' dir='ltr'><strong>sue.</strong></span> <span class='ocrx_word' id='word_1_24' title='bbox 1069 598 1191 673; x_wconf 78' lang='lat' dir='ltr'><strong>Ipse</strong></span> <span class='ocrx_word' id='word_1_25' title='bbox 1215 600 1357 673; x_wconf 87' lang='lat' dir='ltr'><strong>enim</strong></span> <span class='ocrx_word' id='word_1_26' title='bbox 1383 610 1465 655; x_wconf 91' lang='lat' dir='ltr'><strong>est</strong></span> <span class='ocrx_word' id='word_1_27' title='bbox 1497 598 1949 673; x_wconf 47' lang='lat' dir='ltr'><strong>pax_nostra,_qni</strong></span> 
     </span>
    </p>
   </div>
   <div class='ocr_carea' id='block_1_5' title="bbox 362 669 1950 742">
    <p class='ocr_par' dir='ltr' id='par_1_5' title="bbox 362 669 1950 742">
     <span class='ocr_line' id='line_1_5' title="bbox 362 669 1950 742; baseline 0.001 -16"><span class='ocrx_word' id='word_1_28' title='bbox 362 671 491 729; x_wconf 82' lang='lat' dir='ltr'><strong>fecit</strong></span> <span class='ocrx_word' id='word_1_29' title='bbox 515 669 926 742; x_wconf 51' lang='lat' dir='ltr'><strong>utraque&#39;unum</strong></span> <span class='ocrx_word' id='word_1_30' title='bbox 949 669 1163 742; x_wconf 73' lang='lat' dir='ltr'><strong>(Ephes.</strong></span> <span class='ocrx_word' id='word_1_31' title='bbox 1190 686 1249 742; x_wconf 87' lang='lat' dir='ltr'><strong>u,</strong></span> <span class='ocrx_word' id='word_1_32' title='bbox 1278 671 1369 741; x_wconf 78' lang='grc'><strong>14)</strong></span> <span class='ocrx_word' id='word_1_33' title='bbox 1411 687 1426 725; x_wconf 89' lang='lat'><strong>:</strong></span> <span class='ocrx_word' id='word_1_34' title='bbox 1460 673 1557 742; x_wconf 21' lang='lat' dir='ltr'><strong>Aqui</strong></span> <span class='ocrx_word' id='word_1_35' title='bbox 1587 671 1723 726; x_wconf 92' lang='lat' dir='ltr'><strong>duos</strong></span> <span class='ocrx_word' id='word_1_36' title='bbox 1759 689 1823 727; x_wconf 79' lang='lat' dir='ltr'><strong>ex</strong></span> <span class='ocrx_word' id='word_1_37' title='bbox 1853 669 1950 727; x_wconf 78' lang='lat' dir='ltr'><strong>ad-</strong></span> 
     </span>
    </p>
   </div>
   <div class='ocr_carea' id='block_1_6' title="bbox 362 740 1948 811">
    <p class='ocr_par' dir='ltr' id='par_1_6' title="bbox 362 740 1948 811">
     <span class='ocr_line' id='line_1_6' title="bbox 362 740 1948 811; baseline 0.002 -15"><span class='ocrx_word' id='word_1_38' title='bbox 362 757 524 798; x_wconf 87' lang='lat' dir='ltr'><strong>verso</strong></span> <span class='ocrx_word' id='word_1_39' title='bbox 560 741 834 797; x_wconf 89' lang='lat' dir='ltr'><strong>venientes</strong></span> <span class='ocrx_word' id='word_1_40' title='bbox 868 740 1195 811; x_wconf 72' lang='lat' dir='ltr'><strong>coniungens</strong></span> <span class='ocrx_word' id='word_1_41' title='bbox 1239 741 1290 795; x_wconf 90' lang='lat' dir='ltr'><strong>in</strong></span> <span class='ocrx_word' id='word_1_42' title='bbox 1335 756 1412 811; x_wconf 79' lang='lat' dir='ltr'><strong>se,</strong></span> <span class='ocrx_word' id='word_1_43' title='bbox 1459 740 1801 798; x_wconf 88' lang='lat' dir='ltr'><strong>beatitudinis</strong></span> <span class='ocrx_word' id='word_1_44' title='bbox 1844 752 1948 800; x_wconf 74' lang='lat' dir='ltr'><strong>tua:</strong></span> 
     </span>
    </p>
   </div>
   <div class='ocr_carea' id='block_1_7' title="bbox 362 810 1944 883">
    <p class='ocr_par' dir='ltr' id='par_1_7' title="bbox 362 810 1944 883">
     <span class='ocr_line' id='line_1_7' title="bbox 362 810 1944 883; baseline 0 -16"><span class='ocrx_word' id='word_1_45' title='bbox 362 819 764 883; x_wconf 78' lang='lat' dir='ltr'><strong>permanentem</strong></span> <span class='ocrx_word' id='word_1_46' title='bbox 801 810 1109 883; x_wconf 81' lang='lat' dir='ltr'><strong>felicitatem</strong></span> <span class='ocrx_word' id='word_1_47' title='bbox 1142 812 1266 883; x_wconf 14' lang='lat' dir='ltr'><strong>parii</strong></span> <span class='ocrx_word' id='word_1_48' title='bbox 1295 810 1454 883; x_wconf 85' lang='lat' dir='ltr'><strong>modo</strong></span> <span class='ocrx_word' id='word_1_49' title='bbox 1490 820 1544 865; x_wconf 88' lang='lat' dir='ltr'><strong>et</strong></span> <span class='ocrx_word' id='word_1_50' title='bbox 1569 812 1756 883; x_wconf 61' lang='lat' dir='ltr'><strong>eadem</strong></span> <span class='ocrx_word' id='word_1_51' title='bbox 1792 828 1944 868; x_wconf 90' lang='lat' dir='ltr'><strong>men-</strong></span> 
     </span>
    </p>
   </div>
   <div class='ocr_carea' id='block_1_8' title="bbox 360 880 1945 950">
    <p class='ocr_par' dir='ltr' id='par_1_8' title="bbox 360 880 1945 950">
     <span class='ocr_line' id='line_1_8' title="bbox 360 880 1945 950; baseline 0.001 -14"><span class='ocrx_word' id='word_1_52' title='bbox 360 880 486 938; x_wconf 81' lang='lat' dir='ltr'><strong>sura</strong></span> <span class='ocrx_word' id='word_1_53' title='bbox 515 898 574 937; x_wconf 90' lang='lat' dir='ltr'><strong>se</strong></span> <span class='ocrx_word' id='word_1_54' title='bbox 602 882 758 936; x_wconf 90' lang='lat' dir='ltr'><strong>nobis</strong></span> <span class='ocrx_word' id='word_1_55' title='bbox 782 880 1313 950; x_wconf 87' lang='lat' dir='ltr'><strong>daturampromisit,</strong></span> <span class='ocrx_word' id='word_1_56' title='bbox 1346 881 1549 943; x_wconf 83' lang='lat' dir='ltr'><strong>dicens,</strong></span> <span class='ocrx_word' id='word_1_57' title='bbox 1584 881 1749 936; x_wconf 82' lang='lat' dir='ltr'><strong>Erunt</strong></span> <span class='ocrx_word' id='word_1_58' title='bbox 1772 898 1945 950; x_wconf 67' lang='lat' dir='ltr'><strong>requa-</strong></span> 
     </span>
    </p>
   </div>
   <div class='ocr_carea' id='block_1_9' title="bbox 359 896 1947 1023">
    <p class='ocr_par' dir='ltr' id='par_1_9' title="bbox 359 896 1947 1023">
     <span class='ocr_line' id='line_1_9' title="bbox 360 896 1945 1004; baseline 0.001 -68"><span class='ocrx_word' id='word_1_59' title='bbox 360 898 486 938; x_wconf 91' lang='lat' dir='ltr'><strong>sura</strong></span> <span class='ocrx_word' id='word_1_60' title='bbox 515 898 574 937; x_wconf 89' lang='lat' dir='ltr'><strong>se</strong></span> <span class='ocrx_word' id='word_1_61' title='bbox 602 896 758 936; x_wconf 80' lang='lat' dir='ltr'><strong>nonis</strong></span> <span class='ocrx_word' id='word_1_62' title='bbox 782 896 1313 1004; x_wconf 54' lang='lat' dir='ltr'><strong>naturam‘promtstt,</strong></span> <span class='ocrx_word' id='word_1_63' title='bbox 1346 896 1549 943; x_wconf 76' lang='lat' dir='ltr'><strong>dicens.</strong></span> <span class='ocrx_word' id='word_1_64' title='bbox 1584 896 1749 936; x_wconf 69' lang='lat' dir='ltr'><strong>erunt</strong></span> <span class='ocrx_word' id='word_1_65' title='bbox 1772 898 1945 950; x_wconf 68' lang='lat' dir='ltr'><strong>taqua-</strong></span> 
     </span>
     <span class='ocr_line' id='line_1_10' title="bbox 359 950 1947 1023; baseline 0.001 -16"><span class='ocrx_word' id='word_1_66' title='bbox 359 954 438 1007; x_wconf 83' lang='lat' dir='ltr'><strong>lcs</strong></span> <span class='ocrx_word' id='word_1_67' title='bbox 455 953 658 1023; x_wconf 79' lang='lat' dir='ltr'><strong>Angelis</strong></span> <span class='ocrx_word' id='word_1_68' title='bbox 674 951 769 1007; x_wconf 86' lang='lat' dir='ltr'><strong>Dei</strong></span> <span class='ocrx_word' id='word_1_69' title='bbox 785 951 837 1005; x_wconf 91' lang='lat' dir='ltr'><strong>in</strong></span> <span class='ocrx_word' id='word_1_70' title='bbox 849 950 1017 1023; x_wconf 72' lang='lat' dir='ltr'><strong>caelis_(</strong></span> <span class='ocrx_word' id='word_1_71' title='bbox 1075 950 1202 1023; x_wconf 67' lang='lat' dir='ltr'><strong>uult,</strong></span> <span class='ocrx_word' id='word_1_72' title='bbox 1222 967 1356 1023; x_wconf 70' lang='lat' dir='ltr'><strong>situ,</strong></span> <span class='ocrx_word' id='word_1_73' title='bbox 1375 951 1537 1021; x_wconf 82' lang='lat' dir='ltr'><strong>&#39;50).O</strong></span> <span class='ocrx_word' id='word_1_74' title='bbox 1549 951 1844 1008; x_wconf 80' lang='lat' dir='ltr'><strong>Jerusalem</strong></span> <span class='ocrx_word' id='word_1_75' title='bbox 1857 955 1947 1008; x_wconf 91' lang='lat' dir='ltr'><strong>do-</strong></span> 
     </span>
    </p>
   </div>
   <div class='ocr_carea' id='block_1_10' title="bbox 359 1020 1943 1092">
    <p class='ocr_par' dir='ltr' id='par_1_10' title="bbox 359 1020 1943 1092">
     <span class='ocr_line' id='line_1_11' title="bbox 359 1020 1943 1092; baseline 0 -14"><span class='ocrx_word' id='word_1_76' title='bbox 359 1038 481 1078; x_wconf 88' lang='lat' dir='ltr'><strong>mus</strong></span> <span class='ocrx_word' id='word_1_77' title='bbox 501 1020 591 1079; x_wconf 71' lang='lat' dir='ltr'><strong>Dei</strong></span> <span class='ocrx_word' id='word_1_78' title='bbox 607 1030 951 1092; x_wconf 78' lang='lat' dir='ltr'><strong>a:terna,post</strong></span> <span class='ocrx_word' id='word_1_79' title='bbox 964 1020 1157 1092; x_wconf 84' lang='lat' dir='ltr'><strong>Christi</strong></span> <span class='ocrx_word' id='word_1_80' title='bbox 1170 1020 1505 1076; x_wconf 85' lang='lat' dir='ltr'><strong>dilectionem</strong></span> <span class='ocrx_word' id='word_1_81' title='bbox 1525 1023 1540 1053; x_wconf 74' lang='grc'>³</span> <span class='ocrx_word' id='word_1_82' title='bbox 1561 1032 1615 1077; x_wconf 85' lang='grc' dir='ltr'><strong>ιιι</strong></span> <span class='ocrx_word' id='word_1_83' title='bbox 1631 1033 1746 1077; x_wconf 86' lang='lat' dir='ltr'><strong>esto</strong></span> <span class='ocrx_word' id='word_1_84' title='bbox 1764 1024 1943 1079; x_wconf 84' lang='lat' dir='ltr'><strong>ketitia</strong></span> 
     </span>
    </p>
   </div>
   <div class='ocr_carea' id='block_1_11' title="bbox 355 1091 1945 1150">
    <p class='ocr_par' dir='ltr' id='par_1_11' title="bbox 355 1091 1945 1150">
     <span class='ocr_line' id='line_1_12' title="bbox 355 1091 1945 1150; baseline 0.001 -3"><span class='ocrx_word' id='word_1_85' title='bbox 355 1101 416 1147; x_wconf 88' lang='lat' dir='ltr'><strong>et</strong></span> <span class='ocrx_word' id='word_1_86' title='bbox 438 1094 734 1150; x_wconf 79' lang='lat' dir='ltr'><strong>consolatio</strong></span> <span class='ocrx_word' id='word_1_87' title='bbox 758 1091 936 1147; x_wconf 75' lang='lat' dir='ltr'><strong>noStra</strong></span> <span class='ocrx_word' id='word_1_88' title='bbox 967 1110 979 1146; x_wconf 91' lang='lat'><strong>:</strong></span> <span class='ocrx_word' id='word_1_89' title='bbox 1007 1091 1177 1147; x_wconf 82' lang='lat' dir='ltr'><strong>dulcis</strong></span> <span class='ocrx_word' id='word_1_90' title='bbox 1204 1092 1458 1146; x_wconf 84' lang='lat' dir='ltr'><strong>memoria</strong></span> <span class='ocrx_word' id='word_1_91' title='bbox 1489 1094 1562 1147; x_wconf 92' lang='lat' dir='ltr'><strong>tui</strong></span> <span class='ocrx_word' id='word_1_92' title='bbox 1606 1093 1744 1148; x_wconf 80' lang='lat' dir='ltr'><strong>beati</strong></span> <span class='ocrx_word' id='word_1_93' title='bbox 1774 1095 1945 1150; x_wconf 90' lang='lat' dir='ltr'><strong>nomi-</strong></span> 
     </span>
    </p>
   </div>
   <div class='ocr_carea' id='block_1_12' title="bbox 358 1162 1833 1232">
    <p class='ocr_par' dir='ltr' id='par_1_12' title="bbox 358 1162 1833 1232">
     <span class='ocr_line' id='line_1_13' title="bbox 358 1162 1833 1232; baseline 0 -15"><span class='ocrx_word' id='word_1_94' title='bbox 358 1165 444 1218; x_wconf 90' lang='lat' dir='ltr'><strong>nis</strong></span> <span class='ocrx_word' id='word_1_95' title='bbox 466 1164 535 1218; x_wconf 87' lang='lat' dir='ltr'><strong>sit</strong></span> <span class='ocrx_word' id='word_1_96' title='bbox 558 1163 812 1219; x_wconf 81' lang='lat' dir='ltr'><strong>relevatio</strong></span> <span class='ocrx_word' id='word_1_97' title='bbox 834 1163 1078 1218; x_wconf 62' lang='lat' dir='ltr'><strong>moueris</strong></span> <span class='ocrx_word' id='word_1_98' title='bbox 1103 1162 1484 1232; x_wconf 72' lang='lat' dir='ltr'><strong>tmdiorumque</strong></span> <span class='ocrx_word' id='word_1_99' title='bbox 1511 1171 1833 1217; x_wconf 88' lang='lat' dir='ltr'><strong>nostrorum.</strong></span> 
     </span>
    </p>
   </div>
   <div class='ocr_carea' id='block_1_13' title="bbox 428 1232 1942 1303">
    <p class='ocr_par' dir='ltr' id='par_1_13' title="bbox 428 1232 1942 1303">
     <span class='ocr_line' id='line_1_14' title="bbox 428 1232 1942 1303; baseline 0.001 -15"><span class='ocrx_word' id='word_1_100' title='bbox 428 1233 657 1290; x_wconf 82' lang='lat' dir='ltr'><strong>CAPUT</strong></span> <span class='ocrx_word' id='word_1_101' title='bbox 686 1232 826 1288; x_wconf 90' lang='lat' dir='ltr'><strong>XXI.</strong></span> <span class='ocrx_word' id='word_1_102' title='bbox 866 1232 993 1286; x_wconf 77' lang='lat' dir='ltr'><strong>Vita:</strong></span> <span class='ocrx_word' id='word_1_103' title='bbox 1028 1233 1180 1303; x_wconf 81' lang='lat' dir='ltr'><strong>hujus</strong></span> <span class='ocrx_word' id='word_1_104' title='bbox 1202 1233 1414 1286; x_wconf 74' lang='lat' dir='ltr'><strong>miseria:</strong></span> <span class='ocrx_word' id='word_1_105' title='bbox 1443 1242 1489 1303; x_wconf 86' lang='lat' dir='ltr'><strong>et</strong></span> <span class='ocrx_word' id='word_1_106' title='bbox 1518 1234 1797 1303; x_wconf 78' lang='lat' dir='ltr'><strong>fastidium.</strong></span> <span class='ocrx_word' id='word_1_107' title='bbox 1821 1234 1942 1289; x_wconf 65' lang='lat' dir='ltr'><strong>Tm-</strong></span> 
     </span>
    </p>
   </div>
   <div class='ocr_carea' id='block_1_14' title="bbox 358 1302 1943 1373">
    <p class='ocr_par' dir='ltr' id='par_1_14' title="bbox 358 1302 1943 1373">
     <span class='ocr_line' id='line_1_15' title="bbox 358 1302 1943 1373; baseline 0.002 -17"><span class='ocrx_word' id='word_1_108' title='bbox 358 1303 449 1358; x_wconf 88' lang='lat' dir='ltr'><strong>det</strong></span> <span class='ocrx_word' id='word_1_109' title='bbox 468 1305 613 1360; x_wconf 89' lang='lat' dir='ltr'><strong>enim</strong></span> <span class='ocrx_word' id='word_1_110' title='bbox 660 1320 767 1369; x_wconf 91' lang='lat' dir='ltr'><strong>me,</strong></span> <span class='ocrx_word' id='word_1_111' title='bbox 815 1303 1057 1368; x_wconf 87' lang='lat' dir='ltr'><strong>Domine,</strong></span> <span class='ocrx_word' id='word_1_112' title='bbox 1096 1302 1257 1358; x_wconf 85' lang='lat' dir='ltr'><strong>valde</strong></span> <span class='ocrx_word' id='word_1_113' title='bbox 1301 1304 1421 1373; x_wconf 76' lang='lat' dir='ltr'><strong>vita:</strong></span> <span class='ocrx_word' id='word_1_114' title='bbox 1465 1302 1643 1373; x_wconf 82' lang='lat' dir='ltr'><strong>hujus,</strong></span> <span class='ocrx_word' id='word_1_115' title='bbox 1690 1312 1745 1359; x_wconf 90' lang='lat' dir='ltr'><strong>et</strong></span> <span class='ocrx_word' id='word_1_116' title='bbox 1790 1304 1943 1359; x_wconf 86' lang='lat' dir='ltr'><strong>istius</strong></span> 
     </span>
    </p>
   </div>
   <div class='ocr_carea' id='block_1_15' title="bbox 354 1371 1941 1444">
    <p class='ocr_par' dir='ltr' id='par_1_15' title="bbox 354 1371 1941 1444">
     <span class='ocr_line' id='line_1_16' title="bbox 354 1371 1941 1444; baseline 0.002 -17"><span class='ocrx_word' id='word_1_117' title='bbox 354 1382 676 1430; x_wconf 66' lang='lat' dir='ltr'><strong>:brumnosaa</strong></span> <span class='ocrx_word' id='word_1_118' title='bbox 702 1373 1161 1444; x_wconf 73' lang='lat' dir='ltr'><strong>peregrinationis.</strong></span> <span class='ocrx_word' id='word_1_119' title='bbox 1191 1373 1304 1444; x_wconf 66' lang='lat' dir='ltr'><strong>Vita</strong></span> <span class='ocrx_word' id='word_1_120' title='bbox 1328 1371 1439 1444; x_wconf 80' lang='lat' dir='ltr'><strong>haec</strong></span> <span class='ocrx_word' id='word_1_121' title='bbox 1464 1371 1568 1428; x_wconf 80' lang='lat' dir='ltr'><strong>vita</strong></span> <span class='ocrx_word' id='word_1_122' title='bbox 1595 1374 1810 1440; x_wconf 89' lang='lat' dir='ltr'><strong>misera,</strong></span> <span class='ocrx_word' id='word_1_123' title='bbox 1832 1375 1941 1430; x_wconf 89' lang='lat' dir='ltr'><strong>vita</strong></span> 
     </span>
    </p>
   </div>
   <div class='ocr_carea' id='block_1_16' title="bbox 354 1442 1936 1511">
    <p class='ocr_par' dir='ltr' id='par_1_16' title="bbox 354 1442 1936 1511">
     <span class='ocr_line' id='line_1_17' title="bbox 354 1442 1936 1511; baseline 0.001 -14"><span class='ocrx_word' id='word_1_124' title='bbox 354 1444 578 1511; x_wconf 88' lang='lat' dir='ltr'><strong>caduca,</strong></span> <span class='ocrx_word' id='word_1_125' title='bbox 621 1442 725 1499; x_wconf 82' lang='lat' dir='ltr'><strong>vita</strong></span> <span class='ocrx_word' id='word_1_126' title='bbox 770 1444 991 1509; x_wconf 89' lang='lat' dir='ltr'><strong>incerta,</strong></span> <span class='ocrx_word' id='word_1_127' title='bbox 1036 1442 1142 1496; x_wconf 89' lang='lat' dir='ltr'><strong>vita</strong></span> <span class='ocrx_word' id='word_1_128' title='bbox 1191 1443 1473 1509; x_wconf 86' lang='lat' dir='ltr'><strong>laboriosa,</strong></span> <span class='ocrx_word' id='word_1_129' title='bbox 1511 1443 1612 1499; x_wconf 88' lang='lat' dir='ltr'><strong>vita</strong></span> <span class='ocrx_word' id='word_1_130' title='bbox 1645 1444 1936 1511; x_wconf 86' lang='lat' dir='ltr'><strong>immunda,</strong></span> 
     </span>
    </p>
   </div>
   <div class='ocr_carea' id='block_1_17' title="bbox 355 1513 1938 1583">
    <p class='ocr_par' dir='ltr' id='par_1_17' title="bbox 355 1513 1938 1583">
     <span class='ocr_line' id='line_1_18' title="bbox 355 1513 1938 1583; baseline 0.002 -17"><span class='ocrx_word' id='word_1_131' title='bbox 355 1514 463 1569; x_wconf 89' lang='lat' dir='ltr'><strong>vita</strong></span> <span class='ocrx_word' id='word_1_132' title='bbox 488 1515 701 1570; x_wconf 90' lang='lat' dir='ltr'><strong>domina</strong></span> <span class='ocrx_word' id='word_1_133' title='bbox 731 1514 1011 1578; x_wconf 89' lang='lat' dir='ltr'><strong>malorum,</strong></span> <span class='ocrx_word' id='word_1_134' title='bbox 1042 1514 1223 1583; x_wconf 78' lang='lat' dir='ltr'><strong>regina</strong></span> <span class='ocrx_word' id='word_1_135' title='bbox 1251 1513 1623 1581; x_wconf 86' lang='lat' dir='ltr'><strong>superborum,</strong></span> <span class='ocrx_word' id='word_1_136' title='bbox 1658 1514 1809 1582; x_wconf 89' lang='lat' dir='ltr'><strong>plena</strong></span> <span class='ocrx_word' id='word_1_137' title='bbox 1834 1516 1938 1569; x_wconf 85' lang='lat' dir='ltr'><strong>mi-</strong></span> 
     </span>
    </p>
   </div>
   <div class='ocr_carea' id='block_1_18' title="bbox 352 1583 1936 1654">
    <p class='ocr_par' dir='ltr' id='par_1_18' title="bbox 352 1583 1936 1654">
     <span class='ocr_line' id='line_1_19' title="bbox 352 1583 1936 1654; baseline 0 -15"><span class='ocrx_word' id='word_1_138' title='bbox 352 1586 512 1640; x_wconf 85' lang='lat' dir='ltr'><strong>seriis</strong></span> <span class='ocrx_word' id='word_1_139' title='bbox 536 1594 591 1640; x_wconf 89' lang='lat' dir='ltr'><strong>et</strong></span> <span class='ocrx_word' id='word_1_140' title='bbox 615 1584 906 1649; x_wconf 83' lang='lat' dir='ltr'><strong>erroribus,</strong></span> <span class='ocrx_word' id='word_1_141' title='bbox 947 1599 1066 1654; x_wconf 76' lang='lat' dir='ltr'><strong>qua:</strong></span> <span class='ocrx_word' id='word_1_142' title='bbox 1110 1591 1345 1654; x_wconf 75' lang='lat' dir='ltr'><strong>nonest</strong></span> <span class='ocrx_word' id='word_1_143' title='bbox 1393 1584 1496 1637; x_wconf 88' lang='lat' dir='ltr'><strong>vita</strong></span> <span class='ocrx_word' id='word_1_144' title='bbox 1547 1583 1794 1648; x_wconf 88' lang='lat' dir='ltr'><strong>dicenda,</strong></span> <span class='ocrx_word' id='word_1_145' title='bbox 1841 1585 1936 1639; x_wconf 89' lang='lat' dir='ltr'><strong>sed</strong></span> 
     </span>
    </p>
   </div>
   <div class='ocr_carea' id='block_1_19' title="bbox 352 1653 1938 1725">
    <p class='ocr_par' dir='ltr' id='par_1_19' title="bbox 352 1653 1938 1725">
     <span class='ocr_line' id='line_1_20' title="bbox 352 1653 1938 1725; baseline 0.001 -16"><span class='ocrx_word' id='word_1_146' title='bbox 352 1670 524 1722; x_wconf 85' lang='lat' dir='ltr'><strong>mors,</strong></span> <span class='ocrx_word' id='word_1_147' title='bbox 558 1657 610 1709; x_wconf 90' lang='lat' dir='ltr'><strong>in</strong></span> <span class='ocrx_word' id='word_1_148' title='bbox 634 1671 736 1725; x_wconf 88' lang='lat' dir='ltr'><strong>qua</strong></span> <span class='ocrx_word' id='word_1_149' title='bbox 765 1653 1047 1725; x_wconf 86' lang='lat' dir='ltr'><strong>momentis</strong></span> <span class='ocrx_word' id='word_1_150' title='bbox 1071 1653 1310 1725; x_wconf 73' lang='lat' dir='ltr'><strong>singulis</strong></span> <span class='ocrx_word' id='word_1_151' title='bbox 1343 1654 1620 1725; x_wconf 87' lang='lat' dir='ltr'><strong>morimur,</strong></span> <span class='ocrx_word' id='word_1_152' title='bbox 1649 1669 1744 1722; x_wconf 89' lang='lat' dir='ltr'><strong>per</strong></span> <span class='ocrx_word' id='word_1_153' title='bbox 1764 1655 1938 1710; x_wconf 87' lang='lat' dir='ltr'><strong>varios</strong></span> 
     </span>
    </p>
   </div>
   <div class='ocr_carea' id='block_1_20' title="bbox 352 1722 1932 1792">
    <p class='ocr_par' dir='ltr' id='par_1_20' title="bbox 352 1722 1932 1792">
     <span class='ocr_line' id='line_1_21' title="bbox 352 1722 1932 1792; baseline 0.001 -14"><span class='ocrx_word' id='word_1_154' title='bbox 352 1722 721 1781; x_wconf 84' lang='lat' dir='ltr'><strong>mutabilitatis</strong></span> <span class='ocrx_word' id='word_1_155' title='bbox 765 1723 1004 1779; x_wconf 88' lang='lat' dir='ltr'><strong>defectus</strong></span> <span class='ocrx_word' id='word_1_156' title='bbox 1053 1722 1279 1777; x_wconf 82' lang='lat' dir='ltr'><strong>diversis</strong></span> <span class='ocrx_word' id='word_1_157' title='bbox 1318 1724 1607 1792; x_wconf 80' lang='lat' dir='ltr'><strong>generibus</strong></span> <span class='ocrx_word' id='word_1_158' title='bbox 1662 1724 1932 1779; x_wconf 91' lang='lat' dir='ltr'><strong>tnortium.</strong></span> 
     </span>
    </p>
   </div>
   <div class='ocr_carea' id='block_1_21' title="bbox 350 1792 1935 1865">
    <p class='ocr_par' dir='ltr' id='par_1_21' title="bbox 350 1792 1935 1865">
     <span class='ocr_line' id='line_1_22' title="bbox 350 1792 1935 1865; baseline 0 -16"><span class='ocrx_word' id='word_1_159' title='bbox 350 1794 619 1865; x_wconf 80' lang='lat' dir='ltr'><strong>Numquid</strong></span> <span class='ocrx_word' id='word_1_160' title='bbox 641 1798 781 1865; x_wconf 88' lang='lat' dir='ltr'><strong>quod</strong></span> <span class='ocrx_word' id='word_1_161' title='bbox 811 1794 1038 1865; x_wconf 82' lang='lat' dir='ltr'><strong>vivimus</strong></span> <span class='ocrx_word' id='word_1_162' title='bbox 1071 1796 1123 1847; x_wconf 92' lang='lat' dir='ltr'><strong>in</strong></span> <span class='ocrx_word' id='word_1_163' title='bbox 1153 1792 1255 1848; x_wconf 91' lang='lat' dir='ltr'><strong>boc</strong></span> <span class='ocrx_word' id='word_1_164' title='bbox 1283 1793 1501 1865; x_wconf 85' lang='lat' dir='ltr'><strong>mundo,</strong></span> <span class='ocrx_word' id='word_1_165' title='bbox 1537 1793 1716 1865; x_wconf 83' lang='lat' dir='ltr'><strong>dicere</strong></span> <span class='ocrx_word' id='word_1_166' title='bbox 1744 1808 1935 1863; x_wconf 80' lang='lat' dir='ltr'><strong>possu-</strong></span> 
     </span>
    </p>
   </div>
   <div class='ocr_carea' id='block_1_22' title="bbox 351 1863 1929 1934">
    <p class='ocr_par' dir='ltr' id='par_1_22' title="bbox 351 1863 1929 1934">
     <span class='ocr_line' id='line_1_23' title="bbox 351 1863 1929 1934; baseline 0.001 -16"><span class='ocrx_word' id='word_1_167' title='bbox 351 1881 475 1920; x_wconf 88' lang='lat' dir='ltr'><strong>mus</strong></span> <span class='ocrx_word' id='word_1_168' title='bbox 501 1863 697 1921; x_wconf 82' lang='lat' dir='ltr'><strong>vitam?</strong></span> <span class='ocrx_word' id='word_1_169' title='bbox 726 1865 807 1933; x_wconf 80' lang='grc' dir='ltr'><strong>(α)</strong></span> <span class='ocrx_word' id='word_1_170' title='bbox 832 1879 988 1934; x_wconf 89' lang='lat' dir='ltr'><strong>quam</strong></span> <span class='ocrx_word' id='word_1_171' title='bbox 1009 1863 1260 1918; x_wconf 84' lang='lat' dir='ltr'><strong>humores</strong></span> <span class='ocrx_word' id='word_1_172' title='bbox 1286 1863 1567 1928; x_wconf 88' lang='lat' dir='ltr'><strong>tumidant,</strong></span> <span class='ocrx_word' id='word_1_173' title='bbox 1594 1863 1807 1919; x_wconf 87' lang='lat' dir='ltr'><strong>dolores</strong></span> <span class='ocrx_word' id='word_1_174' title='bbox 1830 1879 1929 1919; x_wconf 75' lang='lat' dir='ltr'><strong>es-</strong></span> 
     </span>
    </p>
   </div>
   <div class='ocr_carea' id='block_1_23' title="bbox 350 1934 1926 2000">
    <p class='ocr_par' dir='ltr' id='par_1_23' title="bbox 350 1934 1926 2000">
     <span class='ocr_line' id='line_1_24' title="bbox 350 1934 1926 2000; baseline 0.001 -11"><span class='ocrx_word' id='word_1_175' title='bbox 350 1945 592 2000; x_wconf 87' lang='lat' dir='ltr'><strong>tenuant,</strong></span> <span class='ocrx_word' id='word_1_176' title='bbox 614 1934 832 1990; x_wconf 87' lang='lat' dir='ltr'><strong>ardores</strong></span> <span class='ocrx_word' id='word_1_177' title='bbox 855 1934 1144 2000; x_wconf 76' lang='lat' dir='ltr'><strong>exsiccant,</strong></span> <span class='ocrx_word' id='word_1_178' title='bbox 1171 1948 1295 1988; x_wconf 89' lang='lat' dir='ltr'><strong>aera</strong></span> <span class='ocrx_word' id='word_1_179' title='bbox 1322 1934 1641 1998; x_wconf 88' lang='lat' dir='ltr'><strong>morbidant,</strong></span> <span class='ocrx_word' id='word_1_180' title='bbox 1678 1948 1815 1989; x_wconf 79' lang='lat' dir='ltr'><strong>esca:</strong></span> <span class='ocrx_word' id='word_1_181' title='bbox 1840 1934 1926 1990; x_wconf 88' lang='lat' dir='ltr'><strong>in-</strong></span> 
     </span>
    </p>
   </div>
   <div class='ocr_carea' id='block_1_24' title="bbox 347 2004 1928 2076">
    <p class='ocr_par' dir='ltr' id='par_1_24' title="bbox 347 2004 1928 2076">
     <span class='ocr_line' id='line_1_25' title="bbox 347 2004 1928 2076; baseline 0 -17"><span class='ocrx_word' id='word_1_182' title='bbox 347 2005 503 2071; x_wconf 78' lang='lat' dir='ltr'><strong>ﬂant,</strong></span> <span class='ocrx_word' id='word_1_183' title='bbox 524 2005 723 2076; x_wconf 82' lang='lat' dir='ltr'><strong>jejunia</strong></span> <span class='ocrx_word' id='word_1_184' title='bbox 754 2013 1042 2076; x_wconf 85' lang='lat' dir='ltr'><strong>macerant,</strong></span> <span class='ocrx_word' id='word_1_185' title='bbox 1062 2004 1170 2073; x_wconf 86' lang='lat' dir='ltr'><strong>joci</strong></span> <span class='ocrx_word' id='word_1_186' title='bbox 1199 2004 1515 2076; x_wconf 82' lang='lat' dir='ltr'><strong>dissolvunt,</strong></span> <span class='ocrx_word' id='word_1_187' title='bbox 1546 2004 1928 2076; x_wconf 51' lang='lat' dir='ltr'><strong>tristitiaicon-</strong></span> 
     </span>
    </p>
   </div>
   <div class='ocr_carea' id='block_1_25' title="bbox 346 2073 1933 2142">
    <p class='ocr_par' dir='ltr' id='par_1_25' title="bbox 346 2073 1933 2142">
     <span class='ocr_line' id='line_1_26' title="bbox 346 2073 1933 2142; baseline 0.001 -14"><span class='ocrx_word' id='word_1_188' title='bbox 346 2073 592 2142; x_wconf 69' lang='lat' dir='ltr'><strong>sumunt,</strong></span> <span class='ocrx_word' id='word_1_189' title='bbox 612 2073 913 2130; x_wconf 87' lang='lat' dir='ltr'><strong>sollicitudo</strong></span> <span class='ocrx_word' id='word_1_190' title='bbox 928 2082 1181 2137; x_wconf 89' lang='lat' dir='ltr'><strong>coarctat,</strong></span> <span class='ocrx_word' id='word_1_191' title='bbox 1201 2075 1463 2129; x_wconf 79' lang='lat' dir='ltr'><strong>securitas</strong></span> <span class='ocrx_word' id='word_1_192' title='bbox 1484 2075 1716 2140; x_wconf 86' lang='lat' dir='ltr'><strong>hebetat,</strong></span> <span class='ocrx_word' id='word_1_193' title='bbox 1735 2074 1933 2129; x_wconf 76' lang='lat' dir='ltr'><strong>divitia:</strong></span> 
     </span>
    </p>
   </div>
   <div class='ocr_carea' id='block_1_26' title="bbox 345 2143 1932 2217">
    <p class='ocr_par' dir='ltr' id='par_1_26' title="bbox 345 2143 1932 2217">
     <span class='ocr_line' id='line_1_27' title="bbox 345 2143 1932 2217; baseline 0 -17"><span class='ocrx_word' id='word_1_194' title='bbox 345 2146 556 2217; x_wconf 83' lang='lat' dir='ltr'><strong>inﬂant,</strong></span> <span class='ocrx_word' id='word_1_195' title='bbox 598 2153 880 2217; x_wconf 79' lang='lat' dir='ltr'><strong>paupertas</strong></span> <span class='ocrx_word' id='word_1_196' title='bbox 919 2143 1121 2217; x_wconf 86' lang='lat' dir='ltr'><strong>dejicit,</strong></span> <span class='ocrx_word' id='word_1_197' title='bbox 1143 2144 1395 2213; x_wconf 76' lang='lat' dir='ltr'><strong>juventus</strong></span> <span class='ocrx_word' id='word_1_198' title='bbox 1421 2145 1932 2217; x_wconf 61' lang='lat' dir='ltr'><strong>estollit,_settecttts</strong></span> 
     </span>
    </p>
   </div>
   <div class='ocr_carea' id='block_1_27' title="bbox 344 2213 1929 2284">
    <p class='ocr_par' dir='ltr' id='par_1_27' title="bbox 344 2213 1929 2284">
     <span class='ocr_line' id='line_1_28' title="bbox 344 2213 1929 2284; baseline 0 -14"><span class='ocrx_word' id='word_1_199' title='bbox 344 2213 610 2282; x_wconf 77' lang='lat' dir='ltr'><strong>incurvat,</strong></span> <span class='ocrx_word' id='word_1_200' title='bbox 642 2213 922 2271; x_wconf 83' lang='lat' dir='ltr'><strong>iniirmitas</strong></span> <span class='ocrx_word' id='word_1_201' title='bbox 960 2216 1170 2284; x_wconf 83' lang='lat' dir='ltr'><strong>frangit,</strong></span> <span class='ocrx_word' id='word_1_202' title='bbox 1214 2229 1413 2269; x_wconf 71' lang='lat' dir='ltr'><strong>mceror</strong></span> <span class='ocrx_word' id='word_1_203' title='bbox 1445 2213 1715 2284; x_wconf 88' lang='lat' dir='ltr'><strong>deprimit.</strong></span> <span class='ocrx_word' id='word_1_204' title='bbox 1750 2216 1811 2268; x_wconf 77' lang='lat' dir='ltr'><strong>Et</strong></span> <span class='ocrx_word' id='word_1_205' title='bbox 1845 2214 1929 2270; x_wconf 89' lang='lat' dir='ltr'><strong>his</strong></span> 
     </span>
    </p>
   </div>
   <div class='ocr_carea' id='block_1_28' title="bbox 341 2284 1931 2354">
    <p class='ocr_par' dir='ltr' id='par_1_28' title="bbox 341 2284 1931 2354">
     <span class='ocr_line' id='line_1_29' title="bbox 341 2284 1931 2354; baseline 0 -14"><span class='ocrx_word' id='word_1_206' title='bbox 341 2287 503 2341; x_wconf 87' lang='lat' dir='ltr'><strong>malis</strong></span> <span class='ocrx_word' id='word_1_207' title='bbox 552 2285 799 2341; x_wconf 89' lang='lat' dir='ltr'><strong>omnibus</strong></span> <span class='ocrx_word' id='word_1_208' title='bbox 847 2300 993 2340; x_wconf 91' lang='lat' dir='ltr'><strong>mors</strong></span> <span class='ocrx_word' id='word_1_209' title='bbox 1042 2284 1322 2339; x_wconf 87' lang='lat' dir='ltr'><strong>furibunda</strong></span> <span class='ocrx_word' id='word_1_210' title='bbox 1368 2286 1627 2349; x_wconf 87' lang='lat' dir='ltr'><strong>succedit,</strong></span> <span class='ocrx_word' id='word_1_211' title='bbox 1669 2284 1931 2354; x_wconf 79' lang='lat' dir='ltr'><strong>simulque</strong></span> 
     </span>
    </p>
   </div>
   <div class='ocr_carea' id='block_1_29' title="bbox 340 2354 1929 2427">
    <p class='ocr_par' dir='ltr' id='par_1_29' title="bbox 340 2354 1929 2427">
     <span class='ocr_line' id='line_1_30' title="bbox 340 2354 1929 2427; baseline 0 -18"><span class='ocrx_word' id='word_1_212' title='bbox 340 2358 551 2427; x_wconf 88' lang='lat' dir='ltr'><strong>cunctis</strong></span> <span class='ocrx_word' id='word_1_213' title='bbox 574 2356 782 2427; x_wconf 88' lang='lat' dir='ltr'><strong>gaudiis</strong></span> <span class='ocrx_word' id='word_1_214' title='bbox 808 2355 958 2427; x_wconf 87' lang='lat' dir='ltr'><strong>istius</strong></span> <span class='ocrx_word' id='word_1_215' title='bbox 980 2354 1298 2427; x_wconf 56' lang='lat' dir='ltr'><strong>miserrima;</strong></span> <span class='ocrx_word' id='word_1_216' title='bbox 1322 2355 1442 2427; x_wconf 78' lang='lat' dir='ltr'><strong>vita:</strong></span> <span class='ocrx_word' id='word_1_217' title='bbox 1468 2355 1538 2409; x_wconf 88' lang='lat' dir='ltr'><strong>ita</strong></span> <span class='ocrx_word' id='word_1_218' title='bbox 1572 2356 1730 2409; x_wconf 90' lang='lat' dir='ltr'><strong>tinem</strong></span> <span class='ocrx_word' id='word_1_219' title='bbox 1758 2354 1929 2427; x_wconf 80' lang='lat' dir='ltr'><strong>impo-</strong></span> 
     </span>
    </p>
   </div>
   <div class='ocr_carea' id='block_1_30' title="bbox 340 2425 1927 2494">
    <p class='ocr_par' dir='ltr' id='par_1_30' title="bbox 340 2425 1927 2494">
     <span class='ocr_line' id='line_1_31' title="bbox 340 2425 1927 2494; baseline -0.001 -13"><span class='ocrx_word' id='word_1_220' title='bbox 340 2426 445 2493; x_wconf 85' lang='lat' dir='ltr'><strong>nit,</strong></span> <span class='ocrx_word' id='word_1_221' title='bbox 470 2436 527 2481; x_wconf 90' lang='grc' dir='ltr'><strong>ιιι</strong></span> <span class='ocrx_word' id='word_1_222' title='bbox 550 2425 670 2482; x_wconf 83' lang='lat' dir='ltr'><strong>cum</strong></span> <span class='ocrx_word' id='word_1_223' title='bbox 692 2441 813 2482; x_wconf 87' lang='lat' dir='ltr'><strong>esse</strong></span> <span class='ocrx_word' id='word_1_224' title='bbox 837 2426 1109 2489; x_wconf 90' lang='lat' dir='ltr'><strong>desierint,</strong></span> <span class='ocrx_word' id='word_1_225' title='bbox 1141 2441 1247 2479; x_wconf 92' lang='lat' dir='ltr'><strong>non</strong></span> <span class='ocrx_word' id='word_1_226' title='bbox 1279 2425 1442 2480; x_wconf 88' lang='lat' dir='ltr'><strong>fuisse</strong></span> <span class='ocrx_word' id='word_1_227' title='bbox 1482 2434 1749 2494; x_wconf 88' lang='lat' dir='ltr'><strong>putentur.</strong></span> <span class='ocrx_word' id='word_1_228' title='bbox 1785 2425 1927 2480; x_wconf 82' lang='lat' dir='ltr'><strong>Mors</strong></span> 
     </span>
    </p>
   </div>
   <div class='ocr_carea' id='block_1_31' title="bbox 340 2494 1929 2563">
    <p class='ocr_par' dir='ltr' id='par_1_31' title="bbox 340 2494 1929 2563">
     <span class='ocr_line' id='line_1_32' title="bbox 340 2494 1929 2563; baseline -0.001 -12"><span class='ocrx_word' id='word_1_229' title='bbox 340 2496 445 2551; x_wconf 82' lang='lat' dir='ltr'><strong>ista</strong></span> <span class='ocrx_word' id='word_1_230' title='bbox 473 2497 665 2560; x_wconf 82' lang='lat' dir='ltr'><strong>vitalis,</strong></span> <span class='ocrx_word' id='word_1_231' title='bbox 705 2506 761 2551; x_wconf 89' lang='lat' dir='ltr'><strong>et</strong></span> <span class='ocrx_word' id='word_1_232' title='bbox 798 2496 903 2550; x_wconf 85' lang='lat' dir='ltr'><strong>vita</strong></span> <span class='ocrx_word' id='word_1_233' title='bbox 929 2495 1185 2558; x_wconf 88' lang='lat' dir='ltr'><strong>mortalis,</strong></span> <span class='ocrx_word' id='word_1_234' title='bbox 1219 2494 1340 2549; x_wconf 91' lang='lat' dir='ltr'><strong>licet</strong></span> <span class='ocrx_word' id='word_1_235' title='bbox 1368 2494 1451 2549; x_wconf 87' lang='lat' dir='ltr'><strong>his</strong></span> <span class='ocrx_word' id='word_1_236' title='bbox 1493 2495 1715 2563; x_wconf 82' lang='lat' dir='ltr'><strong>aliisque</strong></span> <span class='ocrx_word' id='word_1_237' title='bbox 1744 2496 1814 2549; x_wconf 89' lang='lat' dir='ltr'><strong>sit</strong></span> <span class='ocrx_word' id='word_1_238' title='bbox 1841 2509 1929 2550; x_wconf 86' lang='lat' dir='ltr'><strong>rc-</strong></span> 
     </span>
    </p>
   </div>
   <div class='ocr_carea' id='block_1_32' title="bbox 337 2564 1928 2637">
    <p class='ocr_par' dir='ltr' id='par_1_32' title="bbox 337 2564 1928 2637">
     <span class='ocr_line' id='line_1_33' title="bbox 337 2564 1928 2637; baseline -0.001 -15"><span class='ocrx_word' id='word_1_239' title='bbox 337 2582 528 2637; x_wconf 85' lang='lat' dir='ltr'><strong>spcrsa</strong></span> <span class='ocrx_word' id='word_1_240' title='bbox 580 2566 1054 2632; x_wconf 88' lang='lat' dir='ltr'><strong>amaritudinibus,</strong></span> <span class='ocrx_word' id='word_1_241' title='bbox 1102 2564 1235 2635; x_wconf 88' lang='lat' dir='ltr'><strong>proh</strong></span> <span class='ocrx_word' id='word_1_242' title='bbox 1279 2565 1457 2637; x_wconf 71' lang='lat' dir='ltr'><strong>dolor,</strong></span> <span class='ocrx_word' id='word_1_243' title='bbox 1491 2565 1928 2637; x_wconf 80' lang='lat' dir='ltr'><strong>quamplurimas</strong></span> 
     </span>
    </p>
   </div>
   <div class='ocr_carea' id='block_1_33' title="bbox 338 2634 1926 2707">
    <p class='ocr_par' dir='ltr' id='par_1_33' title="bbox 338 2634 1926 2707">
     <span class='ocr_line' id='line_1_34' title="bbox 338 2634 1926 2707; baseline -0.001 -16"><span class='ocrx_word' id='word_1_244' title='bbox 338 2634 458 2691; x_wconf 85' lang='lat' dir='ltr'><strong>suis</strong></span> <span class='ocrx_word' id='word_1_245' title='bbox 482 2640 624 2707; x_wconf 88' lang='lat' dir='ltr'><strong>capit</strong></span> <span class='ocrx_word' id='word_1_246' title='bbox 653 2636 937 2707; x_wconf 77' lang='lat' dir='ltr'><strong>illecebris,</strong></span> <span class='ocrx_word' id='word_1_247' title='bbox 968 2644 1023 2691; x_wconf 90' lang='lat' dir='ltr'><strong>et</strong></span> <span class='ocrx_word' id='word_1_248' title='bbox 1048 2634 1275 2706; x_wconf 88' lang='lat' dir='ltr'><strong>quantos</strong></span> <span class='ocrx_word' id='word_1_249' title='bbox 1299 2635 1412 2707; x_wconf 85' lang='lat' dir='ltr'><strong>suis</strong></span> <span class='ocrx_word' id='word_1_250' title='bbox 1426 2634 1581 2707; x_wconf 81' lang='lat' dir='ltr'><strong>falsis</strong></span> <span class='ocrx_word' id='word_1_251' title='bbox 1614 2634 1926 2704; x_wconf 80' lang='lat' dir='ltr'><strong>promissio-</strong></span> 
     </span>
    </p>
   </div>
   <div class='ocr_carea' id='block_1_34' title="bbox 339 2704 1928 2777">
    <p class='ocr_par' dir='ltr' id='par_1_34' title="bbox 339 2704 1928 2777">
     <span class='ocr_line' id='line_1_35' title="bbox 339 2704 1928 2777; baseline -0.001 -17"><span class='ocrx_word' id='word_1_252' title='bbox 339 2708 498 2762; x_wconf 90' lang='lat' dir='ltr'><strong>uibus</strong></span> <span class='ocrx_word' id='word_1_253' title='bbox 524 2704 749 2777; x_wconf 79' lang='lat' dir='ltr'><strong>decipit!</strong></span> <span class='ocrx_word' id='word_1_254' title='bbox 786 2706 853 2761; x_wconf 85' lang='lat' dir='ltr'><strong>Et</strong></span> <span class='ocrx_word' id='word_1_255' title='bbox 876 2722 1000 2761; x_wconf 90' lang='lat' dir='ltr'><strong>cum</strong></span> <span class='ocrx_word' id='word_1_256' title='bbox 1022 2704 1091 2760; x_wconf 80' lang='lat' dir='ltr'><strong>ita</strong></span> <span class='ocrx_word' id='word_1_257' title='bbox 1119 2722 1213 2775; x_wconf 89' lang='lat' dir='ltr'><strong>per</strong></span> <span class='ocrx_word' id='word_1_258' title='bbox 1238 2721 1298 2761; x_wconf 89' lang='lat' dir='ltr'><strong>se</strong></span> <span class='ocrx_word' id='word_1_259' title='bbox 1322 2706 1392 2760; x_wconf 89' lang='lat' dir='ltr'><strong>sit</strong></span> <span class='ocrx_word' id='word_1_260' title='bbox 1417 2704 1545 2759; x_wconf 88' lang='lat' dir='ltr'><strong>falsa</strong></span> <span class='ocrx_word' id='word_1_261' title='bbox 1566 2715 1620 2777; x_wconf 89' lang='lat' dir='ltr'><strong>et</strong></span> <span class='ocrx_word' id='word_1_262' title='bbox 1638 2721 1840 2768; x_wconf 88' lang='lat' dir='ltr'><strong>amara,</strong></span> <span class='ocrx_word' id='word_1_263' title='bbox 1865 2712 1928 2759; x_wconf 87' lang='lat' dir='ltr'><strong>ut</strong></span> 
     </span>
    </p>
   </div>
   <div class='ocr_carea' id='block_1_35' title="bbox 337 2776 1924 2833">
    <p class='ocr_par' dir='ltr' id='par_1_35' title="bbox 337 2776 1924 2833">
     <span class='ocr_line' id='line_1_36' title="bbox 337 2776 1924 2833; baseline -0.001 -2"><span class='ocrx_word' id='word_1_264' title='bbox 337 2777 499 2832; x_wconf 90' lang='lat' dir='ltr'><strong>etiam</strong></span> <span class='ocrx_word' id='word_1_265' title='bbox 522 2776 657 2833; x_wconf 83' lang='lat' dir='ltr'><strong>suos</strong></span> <span class='ocrx_word' id='word_1_266' title='bbox 675 2793 850 2833; x_wconf 66' lang='lat' dir='ltr'><strong>aecus</strong></span> <span class='ocrx_word' id='word_1_267' title='bbox 875 2787 1143 2831; x_wconf 78' lang='lat' dir='ltr'><strong>amatores</strong></span> <span class='ocrx_word' id='word_1_268' title='bbox 1173 2777 1339 2831; x_wconf 88' lang='lat' dir='ltr'><strong>latere</strong></span> <span class='ocrx_word' id='word_1_269' title='bbox 1364 2792 1470 2830; x_wconf 94' lang='lat' dir='ltr'><strong>non</strong></span> <span class='ocrx_word' id='word_1_270' title='bbox 1497 2776 1670 2829; x_wconf 90' lang='lat' dir='ltr'><strong>valeat</strong></span> <span class='ocrx_word' id='word_1_271' title='bbox 1699 2793 1712 2830; x_wconf 89' lang='lat'><strong>:</strong></span> <span class='ocrx_word' id='word_1_272' title='bbox 1746 2784 1924 2831; x_wconf 89' lang='lat' dir='ltr'><strong>tamen</strong></span> 
     </span>
    </p>
   </div>
   <div class='ocr_carea' id='block_1_36' title="bbox 337 2846 1923 2915">
    <p class='ocr_par' dir='ltr' id='par_1_36' title="bbox 337 2846 1923 2915">
     <span class='ocr_line' id='line_1_37' title="bbox 337 2846 1923 2915; baseline -0.001 -15"><span class='ocrx_word' id='word_1_273' title='bbox 337 2848 598 2902; x_wconf 86' lang='lat' dir='ltr'><strong>infinitam</strong></span> <span class='ocrx_word' id='word_1_274' title='bbox 624 2850 904 2902; x_wconf 89' lang='lat' dir='ltr'><strong>stultorum</strong></span> <span class='ocrx_word' id='word_1_275' title='bbox 933 2847 1323 2901; x_wconf 90' lang='lat' dir='ltr'><strong>multitudinem</strong></span> <span class='ocrx_word' id='word_1_276' title='bbox 1359 2859 1524 2899; x_wconf 91' lang='lat' dir='ltr'><strong>aureo</strong></span> <span class='ocrx_word' id='word_1_277' title='bbox 1553 2846 1741 2910; x_wconf 82' lang='lat' dir='ltr'><strong>calice,</strong></span> <span class='ocrx_word' id='word_1_278' title='bbox 1763 2860 1923 2915; x_wconf 85' lang='lat' dir='ltr'><strong>quem</strong></span> 
     </span>
    </p>
   </div>
   <div class='ocr_carea' id='block_1_37' title="bbox 336 2915 1921 2988">
    <p class='ocr_par' dir='ltr' id='par_1_37' title="bbox 336 2915 1921 2988">
     <span class='ocr_line' id='line_1_38' title="bbox 336 2915 1921 2988; baseline -0.003 -16"><span class='ocrx_word' id='word_1_279' title='bbox 336 2920 394 2972; x_wconf 91' lang='lat' dir='ltr'><strong>in</strong></span> <span class='ocrx_word' id='word_1_280' title='bbox 425 2934 582 2973; x_wconf 92' lang='lat' dir='ltr'><strong>manu</strong></span> <span class='ocrx_word' id='word_1_281' title='bbox 609 2918 789 2983; x_wconf 87' lang='lat' dir='ltr'><strong>habet,</strong></span> <span class='ocrx_word' id='word_1_282' title='bbox 812 2924 960 2988; x_wconf 84' lang='lat' dir='ltr'><strong>potat</strong></span> <span class='ocrx_word' id='word_1_283' title='bbox 985 2927 1039 2971; x_wconf 90' lang='lat' dir='ltr'><strong>et</strong></span> <span class='ocrx_word' id='word_1_284' title='bbox 1069 2931 1287 2985; x_wconf 89' lang='lat' dir='ltr'><strong>prorsus</strong></span> <span class='ocrx_word' id='word_1_285' title='bbox 1317 2916 1562 2988; x_wconf 74' lang='lat' dir='ltr'><strong>inebriat.</strong></span> <span class='ocrx_word' id='word_1_286' title='bbox 1588 2915 1791 2988; x_wconf 72' lang='lat' dir='ltr'><strong>Felices</strong></span> <span class='ocrx_word' id='word_1_287' title='bbox 1824 2915 1921 2980; x_wconf 90' lang='lat' dir='ltr'><strong>illi,</strong></span> 
     </span>
    </p>
   </div>
   <div class='ocr_carea' id='block_1_38' title="bbox 335 2984 1925 3059">
    <p class='ocr_par' dir='ltr' id='par_1_38' title="bbox 335 2984 1925 3059">
     <span class='ocr_line' id='line_1_39' title="bbox 335 2984 1925 3059; baseline -0.001 -18"><span class='ocrx_word' id='word_1_288' title='bbox 335 2997 396 3042; x_wconf 89' lang='lat' dir='ltr'><strong>et</strong></span> <span class='ocrx_word' id='word_1_289' title='bbox 424 2988 524 3059; x_wconf 89' lang='lat' dir='ltr'><strong>ipsi</strong></span> <span class='ocrx_word' id='word_1_290' title='bbox 556 2990 682 3053; x_wconf 88' lang='lat' dir='ltr'><strong>rari,</strong></span> <span class='ocrx_word' id='word_1_291' title='bbox 715 2984 827 3058; x_wconf 63' lang='lat' dir='ltr'><strong>qni&#39;</strong></span> <span class='ocrx_word' id='word_1_292' title='bbox 853 2984 1260 3042; x_wconf 82' lang='lat' dir='ltr'><strong>familiaritatem</strong></span> <span class='ocrx_word' id='word_1_293' title='bbox 1305 2987 1420 3059; x_wconf 90' lang='lat' dir='ltr'><strong>ejus</strong></span> <span class='ocrx_word' id='word_1_294' title='bbox 1461 2984 1771 3059; x_wconf 84' lang='lat' dir='ltr'><strong>refugiunt,_</strong></span> <span class='ocrx_word' id='word_1_295' title='bbox 1803 3001 1925 3054; x_wconf 89' lang='lat' dir='ltr'><strong>per-</strong></span> 
     </span>
    </p>
   </div>
   <div class='ocr_carea' id='block_1_39' title="bbox 342 3056 1922 3128">
    <p class='ocr_par' dir='ltr' id='par_1_39' title="bbox 342 3056 1922 3128">
     <span class='ocr_line' id='line_1_40' title="bbox 342 3056 1922 3128; baseline -0.001 -18"><span class='ocrx_word' id='word_1_296' title='bbox 342 3056 603 3114; x_wconf 80' lang='lat' dir='ltr'><strong>functoria</strong></span> <span class='ocrx_word' id='word_1_297' title='bbox 651 3056 844 3128; x_wconf 81' lang='lat' dir='ltr'><strong>gaudia</strong></span> <span class='ocrx_word' id='word_1_298' title='bbox 897 3065 1201 3128; x_wconf 87' lang='lat' dir='ltr'><strong>spernunt,</strong></span> <span class='ocrx_word' id='word_1_299' title='bbox 1256 3058 1564 3128; x_wconf 78' lang='lat' dir='ltr'><strong>Societatcm</strong></span> <span class='ocrx_word' id='word_1_300' title='bbox 1618 3056 1874 3125; x_wconf 86' lang='lat' dir='ltr'><strong>abjiciunt</strong></span> <span class='ocrx_word' id='word_1_301' title='bbox 1904 3095 1922 3121; x_wconf 92' lang='lat'><strong>,</strong></span> 
     </span>
    </p>
   </div>
   <div class='ocr_carea' id='block_1_40' title="bbox 334 3126 1921 3199">
    <p class='ocr_par' dir='ltr' id='par_1_40' title="bbox 334 3126 1921 3199">
     <span class='ocr_line' id='line_1_41' title="bbox 334 3126 1921 3199; baseline -0.001 -16"><span class='ocrx_word' id='word_1_302' title='bbox 334 3144 409 3184; x_wconf 90' lang='lat' dir='ltr'><strong>ne</strong></span> <span class='ocrx_word' id='word_1_303' title='bbox 436 3144 556 3183; x_wconf 92' lang='lat' dir='ltr'><strong>cum</strong></span> <span class='ocrx_word' id='word_1_304' title='bbox 605 3126 861 3199; x_wconf 76' lang='lat' dir='ltr'><strong>pereunte</strong></span> <span class='ocrx_word' id='word_1_305' title='bbox 911 3126 1213 3199; x_wconf 88' lang='lat' dir='ltr'><strong>deceptrice</strong></span> <span class='ocrx_word' id='word_1_306' title='bbox 1255 3126 1572 3199; x_wconf 87' lang='lat' dir='ltr'><strong>quandoque</strong></span> <span class='ocrx_word' id='word_1_307' title='bbox 1609 3128 1782 3197; x_wconf 85' lang='lat' dir='ltr'><strong>perire</strong></span> <span class='ocrx_word' id='word_1_308' title='bbox 1826 3141 1921 3183; x_wconf 89' lang='lat' dir='ltr'><strong>co-</strong></span> 
     </span>
    </p>
   </div>
   <div class='ocr_carea' id='block_1_41' title="bbox 370 3209 548 3253">
    <p class='ocr_par' dir='ltr' id='par_1_41' title="bbox 370 3209 548 3253">
     <span class='ocr_line' id='line_1_42' title="bbox 370 3209 548 3253; baseline 0 -2"><span class='ocrx_word' id='word_1_309' title='bbox 370 3209 548 3253; x_wconf 73' lang='grc' dir='ltr'>ειιιιιιτ.</span> 
     </span>
    </p>
   </div>
   <div class='ocr_carea' id='block_1_42' title="bbox 329 3215 1923 3340">
    <p class='ocr_par' dir='ltr' id='par_1_42' title="bbox 329 3215 1923 3340">
     <span class='ocr_line' id='line_1_43' title="bbox 329 3215 1923 3340; baseline -0.003 -15"><span class='ocrx_word' id='word_1_310' title='bbox 329 3215 630 3326; x_wconf 45' lang='lat' dir='ltr'><strong>8.&quot;(.il:I’I&quot;.U&#39;I‘</strong></span> <span class='ocrx_word' id='word_1_311' title='bbox 664 3269 829 3325; x_wconf 84' lang='lat' dir='ltr'><strong>XXII.</strong></span> <span class='ocrx_word' id='word_1_312' title='bbox 866 3267 997 3324; x_wconf 75' lang='lat' dir='ltr'><strong>Vita:</strong></span> <span class='ocrx_word' id='word_1_313' title='bbox 1017 3277 1217 3323; x_wconf 65' lang='lat' dir='ltr'><strong>interna:</strong></span> <span class='ocrx_word' id='word_1_314' title='bbox 1244 3266 1459 3340; x_wconf 74' lang='lat' dir='ltr'><strong>felicitas</strong></span> <span class='ocrx_word' id='word_1_315' title='bbox 1487 3268 1692 3340; x_wconf 79' lang='lat' dir='ltr'><strong>ejusque</strong></span> <span class='ocrx_word' id='word_1_316' title='bbox 1724 3266 1923 3340; x_wconf 79' lang='lat' dir='ltr'><strong>deside-</strong></span> 
     </span>
    </p>
   </div>
   <div class='ocr_carea' id='block_1_43' title="bbox 329 3337 1922 3422">
    <p class='ocr_par' dir='ltr' id='par_1_43' title="bbox 329 3337 1922 3422">
     <span class='ocr_line' id='line_1_44' title="bbox 329 3337 1922 3422; baseline -0.001 -29"><span class='ocrx_word' id='word_1_317' title='bbox 329 3341 487 3422; x_wconf 77' lang='lat' dir='ltr'><strong>rium.</strong></span> <span class='ocrx_word' id='word_1_318' title='bbox 514 3340 562 3395; x_wconf 91' lang='grc' dir='ltr'><strong>Ο</strong></span> <span class='ocrx_word' id='word_1_319' title='bbox 600 3349 653 3395; x_wconf 88' lang='grc' dir='ltr'><strong>ιιι</strong></span> <span class='ocrx_word' id='word_1_320' title='bbox 673 3383 688 3408; x_wconf 83' lang='grc'><em>,</em></span> <span class='ocrx_word' id='word_1_321' title='bbox 719 3341 823 3422; x_wconf 80' lang='lat' dir='ltr'><strong>vita</strong></span> <span class='ocrx_word' id='word_1_322' title='bbox 851 3356 1008 3422; x_wconf 76' lang='lat' dir='ltr'><strong>quam</strong></span> <span class='ocrx_word' id='word_1_323' title='bbox 1049 3337 1364 3422; x_wconf 60' lang='lat' dir='ltr'><strong>prmiu&#39;iravit</strong></span> <span class='ocrx_word' id='word_1_324' title='bbox 1390 3337 1528 3422; x_wconf 76' lang='lat' dir='ltr'><strong>Deus</strong></span> <span class='ocrx_word' id='word_1_325' title='bbox 1558 3337 1641 3391; x_wconf 85' lang='lat' dir='ltr'><strong>his</strong></span> <span class='ocrx_word' id='word_1_326' title='bbox 1671 3337 1759 3407; x_wconf 90' lang='lat' dir='ltr'><strong>qui</strong></span> <span class='ocrx_word' id='word_1_327' title='bbox 1802 3337 1922 3422; x_wconf 74' lang='lat' dir='ltr'><strong>dili-</strong></span> 
     </span>
    </p>
   </div>
   <div class='ocr_carea' id='block_1_44' title="bbox 328 3407 1920 3479">
    <p class='ocr_par' dir='ltr' id='par_1_44' title="bbox 328 3407 1920 3479">
     <span class='ocr_line' id='line_1_45' title="bbox 328 3407 1920 3479; baseline 0.001 -17"><span class='ocrx_word' id='word_1_328' title='bbox 328 3420 466 3479; x_wconf 87' lang='lat' dir='ltr'><strong>gunt</strong></span> <span class='ocrx_word' id='word_1_329' title='bbox 501 3426 654 3475; x_wconf 91' lang='lat' dir='ltr'><strong>eum,</strong></span> <span class='ocrx_word' id='word_1_330' title='bbox 697 3412 801 3465; x_wconf 88' lang='lat' dir='ltr'><strong>vita</strong></span> <span class='ocrx_word' id='word_1_331' title='bbox 828 3407 1001 3464; x_wconf 84' lang='lat' dir='ltr'><strong>vitalis</strong></span> <span class='ocrx_word' id='word_1_332' title='bbox 1019 3407 1180 3474; x_wconf 50' lang='lat' dir='ltr'><strong>{vita</strong></span> <span class='ocrx_word' id='word_1_333' title='bbox 1207 3410 1355 3464; x_wconf 83' lang='lat' dir='ltr'><strong>beata</strong></span> <span class='ocrx_word' id='word_1_334' title='bbox 1373 3449 1388 3473; x_wconf 93' lang='lat'><strong>,</strong></span> <span class='ocrx_word' id='word_1_335' title='bbox 1416 3407 1522 3462; x_wconf 90' lang='lat' dir='ltr'><strong>vita</strong></span> <span class='ocrx_word' id='word_1_336' title='bbox 1551 3423 1736 3462; x_wconf 86' lang='lat' dir='ltr'><strong>secura</strong></span> <span class='ocrx_word' id='word_1_337' title='bbox 1757 3448 1772 3474; x_wconf 97' lang='lat'><strong>,</strong></span> <span class='ocrx_word' id='word_1_338' title='bbox 1814 3407 1920 3464; x_wconf 89' lang='lat' dir='ltr'><strong>vita</strong></span> 
     </span>
    </p>
   </div>
   <div class='ocr_carea' id='block_1_45' title="bbox 330 3479 1921 3552">
    <p class='ocr_par' dir='ltr' id='par_1_45' title="bbox 330 3479 1921 3552">
     <span class='ocr_line' id='line_1_46' title="bbox 330 3479 1921 3552; baseline -0.002 -18"><span class='ocrx_word' id='word_1_339' title='bbox 330 3481 645 3552; x_wconf 87' lang='lat' dir='ltr'><strong>tranquilla,</strong></span> <span class='ocrx_word' id='word_1_340' title='bbox 669 3481 773 3552; x_wconf 90' lang='lat' dir='ltr'><strong>vita</strong></span> <span class='ocrx_word' id='word_1_341' title='bbox 801 3479 1018 3550; x_wconf 88' lang='lat' dir='ltr'><strong>pulchra</strong></span> <span class='ocrx_word' id='word_1_342' title='bbox 1038 3519 1054 3545; x_wconf 87' lang='lat'><strong>,</strong></span> <span class='ocrx_word' id='word_1_343' title='bbox 1075 3480 1188 3552; x_wconf 78' lang='lat' dir='ltr'><strong>vita</strong></span> <span class='ocrx_word' id='word_1_344' title='bbox 1217 3480 1446 3552; x_wconf 75' lang='lat' dir='ltr'><strong>munda,</strong></span> <span class='ocrx_word' id='word_1_345' title='bbox 1471 3479 1581 3552; x_wconf 80' lang='lat' dir='ltr'><strong>vita</strong></span> <span class='ocrx_word' id='word_1_346' title='bbox 1609 3487 1752 3552; x_wconf 81' lang='lat' dir='ltr'><strong>casta</strong></span> <span class='ocrx_word' id='word_1_347' title='bbox 1773 3519 1787 3543; x_wconf 93' lang='lat'><strong>,</strong></span> <span class='ocrx_word' id='word_1_348' title='bbox 1815 3479 1921 3552; x_wconf 80' lang='lat' dir='ltr'><strong>vita</strong></span> 
     </span>
    </p>
   </div>
   <div class='ocr_carea' id='block_1_46' title="bbox 328 3547 1921 3621">
    <p class='ocr_par' dir='ltr' id='par_1_46' title="bbox 328 3547 1921 3621">
     <span class='ocr_line' id='line_1_47' title="bbox 328 3547 1921 3621; baseline 0.001 -18"><span class='ocrx_word' id='word_1_349' title='bbox 328 3547 516 3605; x_wconf 79' lang='lat' dir='ltr'><strong>sancta</strong></span> <span class='ocrx_word' id='word_1_350' title='bbox 536 3592 552 3615; x_wconf 91' lang='lat'><strong>,</strong></span> <span class='ocrx_word' id='word_1_351' title='bbox 585 3552 690 3604; x_wconf 89' lang='lat' dir='ltr'><strong>vita</strong></span> <span class='ocrx_word' id='word_1_352' title='bbox 720 3547 903 3621; x_wconf 80' lang='lat' dir='ltr'><strong>ignara</strong></span> <span class='ocrx_word' id='word_1_353' title='bbox 930 3549 1116 3605; x_wconf 88' lang='lat' dir='ltr'><strong>mortis</strong></span> <span class='ocrx_word' id='word_1_354' title='bbox 1135 3591 1151 3615; x_wconf 93' lang='lat'><strong>,</strong></span> <span class='ocrx_word' id='word_1_355' title='bbox 1176 3551 1351 3621; x_wconf 84' lang='lat' dir='ltr'><strong>nescia</strong></span> <span class='ocrx_word' id='word_1_356' title='bbox 1385 3548 1609 3621; x_wconf 74' lang='lat' dir='ltr'><strong>tristitia:</strong></span> <span class='ocrx_word' id='word_1_357' title='bbox 1630 3589 1645 3612; x_wconf 93' lang='lat'><strong>,</strong></span> <span class='ocrx_word' id='word_1_358' title='bbox 1671 3549 1779 3621; x_wconf 78' lang='lat' dir='ltr'><strong>vita</strong></span> <span class='ocrx_word' id='word_1_359' title='bbox 1805 3547 1921 3605; x_wconf 88' lang='lat' dir='ltr'><strong>sine</strong></span> 
     </span>
    </p>
   </div>
   <div class='ocr_carea' id='block_1_47' title="bbox 330 3618 1918 3689">
    <p class='ocr_par' dir='ltr' id='par_1_47' title="bbox 330 3618 1918 3689">
     <span class='ocr_line' id='line_1_48' title="bbox 330 3618 1918 3689; baseline -0.001 -16"><span class='ocrx_word' id='word_1_360' title='bbox 330 3621 485 3686; x_wconf 85' lang='lat' dir='ltr'><strong>labe,</strong></span> <span class='ocrx_word' id='word_1_361' title='bbox 518 3621 634 3676; x_wconf 89' lang='lat' dir='ltr'><strong>sine</strong></span> <span class='ocrx_word' id='word_1_362' title='bbox 674 3618 1015 3689; x_wconf 75' lang='lat' dir='ltr'><strong>corruptione</strong></span> <span class='ocrx_word' id='word_1_363' title='bbox 1034 3661 1048 3682; x_wconf 88' lang='lat'><strong>,</strong></span> <span class='ocrx_word' id='word_1_364' title='bbox 1081 3621 1195 3674; x_wconf 91' lang='lat' dir='ltr'><strong>sine</strong></span> <span class='ocrx_word' id='word_1_365' title='bbox 1224 3620 1409 3674; x_wconf 86' lang='lat' dir='ltr'><strong>dolore</strong></span> <span class='ocrx_word' id='word_1_366' title='bbox 1428 3660 1442 3682; x_wconf 87' lang='lat'><strong>,</strong></span> <span class='ocrx_word' id='word_1_367' title='bbox 1471 3619 1588 3674; x_wconf 90' lang='lat' dir='ltr'><strong>sine</strong></span> <span class='ocrx_word' id='word_1_368' title='bbox 1614 3618 1918 3685; x_wconf 77' lang='lat' dir='ltr'><strong>anxietate,</strong></span> 
     </span>
    </p>
   </div>
   <div class='ocr_carea' id='block_1_48' title="bbox 328 3690 1918 3760">
    <p class='ocr_par' dir='ltr' id='par_1_48' title="bbox 328 3690 1918 3760">
     <span class='ocr_line' id='line_1_49' title="bbox 328 3690 1918 3760; baseline -0.001 -16"><span class='ocrx_word' id='word_1_369' title='bbox 328 3691 449 3745; x_wconf 87' lang='lat' dir='ltr'><strong>sine</strong></span> <span class='ocrx_word' id='word_1_370' title='bbox 490 3691 919 3760; x_wconf 87' lang='lat' dir='ltr'><strong>perturbatione,</strong></span> <span class='ocrx_word' id='word_1_371' title='bbox 948 3690 1066 3745; x_wconf 88' lang='lat' dir='ltr'><strong>sine</strong></span> <span class='ocrx_word' id='word_1_372' title='bbox 1090 3690 1347 3760; x_wconf 84' lang='lat' dir='ltr'><strong>varietate</strong></span> <span class='ocrx_word' id='word_1_373' title='bbox 1369 3698 1424 3744; x_wconf 89' lang='lat' dir='ltr'><strong>et</strong></span> <span class='ocrx_word' id='word_1_374' title='bbox 1453 3690 1744 3743; x_wconf 84' lang='lat' dir='ltr'><strong>mutatione</strong></span> <span class='ocrx_word' id='word_1_375' title='bbox 1762 3728 1778 3752; x_wconf 88' lang='lat'><strong>,</strong></span> <span class='ocrx_word' id='word_1_376' title='bbox 1809 3690 1918 3743; x_wconf 88' lang='lat' dir='ltr'><strong>vita</strong></span> 
     </span>
    </p>
   </div>
   <div class='ocr_carea' id='block_1_49' title="bbox 330 3759 1921 3831">
    <p class='ocr_par' dir='ltr' id='par_1_49' title="bbox 330 3759 1921 3831">
     <span class='ocr_line' id='line_1_50' title="bbox 330 3759 1921 3831; baseline -0.001 -16"><span class='ocrx_word' id='word_1_377' title='bbox 330 3759 504 3816; x_wconf 79' lang='lat' dir='ltr'><strong>totius</strong></span> <span class='ocrx_word' id='word_1_378' title='bbox 522 3762 801 3831; x_wconf 69' lang='lat' dir='ltr'><strong>elegantiae</strong></span> <span class='ocrx_word' id='word_1_379' title='bbox 828 3769 884 3816; x_wconf 90' lang='lat' dir='ltr'><strong>et</strong></span> <span class='ocrx_word' id='word_1_380' title='bbox 909 3761 1179 3831; x_wconf 84' lang='lat' dir='ltr'><strong>dignitatis</strong></span> <span class='ocrx_word' id='word_1_381' title='bbox 1208 3759 1515 3831; x_wconf 86' lang='lat' dir='ltr'><strong>plenissima</strong></span> <span class='ocrx_word' id='word_1_382' title='bbox 1539 3800 1554 3824; x_wconf 92' lang='lat'><strong>,</strong></span> <span class='ocrx_word' id='word_1_383' title='bbox 1588 3760 1683 3831; x_wconf 89' lang='lat' dir='ltr'><strong>ubi</strong></span> <span class='ocrx_word' id='word_1_384' title='bbox 1704 3774 1807 3831; x_wconf 85' lang='lat' dir='ltr'><strong>non</strong></span> <span class='ocrx_word' id='word_1_385' title='bbox 1836 3767 1921 3814; x_wconf 87' lang='lat' dir='ltr'><strong>est</strong></span> 
     </span>
    </p>
   </div>
   <div class='ocr_carea' id='block_1_50' title="bbox 326 3829 1917 3901">
    <p class='ocr_par' dir='ltr' id='par_1_50' title="bbox 326 3829 1917 3901">
     <span class='ocr_line' id='line_1_51' title="bbox 326 3829 1917 3901; baseline 0.001 -18"><span class='ocrx_word' id='word_1_386' title='bbox 326 3829 668 3886; x_wconf 83' lang='lat' dir='ltr'><strong>adversarius</strong></span> <span class='ocrx_word' id='word_1_387' title='bbox 709 3839 764 3886; x_wconf 89' lang='lat' dir='ltr'><strong>et</strong></span> <span class='ocrx_word' id='word_1_388' title='bbox 810 3829 1124 3901; x_wconf 82' lang='lat' dir='ltr'><strong>impugnans</strong></span> <span class='ocrx_word' id='word_1_389' title='bbox 1147 3873 1162 3896; x_wconf 91' lang='lat'><strong>,</strong></span> <span class='ocrx_word' id='word_1_390' title='bbox 1193 3830 1285 3884; x_wconf 92' lang='lat' dir='ltr'><strong>ubi</strong></span> <span class='ocrx_word' id='word_1_391' title='bbox 1312 3830 1451 3884; x_wconf 91' lang='lat' dir='ltr'><strong>nulla</strong></span> <span class='ocrx_word' id='word_1_392' title='bbox 1489 3829 1689 3901; x_wconf 84' lang='lat' dir='ltr'><strong>peccati</strong></span> <span class='ocrx_word' id='word_1_393' title='bbox 1734 3829 1917 3901; x_wconf 57' lang='lat' dir='ltr'><strong>illece-g</strong></span> 
     </span>
    </p>
   </div>
   <div class='ocr_carea' id='block_1_51' title="bbox 327 3899 1917 3973">
    <p class='ocr_par' dir='ltr' id='par_1_51' title="bbox 327 3899 1917 3973">
     <span class='ocr_line' id='line_1_52' title="bbox 327 3899 1917 3973; baseline -0.001 -17"><span class='ocrx_word' id='word_1_394' title='bbox 327 3903 448 3968; x_wconf 89' lang='lat' dir='ltr'><strong>bra,</strong></span> <span class='ocrx_word' id='word_1_395' title='bbox 474 3901 554 3973; x_wconf 71' lang='grc' dir='ltr'><strong>(ὁ)</strong></span> <span class='ocrx_word' id='word_1_396' title='bbox 602 3902 689 3955; x_wconf 90' lang='lat' dir='ltr'><strong>ubi</strong></span> <span class='ocrx_word' id='word_1_397' title='bbox 720 3910 802 3957; x_wconf 87' lang='lat' dir='ltr'><strong>est</strong></span> <span class='ocrx_word' id='word_1_398' title='bbox 826 3899 977 3955; x_wconf 81' lang='lat' dir='ltr'><strong>amor</strong></span> <span class='ocrx_word' id='word_1_399' title='bbox 1008 3901 1270 3973; x_wconf 84' lang='lat' dir='ltr'><strong>perfectus</strong></span> <span class='ocrx_word' id='word_1_400' title='bbox 1292 3943 1305 3964; x_wconf 86' lang='lat'><strong>,</strong></span> <span class='ocrx_word' id='word_1_401' title='bbox 1329 3909 1383 3955; x_wconf 89' lang='lat' dir='ltr'><strong>et</strong></span> <span class='ocrx_word' id='word_1_402' title='bbox 1412 3899 1586 3973; x_wconf 84' lang='lat' dir='ltr'><strong>nullus</strong></span> <span class='ocrx_word' id='word_1_403' title='bbox 1614 3899 1809 3973; x_wconf 53' lang='lat' dir='ltr'><strong>limen,</strong></span> <span class='ocrx_word' id='word_1_404' title='bbox 1829 3899 1917 3954; x_wconf 93' lang='lat' dir='ltr'><strong>ubi</strong></span> 
     </span>
    </p>
   </div>
   <div class='ocr_carea' id='block_1_52' title="bbox 327 3969 1918 4039">
    <p class='ocr_par' dir='ltr' id='par_1_52' title="bbox 327 3969 1918 4039">
     <span class='ocr_line' id='line_1_53' title="bbox 327 3969 1918 4039; baseline 0.001 -15"><span class='ocrx_word' id='word_1_405' title='bbox 327 3982 414 4025; x_wconf 86' lang='lat' dir='ltr'><strong>est</strong></span> <span class='ocrx_word' id='word_1_406' title='bbox 451 3969 565 4027; x_wconf 84' lang='lat' dir='ltr'><strong>dies</strong></span> <span class='ocrx_word' id='word_1_407' title='bbox 590 3979 821 4026; x_wconf 71' lang='lat' dir='ltr'><strong>mternus</strong></span> <span class='ocrx_word' id='word_1_408' title='bbox 839 4013 855 4035; x_wconf 92' lang='lat'><strong>,</strong></span> <span class='ocrx_word' id='word_1_409' title='bbox 883 3979 937 4025; x_wconf 90' lang='lat' dir='ltr'><strong>et</strong></span> <span class='ocrx_word' id='word_1_410' title='bbox 957 3969 1093 4026; x_wconf 88' lang='lat' dir='ltr'><strong>unus</strong></span> <span class='ocrx_word' id='word_1_411' title='bbox 1118 3971 1353 4025; x_wconf 91' lang='lat' dir='ltr'><strong>omnium</strong></span> <span class='ocrx_word' id='word_1_412' title='bbox 1380 3971 1597 4039; x_wconf 88' lang='lat' dir='ltr'><strong>spiritus</strong></span> <span class='ocrx_word' id='word_1_413' title='bbox 1616 4010 1632 4034; x_wconf 93' lang='lat'><strong>,</strong></span> <span class='ocrx_word' id='word_1_414' title='bbox 1664 3969 1749 4022; x_wconf 91' lang='lat' dir='ltr'><strong>ubi</strong></span> <span class='ocrx_word' id='word_1_415' title='bbox 1780 3970 1918 4025; x_wconf 87' lang='lat' dir='ltr'><strong>Dens</strong></span> 
     </span>
    </p>
   </div>
   <div class='ocr_carea' id='block_1_53' title="bbox 326 4040 1918 4105">
    <p class='ocr_par' dir='ltr' id='par_1_53' title="bbox 326 4040 1918 4105">
     <span class='ocr_line' id='line_1_54' title="bbox 326 4040 1918 4105; baseline -0.001 -8"><span class='ocrx_word' id='word_1_416' title='bbox 326 4042 465 4097; x_wconf 81' lang='lat' dir='ltr'><strong>facie</strong></span> <span class='ocrx_word' id='word_1_417' title='bbox 501 4042 568 4095; x_wconf 92' lang='lat' dir='ltr'><strong>ad</strong></span> <span class='ocrx_word' id='word_1_418' title='bbox 589 4040 776 4096; x_wconf 83' lang='lat' dir='ltr'><strong>faciem</strong></span> <span class='ocrx_word' id='word_1_419' title='bbox 803 4042 1072 4105; x_wconf 89' lang='lat' dir='ltr'><strong>cernitur,</strong></span> <span class='ocrx_word' id='word_1_420' title='bbox 1098 4050 1154 4095; x_wconf 91' lang='lat' dir='ltr'><strong>et</strong></span> <span class='ocrx_word' id='word_1_421' title='bbox 1191 4041 1292 4095; x_wconf 92' lang='lat' dir='ltr'><strong>hoc</strong></span> <span class='ocrx_word' id='word_1_422' title='bbox 1321 4041 1439 4093; x_wconf 81' lang='lat' dir='ltr'><strong>vita:</strong></span> <span class='ocrx_word' id='word_1_423' title='bbox 1465 4040 1584 4094; x_wconf 91' lang='lat' dir='ltr'><strong>cibo</strong></span> <span class='ocrx_word' id='word_1_424' title='bbox 1615 4053 1765 4093; x_wconf 92' lang='lat' dir='ltr'><strong>mens</strong></span> <span class='ocrx_word' id='word_1_425' title='bbox 1801 4040 1918 4096; x_wconf 86' lang='lat' dir='ltr'><strong>sine</strong></span> 
     </span>
    </p>
   </div>
   <div class='ocr_carea' id='block_1_54' title="bbox 325 4109 1911 4176">
    <p class='ocr_par' dir='ltr' id='par_1_54' title="bbox 325 4109 1911 4176">
     <span class='ocr_line' id='line_1_55' title="bbox 325 4109 1911 4176; baseline -0.003 -10"><span class='ocrx_word' id='word_1_426' title='bbox 325 4114 540 4168; x_wconf 85' lang='lat' dir='ltr'><strong>defeetu</strong></span> <span class='ocrx_word' id='word_1_427' title='bbox 566 4112 822 4166; x_wconf 88' lang='lat' dir='ltr'><strong>satiatur!</strong></span> <span class='ocrx_word' id='word_1_428' title='bbox 856 4112 1013 4167; x_wconf 88' lang='lat' dir='ltr'><strong>Libet</strong></span> <span class='ocrx_word' id='word_1_429' title='bbox 1039 4111 1167 4165; x_wconf 91' lang='lat' dir='ltr'><strong>mihi</strong></span> <span class='ocrx_word' id='word_1_430' title='bbox 1205 4120 1309 4164; x_wconf 73' lang='lat' dir='ltr'><strong>tua:</strong></span> <span class='ocrx_word' id='word_1_431' title='bbox 1339 4109 1615 4164; x_wconf 87' lang='lat' dir='ltr'><strong>intendere</strong></span> <span class='ocrx_word' id='word_1_432' title='bbox 1649 4110 1911 4176; x_wconf 87' lang='lat' dir='ltr'><strong>claritati,</strong></span> 
     </span>
    </p>
   </div>
   <div class='ocr_carea' id='block_1_55' title="bbox 324 4180 1915 4249">
    <p class='ocr_par' dir='ltr' id='par_1_55' title="bbox 324 4180 1915 4249">
     <span class='ocr_line' id='line_1_56' title="bbox 324 4180 1915 4249; baseline -0.003 -13"><span class='ocrx_word' id='word_1_433' title='bbox 324 4183 558 4238; x_wconf 82' lang='lat' dir='ltr'><strong>delectat</strong></span> <span class='ocrx_word' id='word_1_434' title='bbox 584 4195 670 4237; x_wconf 89' lang='lat' dir='ltr'><strong>me</strong></span> <span class='ocrx_word' id='word_1_435' title='bbox 696 4183 834 4237; x_wconf 90' lang='lat' dir='ltr'><strong>bona</strong></span> <span class='ocrx_word' id='word_1_436' title='bbox 861 4192 948 4235; x_wconf 90' lang='lat' dir='ltr'><strong>tua</strong></span> <span class='ocrx_word' id='word_1_437' title='bbox 977 4181 1133 4235; x_wconf 92' lang='lat' dir='ltr'><strong>avido</strong></span> <span class='ocrx_word' id='word_1_438' title='bbox 1160 4180 1323 4235; x_wconf 90' lang='lat' dir='ltr'><strong>corde</strong></span> <span class='ocrx_word' id='word_1_439' title='bbox 1342 4221 1358 4247; x_wconf 92' lang='lat'><strong>,</strong></span> <span class='ocrx_word' id='word_1_440' title='bbox 1388 4187 1645 4249; x_wconf 91' lang='lat' dir='ltr'><strong>quantum</strong></span> <span class='ocrx_word' id='word_1_441' title='bbox 1675 4180 1791 4248; x_wconf 86' lang='lat' dir='ltr'><strong>plus</strong></span> <span class='ocrx_word' id='word_1_442' title='bbox 1820 4196 1915 4232; x_wconf 88' lang='lat' dir='ltr'><strong>va-</strong></span> 
     </span>
    </p>
   </div>
   <div class='ocr_carea' id='block_1_56' title="bbox 326 4251 1911 4320">
    <p class='ocr_par' dir='ltr' id='par_1_56' title="bbox 326 4251 1911 4320">
     <span class='ocr_line' id='line_1_57' title="bbox 326 4251 1911 4320; baseline -0.002 -13"><span class='ocrx_word' id='word_1_443' title='bbox 326 4254 417 4308; x_wconf 88' lang='lat' dir='ltr'><strong>leo</strong></span> <span class='ocrx_word' id='word_1_444' title='bbox 461 4268 667 4307; x_wconf 88' lang='lat' dir='ltr'><strong>mecum</strong></span> <span class='ocrx_word' id='word_1_445' title='bbox 697 4252 1057 4307; x_wconf 88' lang='lat' dir='ltr'><strong>considerare.</strong></span> <span class='ocrx_word' id='word_1_446' title='bbox 1096 4251 1211 4305; x_wconf 87' lang='lat' dir='ltr'><strong>&#39;I‘uo</strong></span> <span class='ocrx_word' id='word_1_447' title='bbox 1238 4251 1380 4305; x_wconf 89' lang='lat' dir='ltr'><strong>enim</strong></span> <span class='ocrx_word' id='word_1_448' title='bbox 1426 4264 1609 4305; x_wconf 86' lang='lat' dir='ltr'><strong>amore</strong></span> <span class='ocrx_word' id='word_1_449' title='bbox 1652 4251 1911 4320; x_wconf 85' lang='lat' dir='ltr'><strong>Iangueo,</strong></span> 
     </span>
    </p>
   </div>
   <div class='ocr_carea' id='block_1_57' title="bbox 325 4320 1913 4391">
    <p class='ocr_par' dir='ltr' id='par_1_57' title="bbox 325 4320 1913 4391">
     <span class='ocr_line' id='line_1_58' title="bbox 325 4320 1913 4391; baseline -0.003 -14"><span class='ocrx_word' id='word_1_450' title='bbox 325 4331 421 4377; x_wconf 90' lang='lat' dir='ltr'><strong>tuo</strong></span> <span class='ocrx_word' id='word_1_451' title='bbox 462 4324 804 4377; x_wconf 85' lang='lat' dir='ltr'><strong>vehementer</strong></span> <span class='ocrx_word' id='word_1_452' title='bbox 840 4322 1104 4377; x_wconf 81' lang='lat' dir='ltr'><strong>desiderio</strong></span> <span class='ocrx_word' id='word_1_453' title='bbox 1145 4320 1343 4389; x_wconf 86' lang='lat' dir='ltr'><strong>flagro,</strong></span> <span class='ocrx_word' id='word_1_454' title='bbox 1384 4330 1577 4391; x_wconf 90' lang='lat' dir='ltr'><strong>tuaque</strong></span> <span class='ocrx_word' id='word_1_455' title='bbox 1614 4320 1754 4375; x_wconf 86' lang='lat' dir='ltr'><strong>dulci</strong></span> <span class='ocrx_word' id='word_1_456' title='bbox 1799 4335 1913 4391; x_wconf 85' lang='lat' dir='ltr'><strong>me-</strong></span> 
     </span>
    </p>
   </div>
   <div class='ocr_carea' id='block_1_58' title="bbox 326 4390 1914 4461">
    <p class='ocr_par' dir='ltr' id='par_1_58' title="bbox 326 4390 1914 4461">
     <span class='ocr_line' id='line_1_59' title="bbox 326 4390 1914 4461; baseline 0 -15"><span class='ocrx_word' id='word_1_457' title='bbox 326 4394 497 4447; x_wconf 84' lang='lat' dir='ltr'><strong>moria</strong></span> <span class='ocrx_word' id='word_1_458' title='bbox 538 4392 823 4446; x_wconf 86' lang='lat' dir='ltr'><strong>admodum</strong></span> <span class='ocrx_word' id='word_1_459' title='bbox 863 4391 1122 4447; x_wconf 82' lang='lat' dir='ltr'><strong>deleCtor.</strong></span> <span class='ocrx_word' id='word_1_460' title='bbox 1152 4392 1303 4446; x_wconf 86' lang='lat' dir='ltr'><strong>Libet</strong></span> <span class='ocrx_word' id='word_1_461' title='bbox 1332 4390 1508 4461; x_wconf 84' lang='lat' dir='ltr'><strong>itaque</strong></span> <span class='ocrx_word' id='word_1_462' title='bbox 1532 4432 1546 4456; x_wconf 93' lang='lat'><strong>,</strong></span> <span class='ocrx_word' id='word_1_463' title='bbox 1581 4390 1708 4446; x_wconf 90' lang='lat' dir='ltr'><strong>libet</strong></span> <span class='ocrx_word' id='word_1_464' title='bbox 1736 4390 1914 4446; x_wconf 87' lang='lat' dir='ltr'><strong>cordis</strong></span> 
     </span>
    </p>
   </div>
   <div class='ocr_carea' id='block_1_59' title="bbox 326 4461 1912 4532">
    <p class='ocr_par' dir='ltr' id='par_1_59' title="bbox 326 4461 1912 4532">
     <span class='ocr_line' id='line_1_60' title="bbox 326 4461 1912 4532; baseline -0.001 -15"><span class='ocrx_word' id='word_1_465' title='bbox 326 4464 381 4519; x_wconf 93' lang='lat' dir='ltr'><strong>in</strong></span> <span class='ocrx_word' id='word_1_466' title='bbox 410 4474 460 4517; x_wconf 90' lang='lat' dir='ltr'><strong>te</strong></span> <span class='ocrx_word' id='word_1_467' title='bbox 483 4463 666 4518; x_wconf 91' lang='lat' dir='ltr'><strong>oculos</strong></span> <span class='ocrx_word' id='word_1_468' title='bbox 691 4463 955 4527; x_wconf 88' lang='lat' dir='ltr'><strong>attollere,</strong></span> <span class='ocrx_word' id='word_1_469' title='bbox 979 4471 1175 4517; x_wconf 90' lang='lat' dir='ltr'><strong>statum</strong></span> <span class='ocrx_word' id='word_1_470' title='bbox 1198 4463 1390 4516; x_wconf 88' lang='lat' dir='ltr'><strong>mentis</strong></span> <span class='ocrx_word' id='word_1_471' title='bbox 1414 4461 1912 4532; x_wconf 14' lang='lat' dir='ltr'><strong>erigere,iall&#39;ectum</strong></span> 
     </span>
    </p>
   </div>
   <div class='ocr_carea' id='block_1_60' title="bbox 323 4531 1913 4600">
    <p class='ocr_par' dir='ltr' id='par_1_60' title="bbox 323 4531 1913 4600">
     <span class='ocr_line' id='line_1_61' title="bbox 323 4531 1913 4600; baseline 0 -15"><span class='ocrx_word' id='word_1_472' title='bbox 323 4533 488 4587; x_wconf 90' lang='lat' dir='ltr'><strong>animi</strong></span> <span class='ocrx_word' id='word_1_473' title='bbox 530 4532 884 4588; x_wconf 89' lang='lat' dir='ltr'><strong>conformare.</strong></span> <span class='ocrx_word' id='word_1_474' title='bbox 914 4532 1066 4587; x_wconf 87' lang='lat' dir='ltr'><strong>Libet</strong></span> <span class='ocrx_word' id='word_1_475' title='bbox 1085 4548 1214 4588; x_wconf 88' lang='lat' dir='ltr'><strong>sane</strong></span> <span class='ocrx_word' id='word_1_476' title='bbox 1239 4532 1307 4586; x_wconf 87' lang='lat' dir='ltr'><strong>de</strong></span> <span class='ocrx_word' id='word_1_477' title='bbox 1336 4541 1387 4585; x_wconf 91' lang='lat' dir='ltr'><strong>te</strong></span> <span class='ocrx_word' id='word_1_478' title='bbox 1431 4532 1572 4600; x_wconf 86' lang='lat' dir='ltr'><strong>loqui</strong></span> <span class='ocrx_word' id='word_1_479' title='bbox 1591 4572 1604 4594; x_wconf 87' lang='lat'><strong>,</strong></span> <span class='ocrx_word' id='word_1_480' title='bbox 1627 4531 1695 4585; x_wconf 91' lang='lat' dir='ltr'><strong>de</strong></span> <span class='ocrx_word' id='word_1_481' title='bbox 1735 4539 1785 4585; x_wconf 90' lang='lat' dir='ltr'><strong>te</strong></span> <span class='ocrx_word' id='word_1_482' title='bbox 1814 4546 1913 4585; x_wconf 82' lang='lat' dir='ltr'><strong>au-</strong></span> 
     </span>
    </p>
   </div>
   <div class='ocr_carea' id='block_1_61' title="bbox 323 4600 1915 4668">
    <p class='ocr_par' dir='ltr' id='par_1_61' title="bbox 323 4600 1915 4668">
     <span class='ocr_line' id='line_1_62' title="bbox 323 4600 1915 4668; baseline -0.001 -11"><span class='ocrx_word' id='word_1_483' title='bbox 323 4604 440 4657; x_wconf 86' lang='lat' dir='ltr'><strong>dire</strong></span> <span class='ocrx_word' id='word_1_484' title='bbox 460 4645 474 4668; x_wconf 91' lang='lat'><strong>,</strong></span> <span class='ocrx_word' id='word_1_485' title='bbox 506 4602 575 4657; x_wconf 91' lang='lat' dir='ltr'><strong>de</strong></span> <span class='ocrx_word' id='word_1_486' title='bbox 605 4612 657 4657; x_wconf 91' lang='lat' dir='ltr'><strong>te</strong></span> <span class='ocrx_word' id='word_1_487' title='bbox 688 4605 950 4666; x_wconf 84' lang='lat' dir='ltr'><strong>scribere,</strong></span> <span class='ocrx_word' id='word_1_488' title='bbox 991 4603 1060 4658; x_wconf 90' lang='lat' dir='ltr'><strong>de</strong></span> <span class='ocrx_word' id='word_1_489' title='bbox 1088 4612 1139 4657; x_wconf 91' lang='lat' dir='ltr'><strong>te</strong></span> <span class='ocrx_word' id='word_1_490' title='bbox 1164 4602 1408 4658; x_wconf 90' lang='lat' dir='ltr'><strong>conferre</strong></span> <span class='ocrx_word' id='word_1_491' title='bbox 1430 4643 1444 4665; x_wconf 89' lang='lat'><strong>,</strong></span> <span class='ocrx_word' id='word_1_492' title='bbox 1476 4601 1545 4656; x_wconf 89' lang='lat' dir='ltr'><strong>de</strong></span> <span class='ocrx_word' id='word_1_493' title='bbox 1572 4610 1656 4656; x_wconf 91' lang='lat' dir='ltr'><strong>tua</strong></span> <span class='ocrx_word' id='word_1_494' title='bbox 1689 4600 1915 4656; x_wconf 62' lang='lat' dir='ltr'><strong>beatituo</strong></span> 
     </span>
    </p>
   </div>
   <div class='ocr_carea' id='block_1_62' title="bbox 322 4671 1912 4743">
    <p class='ocr_par' dir='ltr' id='par_1_62' title="bbox 322 4671 1912 4743">
     <span class='ocr_line' id='line_1_63' title="bbox 322 4671 1912 4743; baseline 0 -17"><span class='ocrx_word' id='word_1_495' title='bbox 322 4673 450 4728; x_wconf 92' lang='lat' dir='ltr'><strong>dine</strong></span> <span class='ocrx_word' id='word_1_496' title='bbox 493 4684 548 4728; x_wconf 89' lang='lat' dir='ltr'><strong>et</strong></span> <span class='ocrx_word' id='word_1_497' title='bbox 584 4675 751 4743; x_wconf 84' lang='lat' dir='ltr'><strong>gloria</strong></span> <span class='ocrx_word' id='word_1_498' title='bbox 789 4672 1025 4743; x_wconf 89' lang='lat' dir='ltr'><strong>quotidie</strong></span> <span class='ocrx_word' id='word_1_499' title='bbox 1060 4674 1239 4743; x_wconf 82' lang='lat' dir='ltr'><strong>legere</strong></span> <span class='ocrx_word' id='word_1_500' title='bbox 1261 4713 1277 4738; x_wconf 94' lang='lat'><strong>,</strong></span> <span class='ocrx_word' id='word_1_501' title='bbox 1302 4681 1364 4743; x_wconf 86' lang='lat' dir='ltr'><strong>et</strong></span> <span class='ocrx_word' id='word_1_502' title='bbox 1400 4672 1538 4743; x_wconf 73' lang='lat' dir='ltr'><strong>lecia</strong></span> <span class='ocrx_word' id='word_1_503' title='bbox 1568 4671 1775 4743; x_wconf 76' lang='lat' dir='ltr'><strong>_s:epius</strong></span> <span class='ocrx_word' id='word_1_504' title='bbox 1813 4671 1912 4743; x_wconf 90' lang='lat' dir='ltr'><strong>sub</strong></span> 
     </span>
    </p>
   </div>
   <div class='ocr_carea' id='block_1_63' title="bbox 322 4741 1913 4813">
    <p class='ocr_par' dir='ltr' id='par_1_63' title="bbox 322 4741 1913 4813">
     <span class='ocr_line' id='line_1_64' title="bbox 322 4741 1913 4813; baseline -0.002 -17"><span class='ocrx_word' id='word_1_505' title='bbox 322 4744 488 4800; x_wconf 89' lang='lat' dir='ltr'><strong>corde</strong></span> <span class='ocrx_word' id='word_1_506' title='bbox 516 4741 789 4799; x_wconf 80' lang='lat' dir='ltr'><strong>revolvere</strong></span> <span class='ocrx_word' id='word_1_507' title='bbox 807 4741 833 4798; x_wconf 64' lang='grc' dir='ltr'>Ξ</span> <span class='ocrx_word' id='word_1_508' title='bbox 865 4753 921 4797; x_wconf 92' lang='grc' dir='ltr'><strong>ιιι</strong></span> <span class='ocrx_word' id='word_1_509' title='bbox 949 4743 1027 4797; x_wconf 93' lang='lat' dir='ltr'><strong>vcl</strong></span> <span class='ocrx_word' id='word_1_510' title='bbox 1054 4741 1136 4798; x_wconf 82' lang='lat' dir='ltr'><strong>sic</strong></span> <span class='ocrx_word' id='word_1_511' title='bbox 1171 4742 1366 4813; x_wconf 87' lang='lat' dir='ltr'><strong>possim</strong></span> <span class='ocrx_word' id='word_1_512' title='bbox 1393 4742 1462 4796; x_wconf 88' lang='lat' dir='ltr'><strong>ab</strong></span> <span class='ocrx_word' id='word_1_513' title='bbox 1491 4741 1647 4813; x_wconf 83' lang='lat' dir='ltr'><strong>hujus</strong></span> <span class='ocrx_word' id='word_1_514' title='bbox 1675 4742 1913 4813; x_wconf 80' lang='lat' dir='ltr'><strong>mortalis</strong></span> 
     </span>
    </p>
   </div>
   <div class='ocr_carea' id='block_1_64' title="bbox 322 4810 1913 4883">
    <p class='ocr_par' dir='ltr' id='par_1_64' title="bbox 322 4810 1913 4883">
     <span class='ocr_line' id='line_1_65' title="bbox 322 4810 1913 4883; baseline -0.001 -16"><span class='ocrx_word' id='word_1_515' title='bbox 322 4824 378 4867; x_wconf 90' lang='lat' dir='ltr'><strong>et</strong></span> <span class='ocrx_word' id='word_1_516' title='bbox 407 4815 656 4883; x_wconf 78' lang='lat' dir='ltr'><strong>peritura:</strong></span> <span class='ocrx_word' id='word_1_517' title='bbox 685 4816 805 4868; x_wconf 74' lang='lat' dir='ltr'><strong>vita:</strong></span> <span class='ocrx_word' id='word_1_518' title='bbox 826 4813 1123 4878; x_wconf 89' lang='lat' dir='ltr'><strong>ardoribus,</strong></span> <span class='ocrx_word' id='word_1_519' title='bbox 1148 4810 1399 4883; x_wconf 83' lang='lat' dir='ltr'><strong>periculis</strong></span> <span class='ocrx_word' id='word_1_520' title='bbox 1426 4823 1481 4866; x_wconf 89' lang='lat' dir='ltr'><strong>et</strong></span> <span class='ocrx_word' id='word_1_521' title='bbox 1508 4810 1791 4883; x_wconf 88' lang='lat' dir='ltr'><strong>sudoribus</strong></span> <span class='ocrx_word' id='word_1_522' title='bbox 1812 4811 1913 4866; x_wconf 86' lang='lat' dir='ltr'><strong>sub</strong></span> 
     </span>
    </p>
   </div>
   <div class='ocr_carea' id='block_1_65' title="bbox 323 4882 1913 4953">
    <p class='ocr_par' dir='ltr' id='par_1_65' title="bbox 323 4882 1913 4953">
     <span class='ocr_line' id='line_1_66' title="bbox 323 4882 1913 4953; baseline 0 -16"><span class='ocrx_word' id='word_1_523' title='bbox 323 4882 428 4937; x_wconf 73' lang='lat' dir='ltr'><strong>tnze</strong></span> <span class='ocrx_word' id='word_1_524' title='bbox 456 4885 629 4938; x_wconf 89' lang='lat' dir='ltr'><strong>vitalis</strong></span> <span class='ocrx_word' id='word_1_525' title='bbox 657 4899 802 4939; x_wconf 70' lang='lat' dir='ltr'><strong>anrtn</strong></span> <span class='ocrx_word' id='word_1_526' title='bbox 831 4883 1047 4939; x_wconf 88' lang='lat' dir='ltr'><strong>dulcere</strong></span> <span class='ocrx_word' id='word_1_527' title='bbox 1075 4884 1346 4953; x_wconf 81' lang='lat' dir='ltr'><strong>frigerium</strong></span> <span class='ocrx_word' id='word_1_528' title='bbox 1378 4882 1633 4946; x_wconf 88' lang='lat' dir='ltr'><strong>transire,</strong></span> <span class='ocrx_word' id='word_1_529' title='bbox 1663 4890 1718 4936; x_wconf 93' lang='lat' dir='ltr'><strong>ct</strong></span> <span class='ocrx_word' id='word_1_530' title='bbox 1740 4891 1913 4953; x_wconf 86' lang='lat' dir='ltr'><strong>trans-</strong></span> 
     </span>
    </p>
   </div>
   <div class='ocr_carea' id='block_1_66' title="bbox 322 4952 1910 5024">
    <p class='ocr_par' dir='ltr' id='par_1_66' title="bbox 322 4952 1910 5024">
     <span class='ocr_line' id='line_1_67' title="bbox 322 4952 1910 5024; baseline -0.001 -16"><span class='ocrx_word' id='word_1_531' title='bbox 322 4956 440 5008; x_wconf 90' lang='lat' dir='ltr'><strong>iens</strong></span> <span class='ocrx_word' id='word_1_532' title='bbox 482 4956 531 5009; x_wconf 92' lang='lat' dir='ltr'><strong>in</strong></span> <span class='ocrx_word' id='word_1_533' title='bbox 560 4955 680 5008; x_wconf 89' lang='lat' dir='ltr'><strong>sinu</strong></span> <span class='ocrx_word' id='word_1_534' title='bbox 711 4965 799 5009; x_wconf 88' lang='lat' dir='ltr'><strong>tuo</strong></span> <span class='ocrx_word' id='word_1_535' title='bbox 836 4954 1032 5009; x_wconf 85' lang='lat' dir='ltr'><strong>fessum</strong></span> <span class='ocrx_word' id='word_1_536' title='bbox 1070 4952 1229 5024; x_wconf 83' lang='lat' dir='ltr'><strong>caput</strong></span> <span class='ocrx_word' id='word_1_537' title='bbox 1256 4954 1581 5007; x_wconf 79' lang='lat' dir='ltr'><strong>dormiturus</strong></span> <span class='ocrx_word' id='word_1_538' title='bbox 1608 4954 1689 5007; x_wconf 86' lang='lat' dir='ltr'><strong>vel</strong></span> <span class='ocrx_word' id='word_1_539' title='bbox 1720 4952 1910 5022; x_wconf 85' lang='lat' dir='ltr'><strong>paulu-</strong></span> 
     </span>
    </p>
   </div>
   <div class='ocr_carea' id='block_1_67' title="bbox 322 5024 1909 5095">
    <p class='ocr_par' dir='ltr' id='par_1_67' title="bbox 322 5024 1909 5095">
     <span class='ocr_line' id='line_1_68' title="bbox 322 5024 1909 5095; baseline 0 -18"><span class='ocrx_word' id='word_1_540' title='bbox 322 5026 433 5079; x_wconf 88' lang='lat' dir='ltr'><strong>lum</strong></span> <span class='ocrx_word' id='word_1_541' title='bbox 460 5025 742 5080; x_wconf 85' lang='lat' dir='ltr'><strong>reclinare.</strong></span> <span class='ocrx_word' id='word_1_542' title='bbox 781 5025 947 5095; x_wconf 87' lang='lat' dir='ltr'><strong>llujus</strong></span> <span class='ocrx_word' id='word_1_543' title='bbox 970 5024 1241 5095; x_wconf 88' lang='lat' dir='ltr'><strong>reigratia</strong></span> <span class='ocrx_word' id='word_1_544' title='bbox 1274 5024 1665 5092; x_wconf 83' lang='lat' dir='ltr'><strong>Scripturarum</strong></span> <span class='ocrx_word' id='word_1_545' title='bbox 1697 5032 1909 5095; x_wconf 84' lang='lat' dir='ltr'><strong>sancta-</strong></span> 
     </span>
    </p>
   </div>
   <div class='ocr_carea' id='block_1_68' title="bbox 294 5093 1904 5165">
    <p class='ocr_par' dir='ltr' id='par_1_68' title="bbox 294 5093 1904 5165">
     <span class='ocr_line' id='line_1_69' title="bbox 294 5093 1904 5165; baseline -0.001 -15"><span class='ocrx_word' id='word_1_546' title='bbox 294 5104 439 5150; x_wconf 89' lang='lat' dir='ltr'><strong>’rutn</strong></span> <span class='ocrx_word' id='word_1_547' title='bbox 469 5110 678 5150; x_wconf 65' lang='lat' dir='ltr'><strong>amoena</strong></span> <span class='ocrx_word' id='word_1_548' title='bbox 709 5093 1185 5165; x_wconf 77' lang='lat' dir='ltr'><strong>prataingredior,</strong></span> <span class='ocrx_word' id='word_1_549' title='bbox 1228 5095 1577 5149; x_wconf 80' lang='lat' dir='ltr'><strong>viridissimos</strong></span> <span class='ocrx_word' id='word_1_550' title='bbox 1613 5093 1904 5165; x_wconf 83' lang='lat' dir='ltr'><strong>sententia-</strong></span> 
     </span>
    </p>
   </div>
   <div class='ocr_carea' id='block_1_69' title="bbox 318 5164 1909 5235">
    <p class='ocr_par' dir='ltr' id='par_1_69' title="bbox 318 5164 1909 5235">
     <span class='ocr_line' id='line_1_70' title="bbox 318 5164 1909 5235; baseline 0.001 -17"><span class='ocrx_word' id='word_1_551' title='bbox 318 5181 437 5219; x_wconf 90' lang='lat' dir='ltr'><strong>rum</strong></span> <span class='ocrx_word' id='word_1_552' title='bbox 469 5165 664 5220; x_wconf 88' lang='lat' dir='ltr'><strong>herbas</strong></span> <span class='ocrx_word' id='word_1_553' title='bbox 701 5164 971 5220; x_wconf 75' lang='lat' dir='ltr'><strong>exat-aude</strong></span> <span class='ocrx_word' id='word_1_554' title='bbox 1015 5180 1211 5234; x_wconf 86' lang='lat' dir='ltr'><strong>carpo,</strong></span> <span class='ocrx_word' id='word_1_555' title='bbox 1243 5165 1464 5235; x_wconf 87' lang='lat' dir='ltr'><strong>legendo</strong></span> <span class='ocrx_word' id='word_1_556' title='bbox 1499 5164 1755 5230; x_wconf 87' lang='lat' dir='ltr'><strong>comedo,</strong></span> <span class='ocrx_word' id='word_1_557' title='bbox 1799 5164 1909 5219; x_wconf 79' lang='lat' dir='ltr'><strong>frc-</strong></span> 
     </span>
    </p>
   </div>
   <div class='ocr_carea' id='block_1_70' title="bbox 318 5236 1905 5306">
    <p class='ocr_par' dir='ltr' id='par_1_70' title="bbox 318 5236 1905 5306">
     <span class='ocr_line' id='line_1_71' title="bbox 318 5236 1905 5306; baseline 0.001 -17"><span class='ocrx_word' id='word_1_558' title='bbox 318 5236 628 5305; x_wconf 89' lang='lat' dir='ltr'><strong>quentando</strong></span> <span class='ocrx_word' id='word_1_559' title='bbox 658 5237 888 5306; x_wconf 89' lang='lat' dir='ltr'><strong>rumino,</strong></span> <span class='ocrx_word' id='word_1_560' title='bbox 916 5243 1074 5305; x_wconf 89' lang='lat' dir='ltr'><strong>atque</strong></span> <span class='ocrx_word' id='word_1_561' title='bbox 1094 5236 1467 5306; x_wconf 89' lang='lat' dir='ltr'><strong>congregando</strong></span> <span class='ocrx_word' id='word_1_562' title='bbox 1488 5236 1698 5289; x_wconf 87' lang='lat' dir='ltr'><strong>tandem</strong></span> <span class='ocrx_word' id='word_1_563' title='bbox 1723 5236 1774 5289; x_wconf 93' lang='lat' dir='ltr'><strong>in</strong></span> <span class='ocrx_word' id='word_1_564' title='bbox 1801 5237 1905 5290; x_wconf 87' lang='lat' dir='ltr'><strong>alta</strong></span> 
     </span>
    </p>
   </div>
   <div class='ocr_carea' id='block_1_71' title="bbox 319 5305 1908 5374">
    <p class='ocr_par' dir='ltr' id='par_1_71' title="bbox 319 5305 1908 5374">
     <span class='ocr_line' id='line_1_72' title="bbox 319 5305 1908 5374; baseline 0 -15"><span class='ocrx_word' id='word_1_565' title='bbox 319 5307 593 5360; x_wconf 67' lang='lat' dir='ltr'><strong>memoria:</strong></span> <span class='ocrx_word' id='word_1_566' title='bbox 631 5305 760 5361; x_wconf 89' lang='lat' dir='ltr'><strong>sede</strong></span> <span class='ocrx_word' id='word_1_567' title='bbox 804 5322 1045 5374; x_wconf 82' lang='lat' dir='ltr'><strong>repono:</strong></span> <span class='ocrx_word' id='word_1_568' title='bbox 1081 5315 1138 5360; x_wconf 94' lang='lat' dir='ltr'><strong>ut</strong></span> <span class='ocrx_word' id='word_1_569' title='bbox 1177 5306 1265 5361; x_wconf 85' lang='lat' dir='ltr'><strong>tali</strong></span> <span class='ocrx_word' id='word_1_570' title='bbox 1302 5305 1470 5361; x_wconf 78' lang='lat' dir='ltr'><strong>mede</strong></span> <span class='ocrx_word' id='word_1_571' title='bbox 1500 5314 1589 5361; x_wconf 91' lang='lat' dir='ltr'><strong>tua</strong></span> <span class='ocrx_word' id='word_1_572' title='bbox 1629 5306 1908 5361; x_wconf 88' lang='lat' dir='ltr'><strong>dulcedine</strong></span> 
     </span>
    </p>
   </div>
   <div class='ocr_carea' id='block_1_72' title="bbox 322 5376 1908 5446">
    <p class='ocr_par' dir='ltr' id='par_1_72' title="bbox 322 5376 1908 5446">
     <span class='ocr_line' id='line_1_73' title="bbox 322 5376 1908 5446; baseline 0.002 -18"><span class='ocrx_word' id='word_1_573' title='bbox 322 5376 616 5446; x_wconf 83' lang='lat' dir='ltr'><strong>tlegnstata,</strong></span> <span class='ocrx_word' id='word_1_574' title='bbox 649 5377 826 5430; x_wconf 90' lang='lat' dir='ltr'><strong>minus</strong></span> <span class='ocrx_word' id='word_1_575' title='bbox 857 5377 1011 5432; x_wconf 87' lang='lat' dir='ltr'><strong>istius</strong></span> <span class='ocrx_word' id='word_1_576' title='bbox 1034 5377 1348 5431; x_wconf 74' lang='lat' dir='ltr'><strong>miserrima:</strong></span> <span class='ocrx_word' id='word_1_577' title='bbox 1377 5378 1498 5430; x_wconf 69' lang='lat' dir='ltr'><strong>vitae</strong></span> <span class='ocrx_word' id='word_1_578' title='bbox 1528 5376 1908 5432; x_wconf 82' lang='lat' dir='ltr'><strong>amaritudincs</strong></span> 
     </span>
    </p>
   </div>
   <div class='ocr_carea' id='block_1_73' title="bbox 320 5447 1906 5516">
    <p class='ocr_par' dir='ltr' id='par_1_73' title="bbox 320 5447 1906 5516">
     <span class='ocr_line' id='line_1_74' title="bbox 320 5447 1906 5516; baseline 0 -16"><span class='ocrx_word' id='word_1_579' title='bbox 320 5448 565 5500; x_wconf 80' lang='lat' dir='ltr'><strong>sentiam.</strong></span> <span class='ocrx_word' id='word_1_580' title='bbox 600 5447 644 5501; x_wconf 88' lang='grc' dir='ltr'>Ο</span> <span class='ocrx_word' id='word_1_581' title='bbox 671 5454 724 5500; x_wconf 87' lang='grc' dir='ltr'><strong>ιιι</strong></span> <span class='ocrx_word' id='word_1_582' title='bbox 750 5488 763 5511; x_wconf 89' lang='grc'>,</span> <span class='ocrx_word' id='word_1_583' title='bbox 807 5447 911 5500; x_wconf 90' lang='lat' dir='ltr'><strong>vita</strong></span> <span class='ocrx_word' id='word_1_584' title='bbox 941 5447 1277 5513; x_wconf 83' lang='lat' dir='ltr'><strong>felicissima,</strong></span> <span class='ocrx_word' id='word_1_585' title='bbox 1303 5462 1336 5500; x_wconf 93' lang='grc' dir='ltr'>ο</span> <span class='ocrx_word' id='word_1_586' title='bbox 1362 5462 1579 5516; x_wconf 90' lang='lat' dir='ltr'><strong>regnum</strong></span> <span class='ocrx_word' id='word_1_587' title='bbox 1608 5465 1732 5503; x_wconf 87' lang='lat' dir='ltr'><strong>vere</strong></span> <span class='ocrx_word' id='word_1_588' title='bbox 1778 5448 1906 5501; x_wconf 84' lang='lat' dir='ltr'><strong>bea-</strong></span> 
     </span>
    </p>
   </div>
   <div class='ocr_carea' id='block_1_74' title="bbox 321 5518 1905 5588">
    <p class='ocr_par' dir='ltr' id='par_1_74' title="bbox 321 5518 1905 5588">
     <span class='ocr_line' id='line_1_75' title="bbox 321 5518 1905 5588; baseline 0.001 -17"><span class='ocrx_word' id='word_1_589' title='bbox 321 5527 434 5571; x_wconf 90' lang='lat' dir='ltr'><strong>tum</strong></span> <span class='ocrx_word' id='word_1_590' title='bbox 461 5518 559 5588; x_wconf 89' lang='lat' dir='ltr'><strong>(c),</strong></span> <span class='ocrx_word' id='word_1_591' title='bbox 581 5532 771 5573; x_wconf 81' lang='lat' dir='ltr'><strong>carens</strong></span> <span class='ocrx_word' id='word_1_592' title='bbox 792 5526 960 5571; x_wconf 90' lang='lat' dir='ltr'><strong>morte</strong></span> <span class='ocrx_word' id='word_1_593' title='bbox 981 5559 995 5582; x_wconf 89' lang='lat'><strong>,</strong></span> <span class='ocrx_word' id='word_1_594' title='bbox 1018 5533 1213 5572; x_wconf 86' lang='lat' dir='ltr'><strong>vacans</strong></span> <span class='ocrx_word' id='word_1_595' title='bbox 1240 5522 1364 5585; x_wconf 90' lang='lat' dir='ltr'><strong>Ilnc,</strong></span> <span class='ocrx_word' id='word_1_596' title='bbox 1386 5519 1469 5572; x_wconf 89' lang='lat' dir='ltr'><strong>cui</strong></span> <span class='ocrx_word' id='word_1_597' title='bbox 1497 5518 1637 5572; x_wconf 87' lang='lat' dir='ltr'><strong>nulla</strong></span> <span class='ocrx_word' id='word_1_598' title='bbox 1667 5528 1905 5588; x_wconf 82' lang='lat' dir='ltr'><strong>tempora</strong></span> 
     </span>
    </p>
   </div>
   <div class='ocr_carea' id='block_1_75' title="bbox 380 5646 1615 5758">
    <p class='ocr_par' dir='ltr' id='par_1_75' title="bbox 380 5646 1615 5758">
     <span class='ocr_line' id='line_1_76' title="bbox 380 5646 1615 5758; baseline 0.003 -62"><span class='ocrx_word' id='word_1_599' title='bbox 380 5651 397 5681; x_wconf 74' lang='grc' dir='ltr'><strong>ι</strong></span> <span class='ocrx_word' id='word_1_600' title='bbox 423 5656 549 5709; x_wconf 66' lang='lat' dir='ltr'><strong>ttaac,</strong></span> <span class='ocrx_word' id='word_1_601' title='bbox 575 5655 677 5758; x_wconf 59' lang='lat' dir='ltr'><strong>post</strong></span> <span class='ocrx_word' id='word_1_602' title='bbox 699 5646 874 5699; x_wconf 72' lang='lat' dir='ltr'><strong>Christi</strong></span> <span class='ocrx_word' id='word_1_603' title='bbox 897 5648 1211 5709; x_wconf 81' lang='lat' dir='ltr'><strong>dilectionem,</strong></span> <span class='ocrx_word' id='word_1_604' title='bbox 1236 5651 1413 5702; x_wconf 77' lang='lat' dir='ltr'><strong>desunt</strong></span> <span class='ocrx_word' id='word_1_605' title='bbox 1432 5651 1480 5702; x_wconf 75' lang='lat' dir='ltr'><strong>it:</strong></span> <span class='ocrx_word' id='word_1_606' title='bbox 1511 5658 1615 5702; x_wconf 73' lang='lat' dir='ltr'><strong>Mss.</strong></span> 
     </span>
     <span class='ocr_line' id='line_1_77' title="bbox 380 5709 1227 5758; baseline 0 0"><span class='ocrx_word' id='word_1_607' title='bbox 380 5712 450 5758; x_wconf 75' lang='lat' dir='ltr'><strong>{ai</strong></span> <span class='ocrx_word' id='word_1_608' title='bbox 485 5718 547 5758; x_wconf 74' lang='lat' dir='ltr'><strong>Ex</strong></span> <span class='ocrx_word' id='word_1_609' title='bbox 595 5712 660 5758; x_wconf 87' lang='lat' dir='ltr'><strong>ib.</strong></span> <span class='ocrx_word' id='word_1_610' title='bbox 686 5712 750 5758; x_wconf 88' lang='lat' dir='ltr'><strong>de</strong></span> <span class='ocrx_word' id='word_1_611' title='bbox 773 5709 996 5758; x_wconf 71' lang='lat' dir='ltr'><strong>Speculo.</strong></span> <span class='ocrx_word' id='word_1_612' title='bbox 1019 5725 1125 5758; x_wconf 86' lang='lat' dir='ltr'><strong>can.</strong></span> <span class='ocrx_word' id='word_1_613' title='bbox 1148 5714 1227 5758; x_wconf 77' lang='lat' dir='ltr'><strong>5t).</strong></span> 
     </span>
    </p>
   </div>
   <div class='ocr_carea' id='block_1_76' title="bbox 377 5709 1227 5775">
    <p class='ocr_par' dir='ltr' id='par_1_76' title="bbox 377 5709 1227 5775">
     <span class='ocr_line' id='line_1_78' title="bbox 377 5709 1227 5775; baseline 0.006 -18"><span class='ocrx_word' id='word_1_614' title='bbox 377 5712 450 5775; x_wconf 62' lang='grc' dir='ltr'>(ιι)</span> <span class='ocrx_word' id='word_1_615' title='bbox 485 5718 547 5775; x_wconf 59' lang='lat' dir='ltr'><strong>Es</strong></span> <span class='ocrx_word' id='word_1_616' title='bbox 576 5709 660 5775; x_wconf 83' lang='lat' dir='ltr'><strong>Iih.</strong></span> <span class='ocrx_word' id='word_1_617' title='bbox 686 5712 750 5759; x_wconf 85' lang='lat' dir='ltr'><strong>de</strong></span> <span class='ocrx_word' id='word_1_618' title='bbox 773 5709 996 5775; x_wconf 56' lang='grc' dir='ltr'><strong>δυαρυμ),</strong></span> <span class='ocrx_word' id='word_1_619' title='bbox 1019 5725 1125 5775; x_wconf 87' lang='lat' dir='ltr'><strong>cap.</strong></span> <span class='ocrx_word' id='word_1_620' title='bbox 1148 5714 1227 5764; x_wconf 76' lang='lat'><strong>50.</strong></span> 
     </span>
    </p>
   </div>
   <div class='ocr_carea' id='block_1_77' title="bbox 379 5772 1069 5833">
    <p class='ocr_par' dir='ltr' id='par_1_77' title="bbox 379 5772 1069 5833">
     <span class='ocr_line' id='line_1_79' title="bbox 379 5772 1069 5833; baseline -0.003 -10"><span class='ocrx_word' id='word_1_621' title='bbox 379 5772 450 5831; x_wconf 65' lang='lat' dir='ltr'><strong>(li)</strong></span> <span class='ocrx_word' id='word_1_622' title='bbox 488 5772 729 5829; x_wconf 69' lang='lat' dir='ltr'><strong>Alcuinus,</strong></span> <span class='ocrx_word' id='word_1_623' title='bbox 758 5786 867 5833; x_wconf 71' lang='lat' dir='ltr'><strong>pag.</strong></span> <span class='ocrx_word' id='word_1_624' title='bbox 894 5772 996 5830; x_wconf 67' lang='lat' dir='ltr'><strong>ﬂii,</strong></span> <span class='ocrx_word' id='word_1_625' title='bbox 1020 5773 1069 5821; x_wconf 77' lang='lat' dir='ltr'><strong>tl.</strong></span> 
     </span>
    </p>
   </div>
   <div class='ocr_carea' id='block_1_78' title="bbox 399 5833 1216 5899">
    <p class='ocr_par' dir='ltr' id='par_1_78' title="bbox 399 5833 1216 5899">
     <span class='ocr_line' id='line_1_80' title="bbox 399 5833 1216 5899; baseline -0.002 -14"><span class='ocrx_word' id='word_1_626' title='bbox 399 5851 446 5897; x_wconf 78' lang='grc' dir='ltr'>ι)</span> <span class='ocrx_word' id='word_1_627' title='bbox 482 5844 542 5885; x_wconf 73' lang='lat' dir='ltr'><strong>Lx</strong></span> <span class='ocrx_word' id='word_1_628' title='bbox 570 5836 651 5886; x_wconf 86' lang='lat' dir='ltr'><strong>lib.</strong></span> <span class='ocrx_word' id='word_1_629' title='bbox 678 5836 742 5884; x_wconf 89' lang='lat' dir='ltr'><strong>de</strong></span> <span class='ocrx_word' id='word_1_630' title='bbox 765 5833 983 5898; x_wconf 67' lang='lat' dir='ltr'><strong>Speculo,</strong></span> <span class='ocrx_word' id='word_1_631' title='bbox 1008 5848 1112 5899; x_wconf 78' lang='lat' dir='ltr'><strong>cap.</strong></span> <span class='ocrx_word' id='word_1_632' title='bbox 1140 5835 1216 5885; x_wconf 80' lang='grc'><strong>50.</strong></span> 
     </span>
    </p>
   </div>
   <div class='ocr_carea' id='block_1_79' title="bbox 1610 346 2395 412">
    <p class='ocr_par' dir='ltr' id='par_1_79' title="bbox 1610 346 2395 412">
     <span class='ocr_line' id='line_1_81' title="bbox 1610 346 2395 412; baseline 0.009 -10"><span class='ocrx_word' id='word_1_633' title='bbox 1610 346 1812 404; x_wconf 78' lang='lat' dir='ltr'><strong>LIBER</strong></span> <span class='ocrx_word' id='word_1_634' title='bbox 1850 348 2395 412; x_wconf 72' lang='lat' dir='ltr'><strong>MEDITATIONUM.</strong></span> 
     </span>
    </p>
   </div>
   <div class='ocr_carea' id='block_1_80' title="bbox 3541 372 3647 432">
    <p class='ocr_par' dir='ltr' id='par_1_80' title="bbox 3541 372 3647 432">
     <span class='ocr_line' id='line_1_82' title="bbox 3541 372 3647 432; baseline 0.038 -5"><span class='ocrx_word' id='word_1_635' title='bbox 3541 372 3647 432; x_wconf 85' lang='lat' dir='ltr'><strong>9l8</strong></span> 
     </span>
    </p>
   </div>
   <div class='ocr_carea' id='block_1_81' title="bbox 2058 467 3650 545">
    <p class='ocr_par' dir='ltr' id='par_1_81' title="bbox 2058 467 3650 545">
     <span class='ocr_line' id='line_1_83' title="bbox 2058 467 3650 545; baseline 0.016 -26"><span class='ocrx_word' id='word_1_636' title='bbox 2058 467 2350 545; x_wconf 81' lang='lat' dir='ltr'><strong>succedunt</strong></span> <span class='ocrx_word' id='word_1_637' title='bbox 2392 483 2487 537; x_wconf 86' lang='lat' dir='ltr'><strong>per</strong></span> <span class='ocrx_word' id='word_1_638' title='bbox 2523 485 2732 540; x_wconf 62' lang='lat' dir='ltr'><strong>arvum;</strong></span> <span class='ocrx_word' id='word_1_639' title='bbox 2761 473 2858 545; x_wconf 29' lang='lat' dir='ltr'><strong>[ubi</strong></span> <span class='ocrx_word' id='word_1_640' title='bbox 2884 476 3166 534; x_wconf 87' lang='lat' dir='ltr'><strong>continuus</strong></span> <span class='ocrx_word' id='word_1_641' title='bbox 3189 481 3305 539; x_wconf 87' lang='lat' dir='ltr'><strong>sine</strong></span> <span class='ocrx_word' id='word_1_642' title='bbox 3333 493 3489 541; x_wconf 90' lang='lat' dir='ltr'><strong>nocte</strong></span> <span class='ocrx_word' id='word_1_643' title='bbox 3526 488 3650 545; x_wconf 73' lang='lat' dir='ltr'><strong>dies</strong></span> 
     </span>
    </p>
   </div>
   <div class='ocr_carea' id='block_1_82' title="bbox 2056 536 3645 626">
    <p class='ocr_par' dir='ltr' id='par_1_82' title="bbox 2056 536 3645 626">
     <span class='ocr_line' id='line_1_84' title="bbox 2056 536 3645 626; baseline 0.016 -36"><span class='ocrx_word' id='word_1_644' title='bbox 2056 539 2225 626; x_wconf 72' lang='lat' dir='ltr'><strong>neseit</strong></span> <span class='ocrx_word' id='word_1_645' title='bbox 2239 536 2442 626; x_wconf 81' lang='lat' dir='ltr'><strong>habere</strong></span> <span class='ocrx_word' id='word_1_646' title='bbox 2471 549 2701 626; x_wconf 79' lang='lat' dir='ltr'><strong>tempus,</strong></span> <span class='ocrx_word' id='word_1_647' title='bbox 2716 536 3004 626; x_wconf 39' lang='lat' dir='ltr'><strong>;ubi.victor</strong></span> <span class='ocrx_word' id='word_1_648' title='bbox 3023 536 3302 626; x_wconf 30' lang='lat' dir='ltr'><strong>miles‘illis</strong></span> <span class='ocrx_word' id='word_1_649' title='bbox 3323 536 3645 626; x_wconf 53' lang='lat' dir='ltr'><strong>Mannicii</strong></span> 
     </span>
    </p>
   </div>
   <div class='ocr_carea' id='block_1_83' title="bbox 2055 607 3647 691">
    <p class='ocr_par' dir='ltr' id='par_1_83' title="bbox 2055 607 3647 691">
     <span class='ocr_line' id='line_1_85' title="bbox 2055 607 3647 691; baseline 0.018 -33"><span class='ocrx_word' id='word_1_650' title='bbox 2055 607 2377 691; x_wconf 46' lang='lat' dir='ltr'><strong>angelorum</strong></span> <span class='ocrx_word' id='word_1_651' title='bbox 2420 607 2652 691; x_wconf 78' lang='lat' dir='ltr'><strong>sociatus</strong></span> <span class='ocrx_word' id='word_1_652' title='bbox 2680 614 2910 691; x_wconf 43' lang='lat' dir='ltr'><strong>choris,</strong></span> <span class='ocrx_word' id='word_1_653' title='bbox 2944 626 3124 673; x_wconf 88' lang='lat' dir='ltr'><strong>cantat</strong></span> <span class='ocrx_word' id='word_1_654' title='bbox 3161 607 3271 678; x_wconf 87' lang='lat' dir='ltr'><strong>Deo</strong></span> <span class='ocrx_word' id='word_1_655' title='bbox 3307 607 3647 685; x_wconf 60' lang='grc' dir='ltr'><strong>είῖιέὶῐέξεὶῖ</strong></span> 
     </span>
    </p>
   </div>
   <div class='ocr_carea' id='block_1_84' title="bbox 2055 682 3018 756">
    <p class='ocr_par' dir='ltr' id='par_1_84' title="bbox 2055 682 3018 756">
     <span class='ocr_line' id='line_1_86' title="bbox 2055 682 3018 756; baseline 0.01 -25"><span class='ocrx_word' id='word_1_656' title='bbox 2055 682 2199 735; x_wconf 88' lang='lat' dir='ltr'><strong>tione</strong></span> <span class='ocrx_word' id='word_1_657' title='bbox 2225 682 2491 736; x_wconf 87' lang='lat' dir='ltr'><strong>canticum</strong></span> <span class='ocrx_word' id='word_1_658' title='bbox 2518 682 2586 738; x_wconf 91' lang='lat' dir='ltr'><strong>de</strong></span> <span class='ocrx_word' id='word_1_659' title='bbox 2612 686 2832 741; x_wconf 89' lang='lat' dir='ltr'><strong>canticis</strong></span> <span class='ocrx_word' id='word_1_660' title='bbox 2857 686 3018 756; x_wconf 89' lang='lat' dir='ltr'><strong>Sion,</strong></span> 
     </span>
    </p>
   </div>
   <div class='ocr_carea' id='block_1_85' title="bbox 2162 814 3392 884">
    <p class='ocr_par' dir='ltr' id='par_1_85' title="bbox 2162 814 3392 884">
     <span class='ocr_line' id='line_1_87' title="bbox 2162 814 3392 884; baseline 0.014 -23"><span class='ocrx_word' id='word_1_661' title='bbox 2162 845 2167 851; x_wconf 85' lang='grc'><strong><em>-</em></strong></span> <span class='ocrx_word' id='word_1_662' title='bbox 2236 814 2401 865; x_wconf 73' lang='lat' dir='ltr'><strong>Nobile</strong></span> <span class='ocrx_word' id='word_1_663' title='bbox 2423 824 2661 880; x_wconf 84' lang='lat' dir='ltr'><strong>perpetua</strong></span> <span class='ocrx_word' id='word_1_664' title='bbox 2682 827 2826 883; x_wconf 85' lang='lat' dir='ltr'><strong>caput</strong></span> <span class='ocrx_word' id='word_1_665' title='bbox 2851 819 3182 884; x_wconf 85' lang='lat' dir='ltr'><strong>amplectente</strong></span> <span class='ocrx_word' id='word_1_666' title='bbox 3201 838 3392 878; x_wconf 86' lang='lat' dir='ltr'><strong>corona.</strong></span> 
     </span>
    </p>
   </div>
   <div class='ocr_carea' id='block_1_86' title="bbox 2055 936 3642 1025">
    <p class='ocr_par' dir='ltr' id='par_1_86' title="bbox 2055 936 3642 1025">
     <span class='ocr_line' id='line_1_88' title="bbox 2055 936 3642 1025; baseline 0.015 -35"><span class='ocrx_word' id='word_1_667' title='bbox 2055 936 2264 1025; x_wconf 63' lang='lat' dir='ltr'><strong>iitinam</strong></span> <span class='ocrx_word' id='word_1_668' title='bbox 2280 957 2532 1025; x_wconf 76' lang='lat' dir='ltr'><strong>concessa</strong></span> <span class='ocrx_word' id='word_1_669' title='bbox 2562 945 2688 1025; x_wconf 73' lang='lat' dir='ltr'><strong>mihi</strong></span> <span class='ocrx_word' id='word_1_670' title='bbox 2716 957 3052 1025; x_wconf 74' lang='lat' dir='ltr'><strong>peccatorum</strong></span> <span class='ocrx_word' id='word_1_671' title='bbox 3077 952 3229 1025; x_wconf 77' lang='lat' dir='ltr'><strong>venia</strong></span> <span class='ocrx_word' id='word_1_672' title='bbox 3250 993 3265 1017; x_wconf 92' lang='lat'><strong>,</strong></span> <span class='ocrx_word' id='word_1_673' title='bbox 3292 969 3522 1025; x_wconf 73' lang='lat' dir='ltr'><strong>moxque</strong></span> <span class='ocrx_word' id='word_1_674' title='bbox 3541 957 3642 1015; x_wconf 87' lang='lat' dir='ltr'><strong>hac</strong></span> 
     </span>
    </p>
   </div>
   <div class='ocr_carea' id='block_1_87' title="bbox 2050 1014 3639 1096">
    <p class='ocr_par' dir='ltr' id='par_1_87' title="bbox 2050 1014 3639 1096">
     <span class='ocr_line' id='line_1_89' title="bbox 2050 1014 3639 1096; baseline 0.015 -37"><span class='ocrx_word' id='word_1_675' title='bbox 2050 1014 2222 1096; x_wconf 77' lang='lat' dir='ltr'><strong>carnis</strong></span> <span class='ocrx_word' id='word_1_676' title='bbox 2239 1014 2445 1096; x_wconf 81' lang='lat' dir='ltr'><strong>sarcina</strong></span> <span class='ocrx_word' id='word_1_677' title='bbox 2467 1014 2729 1096; x_wconf 71' lang='lat' dir='ltr'><strong>deposita,</strong></span> <span class='ocrx_word' id='word_1_678' title='bbox 2762 1019 2961 1096; x_wconf 78' lang='lat' dir='ltr'><strong>utinam</strong></span> <span class='ocrx_word' id='word_1_679' title='bbox 2979 1063 2995 1085; x_wconf 92' lang='lat'><strong>,</strong></span> <span class='ocrx_word' id='word_1_680' title='bbox 3028 1022 3226 1096; x_wconf 84' lang='lat' dir='ltr'><strong>utinam</strong></span> <span class='ocrx_word' id='word_1_681' title='bbox 3252 1014 3308 1078; x_wconf 86' lang='lat' dir='ltr'><strong>in</strong></span> <span class='ocrx_word' id='word_1_682' title='bbox 3336 1035 3421 1079; x_wconf 90' lang='lat' dir='ltr'><strong>tua</strong></span> <span class='ocrx_word' id='word_1_683' title='bbox 3436 1014 3639 1096; x_wconf 66' lang='lat' dir='ltr'><strong>gaudia</strong></span> 
     </span>
    </p>
   </div>
   <div class='ocr_carea' id='block_1_88' title="bbox 2049 1085 3642 1157">
    <p class='ocr_par' dir='ltr' id='par_1_88' title="bbox 2049 1085 3642 1157">
     <span class='ocr_line' id='line_1_90' title="bbox 2049 1085 3642 1157; baseline 0.015 -28"><span class='ocrx_word' id='word_1_684' title='bbox 2049 1093 2230 1157; x_wconf 78' lang='lat' dir='ltr'><strong>veram</strong></span> <span class='ocrx_word' id='word_1_685' title='bbox 2261 1085 2494 1154; x_wconf 89' lang='lat' dir='ltr'><strong>requiem</strong></span> <span class='ocrx_word' id='word_1_686' title='bbox 2527 1085 2803 1141; x_wconf 89' lang='lat' dir='ltr'><strong>habiturus</strong></span> <span class='ocrx_word' id='word_1_687' title='bbox 2829 1088 3101 1157; x_wconf 79' lang='lat' dir='ltr'><strong>intrarent,</strong></span> <span class='ocrx_word' id='word_1_688' title='bbox 3120 1102 3172 1147; x_wconf 82' lang='lat' dir='ltr'><strong>et</strong></span> <span class='ocrx_word' id='word_1_689' title='bbox 3203 1093 3253 1148; x_wconf 92' lang='lat' dir='ltr'><strong>in</strong></span> <span class='ocrx_word' id='word_1_690' title='bbox 3284 1103 3386 1149; x_wconf 77' lang='lat' dir='ltr'><strong>tua:</strong></span> <span class='ocrx_word' id='word_1_691' title='bbox 3407 1085 3642 1153; x_wconf 47' lang='lat' dir='ltr'><strong>ci‘vitatis</strong></span> 
     </span>
    </p>
   </div>
   <div class='ocr_carea' id='block_1_89' title="bbox 2051 1153 3639 1237">
    <p class='ocr_par' dir='ltr' id='par_1_89' title="bbox 2051 1153 3639 1237">
     <span class='ocr_line' id='line_1_91' title="bbox 2051 1153 3639 1237; baseline 0.016 -37"><span class='ocrx_word' id='word_1_692' title='bbox 2051 1153 2299 1237; x_wconf 50' lang='lat' dir='ltr'><strong>prieclara</strong></span> <span class='ocrx_word' id='word_1_693' title='bbox 2342 1153 2507 1237; x_wconf 73' lang='lat' dir='ltr'><strong>atque</strong></span> <span class='ocrx_word' id='word_1_694' title='bbox 2544 1157 2776 1237; x_wconf 82' lang='lat' dir='ltr'><strong>spatiosa</strong></span> <span class='ocrx_word' id='word_1_695' title='bbox 2816 1162 3051 1237; x_wconf 71' lang='lat' dir='ltr'><strong>mantia,</strong></span> <span class='ocrx_word' id='word_1_696' title='bbox 3084 1153 3351 1219; x_wconf 71' lang='lat' dir='ltr'><strong>cumnam</strong></span> <span class='ocrx_word' id='word_1_697' title='bbox 3396 1167 3519 1221; x_wconf 74' lang='lat' dir='ltr'><strong>vita:</strong></span> <span class='ocrx_word' id='word_1_698' title='bbox 3569 1170 3639 1225; x_wconf 85' lang='lat' dir='ltr'><strong>de</strong></span> 
     </span>
    </p>
   </div>
   <div class='ocr_carea' id='block_1_90' title="bbox 2048 1224 3637 1304">
    <p class='ocr_par' dir='ltr' id='par_1_90' title="bbox 2048 1224 3637 1304">
     <span class='ocr_line' id='line_1_92' title="bbox 2048 1224 3637 1304; baseline 0.013 -32"><span class='ocrx_word' id='word_1_699' title='bbox 2048 1234 2206 1304; x_wconf 74' lang='lat' dir='ltr'><strong>mann</strong></span> <span class='ocrx_word' id='word_1_700' title='bbox 2232 1224 2437 1304; x_wconf 62' lang='lat' dir='ltr'><strong>liomini</strong></span> <span class='ocrx_word' id='word_1_701' title='bbox 2465 1224 2780 1304; x_wconf 75' lang='lat' dir='ltr'><strong>accepturus</strong></span> <span class='ocrx_word' id='word_1_702' title='bbox 2816 1229 3122 1299; x_wconf 82' lang='lat' dir='ltr'><strong>ingrederer</strong></span> <span class='ocrx_word' id='word_1_703' title='bbox 3152 1252 3165 1288; x_wconf 89' lang='lat'><strong>:</strong></span> <span class='ocrx_word' id='word_1_704' title='bbox 3190 1244 3246 1288; x_wconf 94' lang='grc' dir='ltr'><strong>ιιι</strong></span> <span class='ocrx_word' id='word_1_705' title='bbox 3281 1236 3359 1304; x_wconf 84' lang='grc' dir='ltr'>(ιι)</span> <span class='ocrx_word' id='word_1_706' title='bbox 3385 1237 3487 1290; x_wconf 82' lang='lat' dir='ltr'><strong>illis</strong></span> <span class='ocrx_word' id='word_1_707' title='bbox 3507 1224 3637 1292; x_wconf 49' lang='lat' dir='ltr'><strong>san;</strong></span> 
     </span>
    </p>
   </div>
   <div class='ocr_carea' id='block_1_91' title="bbox 2047 1292 3636 1377">
    <p class='ocr_par' dir='ltr' id='par_1_91' title="bbox 2047 1292 3636 1377">
     <span class='ocr_line' id='line_1_93' title="bbox 2047 1292 3636 1377; baseline 0.015 -37"><span class='ocrx_word' id='word_1_708' title='bbox 2047 1292 2300 1377; x_wconf 54' lang='lat' dir='ltr'><strong>eiissitnis</strong></span> <span class='ocrx_word' id='word_1_709' title='bbox 2329 1294 2512 1377; x_wconf 64' lang='lat' dir='ltr'><strong>choris</strong></span> <span class='ocrx_word' id='word_1_710' title='bbox 2533 1292 2951 1377; x_wconf 44' lang='lat' dir='ltr'><strong>interessentfut</strong></span> <span class='ocrx_word' id='word_1_711' title='bbox 2977 1316 3099 1356; x_wconf 89' lang='lat' dir='ltr'><strong>cum</strong></span> <span class='ocrx_word' id='word_1_712' title='bbox 3130 1292 3449 1361; x_wconf 54' lang='lat' dir='ltr'><strong>beatissi&#39;tnis</strong></span> <span class='ocrx_word' id='word_1_713' title='bbox 3473 1310 3636 1377; x_wconf 83' lang='lat' dir='ltr'><strong>spiri-</strong></span> 
     </span>
    </p>
   </div>
   <div class='ocr_carea' id='block_1_92' title="bbox 2047 1360 3634 1444">
    <p class='ocr_par' dir='ltr' id='par_1_92' title="bbox 2047 1360 3634 1444">
     <span class='ocr_line' id='line_1_94' title="bbox 2047 1360 3634 1444; baseline 0.014 -32"><span class='ocrx_word' id='word_1_714' title='bbox 2047 1360 2187 1444; x_wconf 62' lang='lat' dir='ltr'><strong>iibus</strong></span> <span class='ocrx_word' id='word_1_715' title='bbox 2228 1363 2424 1444; x_wconf 71' lang='lat' dir='ltr'><strong>gloria:</strong></span> <span class='ocrx_word' id='word_1_716' title='bbox 2474 1366 2775 1423; x_wconf 80' lang='lat' dir='ltr'><strong>Conditoris</strong></span> <span class='ocrx_word' id='word_1_717' title='bbox 2822 1360 3163 1444; x_wconf 71' lang='lat' dir='ltr'><strong>assisteretn,</strong></span> <span class='ocrx_word' id='word_1_718' title='bbox 3211 1384 3268 1429; x_wconf 88' lang='lat' dir='ltr'><strong>ttt</strong></span> <span class='ocrx_word' id='word_1_719' title='bbox 3312 1360 3634 1444; x_wconf 20' lang='lat' dir='ltr'><strong>praeseut‘eut</strong></span> 
     </span>
    </p>
   </div>
   <div class='ocr_carea' id='block_1_93' title="bbox 2044 1429 3633 1511">
    <p class='ocr_par' dir='ltr' id='par_1_93' title="bbox 2044 1429 3633 1511">
     <span class='ocr_line' id='line_1_95' title="bbox 2044 1429 3633 1511; baseline 0.014 -29"><span class='ocrx_word' id='word_1_720' title='bbox 2044 1429 2472 1511; x_wconf 53' lang='lat' dir='ltr'><strong>glit‘isti&#39;vultum</strong></span> <span class='ocrx_word' id='word_1_721' title='bbox 2499 1452 2805 1511; x_wconf 82' lang='lat' dir='ltr'><strong>cernerem,</strong></span> <span class='ocrx_word' id='word_1_722' title='bbox 2836 1450 2904 1511; x_wconf 87' lang='grc' dir='ltr'><strong>ιιι</strong></span> <span class='ocrx_word' id='word_1_723' title='bbox 2927 1442 3051 1495; x_wconf 90' lang='lat' dir='ltr'><strong>illud</strong></span> <span class='ocrx_word' id='word_1_724' title='bbox 3081 1429 3633 1504; x_wconf 9' lang='lat' dir='ltr'><strong>suntmquretincffa:</strong></span> 
     </span>
    </p>
   </div>
   <div class='ocr_carea' id='block_1_94' title="bbox 2045 1500 3628 1585">
    <p class='ocr_par' dir='ltr' id='par_1_94' title="bbox 2045 1500 3628 1585">
     <span class='ocr_line' id='line_1_96' title="bbox 2045 1500 3628 1585; baseline 0.014 -33"><span class='ocrx_word' id='word_1_725' title='bbox 2045 1500 2151 1585; x_wconf 74' lang='lat' dir='ltr'><strong>bile</strong></span> <span class='ocrx_word' id='word_1_726' title='bbox 2185 1512 2240 1558; x_wconf 92' lang='lat' dir='ltr'><strong>et</strong></span> <span class='ocrx_word' id='word_1_727' title='bbox 2278 1500 2803 1585; x_wconf 73' lang='lat' dir='ltr'><strong>incircumscriptum</strong></span> <span class='ocrx_word' id='word_1_728' title='bbox 2833 1510 3007 1585; x_wconf 74' lang='lat' dir='ltr'><strong>iumen</strong></span> <span class='ocrx_word' id='word_1_729' title='bbox 3048 1528 3261 1585; x_wconf 84' lang='lat' dir='ltr'><strong>semper</strong></span> <span class='ocrx_word' id='word_1_730' title='bbox 3296 1500 3628 1585; x_wconf 70' lang='lat' dir='ltr'><strong>aspicerent,</strong></span> 
     </span>
    </p>
   </div>
   <div class='ocr_carea' id='block_1_95' title="bbox 2043 1576 3633 1656">
    <p class='ocr_par' dir='ltr' id='par_1_95' title="bbox 2043 1576 3633 1656">
     <span class='ocr_line' id='line_1_97' title="bbox 2043 1576 3633 1656; baseline 0.013 -33"><span class='ocrx_word' id='word_1_731' title='bbox 2043 1576 2224 1656; x_wconf 83' lang='lat' dir='ltr'><strong>sicque</strong></span> <span class='ocrx_word' id='word_1_732' title='bbox 2251 1576 2396 1631; x_wconf 88' lang='lat' dir='ltr'><strong>nullo</strong></span> <span class='ocrx_word' id='word_1_733' title='bbox 2421 1588 2561 1631; x_wconf 87' lang='lat' dir='ltr'><strong>tttetu</strong></span> <span class='ocrx_word' id='word_1_734' title='bbox 2584 1576 2933 1656; x_wconf 64' lang='lat' dir='ltr'><strong>mortisitffici</strong></span> <span class='ocrx_word' id='word_1_735' title='bbox 2958 1622 2972 1645; x_wconf 89' lang='lat'><strong>,</strong></span> <span class='ocrx_word' id='word_1_736' title='bbox 3001 1576 3187 1656; x_wconf 76' lang='lat' dir='ltr'><strong>seddé</strong></span> <span class='ocrx_word' id='word_1_737' title='bbox 3217 1576 3633 1656; x_wconf 56' lang='lat' dir='ltr'><strong>ittcor&#39;ruptiouis</strong></span> 
     </span>
    </p>
   </div>
   <div class='ocr_carea' id='block_1_96' title="bbox 2043 1647 3341 1720">
    <p class='ocr_par' dir='ltr' id='par_1_96' title="bbox 2043 1647 3341 1720">
     <span class='ocr_line' id='line_1_98' title="bbox 2043 1647 3341 1720; baseline 0.012 -26"><span class='ocrx_word' id='word_1_738' title='bbox 2043 1654 2556 1720; x_wconf 51' lang='lat' dir='ltr'><strong>perpennennunere</strong></span> <span class='ocrx_word' id='word_1_739' title='bbox 2582 1647 2750 1720; x_wconf 74' lang='lat' dir='ltr'><strong>iaztari</strong></span> <span class='ocrx_word' id='word_1_740' title='bbox 2777 1650 2793 1681; x_wconf 76' lang='grc'>⁸</span> <span class='ocrx_word' id='word_1_741' title='bbox 2828 1665 3037 1720; x_wconf 88' lang='lat' dir='ltr'><strong>possem</strong></span> <span class='ocrx_word' id='word_1_742' title='bbox 3062 1653 3178 1708; x_wconf 88' lang='lat' dir='ltr'><strong>sine</strong></span> <span class='ocrx_word' id='word_1_743' title='bbox 3203 1655 3341 1711; x_wconf 83' lang='lat' dir='ltr'><strong>line!</strong></span> 
     </span>
    </p>
   </div>
   <div class='ocr_carea' id='block_1_97' title="bbox 2111 1713 3628 1793">
    <p class='ocr_par' dir='ltr' id='par_1_97' title="bbox 2111 1713 3628 1793">
     <span class='ocr_line' id='line_1_99' title="bbox 2111 1713 3628 1793; baseline 0.011 -27"><span class='ocrx_word' id='word_1_744' title='bbox 2111 1713 2338 1793; x_wconf 43' lang='lat' dir='ltr'><strong>QAPUZI‘</strong></span> <span class='ocrx_word' id='word_1_745' title='bbox 2360 1715 2545 1771; x_wconf 80' lang='lat' dir='ltr'><strong>XXIII.</strong></span> <span class='ocrx_word' id='word_1_746' title='bbox 2567 1713 2875 1772; x_wconf 75' lang='lat' dir='ltr'><strong>Sanctorum</strong></span> <span class='ocrx_word' id='word_1_747' title='bbox 2902 1721 3019 1793; x_wconf 84' lang='lat' dir='ltr'><strong>hinc</strong></span> <span class='ocrx_word' id='word_1_748' title='bbox 3046 1723 3368 1793; x_wconf 84' lang='lat' dir='ltr'><strong>migrantium</strong></span> <span class='ocrx_word' id='word_1_749' title='bbox 3395 1728 3628 1792; x_wconf 74' lang='lat' dir='ltr'><strong>felicitas.</strong></span> 
     </span>
    </p>
   </div>
   <div class='ocr_carea' id='block_1_98' title="bbox 2041 1780 3632 1856">
    <p class='ocr_par' dir='ltr' id='par_1_98' title="bbox 2041 1780 3632 1856">
     <span class='ocr_line' id='line_1_100' title="bbox 2041 1780 3632 1856; baseline 0.011 -21"><span class='ocrx_word' id='word_1_750' title='bbox 2041 1780 2190 1856; x_wconf 66' lang='lat' dir='ltr'><strong>Felix</strong></span> <span class='ocrx_word' id='word_1_751' title='bbox 2221 1787 2394 1840; x_wconf 90' lang='lat' dir='ltr'><strong>anima</strong></span> <span class='ocrx_word' id='word_1_752' title='bbox 2433 1803 2551 1856; x_wconf 73' lang='lat' dir='ltr'><strong>qure</strong></span> <span class='ocrx_word' id='word_1_753' title='bbox 2581 1799 2791 1843; x_wconf 90' lang='lat' dir='ltr'><strong>terreno</strong></span> <span class='ocrx_word' id='word_1_754' title='bbox 2814 1791 3047 1845; x_wconf 85' lang='lat' dir='ltr'><strong>resoluta</strong></span> <span class='ocrx_word' id='word_1_755' title='bbox 3072 1780 3287 1848; x_wconf 60' lang='lat' dir='ltr'><strong>carcere</strong></span> <span class='ocrx_word' id='word_1_756' title='bbox 3328 1780 3490 1849; x_wconf 74' lang='lat' dir='ltr'><strong>libera</strong></span> <span class='ocrx_word' id='word_1_757' title='bbox 3516 1780 3632 1852; x_wconf 49' lang='lat' dir='ltr'><strong>rei;</strong></span> 
     </span>
    </p>
   </div>
   <div class='ocr_carea' id='block_1_99' title="bbox 2041 1851 3627 1928">
    <p class='ocr_par' dir='ltr' id='par_1_99' title="bbox 2041 1851 3627 1928">
     <span class='ocr_line' id='line_1_101' title="bbox 2041 1851 3627 1928; baseline 0.011 -24"><span class='ocrx_word' id='word_1_758' title='bbox 2041 1851 2150 1906; x_wconf 90' lang='lat' dir='ltr'><strong>lum</strong></span> <span class='ocrx_word' id='word_1_759' title='bbox 2185 1856 2344 1923; x_wconf 89' lang='lat' dir='ltr'><strong>petit!</strong></span> <span class='ocrx_word' id='word_1_760' title='bbox 2369 1851 2566 1911; x_wconf 82' lang='lat' dir='ltr'><strong>Secura</strong></span> <span class='ocrx_word' id='word_1_761' title='bbox 2590 1867 2673 1912; x_wconf 86' lang='lat' dir='ltr'><strong>est</strong></span> <span class='ocrx_word' id='word_1_762' title='bbox 2697 1868 2749 1913; x_wconf 89' lang='lat' dir='ltr'><strong>et</strong></span> <span class='ocrx_word' id='word_1_763' title='bbox 2777 1862 3078 1928; x_wconf 89' lang='lat' dir='ltr'><strong>tranquilla.</strong></span> <span class='ocrx_word' id='word_1_764' title='bbox 3110 1878 3212 1915; x_wconf 89' lang='lat' dir='ltr'><strong>non</strong></span> <span class='ocrx_word' id='word_1_765' title='bbox 3246 1864 3394 1918; x_wconf 90' lang='lat' dir='ltr'><strong>timet</strong></span> <span class='ocrx_word' id='word_1_766' title='bbox 3418 1851 3627 1921; x_wconf 83' lang='lat' dir='ltr'><strong>hostem</strong></span> 
     </span>
    </p>
   </div>
   <div class='ocr_carea' id='block_1_100' title="bbox 2040 1926 3627 2000">
    <p class='ocr_par' dir='ltr' id='par_1_100' title="bbox 2040 1926 3627 2000">
     <span class='ocr_line' id='line_1_102' title="bbox 2040 1926 3627 2000; baseline 0.009 -25"><span class='ocrx_word' id='word_1_767' title='bbox 2040 1939 2213 2000; x_wconf 84' lang='lat' dir='ltr'><strong>neque</strong></span> <span class='ocrx_word' id='word_1_768' title='bbox 2242 1937 2504 2000; x_wconf 82' lang='lat' dir='ltr'><strong>t_u0_rtc_m;</strong></span> <span class='ocrx_word' id='word_1_769' title='bbox 2538 1928 2693 1982; x_wconf 86' lang='lat' dir='ltr'><strong>habet</strong></span> <span class='ocrx_word' id='word_1_770' title='bbox 2711 1929 2859 2000; x_wconf 83' lang='lat' dir='ltr'><strong>enim</strong></span> <span class='ocrx_word' id='word_1_771' title='bbox 2880 1926 3095 2000; x_wconf 80' lang='lat' dir='ltr'><strong>semper</strong></span> <span class='ocrx_word' id='word_1_772' title='bbox 3122 1926 3471 1999; x_wconf 75' lang='lat' dir='ltr'><strong>pnesentelb,</strong></span> <span class='ocrx_word' id='word_1_773' title='bbox 3504 1949 3627 1989; x_wconf 82' lang='lat' dir='ltr'><strong>cer-</strong></span> 
     </span>
    </p>
   </div>
   <div class='ocr_carea' id='block_1_101' title="bbox 2040 1994 3625 2078">
    <p class='ocr_par' dir='ltr' id='par_1_101' title="bbox 2040 1994 3625 2078">
     <span class='ocr_line' id='line_1_103' title="bbox 2040 1994 3625 2078; baseline 0.008 -32"><span class='ocrx_word' id='word_1_774' title='bbox 2040 1994 2220 2078; x_wconf 82' lang='lat' dir='ltr'><strong>nitque</strong></span> <span class='ocrx_word' id='word_1_775' title='bbox 2250 1996 2610 2078; x_wconf 75' lang='lat' dir='ltr'><strong>indesinenter</strong></span> <span class='ocrx_word' id='word_1_776' title='bbox 2637 1994 3051 2078; x_wconf 78' lang='lat' dir='ltr'><strong>pulcherrimum</strong></span> <span class='ocrx_word' id='word_1_777' title='bbox 3085 1994 3363 2078; x_wconf 58' lang='lat' dir='ltr'><strong>Dormitum</strong></span> <span class='ocrx_word' id='word_1_778' title='bbox 3390 1994 3475 2057; x_wconf 86' lang='lat' dir='ltr'><strong>cui</strong></span> <span class='ocrx_word' id='word_1_779' title='bbox 3510 2019 3625 2078; x_wconf 84' lang='lat' dir='ltr'><strong>ser-</strong></span> 
     </span>
    </p>
   </div>
   <div class='ocr_carea' id='block_1_102' title="bbox 2041 2065 3625 2144">
    <p class='ocr_par' dir='ltr' id='par_1_102' title="bbox 2041 2065 3625 2144">
     <span class='ocr_line' id='line_1_104' title="bbox 2041 2065 3625 2144; baseline 0.008 -27"><span class='ocrx_word' id='word_1_780' title='bbox 2041 2065 2199 2144; x_wconf 76' lang='lat' dir='ltr'><strong>vivit,</strong></span> <span class='ocrx_word' id='word_1_781' title='bbox 2224 2082 2381 2135; x_wconf 90' lang='lat' dir='ltr'><strong>quem</strong></span> <span class='ocrx_word' id='word_1_782' title='bbox 2407 2065 2707 2144; x_wconf 26' lang='lat' dir='ltr'><strong>dilexit,‘et</strong></span> <span class='ocrx_word' id='word_1_783' title='bbox 2730 2068 2796 2123; x_wconf 90' lang='lat' dir='ltr'><strong>ad</strong></span> <span class='ocrx_word' id='word_1_784' title='bbox 2825 2084 2982 2138; x_wconf 90' lang='lat' dir='ltr'><strong>quem</strong></span> <span class='ocrx_word' id='word_1_785' title='bbox 3012 2071 3223 2144; x_wconf 80' lang='lat' dir='ltr'><strong>tandem</strong></span> <span class='ocrx_word' id='word_1_786' title='bbox 3251 2073 3371 2144; x_wconf 62' lang='lat' dir='ltr'><strong>[tota</strong></span> <span class='ocrx_word' id='word_1_787' title='bbox 3411 2084 3466 2127; x_wconf 91' lang='lat' dir='ltr'><strong>et</strong></span> <span class='ocrx_word' id='word_1_788' title='bbox 3503 2076 3625 2144; x_wconf 88' lang='lat' dir='ltr'><strong>glo-</strong></span> 
     </span>
    </p>
   </div>
   <div class='ocr_carea' id='block_1_103' title="bbox 2037 2136 3625 2212">
    <p class='ocr_par' dir='ltr' id='par_1_103' title="bbox 2037 2136 3625 2212">
     <span class='ocr_line' id='line_1_105' title="bbox 2037 2136 3625 2212; baseline 0.008 -25"><span class='ocrx_word' id='word_1_789' title='bbox 2037 2136 2175 2212; x_wconf 69' lang='lat' dir='ltr'><strong>riosa</strong></span> <span class='ocrx_word' id='word_1_790' title='bbox 2215 2138 2479 2212; x_wconf 78' lang='lat' dir='ltr'><strong>pervenit.</strong></span> <span class='ocrx_word' id='word_1_791' title='bbox 2513 2138 2659 2192; x_wconf 92' lang='lat' dir='ltr'><strong>llanc</strong></span> <span class='ocrx_word' id='word_1_792' title='bbox 2697 2136 3379 2212; x_wconf 17' lang='lat' dir='ltr'><strong>vero—tantmibeatitudinis</strong></span> <span class='ocrx_word' id='word_1_793' title='bbox 3402 2136 3625 2212; x_wconf 66' lang='lat' dir='ltr'><strong>gloriam</strong></span> 
     </span>
    </p>
   </div>
   <div class='ocr_carea' id='block_1_104' title="bbox 2036 2206 3624 2281">
    <p class='ocr_par' dir='ltr' id='par_1_104' title="bbox 2036 2206 3624 2281">
     <span class='ocr_line' id='line_1_106' title="bbox 2036 2206 3624 2281; baseline 0.009 -24"><span class='ocrx_word' id='word_1_794' title='bbox 2036 2206 2178 2281; x_wconf 74' lang='lat' dir='ltr'><strong>nulla</strong></span> <span class='ocrx_word' id='word_1_795' title='bbox 2208 2206 2322 2262; x_wconf 86' lang='lat' dir='ltr'><strong>dies</strong></span> <span class='ocrx_word' id='word_1_796' title='bbox 2362 2209 2598 2281; x_wconf 77' lang='lat' dir='ltr'><strong>minuet,</strong></span> <span class='ocrx_word' id='word_1_797' title='bbox 2644 2210 2819 2263; x_wconf 91' lang='lat' dir='ltr'><strong>nullus</strong></span> <span class='ocrx_word' id='word_1_798' title='bbox 2838 2209 3118 2281; x_wconf 85' lang='lat' dir='ltr'><strong>improbus</strong></span> <span class='ocrx_word' id='word_1_799' title='bbox 3153 2215 3348 2281; x_wconf 88' lang='lat' dir='ltr'><strong>poterit</strong></span> <span class='ocrx_word' id='word_1_800' title='bbox 3390 2206 3624 2271; x_wconf 64' lang='lat' dir='ltr'><strong>auferre.</strong></span> 
     </span>
    </p>
   </div>
   <div class='ocr_carea' id='block_1_105' title="bbox 2048 2274 3627 2350">
    <p class='ocr_par' dir='ltr' id='par_1_105' title="bbox 2048 2274 3627 2350">
     <span class='ocr_line' id='line_1_107' title="bbox 2048 2274 3627 2350; baseline 0.008 -22"><span class='ocrx_word' id='word_1_801' title='bbox 2048 2274 2289 2350; x_wconf 72' lang='lat' dir='ltr'><strong>Viderunt</strong></span> <span class='ocrx_word' id='word_1_802' title='bbox 2318 2295 2449 2350; x_wconf 5' lang='lat' dir='ltr'><strong>eam,</strong></span> <span class='ocrx_word' id='word_1_803' title='bbox 2464 2279 2586 2345; x_wconf 70' lang='lat' dir='ltr'><strong>lilia!</strong></span> <span class='ocrx_word' id='word_1_804' title='bbox 2604 2319 2620 2342; x_wconf 94' lang='lat'><strong>,</strong></span> <span class='ocrx_word' id='word_1_805' title='bbox 2649 2290 2694 2331; x_wconf 89' lang='lat' dir='ltr'><strong>et</strong></span> <span class='ocrx_word' id='word_1_806' title='bbox 2719 2274 3051 2333; x_wconf 75' lang='lat' dir='ltr'><strong>beatissimam</strong></span> <span class='ocrx_word' id='word_1_807' title='bbox 3080 2274 3477 2350; x_wconf 55' lang='lat' dir='ltr'><strong>praedicaverunt</strong></span> <span class='ocrx_word' id='word_1_808' title='bbox 3501 2300 3521 2335; x_wconf 87' lang='lat'><strong><em>:</em></strong></span> <span class='ocrx_word' id='word_1_809' title='bbox 3545 2302 3627 2340; x_wconf 82' lang='lat' dir='ltr'><strong>re-</strong></span> 
     </span>
    </p>
   </div>
   <div class='ocr_carea' id='block_1_106' title="bbox 2032 2347 3629 2422">
    <p class='ocr_par' dir='ltr' id='par_1_106' title="bbox 2032 2347 3629 2422">
     <span class='ocr_line' id='line_1_108' title="bbox 2032 2347 3629 2422; baseline 0.008 -24"><span class='ocrx_word' id='word_1_810' title='bbox 2032 2347 2167 2415; x_wconf 78' lang='lat' dir='ltr'><strong>gina:</strong></span> <span class='ocrx_word' id='word_1_811' title='bbox 2192 2357 2239 2401; x_wconf 78' lang='grc' dir='ltr'>ει</span> <span class='ocrx_word' id='word_1_812' title='bbox 2270 2349 2562 2422; x_wconf 60' lang='lat' dir='ltr'><strong>concubina;</strong></span> <span class='ocrx_word' id='word_1_813' title='bbox 2598 2350 2930 2403; x_wconf 68' lang='lat' dir='ltr'><strong>[nudaverant</strong></span> <span class='ocrx_word' id='word_1_814' title='bbox 2955 2347 3265 2422; x_wconf 49' lang='lat' dir='ltr'><strong>eant&#39;((.&#39;unt.</strong></span> <span class='ocrx_word' id='word_1_815' title='bbox 3308 2370 3395 2419; x_wconf 86' lang='lat' dir='ltr'><strong>vt,</strong></span> <span class='ocrx_word' id='word_1_816' title='bbox 3424 2356 3518 2422; x_wconf 80' lang='lat'><strong>8),</strong></span> <span class='ocrx_word' id='word_1_817' title='bbox 3543 2357 3629 2410; x_wconf 88' lang='lat' dir='ltr'><strong>di-</strong></span> 
     </span>
    </p>
   </div>
   <div class='ocr_carea' id='block_1_107' title="bbox 2033 2418 3630 2490">
    <p class='ocr_par' dir='ltr' id='par_1_107' title="bbox 2033 2418 3630 2490">
     <span class='ocr_line' id='line_1_109' title="bbox 2033 2418 3630 2490; baseline 0.008 -21"><span class='ocrx_word' id='word_1_818' title='bbox 2033 2427 2217 2490; x_wconf 80' lang='lat' dir='ltr'><strong>ccntcs</strong></span> <span class='ocrx_word' id='word_1_819' title='bbox 2240 2459 2253 2482; x_wconf 93' lang='lat'><strong>,</strong></span> <span class='ocrx_word' id='word_1_820' title='bbox 2284 2418 2413 2485; x_wconf 67' lang='lat' dir='ltr'><strong>Quae</strong></span> <span class='ocrx_word' id='word_1_821' title='bbox 2440 2429 2513 2473; x_wconf 83' lang='lat' dir='ltr'><strong>est</strong></span> <span class='ocrx_word' id='word_1_822' title='bbox 2540 2420 2637 2474; x_wconf 85' lang='lat' dir='ltr'><strong>ista</strong></span> <span class='ocrx_word' id='word_1_823' title='bbox 2655 2461 2669 2483; x_wconf 93' lang='lat'><strong>,</strong></span> <span class='ocrx_word' id='word_1_824' title='bbox 2697 2436 2811 2489; x_wconf 73' lang='lat' dir='ltr'><strong>qua:</strong></span> <span class='ocrx_word' id='word_1_825' title='bbox 2835 2422 3061 2475; x_wconf 80' lang='lat' dir='ltr'><strong>ascendit</strong></span> <span class='ocrx_word' id='word_1_826' title='bbox 3084 2418 3149 2475; x_wconf 80' lang='lat' dir='ltr'><strong>de</strong></span> <span class='ocrx_word' id='word_1_827' title='bbox 3171 2418 3402 2490; x_wconf 79' lang='lat' dir='ltr'><strong>deserto,</strong></span> <span class='ocrx_word' id='word_1_828' title='bbox 3431 2418 3630 2481; x_wconf 73' lang='lat' dir='ltr'><strong>deliciis</strong></span> 
     </span>
    </p>
   </div>
   <div class='ocr_carea' id='block_1_108' title="bbox 2031 2487 3623 2566">
    <p class='ocr_par' dir='ltr' id='par_1_108' title="bbox 2031 2487 3623 2566">
     <span class='ocr_line' id='line_1_110' title="bbox 2031 2487 3623 2566; baseline 0.008 -26"><span class='ocrx_word' id='word_1_829' title='bbox 2031 2487 2492 2566; x_wconf 60' lang='lat' dir='ltr'><strong>aﬂuens,_innim</strong></span> <span class='ocrx_word' id='word_1_830' title='bbox 2539 2487 2967 2566; x_wconf 24' lang='lat' dir='ltr'><strong>sttper‘diiectum</strong></span> <span class='ocrx_word' id='word_1_831' title='bbox 3013 2508 3163 2546; x_wconf 83' lang='lat' dir='ltr'><strong>suum</strong></span> <span class='ocrx_word' id='word_1_832' title='bbox 3210 2492 3321 2564; x_wconf 88' lang='lat' dir='ltr'><strong>(Id.</strong></span> <span class='ocrx_word' id='word_1_833' title='bbox 3353 2487 3476 2562; x_wconf 80' lang='lat' dir='ltr'><strong>VIII,</strong></span> <span class='ocrx_word' id='word_1_834' title='bbox 3519 2497 3623 2566; x_wconf 80' lang='lat'><strong>5)?</strong></span> 
     </span>
    </p>
   </div>
   <div class='ocr_carea' id='block_1_109' title="bbox 2037 2558 3621 2636">
    <p class='ocr_par' dir='ltr' id='par_1_109' title="bbox 2037 2558 3621 2636">
     <span class='ocr_line' id='line_1_111' title="bbox 2037 2558 3621 2636; baseline 0.007 -26"><span class='ocrx_word' id='word_1_835' title='bbox 2037 2558 2177 2636; x_wconf 51' lang='lat' dir='ltr'><strong>Quin</strong></span> <span class='ocrx_word' id='word_1_836' title='bbox 2188 2569 2261 2612; x_wconf 86' lang='lat' dir='ltr'><strong>est</strong></span> <span class='ocrx_word' id='word_1_837' title='bbox 2285 2558 2382 2636; x_wconf 79' lang='lat' dir='ltr'><strong>ista</strong></span> <span class='ocrx_word' id='word_1_838' title='bbox 2397 2602 2412 2626; x_wconf 90' lang='lat'><strong>,</strong></span> <span class='ocrx_word' id='word_1_839' title='bbox 2440 2576 2553 2629; x_wconf 82' lang='lat' dir='ltr'><strong>qua:</strong></span> <span class='ocrx_word' id='word_1_840' title='bbox 2583 2558 3049 2636; x_wconf 67' lang='lat' dir='ltr'><strong>progreditursicut</strong></span> <span class='ocrx_word' id='word_1_841' title='bbox 3072 2558 3259 2636; x_wconf 72' lang='lat' dir='ltr'><strong>aurora</strong></span> <span class='ocrx_word' id='word_1_842' title='bbox 3276 2558 3584 2636; x_wconf 65' lang='lat' dir='ltr'><strong>consurgens</strong></span> <span class='ocrx_word' id='word_1_843' title='bbox 3605 2609 3621 2627; x_wconf 87' lang='lat'><strong>.</strong></span> 
     </span>
    </p>
   </div>
   <div class='ocr_carea' id='block_1_110' title="bbox 2031 2628 3625 2697">
    <p class='ocr_par' dir='ltr' id='par_1_110' title="bbox 2031 2628 3625 2697">
     <span class='ocr_line' id='line_1_112' title="bbox 2031 2628 3625 2697; baseline 0.008 -19"><span class='ocrx_word' id='word_1_844' title='bbox 2031 2628 2246 2697; x_wconf 81' lang='lat' dir='ltr'><strong>pulchra</strong></span> <span class='ocrx_word' id='word_1_845' title='bbox 2276 2639 2329 2682; x_wconf 90' lang='lat' dir='ltr'><strong>ut</strong></span> <span class='ocrx_word' id='word_1_846' title='bbox 2359 2628 2481 2684; x_wconf 83' lang='lat' dir='ltr'><strong>luna</strong></span> <span class='ocrx_word' id='word_1_847' title='bbox 2504 2672 2518 2692; x_wconf 91' lang='lat'><strong>,</strong></span> <span class='ocrx_word' id='word_1_848' title='bbox 2557 2628 2714 2685; x_wconf 71' lang='lat' dir='ltr'><strong>electa</strong></span> <span class='ocrx_word' id='word_1_849' title='bbox 2748 2640 2800 2684; x_wconf 87' lang='lat' dir='ltr'><strong>ut</strong></span> <span class='ocrx_word' id='word_1_850' title='bbox 2836 2632 2945 2697; x_wconf 85' lang='lat' dir='ltr'><strong>sol,</strong></span> <span class='ocrx_word' id='word_1_851' title='bbox 2988 2634 3223 2689; x_wconf 85' lang='lat' dir='ltr'><strong>terribilis</strong></span> <span class='ocrx_word' id='word_1_852' title='bbox 3252 2647 3307 2689; x_wconf 84' lang='lat' dir='ltr'><strong>ut</strong></span> <span class='ocrx_word' id='word_1_853' title='bbox 3343 2628 3625 2691; x_wconf 62' lang='lat' dir='ltr'><strong>castrorum</strong></span> 
     </span>
    </p>
   </div>
   <div class='ocr_carea' id='block_1_111' title="bbox 2030 2698 3622 2773">
    <p class='ocr_par' dir='ltr' id='par_1_111' title="bbox 2030 2698 3622 2773">
     <span class='ocr_line' id='line_1_113' title="bbox 2030 2698 3622 2773; baseline 0.008 -23"><span class='ocrx_word' id='word_1_854' title='bbox 2030 2699 2168 2773; x_wconf 77' lang='lat' dir='ltr'><strong>acies</strong></span> <span class='ocrx_word' id='word_1_855' title='bbox 2186 2700 2420 2773; x_wconf 80' lang='lat' dir='ltr'><strong>ordinata</strong></span> <span class='ocrx_word' id='word_1_856' title='bbox 2449 2698 2558 2773; x_wconf 89' lang='lat' dir='ltr'><strong>(Id.</strong></span> <span class='ocrx_word' id='word_1_857' title='bbox 2593 2718 2675 2766; x_wconf 85' lang='lat' dir='ltr'><strong>vt,</strong></span> <span class='ocrx_word' id='word_1_858' title='bbox 2725 2702 2825 2770; x_wconf 87' lang='lat'><strong>9)?</strong></span> <span class='ocrx_word' id='word_1_859' title='bbox 2866 2703 3034 2767; x_wconf 81' lang='lat' dir='ltr'><strong>Quam</strong></span> <span class='ocrx_word' id='word_1_860' title='bbox 3075 2703 3194 2758; x_wconf 63' lang='lat' dir='ltr'><strong>Iusta</strong></span> <span class='ocrx_word' id='word_1_861' title='bbox 3237 2706 3383 2772; x_wconf 76' lang='lat' dir='ltr'><strong>exit,</strong></span> <span class='ocrx_word' id='word_1_862' title='bbox 3432 2708 3622 2762; x_wconf 89' lang='lat' dir='ltr'><strong>festina</strong></span> 
     </span>
    </p>
   </div>
   <div class='ocr_carea' id='block_1_112' title="bbox 2029 2770 3624 2834">
    <p class='ocr_par' dir='ltr' id='par_1_112' title="bbox 2029 2770 3624 2834">
     <span class='ocr_line' id='line_1_114' title="bbox 2029 2770 3624 2834; baseline 0.007 -13"><span class='ocrx_word' id='word_1_863' title='bbox 2029 2770 2214 2834; x_wconf 89' lang='lat' dir='ltr'><strong>currit,</strong></span> <span class='ocrx_word' id='word_1_864' title='bbox 2235 2772 2255 2802; x_wconf 86' lang='grc'>²</span> <span class='ocrx_word' id='word_1_865' title='bbox 2277 2786 2398 2824; x_wconf 90' lang='lat' dir='ltr'><strong>cum</strong></span> <span class='ocrx_word' id='word_1_866' title='bbox 2421 2770 2674 2826; x_wconf 85' lang='lat' dir='ltr'><strong>dilectum</strong></span> <span class='ocrx_word' id='word_1_867' title='bbox 2696 2786 2848 2827; x_wconf 79' lang='lat' dir='ltr'><strong>suurn</strong></span> <span class='ocrx_word' id='word_1_868' title='bbox 2870 2773 2968 2827; x_wconf 88' lang='lat' dir='ltr'><strong>sibi</strong></span> <span class='ocrx_word' id='word_1_869' title='bbox 2990 2773 3253 2833; x_wconf 86' lang='lat' dir='ltr'><strong>dicentem</strong></span> <span class='ocrx_word' id='word_1_870' title='bbox 3275 2770 3517 2831; x_wconf 79' lang='lat' dir='ltr'><strong>attonitis</strong></span> <span class='ocrx_word' id='word_1_871' title='bbox 3533 2792 3624 2833; x_wconf 71' lang='lat' dir='ltr'><strong>auo</strong></span> 
     </span>
    </p>
   </div>
   <div class='ocr_carea' id='block_1_113' title="bbox 2031 2839 3620 2916">
    <p class='ocr_par' dir='ltr' id='par_1_113' title="bbox 2031 2839 3620 2916">
     <span class='ocr_line' id='line_1_115' title="bbox 2031 2839 3620 2916; baseline 0.008 -24"><span class='ocrx_word' id='word_1_872' title='bbox 2031 2839 2177 2916; x_wconf 81' lang='lat' dir='ltr'><strong>ribus</strong></span> <span class='ocrx_word' id='word_1_873' title='bbox 2212 2842 2361 2916; x_wconf 83' lang='lat' dir='ltr'><strong>audit</strong></span> <span class='ocrx_word' id='word_1_874' title='bbox 2393 2842 2638 2916; x_wconf 80' lang='lat' dir='ltr'><strong>:_Surge,</strong></span> <span class='ocrx_word' id='word_1_875' title='bbox 2677 2844 2994 2916; x_wconf 23' lang='lat' dir='ltr'><strong>amicaumea</strong></span> <span class='ocrx_word' id='word_1_876' title='bbox 3019 2844 3071 2910; x_wconf 85' lang='grc'><em>³,</em></span> <span class='ocrx_word' id='word_1_877' title='bbox 3116 2849 3344 2916; x_wconf 84' lang='lat' dir='ltr'><strong>speciosa</strong></span> <span class='ocrx_word' id='word_1_878' title='bbox 3382 2865 3492 2901; x_wconf 77' lang='lat' dir='ltr'><strong>mea</strong></span> <span class='ocrx_word' id='word_1_879' title='bbox 3514 2888 3530 2915; x_wconf 92' lang='lat'><strong>,</strong></span> <span class='ocrx_word' id='word_1_880' title='bbox 3572 2860 3620 2904; x_wconf 79' lang='lat' dir='ltr'><strong>et</strong></span> 
     </span>
    </p>
   </div>
   <div class='ocr_carea' id='block_1_114' title="bbox 2029 2911 3619 2987">
    <p class='ocr_par' dir='ltr' id='par_1_114' title="bbox 2029 2911 3619 2987">
     <span class='ocr_line' id='line_1_116' title="bbox 2029 2911 3619 2987; baseline 0.007 -25"><span class='ocrx_word' id='word_1_881' title='bbox 2029 2911 2139 2987; x_wconf 67' lang='lat' dir='ltr'><strong>veni</strong></span> <span class='ocrx_word' id='word_1_882' title='bbox 2166 2927 2184 2964; x_wconf 91' lang='lat'><strong><em>:</em></strong></span> <span class='ocrx_word' id='word_1_883' title='bbox 2203 2912 2317 2981; x_wconf 87' lang='lat' dir='ltr'><strong>jam</strong></span> <span class='ocrx_word' id='word_1_884' title='bbox 2352 2913 2484 2965; x_wconf 86' lang='lat' dir='ltr'><strong>enim</strong></span> <span class='ocrx_word' id='word_1_885' title='bbox 2524 2913 2682 2967; x_wconf 81' lang='lat' dir='ltr'><strong>hiems</strong></span> <span class='ocrx_word' id='word_1_886' title='bbox 2711 2914 2936 2977; x_wconf 82' lang='lat' dir='ltr'><strong>transiit,</strong></span> <span class='ocrx_word' id='word_1_887' title='bbox 2969 2916 3126 2987; x_wconf 82' lang='lat' dir='ltr'><strong>imber</strong></span> <span class='ocrx_word' id='word_1_888' title='bbox 3143 2911 3273 2987; x_wconf 66' lang='lat' dir='ltr'><strong>abiit</strong></span> <span class='ocrx_word' id='word_1_889' title='bbox 3312 2927 3358 2971; x_wconf 85' lang='lat' dir='ltr'><strong>et</strong></span> <span class='ocrx_word' id='word_1_890' title='bbox 3385 2911 3619 2987; x_wconf 74' lang='lat' dir='ltr'><strong>recessit,</strong></span> 
     </span>
    </p>
   </div>
   <div class='ocr_carea' id='block_1_115' title="bbox 2027 2981 3614 3054">
    <p class='ocr_par' dir='ltr' id='par_1_115' title="bbox 2027 2981 3614 3054">
     <span class='ocr_line' id='line_1_117' title="bbox 2027 2981 3614 3054; baseline 0.006 -21"><span class='ocrx_word' id='word_1_891' title='bbox 2027 2981 2179 3054; x_wconf 74' lang='lat' dir='ltr'><strong>ﬂores</strong></span> <span class='ocrx_word' id='word_1_892' title='bbox 2206 2992 2567 3054; x_wconf 84' lang='lat' dir='ltr'><strong>apparuerunt,</strong></span> <span class='ocrx_word' id='word_1_893' title='bbox 2597 2993 2792 3053; x_wconf 86' lang='lat' dir='ltr'><strong>tempus</strong></span> <span class='ocrx_word' id='word_1_894' title='bbox 2820 2985 3093 3054; x_wconf 84' lang='lat' dir='ltr'><strong>putationis</strong></span> <span class='ocrx_word' id='word_1_895' title='bbox 3113 2986 3332 3040; x_wconf 84' lang='lat' dir='ltr'><strong>advenit.</strong></span> <span class='ocrx_word' id='word_1_896' title='bbox 3372 2987 3479 3042; x_wconf 69' lang='lat' dir='ltr'><strong>Vos:</strong></span> <span class='ocrx_word' id='word_1_897' title='bbox 3502 2981 3614 3042; x_wconf 55' lang='lat' dir='ltr'><strong>tur;</strong></span> 
     </span>
    </p>
   </div>
   <div class='ocr_carea' id='block_1_116' title="bbox 2030 3051 3621 3127">
    <p class='ocr_par' dir='ltr' id='par_1_116' title="bbox 2030 3051 3621 3127">
     <span class='ocr_line' id='line_1_118' title="bbox 2030 3051 3621 3127; baseline 0.006 -23"><span class='ocrx_word' id='word_1_898' title='bbox 2030 3051 2156 3105; x_wconf 86' lang='lat' dir='ltr'><strong>turis</strong></span> <span class='ocrx_word' id='word_1_899' title='bbox 2194 3053 2368 3127; x_wconf 75' lang='lat' dir='ltr'><strong>audita</strong></span> <span class='ocrx_word' id='word_1_900' title='bbox 2406 3064 2478 3108; x_wconf 87' lang='lat' dir='ltr'><strong>est</strong></span> <span class='ocrx_word' id='word_1_901' title='bbox 2514 3055 2565 3127; x_wconf 86' lang='lat' dir='ltr'><strong>in</strong></span> <span class='ocrx_word' id='word_1_902' title='bbox 2594 3051 2726 3127; x_wconf 74' lang='lat' dir='ltr'><strong>terra</strong></span> <span class='ocrx_word' id='word_1_903' title='bbox 2756 3051 2961 3127; x_wconf 74' lang='lat' dir='ltr'><strong>nostra,</strong></span> <span class='ocrx_word' id='word_1_904' title='bbox 2994 3058 3122 3127; x_wconf 75' lang='lat' dir='ltr'><strong>ﬁcus</strong></span> <span class='ocrx_word' id='word_1_905' title='bbox 3165 3059 3374 3126; x_wconf 83' lang='lat' dir='ltr'><strong>protulit</strong></span> <span class='ocrx_word' id='word_1_906' title='bbox 3418 3075 3621 3127; x_wconf 78' lang='lat' dir='ltr'><strong>graues</strong></span> 
     </span>
    </p>
   </div>
   <div class='ocr_carea' id='block_1_117' title="bbox 2025 3124 3618 3198">
    <p class='ocr_par' dir='ltr' id='par_1_117' title="bbox 2025 3124 3618 3198">
     <span class='ocr_line' id='line_1_119' title="bbox 2025 3124 3618 3198; baseline 0.003 -21"><span class='ocrx_word' id='word_1_907' title='bbox 2025 3138 2145 3177; x_wconf 88' lang='lat' dir='ltr'><strong>suos</strong></span> <span class='ocrx_word' id='word_1_908' title='bbox 2168 3164 2183 3189; x_wconf 96' lang='lat'><strong>,</strong></span> <span class='ocrx_word' id='word_1_909' title='bbox 2214 3124 2451 3198; x_wconf 75' lang='lat' dir='ltr'><strong>florentes</strong></span> <span class='ocrx_word' id='word_1_910' title='bbox 2483 3124 2639 3198; x_wconf 78' lang='lat' dir='ltr'><strong>vinea:</strong></span> <span class='ocrx_word' id='word_1_911' title='bbox 2666 3124 2910 3179; x_wconf 75' lang='lat' dir='ltr'><strong>dederunt</strong></span> <span class='ocrx_word' id='word_1_912' title='bbox 2947 3124 3173 3198; x_wconf 75' lang='lat' dir='ltr'><strong>odorem.</strong></span> <span class='ocrx_word' id='word_1_913' title='bbox 3206 3124 3618 3198; x_wconf 41' lang='lat' dir='ltr'><strong>Surgefprope-</strong></span> 
     </span>
    </p>
   </div>
   <div class='ocr_carea' id='block_1_118' title="bbox 2026 3195 3615 3269">
    <p class='ocr_par' dir='ltr' id='par_1_118' title="bbox 2026 3195 3615 3269">
     <span class='ocr_line' id='line_1_120' title="bbox 2026 3195 3615 3269; baseline 0.004 -22"><span class='ocrx_word' id='word_1_914' title='bbox 2026 3208 2116 3269; x_wconf 63' lang='lat' dir='ltr'><strong>ra,</strong></span> <span class='ocrx_word' id='word_1_915' title='bbox 2143 3195 2307 3248; x_wconf 81' lang='lat' dir='ltr'><strong>amica</strong></span> <span class='ocrx_word' id='word_1_916' title='bbox 2332 3210 2440 3269; x_wconf 78' lang='lat' dir='ltr'><strong>mea</strong></span> <span class='ocrx_word' id='word_1_917' title='bbox 2460 3238 2473 3259; x_wconf 91' lang='lat'><strong>,</strong></span> <span class='ocrx_word' id='word_1_918' title='bbox 2501 3195 2725 3265; x_wconf 78' lang='lat' dir='ltr'><strong>formosa</strong></span> <span class='ocrx_word' id='word_1_919' title='bbox 2753 3212 2861 3248; x_wconf 86' lang='lat' dir='ltr'><strong>mea</strong></span> <span class='ocrx_word' id='word_1_920' title='bbox 2877 3238 2891 3260; x_wconf 94' lang='lat'><strong>,</strong></span> <span class='ocrx_word' id='word_1_921' title='bbox 2920 3196 3150 3269; x_wconf 74' lang='lat' dir='ltr'><strong>columba</strong></span> <span class='ocrx_word' id='word_1_922' title='bbox 3178 3214 3287 3269; x_wconf 83' lang='lat' dir='ltr'><strong>mea</strong></span> <span class='ocrx_word' id='word_1_923' title='bbox 3312 3195 3368 3251; x_wconf 78' lang='lat' dir='ltr'><strong>in</strong></span> <span class='ocrx_word' id='word_1_924' title='bbox 3398 3195 3585 3269; x_wconf 74' lang='lat' dir='ltr'><strong>forami</strong></span> <span class='ocrx_word' id='word_1_925' title='bbox 3593 3229 3615 3241; x_wconf 83' lang='grc' dir='ltr'><strong><em>ο</em></strong></span> 
     </span>
    </p>
   </div>
   <div class='ocr_carea' id='block_1_119' title="bbox 2027 3265 3619 3339">
    <p class='ocr_par' dir='ltr' id='par_1_119' title="bbox 2027 3265 3619 3339">
     <span class='ocr_line' id='line_1_121' title="bbox 2027 3265 3619 3339; baseline 0.005 -22"><span class='ocrx_word' id='word_1_926' title='bbox 2027 3265 2173 3318; x_wconf 86' lang='lat' dir='ltr'><strong>nibus</strong></span> <span class='ocrx_word' id='word_1_927' title='bbox 2200 3274 2380 3335; x_wconf 67' lang='lat' dir='ltr'><strong>petrae,</strong></span> <span class='ocrx_word' id='word_1_928' title='bbox 2421 3266 2472 3319; x_wconf 86' lang='lat' dir='ltr'><strong>iu</strong></span> <span class='ocrx_word' id='word_1_929' title='bbox 2499 3281 2710 3339; x_wconf 76' lang='lat' dir='ltr'><strong>caverna</strong></span> <span class='ocrx_word' id='word_1_930' title='bbox 2747 3267 2977 3339; x_wconf 75' lang='lat' dir='ltr'><strong>maceria:</strong></span> <span class='ocrx_word' id='word_1_931' title='bbox 2995 3308 3011 3339; x_wconf 51' lang='grc' dir='ltr'><strong>ρ</strong></span> <span class='ocrx_word' id='word_1_932' title='bbox 3041 3267 3245 3339; x_wconf 70' lang='lat' dir='ltr'><strong>ostende</strong></span> <span class='ocrx_word' id='word_1_933' title='bbox 3276 3265 3407 3322; x_wconf 80' lang='lat' dir='ltr'><strong>mihi</strong></span> <span class='ocrx_word' id='word_1_934' title='bbox 3437 3270 3619 3339; x_wconf 73' lang='lat' dir='ltr'><strong>ferient</strong></span> 
     </span>
    </p>
   </div>
   <div class='ocr_carea' id='block_1_120' title="bbox 2027 3335 3610 3401">
    <p class='ocr_par' dir='ltr' id='par_1_120' title="bbox 2027 3335 3610 3401">
     <span class='ocr_line' id='line_1_122' title="bbox 2027 3335 3610 3401; baseline 0.004 -12"><span class='ocrx_word' id='word_1_935' title='bbox 2027 3345 2186 3401; x_wconf 88' lang='lat' dir='ltr'><strong>tuam,</strong></span> <span class='ocrx_word' id='word_1_936' title='bbox 2214 3345 2355 3389; x_wconf 89' lang='lat' dir='ltr'><strong>sanet</strong></span> <span class='ocrx_word' id='word_1_937' title='bbox 2377 3352 2471 3389; x_wconf 73' lang='lat' dir='ltr'><strong>v03:</strong></span> <span class='ocrx_word' id='word_1_938' title='bbox 2491 3346 2577 3389; x_wconf 87' lang='lat' dir='ltr'><strong>tua</strong></span> <span class='ocrx_word' id='word_1_939' title='bbox 2606 3337 2658 3390; x_wconf 89' lang='lat' dir='ltr'><strong>in</strong></span> <span class='ocrx_word' id='word_1_940' title='bbox 2682 3335 2891 3390; x_wconf 81' lang='lat' dir='ltr'><strong>auribus</strong></span> <span class='ocrx_word' id='word_1_941' title='bbox 2912 3336 3053 3390; x_wconf 86' lang='lat' dir='ltr'><strong>meis.</strong></span> <span class='ocrx_word' id='word_1_942' title='bbox 3095 3336 3202 3392; x_wconf 74' lang='lat' dir='ltr'><strong>Vox</strong></span> <span class='ocrx_word' id='word_1_943' title='bbox 3228 3339 3361 3392; x_wconf 87' lang='lat' dir='ltr'><strong>enim</strong></span> <span class='ocrx_word' id='word_1_944' title='bbox 3384 3335 3468 3393; x_wconf 76' lang='lat' dir='ltr'><strong>tua</strong></span> <span class='ocrx_word' id='word_1_945' title='bbox 3490 3342 3610 3395; x_wconf 84' lang='lat' dir='ltr'><strong>dul-</strong></span> 
     </span>
    </p>
   </div>
   <div class='ocr_carea' id='block_1_121' title="bbox 2025 3406 3614 3478">
    <p class='ocr_par' dir='ltr' id='par_1_121' title="bbox 2025 3406 3614 3478">
     <span class='ocr_line' id='line_1_123' title="bbox 2025 3406 3614 3478; baseline 0.003 -17"><span class='ocrx_word' id='word_1_946' title='bbox 2025 3407 2097 3461; x_wconf 78' lang='lat' dir='ltr'><strong>cis</strong></span> <span class='ocrx_word' id='word_1_947' title='bbox 2122 3447 2137 3470; x_wconf 89' lang='lat'><strong>,</strong></span> <span class='ocrx_word' id='word_1_948' title='bbox 2180 3417 2226 3461; x_wconf 89' lang='lat' dir='ltr'><strong>et</strong></span> <span class='ocrx_word' id='word_1_949' title='bbox 2268 3407 2422 3478; x_wconf 71' lang='lat' dir='ltr'><strong>{acies</strong></span> <span class='ocrx_word' id='word_1_950' title='bbox 2448 3416 2534 3460; x_wconf 82' lang='lat' dir='ltr'><strong>tua</strong></span> <span class='ocrx_word' id='word_1_951' title='bbox 2576 3407 2757 3460; x_wconf 76' lang='lat' dir='ltr'><strong>decora</strong></span> <span class='ocrx_word' id='word_1_952' title='bbox 2785 3406 2894 3477; x_wconf 85' lang='lat' dir='ltr'><strong>(Id.</strong></span> <span class='ocrx_word' id='word_1_953' title='bbox 2918 3424 2980 3470; x_wconf 88' lang='lat' dir='ltr'><strong>tt,</strong></span> <span class='ocrx_word' id='word_1_954' title='bbox 3016 3407 3215 3478; x_wconf 62' lang='lat' dir='ltr'><strong>IO-Ii).</strong></span> <span class='ocrx_word' id='word_1_955' title='bbox 3250 3408 3413 3477; x_wconf 78' lang='lat' dir='ltr'><strong>Veni,</strong></span> <span class='ocrx_word' id='word_1_956' title='bbox 3446 3411 3614 3466; x_wconf 81' lang='lat' dir='ltr'><strong>electa</strong></span> 
     </span>
    </p>
   </div>
   <div class='ocr_carea' id='block_1_122' title="bbox 2026 3476 3615 3550">
    <p class='ocr_par' dir='ltr' id='par_1_122' title="bbox 2026 3476 3615 3550">
     <span class='ocr_line' id='line_1_124' title="bbox 2026 3476 3615 3550; baseline 0.003 -19"><span class='ocrx_word' id='word_1_957' title='bbox 2026 3492 2167 3543; x_wconf 90' lang='lat' dir='ltr'><strong>mea,</strong></span> <span class='ocrx_word' id='word_1_958' title='bbox 2198 3476 2436 3547; x_wconf 80' lang='lat' dir='ltr'><strong>Specinsa</strong></span> <span class='ocrx_word' id='word_1_959' title='bbox 2463 3494 2601 3550; x_wconf 81' lang='lat' dir='ltr'><strong>mea,</strong></span> <span class='ocrx_word' id='word_1_960' title='bbox 2632 3476 2876 3532; x_wconf 81' lang='lat' dir='ltr'><strong>columba</strong></span> <span class='ocrx_word' id='word_1_961' title='bbox 2906 3494 3020 3550; x_wconf 86' lang='lat' dir='ltr'><strong>mea</strong></span> <span class='ocrx_word' id='word_1_962' title='bbox 3049 3521 3062 3543; x_wconf 93' lang='lat'><strong>,</strong></span> <span class='ocrx_word' id='word_1_963' title='bbox 3096 3476 3428 3550; x_wconf 86' lang='lat' dir='ltr'><strong>immaculata</strong></span> <span class='ocrx_word' id='word_1_964' title='bbox 3458 3498 3573 3535; x_wconf 85' lang='lat' dir='ltr'><strong>mea</strong></span> <span class='ocrx_word' id='word_1_965' title='bbox 3595 3523 3615 3550; x_wconf 92' lang='lat'><strong>,</strong></span> 
     </span>
    </p>
   </div>
   <div class='ocr_carea' id='block_1_123' title="bbox 2026 3548 3613 3618">
    <p class='ocr_par' dir='ltr' id='par_1_123' title="bbox 2026 3548 3613 3618">
     <span class='ocr_line' id='line_1_125' title="bbox 2026 3548 3613 3618; baseline 0.002 -17"><span class='ocrx_word' id='word_1_966' title='bbox 2026 3563 2220 3616; x_wconf 81' lang='lat' dir='ltr'><strong>Sponsa</strong></span> <span class='ocrx_word' id='word_1_967' title='bbox 2267 3563 2382 3602; x_wconf 88' lang='lat' dir='ltr'><strong>mea</strong></span> <span class='ocrx_word' id='word_1_968' title='bbox 2413 3566 2425 3602; x_wconf 92' lang='lat'>:</span> <span class='ocrx_word' id='word_1_969' title='bbox 2459 3548 2599 3611; x_wconf 85' lang='lat' dir='ltr'><strong>veni,</strong></span> <span class='ocrx_word' id='word_1_970' title='bbox 2629 3558 2679 3603; x_wconf 90' lang='lat' dir='ltr'><strong>et</strong></span> <span class='ocrx_word' id='word_1_971' title='bbox 2721 3563 2910 3618; x_wconf 86' lang='lat' dir='ltr'><strong>ponam</strong></span> <span class='ocrx_word' id='word_1_972' title='bbox 2940 3548 3062 3603; x_wconf 85' lang='lat' dir='ltr'><strong>inte</strong></span> <span class='ocrx_word' id='word_1_973' title='bbox 3108 3549 3354 3603; x_wconf 89' lang='lat' dir='ltr'><strong>thronum</strong></span> <span class='ocrx_word' id='word_1_974' title='bbox 3400 3548 3613 3617; x_wconf 70' lang='lat' dir='ltr'><strong>meum,</strong></span> 
     </span>
    </p>
   </div>
   <div class='ocr_carea' id='block_1_124' title="bbox 2024 3618 3615 3688">
    <p class='ocr_par' dir='ltr' id='par_1_124' title="bbox 2024 3618 3615 3688">
     <span class='ocr_line' id='line_1_126' title="bbox 2024 3618 3615 3688; baseline 0.004 -19"><span class='ocrx_word' id='word_1_975' title='bbox 2024 3620 2146 3688; x_wconf 88' lang='lat' dir='ltr'><strong>quia</strong></span> <span class='ocrx_word' id='word_1_976' title='bbox 2167 3620 2445 3687; x_wconf 88' lang='lat' dir='ltr'><strong>concupivi</strong></span> <span class='ocrx_word' id='word_1_977' title='bbox 2472 3619 2706 3688; x_wconf 75' lang='lat' dir='ltr'><strong>speciem</strong></span> <span class='ocrx_word' id='word_1_978' title='bbox 2737 3628 2901 3673; x_wconf 91' lang='lat' dir='ltr'><strong>tuam.</strong></span> <span class='ocrx_word' id='word_1_979' title='bbox 2935 3618 3067 3674; x_wconf 83' lang='lat' dir='ltr'><strong>Veni</strong></span> <span class='ocrx_word' id='word_1_980' title='bbox 3098 3631 3154 3674; x_wconf 92' lang='lat' dir='ltr'><strong>ut</strong></span> <span class='ocrx_word' id='word_1_981' title='bbox 3185 3621 3376 3675; x_wconf 78' lang='lat' dir='ltr'><strong>laeteris</strong></span> <span class='ocrx_word' id='word_1_982' title='bbox 3405 3622 3455 3675; x_wconf 92' lang='lat' dir='ltr'><strong>in</strong></span> <span class='ocrx_word' id='word_1_983' title='bbox 3481 3638 3615 3676; x_wconf 81' lang='lat' dir='ltr'><strong>con-</strong></span> 
     </span>
    </p>
   </div>
   <div class='ocr_carea' id='block_1_125' title="bbox 2024 3689 3615 3760">
    <p class='ocr_par' dir='ltr' id='par_1_125' title="bbox 2024 3689 3615 3760">
     <span class='ocr_line' id='line_1_127' title="bbox 2024 3689 3615 3760; baseline 0.003 -17"><span class='ocrx_word' id='word_1_984' title='bbox 2024 3700 2210 3759; x_wconf 79' lang='lat' dir='ltr'><strong>Spectu</strong></span> <span class='ocrx_word' id='word_1_985' title='bbox 2241 3706 2359 3745; x_wconf 88' lang='lat' dir='ltr'><strong>meo</strong></span> <span class='ocrx_word' id='word_1_986' title='bbox 2387 3705 2507 3743; x_wconf 92' lang='lat' dir='ltr'><strong>cum</strong></span> <span class='ocrx_word' id='word_1_987' title='bbox 2538 3690 2753 3759; x_wconf 78' lang='lat' dir='ltr'><strong>Angelis</strong></span> <span class='ocrx_word' id='word_1_988' title='bbox 2792 3689 2961 3760; x_wconf 82' lang='lat' dir='ltr'><strong>meis,</strong></span> <span class='ocrx_word' id='word_1_989' title='bbox 3001 3704 3228 3760; x_wconf 89' lang='lat' dir='ltr'><strong>quorum</strong></span> <span class='ocrx_word' id='word_1_990' title='bbox 3265 3692 3495 3746; x_wconf 82' lang='lat' dir='ltr'><strong>societas</strong></span> <span class='ocrx_word' id='word_1_991' title='bbox 3522 3694 3615 3748; x_wconf 90' lang='lat' dir='ltr'><strong>tibi</strong></span> 
     </span>
    </p>
   </div>
   <div class='ocr_carea' id='block_1_126' title="bbox 2023 3759 3613 3831">
    <p class='ocr_par' dir='ltr' id='par_1_126' title="bbox 2023 3759 3613 3831">
     <span class='ocr_line' id='line_1_128' title="bbox 2023 3759 3613 3831; baseline 0.001 -18"><span class='ocrx_word' id='word_1_992' title='bbox 2023 3776 2053 3813; x_wconf 92' lang='lat' dir='ltr'><strong>a</strong></span> <span class='ocrx_word' id='word_1_993' title='bbox 2082 3776 2168 3815; x_wconf 91' lang='lat' dir='ltr'><strong>me</strong></span> <span class='ocrx_word' id='word_1_994' title='bbox 2207 3760 2524 3828; x_wconf 88' lang='lat' dir='ltr'><strong>repromissa</strong></span> <span class='ocrx_word' id='word_1_995' title='bbox 2550 3770 2652 3815; x_wconf 89' lang='lat' dir='ltr'><strong>est.</strong></span> <span class='ocrx_word' id='word_1_996' title='bbox 2686 3759 2816 3814; x_wconf 81' lang='lat' dir='ltr'><strong>Veni</strong></span> <span class='ocrx_word' id='word_1_997' title='bbox 2845 3769 2963 3831; x_wconf 85' lang='lat' dir='ltr'><strong>post</strong></span> <span class='ocrx_word' id='word_1_998' title='bbox 2986 3759 3149 3816; x_wconf 88' lang='lat' dir='ltr'><strong>multa</strong></span> <span class='ocrx_word' id='word_1_999' title='bbox 3180 3762 3410 3831; x_wconf 72' lang='lat' dir='ltr'><strong>pericula</strong></span> <span class='ocrx_word' id='word_1_1000' title='bbox 3439 3772 3493 3817; x_wconf 87' lang='lat' dir='ltr'><strong>et</strong></span> <span class='ocrx_word' id='word_1_1001' title='bbox 3534 3765 3613 3816; x_wconf 82' lang='lat' dir='ltr'><strong>la-</strong></span> 
     </span>
    </p>
   </div>
   <div class='ocr_carea' id='block_1_127' title="bbox 2027 3828 3617 3903">
    <p class='ocr_par' dir='ltr' id='par_1_127' title="bbox 2027 3828 3617 3903">
     <span class='ocr_line' id='line_1_129' title="bbox 2027 3828 3617 3903; baseline 0.004 -20"><span class='ocrx_word' id='word_1_1002' title='bbox 2027 3832 2183 3886; x_wconf 88' lang='lat' dir='ltr'><strong>bores</strong></span> <span class='ocrx_word' id='word_1_1003' title='bbox 2201 3871 2216 3899; x_wconf 92' lang='lat'><strong>,</strong></span> <span class='ocrx_word' id='word_1_1004' title='bbox 2249 3832 2384 3885; x_wconf 90' lang='lat' dir='ltr'><strong>intra</strong></span> <span class='ocrx_word' id='word_1_1005' title='bbox 2409 3832 2460 3884; x_wconf 93' lang='lat' dir='ltr'><strong>in</strong></span> <span class='ocrx_word' id='word_1_1006' title='bbox 2487 3831 2735 3902; x_wconf 88' lang='lat' dir='ltr'><strong>gaudium</strong></span> <span class='ocrx_word' id='word_1_1007' title='bbox 2758 3828 2967 3886; x_wconf 85' lang='lat' dir='ltr'><strong>Domini</strong></span> <span class='ocrx_word' id='word_1_1008' title='bbox 2992 3832 3086 3897; x_wconf 92' lang='lat' dir='ltr'><strong>tui,</strong></span> <span class='ocrx_word' id='word_1_1009' title='bbox 3115 3828 3257 3903; x_wconf 70' lang='lat' dir='ltr'><strong>quod</strong></span> <span class='ocrx_word' id='word_1_1010' title='bbox 3281 3849 3438 3888; x_wconf 71' lang='grc' dir='ltr'>ιιι-ιιιιο</span> <span class='ocrx_word' id='word_1_1011' title='bbox 3465 3835 3617 3889; x_wconf 87' lang='lat' dir='ltr'><strong>tollet</strong></span> 
     </span>
    </p>
   </div>
   <div class='ocr_carea' id='block_1_128' title="bbox 2022 3913 2157 3956">
    <p class='ocr_par' dir='ltr' id='par_1_128' title="bbox 2022 3913 2157 3956">
     <span class='ocr_line' id='line_1_130' title="bbox 2022 3913 2157 3956; baseline -0.007 0"><span class='ocrx_word' id='word_1_1012' title='bbox 2022 3916 2053 3956; x_wconf 87' lang='lat' dir='ltr'><strong>a</strong></span> <span class='ocrx_word' id='word_1_1013' title='bbox 2087 3913 2157 3955; x_wconf 91' lang='lat' dir='ltr'><strong>te.</strong></span> 
     </span>
    </p>
   </div>
   <div class='ocr_carea' id='block_1_129' title="bbox 2092 3970 3615 4043">
    <p class='ocr_par' dir='ltr' id='par_1_129' title="bbox 2092 3970 3615 4043">
     <span class='ocr_line' id='line_1_131' title="bbox 2092 3970 3615 4043; baseline 0.003 -17"><span class='ocrx_word' id='word_1_1014' title='bbox 2092 3971 2319 4028; x_wconf 79' lang='lat' dir='ltr'><strong>CAPUT</strong></span> <span class='ocrx_word' id='word_1_1015' title='bbox 2364 3970 2555 4028; x_wconf 76' lang='lat' dir='ltr'><strong>XXIV.</strong></span> <span class='ocrx_word' id='word_1_1016' title='bbox 2601 3971 2908 4027; x_wconf 87' lang='lat' dir='ltr'><strong>Sanctorum</strong></span> <span class='ocrx_word' id='word_1_1017' title='bbox 2958 3972 3229 4028; x_wconf 83' lang='lat' dir='ltr'><strong>invocatio.</strong></span> <span class='ocrx_word' id='word_1_1018' title='bbox 3279 3973 3359 4043; x_wconf 79' lang='lat' dir='ltr'><strong>(Il)</strong></span> <span class='ocrx_word' id='word_1_1019' title='bbox 3409 3973 3615 4030; x_wconf 71' lang='lat' dir='ltr'><strong>Felices</strong></span> 
     </span>
    </p>
   </div>
   <div class='ocr_carea' id='block_1_130' title="bbox 2021 4043 3616 4114">
    <p class='ocr_par' dir='ltr' id='par_1_130' title="bbox 2021 4043 3616 4114">
     <span class='ocr_line' id='line_1_132' title="bbox 2021 4043 3616 4114; baseline -0.001 -14"><span class='ocrx_word' id='word_1_1020' title='bbox 2021 4043 2193 4114; x_wconf 81' lang='lat' dir='ltr'><strong>sancti</strong></span> <span class='ocrx_word' id='word_1_1021' title='bbox 2221 4044 2309 4098; x_wconf 85' lang='lat' dir='ltr'><strong>Dei</strong></span> <span class='ocrx_word' id='word_1_1022' title='bbox 2340 4059 2558 4110; x_wconf 87' lang='lat' dir='ltr'><strong>omnes,</strong></span> <span class='ocrx_word' id='word_1_1023' title='bbox 2581 4044 2672 4114; x_wconf 92' lang='lat' dir='ltr'><strong>qui</strong></span> <span class='ocrx_word' id='word_1_1024' title='bbox 2699 4044 2808 4114; x_wconf 86' lang='lat' dir='ltr'><strong>jam</strong></span> <span class='ocrx_word' id='word_1_1025' title='bbox 2838 4045 3201 4112; x_wconf 73' lang='lat' dir='ltr'><strong>pertransistis</strong></span> <span class='ocrx_word' id='word_1_1026' title='bbox 3234 4046 3388 4112; x_wconf 81' lang='lat' dir='ltr'><strong>hujus</strong></span> <span class='ocrx_word' id='word_1_1027' title='bbox 3416 4057 3616 4099; x_wconf 80' lang='lat' dir='ltr'><strong>morta-</strong></span> 
     </span>
    </p>
   </div>
   <div class='ocr_carea' id='block_1_131' title="bbox 2023 4113 3616 4185">
    <p class='ocr_par' dir='ltr' id='par_1_131' title="bbox 2023 4113 3616 4185">
     <span class='ocr_line' id='line_1_133' title="bbox 2023 4113 3616 4185; baseline 0.001 -16"><span class='ocrx_word' id='word_1_1028' title='bbox 2023 4113 2186 4169; x_wconf 87' lang='lat' dir='ltr'><strong>litatis</strong></span> <span class='ocrx_word' id='word_1_1029' title='bbox 2212 4114 2459 4185; x_wconf 78' lang='lat' dir='ltr'><strong>pelagus,</strong></span> <span class='ocrx_word' id='word_1_1030' title='bbox 2490 4124 2545 4169; x_wconf 89' lang='lat' dir='ltr'><strong>ct</strong></span> <span class='ocrx_word' id='word_1_1031' title='bbox 2572 4113 2851 4184; x_wconf 86' lang='lat' dir='ltr'><strong>pervenire</strong></span> <span class='ocrx_word' id='word_1_1032' title='bbox 2881 4117 3148 4171; x_wconf 85' lang='lat' dir='ltr'><strong>meruistis</strong></span> <span class='ocrx_word' id='word_1_1033' title='bbox 3171 4116 3236 4169; x_wconf 91' lang='lat' dir='ltr'><strong>ad</strong></span> <span class='ocrx_word' id='word_1_1034' title='bbox 3261 4125 3471 4185; x_wconf 87' lang='lat' dir='ltr'><strong>portum</strong></span> <span class='ocrx_word' id='word_1_1035' title='bbox 3504 4132 3616 4185; x_wconf 82' lang='lat' dir='ltr'><strong>per-</strong></span> 
     </span>
    </p>
   </div>
   <div class='ocr_carea' id='block_1_132' title="bbox 2023 4185 3617 4255">
    <p class='ocr_par' dir='ltr' id='par_1_132' title="bbox 2023 4185 3617 4255">
     <span class='ocr_line' id='line_1_134' title="bbox 2023 4185 3617 4255; baseline 0.002 -15"><span class='ocrx_word' id='word_1_1036' title='bbox 2023 4195 2195 4254; x_wconf 79' lang='lat' dir='ltr'><strong>petua:</strong></span> <span class='ocrx_word' id='word_1_1037' title='bbox 2231 4186 2461 4255; x_wconf 88' lang='lat' dir='ltr'><strong>quietis,</strong></span> <span class='ocrx_word' id='word_1_1038' title='bbox 2493 4185 2797 4240; x_wconf 87' lang='lat' dir='ltr'><strong>secnritatis</strong></span> <span class='ocrx_word' id='word_1_1039' title='bbox 2825 4193 2879 4239; x_wconf 90' lang='lat' dir='ltr'><strong>et</strong></span> <span class='ocrx_word' id='word_1_1040' title='bbox 2920 4187 3065 4254; x_wconf 87' lang='lat' dir='ltr'><strong>pacis</strong></span> <span class='ocrx_word' id='word_1_1041' title='bbox 3109 4204 3121 4239; x_wconf 90' lang='lat'><strong>:</strong></span> <span class='ocrx_word' id='word_1_1042' title='bbox 3161 4187 3334 4241; x_wconf 88' lang='lat' dir='ltr'><strong>securi</strong></span> <span class='ocrx_word' id='word_1_1043' title='bbox 3374 4195 3430 4243; x_wconf 90' lang='lat' dir='ltr'><strong>et</strong></span> <span class='ocrx_word' id='word_1_1044' title='bbox 3470 4197 3617 4243; x_wconf 73' lang='lat' dir='ltr'><strong>trau-</strong></span> 
     </span>
    </p>
   </div>
   <div class='ocr_carea' id='block_1_133' title="bbox 2021 4254 3396 4328">
    <p class='ocr_par' dir='ltr' id='par_1_133' title="bbox 2021 4254 3396 4328">
     <span class='ocr_line' id='line_1_135' title="bbox 2021 4254 3396 4328; baseline -0.001 -18"><span class='ocrx_word' id='word_1_1045' title='bbox 2021 4256 2191 4328; x_wconf 90' lang='lat' dir='ltr'><strong>quilli,</strong></span> <span class='ocrx_word' id='word_1_1046' title='bbox 2215 4254 2534 4327; x_wconf 81' lang='lat' dir='ltr'><strong>semperque</strong></span> <span class='ocrx_word' id='word_1_1047' title='bbox 2553 4254 2724 4311; x_wconf 89' lang='lat' dir='ltr'><strong>festivi</strong></span> <span class='ocrx_word' id='word_1_1048' title='bbox 2754 4264 2919 4328; x_wconf 86' lang='lat' dir='ltr'><strong>atque</strong></span> <span class='ocrx_word' id='word_1_1049' title='bbox 2933 4256 3223 4326; x_wconf 87' lang='lat' dir='ltr'><strong>gaudentes</strong></span> <span class='ocrx_word' id='word_1_1050' title='bbox 3248 4258 3396 4313; x_wconf 88' lang='lat' dir='ltr'><strong>estis.</strong></span> 
     </span>
    </p>
   </div>
   <div class='ocr_carea' id='block_1_134' title="bbox 2091 4326 3615 4408">
    <p class='ocr_par' dir='ltr' id='par_1_134' title="bbox 2091 4326 3615 4408">
     <span class='ocr_line' id='line_1_136' title="bbox 2091 4326 3615 4408; baseline 0.001 -26"><span class='ocrx_word' id='word_1_1051' title='bbox 2091 4328 2328 4408; x_wconf 52' lang='lat' dir='ltr'><strong>Obsecro</strong></span> <span class='ocrx_word' id='word_1_1052' title='bbox 2355 4326 2455 4408; x_wconf 60' lang='lat' dir='ltr'><strong>viis</strong></span> <span class='ocrx_word' id='word_1_1053' title='bbox 2479 4342 2571 4408; x_wconf 75' lang='lat' dir='ltr'><strong>per</strong></span> <span class='ocrx_word' id='word_1_1054' title='bbox 2614 4336 2837 4408; x_wconf 82' lang='lat' dir='ltr'><strong>matrcm</strong></span> <span class='ocrx_word' id='word_1_1055' title='bbox 2873 4326 3615 4408; x_wconf 35' lang='lat' dir='ltr'><strong>cliaritatem,‘securi_estis</strong></span> 
     </span>
    </p>
   </div>
   <div class='ocr_carea' id='block_1_135' title="bbox 2020 4397 3614 4461">
    <p class='ocr_par' dir='ltr' id='par_1_135' title="bbox 2020 4397 3614 4461">
     <span class='ocr_line' id='line_1_137' title="bbox 2020 4397 3614 4461; baseline 0 -8"><span class='ocrx_word' id='word_1_1056' title='bbox 2020 4399 2087 4454; x_wconf 89' lang='lat' dir='ltr'><strong>de</strong></span> <span class='ocrx_word' id='word_1_1057' title='bbox 2115 4399 2262 4453; x_wconf 87' lang='lat' dir='ltr'><strong>vobis</strong></span> <span class='ocrx_word' id='word_1_1058' title='bbox 2282 4439 2296 4461; x_wconf 90' lang='lat'><strong>,</strong></span> <span class='ocrx_word' id='word_1_1059' title='bbox 2323 4397 2532 4452; x_wconf 88' lang='lat' dir='ltr'><strong>solliciti</strong></span> <span class='ocrx_word' id='word_1_1060' title='bbox 2561 4406 2731 4452; x_wconf 72' lang='lat' dir='ltr'><strong>estote</strong></span> <span class='ocrx_word' id='word_1_1061' title='bbox 2759 4397 2826 4452; x_wconf 90' lang='lat' dir='ltr'><strong>de</strong></span> <span class='ocrx_word' id='word_1_1062' title='bbox 2856 4398 3010 4452; x_wconf 91' lang='lat' dir='ltr'><strong>nobis</strong></span> <span class='ocrx_word' id='word_1_1063' title='bbox 3036 4416 3046 4449; x_wconf 93' lang='lat'>:</span> <span class='ocrx_word' id='word_1_1064' title='bbox 3077 4399 3249 4454; x_wconf 89' lang='lat' dir='ltr'><strong>securi</strong></span> <span class='ocrx_word' id='word_1_1065' title='bbox 3275 4402 3405 4453; x_wconf 89' lang='lat' dir='ltr'><strong>estis</strong></span> <span class='ocrx_word' id='word_1_1066' title='bbox 3434 4398 3499 4453; x_wconf 90' lang='lat' dir='ltr'><strong>de</strong></span> <span class='ocrx_word' id='word_1_1067' title='bbox 3522 4415 3614 4454; x_wconf 86' lang='lat' dir='ltr'><strong>ve-</strong></span> 
     </span>
    </p>
   </div>
   <div class='ocr_carea' id='block_1_136' title="bbox 2019 4468 3613 4537">
    <p class='ocr_par' dir='ltr' id='par_1_136' title="bbox 2019 4468 3613 4537">
     <span class='ocr_line' id='line_1_138' title="bbox 2019 4468 3613 4537; baseline 0.001 -14"><span class='ocrx_word' id='word_1_1068' title='bbox 2019 4480 2130 4523; x_wconf 89' lang='lat' dir='ltr'><strong>stra</strong></span> <span class='ocrx_word' id='word_1_1069' title='bbox 2175 4468 2599 4522; x_wconf 83' lang='lat' dir='ltr'><strong>immareescibili</strong></span> <span class='ocrx_word' id='word_1_1070' title='bbox 2629 4468 2797 4537; x_wconf 90' lang='lat' dir='ltr'><strong>gloria</strong></span> <span class='ocrx_word' id='word_1_1071' title='bbox 2817 4509 2833 4531; x_wconf 88' lang='lat'><strong>,</strong></span> <span class='ocrx_word' id='word_1_1072' title='bbox 2866 4468 3078 4523; x_wconf 76' lang='lat' dir='ltr'><strong>solliciti</strong></span> <span class='ocrx_word' id='word_1_1073' title='bbox 3125 4478 3295 4524; x_wconf 86' lang='lat' dir='ltr'><strong>estote</strong></span> <span class='ocrx_word' id='word_1_1074' title='bbox 3324 4469 3392 4524; x_wconf 87' lang='lat' dir='ltr'><strong>de</strong></span> <span class='ocrx_word' id='word_1_1075' title='bbox 3431 4482 3613 4524; x_wconf 83' lang='lat' dir='ltr'><strong>nostra</strong></span> 
     </span>
    </p>
   </div>
   <div class='ocr_carea' id='block_1_137' title="bbox 2021 4538 3611 4610">
    <p class='ocr_par' dir='ltr' id='par_1_137' title="bbox 2021 4538 3611 4610">
     <span class='ocr_line' id='line_1_139' title="bbox 2021 4538 3611 4610; baseline 0 -16"><span class='ocrx_word' id='word_1_1076' title='bbox 2021 4538 2295 4610; x_wconf 87' lang='lat' dir='ltr'><strong>multiplici</strong></span> <span class='ocrx_word' id='word_1_1077' title='bbox 2335 4538 2565 4610; x_wconf 85' lang='lat' dir='ltr'><strong>miseria.</strong></span> <span class='ocrx_word' id='word_1_1078' title='bbox 2594 4539 2701 4610; x_wconf 79' lang='lat' dir='ltr'><strong>I’er</strong></span> <span class='ocrx_word' id='word_1_1079' title='bbox 2728 4538 2900 4610; x_wconf 81' lang='lat' dir='ltr'><strong>ipsum</strong></span> <span class='ocrx_word' id='word_1_1080' title='bbox 2928 4554 3020 4610; x_wconf 89' lang='lat' dir='ltr'><strong>vos</strong></span> <span class='ocrx_word' id='word_1_1081' title='bbox 3051 4554 3211 4609; x_wconf 88' lang='lat' dir='ltr'><strong>rogo,</strong></span> <span class='ocrx_word' id='word_1_1082' title='bbox 3259 4542 3347 4610; x_wconf 91' lang='lat' dir='ltr'><strong>qui</strong></span> <span class='ocrx_word' id='word_1_1083' title='bbox 3366 4556 3471 4610; x_wconf 3' lang='lat' dir='ltr'><strong>(vos</strong></span> <span class='ocrx_word' id='word_1_1084' title='bbox 3497 4543 3611 4594; x_wconf 82' lang='lat' dir='ltr'><strong>ele-</strong></span> 
     </span>
    </p>
   </div>
   <div class='ocr_carea' id='block_1_138' title="bbox 2018 4607 3610 4679">
    <p class='ocr_par' dir='ltr' id='par_1_138' title="bbox 2018 4607 3610 4679">
     <span class='ocr_line' id='line_1_140' title="bbox 2018 4607 3610 4679; baseline -0.001 -16"><span class='ocrx_word' id='word_1_1085' title='bbox 2018 4611 2095 4679; x_wconf 87' lang='lat' dir='ltr'><strong>git</strong></span> <span class='ocrx_word' id='word_1_1086' title='bbox 2117 4651 2131 4673; x_wconf 88' lang='lat'><strong>,</strong></span> <span class='ocrx_word' id='word_1_1087' title='bbox 2159 4609 2248 4678; x_wconf 91' lang='lat' dir='ltr'><strong>qui</strong></span> <span class='ocrx_word' id='word_1_1088' title='bbox 2274 4623 2389 4679; x_wconf 3' lang='lat' dir='ltr'><strong>(vos,</strong></span> <span class='ocrx_word' id='word_1_1089' title='bbox 2411 4609 2567 4679; x_wconf 80' lang='lat' dir='ltr'><strong>tales</strong></span> <span class='ocrx_word' id='word_1_1090' title='bbox 2589 4608 2750 4675; x_wconf 87' lang='lat' dir='ltr'><strong>fecit,</strong></span> <span class='ocrx_word' id='word_1_1091' title='bbox 2778 4607 2848 4663; x_wconf 91' lang='lat' dir='ltr'><strong>de</strong></span> <span class='ocrx_word' id='word_1_1092' title='bbox 2886 4609 3038 4675; x_wconf 89' lang='lat' dir='ltr'><strong>cujus</strong></span> <span class='ocrx_word' id='word_1_1093' title='bbox 3076 4607 3467 4679; x_wconf 80' lang='lat' dir='ltr'><strong>pulchritudine</strong></span> <span class='ocrx_word' id='word_1_1094' title='bbox 3499 4611 3610 4678; x_wconf 89' lang='lat' dir='ltr'><strong>jam</strong></span> 
     </span>
    </p>
   </div>
   <div class='ocr_carea' id='block_1_139' title="bbox 2019 4677 3667 4749">
    <p class='ocr_par' dir='ltr' id='par_1_139' title="bbox 2019 4677 3667 4749">
     <span class='ocr_line' id='line_1_141' title="bbox 2019 4677 3667 4749; baseline -0.001 -15"><span class='ocrx_word' id='word_1_1095' title='bbox 2019 4677 2318 4744; x_wconf 81' lang='lat' dir='ltr'><strong>satiamini,</strong></span> <span class='ocrx_word' id='word_1_1096' title='bbox 2362 4678 2431 4749; x_wconf 87' lang='lat' dir='ltr'><strong>de</strong></span> <span class='ocrx_word' id='word_1_1097' title='bbox 2487 4677 2638 4749; x_wconf 83' lang='lat' dir='ltr'><strong>cujus</strong></span> <span class='ocrx_word' id='word_1_1098' title='bbox 2678 4677 3088 4736; x_wconf 79' lang='lat' dir='ltr'><strong>immortalitate</strong></span> <span class='ocrx_word' id='word_1_1099' title='bbox 3119 4681 3443 4735; x_wconf 89' lang='lat' dir='ltr'><strong>immortales</strong></span> <span class='ocrx_word' id='word_1_1100' title='bbox 3488 4677 3613 4734; x_wconf 75' lang='lat' dir='ltr'><strong>laeti</strong></span> <span class='ocrx_word' id='word_1_1101' title='bbox 3664 4740 3667 4743; x_wconf 96' lang='lat'><em>_</em></span> 
     </span>
    </p>
   </div>
   <div class='ocr_carea' id='block_1_140' title="bbox 2019 4747 3608 4831">
    <p class='ocr_par' dir='ltr' id='par_1_140' title="bbox 2019 4747 3608 4831">
     <span class='ocr_line' id='line_1_142' title="bbox 2019 4747 3608 4831; baseline -0.001 -26"><span class='ocrx_word' id='word_1_1102' title='bbox 2019 4750 2148 4805; x_wconf 77' lang='lat' dir='ltr'><strong>estis</strong></span> <span class='ocrx_word' id='word_1_1103' title='bbox 2171 4790 2188 4815; x_wconf 92' lang='lat'><strong>,</strong></span> <span class='ocrx_word' id='word_1_1104' title='bbox 2214 4749 2282 4830; x_wconf 77' lang='lat' dir='ltr'><strong>de</strong></span> <span class='ocrx_word' id='word_1_1105' title='bbox 2308 4748 2462 4831; x_wconf 75' lang='lat' dir='ltr'><strong>cujus</strong></span> <span class='ocrx_word' id='word_1_1106' title='bbox 2507 4747 2812 4804; x_wconf 66' lang='lat' dir='ltr'><strong>beatiSsima</strong></span> <span class='ocrx_word' id='word_1_1107' title='bbox 2851 4750 3296 4831; x_wconf 70' lang='lat' dir='ltr'><strong>visionesemper</strong></span> <span class='ocrx_word' id='word_1_1108' title='bbox 3330 4749 3571 4831; x_wconf 71' lang='lat' dir='ltr'><strong>gaudetis</strong></span> <span class='ocrx_word' id='word_1_1109' title='bbox 3592 4790 3608 4813; x_wconf 88' lang='lat'><em>.</em></span> 
     </span>
    </p>
   </div>
   <div class='ocr_carea' id='block_1_141' title="bbox 2018 4820 3606 4889">
    <p class='ocr_par' dir='ltr' id='par_1_141' title="bbox 2018 4820 3606 4889">
     <span class='ocr_line' id='line_1_143' title="bbox 2018 4820 3606 4889; baseline -0.004 -12"><span class='ocrx_word' id='word_1_1110' title='bbox 2018 4831 2190 4877; x_wconf 85' lang='lat' dir='ltr'><strong>estote</strong></span> <span class='ocrx_word' id='word_1_1111' title='bbox 2212 4820 2408 4889; x_wconf 87' lang='lat' dir='ltr'><strong>jugiter</strong></span> <span class='ocrx_word' id='word_1_1112' title='bbox 2442 4834 2709 4875; x_wconf 89' lang='lat' dir='ltr'><strong>memores</strong></span> <span class='ocrx_word' id='word_1_1113' title='bbox 2744 4822 2948 4887; x_wconf 86' lang='lat' dir='ltr'><strong>nostri;</strong></span> <span class='ocrx_word' id='word_1_1114' title='bbox 2992 4820 3269 4876; x_wconf 86' lang='lat' dir='ltr'><strong>subvenite</strong></span> <span class='ocrx_word' id='word_1_1115' title='bbox 3309 4820 3464 4876; x_wconf 87' lang='lat' dir='ltr'><strong>nobis</strong></span> <span class='ocrx_word' id='word_1_1116' title='bbox 3504 4822 3606 4872; x_wconf 84' lang='lat' dir='ltr'><strong>mi-</strong></span> 
     </span>
    </p>
   </div>
   <div class='ocr_carea' id='block_1_142' title="bbox 2017 4890 3659 4961">
    <p class='ocr_par' dir='ltr' id='par_1_142' title="bbox 2017 4890 3659 4961">
     <span class='ocr_line' id='line_1_144' title="bbox 2017 4890 3659 4961; baseline -0.001 -13"><span class='ocrx_word' id='word_1_1117' title='bbox 2017 4891 2175 4958; x_wconf 89' lang='lat' dir='ltr'><strong>seris,</strong></span> <span class='ocrx_word' id='word_1_1118' title='bbox 2198 4892 2288 4960; x_wconf 87' lang='lat' dir='ltr'><strong>qui</strong></span> <span class='ocrx_word' id='word_1_1119' title='bbox 2311 4890 2488 4945; x_wconf 89' lang='lat' dir='ltr'><strong>adhuc</strong></span> <span class='ocrx_word' id='word_1_1120' title='bbox 2528 4891 2580 4945; x_wconf 89' lang='lat' dir='ltr'><strong>in</strong></span> <span class='ocrx_word' id='word_1_1121' title='bbox 2625 4891 2741 4945; x_wconf 85' lang='lat' dir='ltr'><strong>salo</strong></span> <span class='ocrx_word' id='word_1_1122' title='bbox 2788 4890 2944 4961; x_wconf 85' lang='lat' dir='ltr'><strong>hujus</strong></span> <span class='ocrx_word' id='word_1_1123' title='bbox 2975 4900 3112 4961; x_wconf 64' lang='lat' dir='ltr'><strong>vite</strong></span> <span class='ocrx_word' id='word_1_1124' title='bbox 3136 4891 3603 4946; x_wconf 83' lang='lat' dir='ltr'><strong>circumstantibus</strong></span> <span class='ocrx_word' id='word_1_1125' title='bbox 3656 4894 3659 4897; x_wconf 38' lang='grc' dir='ltr'><strong><em>λ</em></strong></span> 
     </span>
    </p>
   </div>
   <div class='ocr_carea' id='block_1_143' title="bbox 2017 4959 3608 5032">
    <p class='ocr_par' dir='ltr' id='par_1_143' title="bbox 2017 4959 3608 5032">
     <span class='ocr_line' id='line_1_145' title="bbox 2017 4959 3608 5032; baseline -0.001 -16"><span class='ocrx_word' id='word_1_1126' title='bbox 2017 4959 2289 5032; x_wconf 86' lang='lat' dir='ltr'><strong>agitantur</strong></span> <span class='ocrx_word' id='word_1_1127' title='bbox 2333 4962 2600 5032; x_wconf 85' lang='lat' dir='ltr'><strong>procellis.</strong></span> <span class='ocrx_word' id='word_1_1128' title='bbox 2634 4961 2739 5016; x_wconf 82' lang='lat' dir='ltr'><strong>\‘os</strong></span> <span class='ocrx_word' id='word_1_1129' title='bbox 2767 4959 2933 5032; x_wconf 62' lang='lat' dir='ltr'><strong>portae</strong></span> <span class='ocrx_word' id='word_1_1130' title='bbox 2976 4959 3383 5032; x_wconf 70' lang='lat' dir='ltr'><strong>pulcherrime,</strong></span> <span class='ocrx_word' id='word_1_1131' title='bbox 3413 4977 3531 5030; x_wconf 74' lang='lat' dir='ltr'><strong>qua:</strong></span> <span class='ocrx_word' id='word_1_1132' title='bbox 3556 4961 3608 5015; x_wconf 86' lang='lat' dir='ltr'><strong>iu</strong></span> 
     </span>
    </p>
   </div>
   <div class='ocr_carea' id='block_1_144' title="bbox 2017 4979 3610 5102">
    <p class='ocr_par' dir='ltr' id='par_1_144' title="bbox 2017 4979 3610 5102">
     <span class='ocr_line' id='line_1_146' title="bbox 2017 4979 3608 5032; baseline -0.001 -16"><span class='ocrx_word' id='word_1_1133' title='bbox 2017 4979 2289 5032; x_wconf 80' lang='lat' dir='ltr'><strong>agitantur</strong></span> <span class='ocrx_word' id='word_1_1134' title='bbox 2333 4979 2600 5032; x_wconf 87' lang='lat' dir='ltr'><strong>procetns.</strong></span> <span class='ocrx_word' id='word_1_1135' title='bbox 2639 4979 2739 5016; x_wconf 71' lang='lat' dir='ltr'><strong>vos</strong></span> <span class='ocrx_word' id='word_1_1136' title='bbox 2801 4979 2933 5016; x_wconf 83' lang='lat' dir='ltr'><strong>ori-.e</strong></span> <span class='ocrx_word' id='word_1_1137' title='bbox 2976 4979 3383 5032; x_wconf 75' lang='lat' dir='ltr'><strong>putcnerrtmze,</strong></span> <span class='ocrx_word' id='word_1_1138' title='bbox 3413 4979 3531 5030; x_wconf 73' lang='lat' dir='ltr'><strong>qua:</strong></span> <span class='ocrx_word' id='word_1_1139' title='bbox 3556 4979 3608 5015; x_wconf 85' lang='lat' dir='ltr'><strong>tu</strong></span> 
     </span>
     <span class='ocr_line' id='line_1_147' title="bbox 2017 4979 3610 5102; baseline -0.001 -14"><span class='ocrx_word' id='word_1_1140' title='bbox 2017 5048 2262 5102; x_wconf 84' lang='lat' dir='ltr'><strong>magnam</strong></span> <span class='ocrx_word' id='word_1_1141' title='bbox 2281 5031 2588 5089; x_wconf 79' lang='lat' dir='ltr'><strong>surrexistis</strong></span> <span class='ocrx_word' id='word_1_1142' title='bbox 2601 4979 2955 5095; x_wconf 60' lang='lat' dir='ltr'><strong>altitudinem,</strong></span> <span class='ocrx_word' id='word_1_1143' title='bbox 2972 5032 3217 5098; x_wconf 88' lang='lat' dir='ltr'><strong>adjuvate</strong></span> <span class='ocrx_word' id='word_1_1144' title='bbox 3230 5046 3328 5086; x_wconf 92' lang='lat' dir='ltr'><strong>nos</strong></span> <span class='ocrx_word' id='word_1_1145' title='bbox 3345 5031 3447 5087; x_wconf 86' lang='lat' dir='ltr'><strong>vile</strong></span> <span class='ocrx_word' id='word_1_1146' title='bbox 3470 5047 3532 5102; x_wconf 86' lang='lat' dir='ltr'><strong>pa</strong></span> <span class='ocrx_word' id='word_1_1147' title='bbox 3541 5050 3565 5083; x_wconf 82' lang='lat' dir='ltr'><strong>v</strong></span> <span class='ocrx_word' id='word_1_1148' title='bbox 3575 5032 3610 5086; x_wconf 79' lang='lat' dir='ltr'><strong>i-</strong></span> 
     </span>
    </p>
   </div>
   <div class='ocr_carea' id='block_1_145' title="bbox 2017 5102 3667 5175">
    <p class='ocr_par' dir='ltr' id='par_1_145' title="bbox 2017 5102 3667 5175">
     <span class='ocr_line' id='line_1_148' title="bbox 2017 5102 3667 5175; baseline -0.001 -17"><span class='ocrx_word' id='word_1_1149' title='bbox 2017 5116 2292 5168; x_wconf 86' lang='lat' dir='ltr'><strong>mentum,</strong></span> <span class='ocrx_word' id='word_1_1150' title='bbox 2332 5105 2488 5175; x_wconf 88' lang='lat' dir='ltr'><strong>longe</strong></span> <span class='ocrx_word' id='word_1_1151' title='bbox 2513 5104 2734 5175; x_wconf 80' lang='lat' dir='ltr'><strong>inferius</strong></span> <span class='ocrx_word' id='word_1_1152' title='bbox 2751 5104 2955 5173; x_wconf 87' lang='lat' dir='ltr'><strong>jacens.</strong></span> <span class='ocrx_word' id='word_1_1153' title='bbox 2990 5102 3120 5157; x_wconf 87' lang='lat' dir='ltr'><strong>Date</strong></span> <span class='ocrx_word' id='word_1_1154' title='bbox 3144 5117 3356 5175; x_wconf 82' lang='lat' dir='ltr'><strong>manum</strong></span> <span class='ocrx_word' id='word_1_1155' title='bbox 3377 5143 3391 5166; x_wconf 88' lang='lat'><strong>,</strong></span> <span class='ocrx_word' id='word_1_1156' title='bbox 3423 5112 3477 5175; x_wconf 89' lang='lat' dir='ltr'><strong>ct</strong></span> <span class='ocrx_word' id='word_1_1157' title='bbox 3502 5104 3610 5175; x_wconf 86' lang='lat' dir='ltr'><strong>cri-</strong></span> <span class='ocrx_word' id='word_1_1158' title='bbox 3653 5111 3667 5175; x_wconf 65' lang='grc' dir='ltr'>ξ</span> 
     </span>
    </p>
   </div>
   <div class='ocr_carea' id='block_1_146' title="bbox 2016 5171 3606 5245">
    <p class='ocr_par' dir='ltr' id='par_1_146' title="bbox 2016 5171 3606 5245">
     <span class='ocr_line' id='line_1_149' title="bbox 2016 5171 3606 5245; baseline -0.001 -18"><span class='ocrx_word' id='word_1_1159' title='bbox 2016 5177 2122 5245; x_wconf 84' lang='lat' dir='ltr'><strong>gite</strong></span> <span class='ocrx_word' id='word_1_1160' title='bbox 2161 5176 2402 5244; x_wconf 75' lang='lat' dir='ltr'><strong>iacentes</strong></span> <span class='ocrx_word' id='word_1_1161' title='bbox 2425 5171 2605 5245; x_wconf 53' lang='lat' dir='ltr'><strong>&#39;supcr</strong></span> <span class='ocrx_word' id='word_1_1162' title='bbox 2640 5171 2799 5245; x_wconf 82' lang='lat' dir='ltr'><strong>pedes</strong></span> <span class='ocrx_word' id='word_1_1163' title='bbox 2832 5191 2845 5245; x_wconf 68' lang='grc' dir='ltr'>ς</span> <span class='ocrx_word' id='word_1_1164' title='bbox 2876 5181 2934 5245; x_wconf 87' lang='grc' dir='ltr'><strong>ιιι</strong></span> <span class='ocrx_word' id='word_1_1165' title='bbox 2970 5172 3404 5245; x_wconf 73' lang='lat' dir='ltr'><strong>convalescentes</strong></span> <span class='ocrx_word' id='word_1_1166' title='bbox 3429 5173 3495 5229; x_wconf 90' lang='lat' dir='ltr'><strong>de</strong></span> <span class='ocrx_word' id='word_1_1167' title='bbox 3521 5174 3606 5227; x_wconf 60' lang='lat' dir='ltr'><strong>in-</strong></span> 
     </span>
    </p>
   </div>
   <div class='ocr_carea' id='block_1_147' title="bbox 2018 5242 3667 5314">
    <p class='ocr_par' dir='ltr' id='par_1_147' title="bbox 2018 5242 3667 5314">
     <span class='ocr_line' id='line_1_150' title="bbox 2018 5242 3667 5314; baseline 0.001 -15"><span class='ocrx_word' id='word_1_1168' title='bbox 2018 5242 2266 5301; x_wconf 75' lang='lat' dir='ltr'><strong>firmitate</strong></span> <span class='ocrx_word' id='word_1_1169' title='bbox 2286 5288 2300 5312; x_wconf 93' lang='lat'><strong>,</strong></span> <span class='ocrx_word' id='word_1_1170' title='bbox 2330 5245 2494 5300; x_wconf 87' lang='lat' dir='ltr'><strong>fortes</strong></span> <span class='ocrx_word' id='word_1_1171' title='bbox 2513 5242 2811 5300; x_wconf 75' lang='lat' dir='ltr'><strong>efficiamur</strong></span> <span class='ocrx_word' id='word_1_1172' title='bbox 2833 5242 2882 5296; x_wconf 91' lang='lat' dir='ltr'><strong>in</strong></span> <span class='ocrx_word' id='word_1_1173' title='bbox 2916 5243 3075 5298; x_wconf 86' lang='lat' dir='ltr'><strong>bello.</strong></span> <span class='ocrx_word' id='word_1_1174' title='bbox 3113 5243 3426 5299; x_wconf 87' lang='lat' dir='ltr'><strong>lnterccdite</strong></span> <span class='ocrx_word' id='word_1_1175' title='bbox 3448 5256 3609 5314; x_wconf 82' lang='lat' dir='ltr'><strong>atque</strong></span> <span class='ocrx_word' id='word_1_1176' title='bbox 3659 5256 3667 5267; x_wconf 89' lang='lat'>&#39;</span> 
     </span>
    </p>
   </div>
   <div class='ocr_carea' id='block_1_148' title="bbox 2014 5314 3608 5385">
    <p class='ocr_par' dir='ltr' id='par_1_148' title="bbox 2014 5314 3608 5385">
     <span class='ocr_line' id='line_1_151' title="bbox 2014 5314 3608 5385; baseline -0.001 -14"><span class='ocrx_word' id='word_1_1177' title='bbox 2014 5326 2163 5371; x_wconf 78' lang='lat' dir='ltr'><strong>orate</strong></span> <span class='ocrx_word' id='word_1_1178' title='bbox 2187 5322 2494 5372; x_wconf 87' lang='lat' dir='ltr'><strong>constanter</strong></span> <span class='ocrx_word' id='word_1_1179' title='bbox 2512 5326 2672 5385; x_wconf 88' lang='lat' dir='ltr'><strong>atque</strong></span> <span class='ocrx_word' id='word_1_1180' title='bbox 2695 5314 3058 5368; x_wconf 85' lang='lat' dir='ltr'><strong>indesinenter</strong></span> <span class='ocrx_word' id='word_1_1181' title='bbox 3089 5330 3183 5383; x_wconf 91' lang='lat' dir='ltr'><strong>pro</strong></span> <span class='ocrx_word' id='word_1_1182' title='bbox 3214 5315 3368 5369; x_wconf 81' lang='lat' dir='ltr'><strong>nobis</strong></span> <span class='ocrx_word' id='word_1_1183' title='bbox 3398 5316 3608 5370; x_wconf 83' lang='lat' dir='ltr'><strong>miseris</strong></span> 
     </span>
    </p>
   </div>
   <div class='ocr_carea' id='block_1_149' title="bbox 2014 5386 3607 5459">
    <p class='ocr_par' dir='ltr' id='par_1_149' title="bbox 2014 5386 3607 5459">
     <span class='ocr_line' id='line_1_152' title="bbox 2014 5386 3607 5459; baseline 0 -17"><span class='ocrx_word' id='word_1_1184' title='bbox 2014 5389 2348 5459; x_wconf 84' lang='lat' dir='ltr'><strong>multumque</strong></span> <span class='ocrx_word' id='word_1_1185' title='bbox 2374 5387 2760 5459; x_wconf 83' lang='lat' dir='ltr'><strong>negligentibus</strong></span> <span class='ocrx_word' id='word_1_1186' title='bbox 2779 5386 3171 5457; x_wconf 81' lang='lat' dir='ltr'><strong>peccatoribus,</strong></span> <span class='ocrx_word' id='word_1_1187' title='bbox 3193 5396 3261 5441; x_wconf 87' lang='grc' dir='ltr'>ιιι·</span> <span class='ocrx_word' id='word_1_1188' title='bbox 3281 5402 3375 5456; x_wconf 86' lang='lat' dir='ltr'><strong>per</strong></span> <span class='ocrx_word' id='word_1_1189' title='bbox 3399 5397 3607 5444; x_wconf 78' lang='lat' dir='ltr'><strong>vestras</strong></span> 
     </span>
    </p>
   </div>
   <div class='ocr_carea' id='block_1_150' title="bbox 2076 5582 3508 5655">
    <p class='ocr_par' dir='ltr' id='par_1_150' title="bbox 2076 5582 3508 5655">
     <span class='ocr_line' id='line_1_153' title="bbox 2076 5582 3508 5655; baseline -0.002 -19"><span class='ocrx_word' id='word_1_1190' title='bbox 2076 5589 2091 5655; x_wconf 65' lang='grc' dir='ltr'><strong>ξ</strong></span> <span class='ocrx_word' id='word_1_1191' title='bbox 2118 5595 2201 5638; x_wconf 76' lang='lat' dir='ltr'><strong>nts.</strong></span> <span class='ocrx_word' id='word_1_1192' title='bbox 2225 5592 2382 5655; x_wconf 75' lang='lat' dir='ltr'><strong>Itett_.,</strong></span> <span class='ocrx_word' id='word_1_1193' title='bbox 2404 5586 2467 5636; x_wconf 85' lang='lat' dir='ltr'><strong>de</strong></span> <span class='ocrx_word' id='word_1_1194' title='bbox 2483 5583 2843 5655; x_wconf 59' lang='grc' dir='ltr'><strong>ἰιιειιιζινιιριίοειοΔ</strong></span> <span class='ocrx_word' id='word_1_1195' title='bbox 2855 5589 3115 5655; x_wconf 34' lang='lat' dir='ltr'><strong>perpetuas.</strong></span> <span class='ocrx_word' id='word_1_1196' title='bbox 3134 5583 3307 5655; x_wconf 67' lang='lat' dir='ltr'><strong>glorirc</strong></span> <span class='ocrx_word' id='word_1_1197' title='bbox 3332 5582 3508 5635; x_wconf 66' lang='lat' dir='ltr'><strong>trctari.</strong></span> 
     </span>
    </p>
   </div>
   <div class='ocr_carea' id='block_1_151' title="bbox 2075 5648 3363 5711">
    <p class='ocr_par' dir='ltr' id='par_1_151' title="bbox 2075 5648 3363 5711">
     <span class='ocr_line' id='line_1_154' title="bbox 2075 5648 3363 5711; baseline -0.002 -13"><span class='ocrx_word' id='word_1_1198' title='bbox 2075 5653 2094 5683; x_wconf 86' lang='grc'><strong>²</strong></span> <span class='ocrx_word' id='word_1_1199' title='bbox 2120 5657 2191 5698; x_wconf 79' lang='lat' dir='ltr'><strong>Er.</strong></span> <span class='ocrx_word' id='word_1_1200' title='bbox 2216 5649 2362 5711; x_wconf 86' lang='lat' dir='ltr'><strong>Lugd.</strong></span> <span class='ocrx_word' id='word_1_1201' title='bbox 2390 5656 2507 5698; x_wconf 86' lang='lat' dir='ltr'><strong>ven.</strong></span> <span class='ocrx_word' id='word_1_1202' title='bbox 2535 5654 2587 5696; x_wconf 89' lang='lat' dir='ltr'><strong>et</strong></span> <span class='ocrx_word' id='word_1_1203' title='bbox 2609 5653 2741 5707; x_wconf 86' lang='lat' dir='ltr'><strong>Lov.,</strong></span> <span class='ocrx_word' id='word_1_1204' title='bbox 2759 5648 2963 5708; x_wconf 67' lang='lat' dir='ltr'><strong>restituit,</strong></span> <span class='ocrx_word' id='word_1_1205' title='bbox 2983 5648 3153 5697; x_wconf 74' lang='lat' dir='ltr'><strong>currit.</strong></span> <span class='ocrx_word' id='word_1_1206' title='bbox 3275 5654 3331 5711; x_wconf 59' lang='lat' dir='ltr'><strong>at.</strong></span> <span class='ocrx_word' id='word_1_1207' title='bbox 3360 5668 3363 5671; x_wconf 83' lang='lat'><strong><em>-</em></strong></span> 
     </span>
    </p>
   </div>
   <div class='ocr_carea' id='block_1_152' title="bbox 2074 5708 3599 5772">
    <p class='ocr_par' dir='ltr' id='par_1_152' title="bbox 2074 5708 3599 5772">
     <span class='ocr_line' id='line_1_155' title="bbox 2074 5708 3599 5772; baseline -0.001 -14"><span class='ocrx_word' id='word_1_1208' title='bbox 2074 5712 2094 5745; x_wconf 82' lang='grc'><em>³</em></span> <span class='ocrx_word' id='word_1_1209' title='bbox 2118 5718 2190 5759; x_wconf 73' lang='lat' dir='ltr'><strong>Fr.</strong></span> <span class='ocrx_word' id='word_1_1210' title='bbox 2216 5708 2362 5772; x_wconf 79' lang='lat' dir='ltr'><strong>Lugd.</strong></span> <span class='ocrx_word' id='word_1_1211' title='bbox 2389 5717 2505 5758; x_wconf 74' lang='lat' dir='ltr'><strong>Ven.</strong></span> <span class='ocrx_word' id='word_1_1212' title='bbox 2521 5715 2573 5758; x_wconf 91' lang='lat' dir='ltr'><strong>et</strong></span> <span class='ocrx_word' id='word_1_1213' title='bbox 2596 5714 2706 5772; x_wconf 76' lang='lat' dir='ltr'><strong>Lov.</strong></span> <span class='ocrx_word' id='word_1_1214' title='bbox 2724 5723 2738 5759; x_wconf 83' lang='lat'><strong>:</strong></span> <span class='ocrx_word' id='word_1_1215' title='bbox 2756 5718 2921 5769; x_wconf 69' lang='lat' dir='ltr'><strong>surge,</strong></span> <span class='ocrx_word' id='word_1_1216' title='bbox 2947 5721 3171 5772; x_wconf 81' lang='lat' dir='ltr'><strong>propera,</strong></span> <span class='ocrx_word' id='word_1_1217' title='bbox 3191 5708 3352 5763; x_wconf 72' lang='lat' dir='ltr'><strong>antica</strong></span> <span class='ocrx_word' id='word_1_1218' title='bbox 3377 5720 3500 5761; x_wconf 74' lang='lat' dir='ltr'><strong>mea.</strong></span> <span class='ocrx_word' id='word_1_1219' title='bbox 3542 5712 3599 5757; x_wconf 67' lang='lat' dir='ltr'><strong>at.</strong></span> 
     </span>
    </p>
   </div>
   <div class='ocr_carea' id='block_1_153' title="bbox 2074 5770 3140 5835">
    <p class='ocr_par' dir='ltr' id='par_1_153' title="bbox 2074 5770 3140 5835">
     <span class='ocr_line' id='line_1_156' title="bbox 2074 5770 3140 5835; baseline 0.002 -16"><span class='ocrx_word' id='word_1_1220' title='bbox 2074 5774 2149 5835; x_wconf 70' lang='grc' dir='ltr'><strong>(τι)</strong></span> <span class='ocrx_word' id='word_1_1221' title='bbox 2181 5778 2242 5820; x_wconf 79' lang='lat' dir='ltr'><strong>Ex</strong></span> <span class='ocrx_word' id='word_1_1222' title='bbox 2268 5770 2484 5835; x_wconf 59' lang='lat' dir='ltr'><strong>Cregorii</strong></span> <span class='ocrx_word' id='word_1_1223' title='bbox 2508 5772 2636 5835; x_wconf 69' lang='lat' dir='ltr'><strong>hom.</strong></span> <span class='ocrx_word' id='word_1_1224' title='bbox 2660 5771 2719 5819; x_wconf 79' lang='lat'><strong>37</strong></span> <span class='ocrx_word' id='word_1_1225' title='bbox 2742 5772 2790 5819; x_wconf 88' lang='lat' dir='ltr'><strong>in</strong></span> <span class='ocrx_word' id='word_1_1226' title='bbox 2815 5770 3140 5835; x_wconf 75' lang='lat' dir='ltr'><strong>Evangelium.</strong></span> 
     </span>
    </p>
   </div>
   <div class='ocr_carea' id='block_1_154' title="bbox 2081 5832 2922 5899">
    <p class='ocr_par' dir='ltr' id='par_1_154' title="bbox 2081 5832 2922 5899">
     <span class='ocr_line' id='line_1_157' title="bbox 2081 5832 2922 5899; baseline 0.001 -16"><span class='ocrx_word' id='word_1_1227' title='bbox 2081 5833 2151 5899; x_wconf 75' lang='grc' dir='ltr'><strong>(ὁ)</strong></span> <span class='ocrx_word' id='word_1_1228' title='bbox 2184 5839 2249 5885; x_wconf 79' lang='lat' dir='ltr'><strong>Ex</strong></span> <span class='ocrx_word' id='word_1_1229' title='bbox 2273 5832 2448 5887; x_wconf 56' lang='lat' dir='ltr'><strong>Iibfdc</strong></span> <span class='ocrx_word' id='word_1_1230' title='bbox 2465 5832 2684 5899; x_wconf 84' lang='lat' dir='ltr'><strong>Speculo,</strong></span> <span class='ocrx_word' id='word_1_1231' title='bbox 2710 5845 2818 5899; x_wconf 85' lang='lat' dir='ltr'><strong>cap.</strong></span> <span class='ocrx_word' id='word_1_1232' title='bbox 2843 5833 2922 5887; x_wconf 72' lang='lat'><strong>29.</strong></span> 
     </span>
    </p>
   </div>
  </div>
