4094 6342
549 309 645 365 931
1996 296 2363 357 APPENDIX.

552 427 825 487 mortuos,
874 418 961 489 qui
1009 425 1185 472 mutas
1221 424 1531 489 peceatores
1568 423 1623 489 et
1663 428 1768 469 non
1809 423 1952 489 sunt.
1980 411 2135 489 'l_‘olle

550 506 678 573 ergo
701 490 770 544 de
798 484 1164 573 me'qttidquid
1310 486 1555 573 displicet
1574 487 1646 573 ‘in_
1673 502 1766 573 me
1776 502 1809 573 ξ.
1825 484 2135 573 imperfecta

551 555 695 619 enim
740 576 858 615 mea
895 555 1125 631 plurima
1171 558 1361 631 vidente
1390 555 1528 631 oeuli
1574 556 1668 610 tui.
1702 555 1887 631 Mitte,
1921 570 2133 631 utut-su,

554 646 769 687 manum
801 624 1009 698 piet'atis
1038 639 1162 692 ture,
1191 639 1245 683 et
1274 628 1400 683 tolle
1430 629 1505 698 de
1525 642 1611 681 me
1636 624 1889 698 quidquid
1915 624 2138 698 offendit

552 702 739 756 oculos
762 696 1013 753 bonitatis
1034 710 1135 752 tum
1162 700 1213 753 in
1242 714 1326 751 me
1353 698 1449 768 (a).
1474 697 1663 750 Coram
1690 706 1761 760 te,
1793 696 2033 768 Domine,
2055 702 2139 749 est

557 772 761 827 sanitas
789 780 843 825 et
868 770 1146 823 inﬁrmitas
1174 786 1287 821 mea
1310 784 1324 832 ;
1358 766 1524 828 illam.
1550 781 1763 836 precor.
1786 781 1959 828 sorva,
1982 766 2137 836 istam

555 859 703 897 sana.
730 839 869 896 Sana
900 856 1017 903 me,
1052 841 1299 904 Domine,
1328 849 1381 892 et
1404 833 1648 900 saualior,
1677 837 1879 889 salvum
1912 852 1996 889 nte
2026 833 2134 897 fac,

560 922 615 967 et
643 913 820 967 salvus
848 927 939 964 cro
970 929 982 964 :
1009 920 1059 962 tu
1082 911 1170 979 qui
1195 910 1400 962 inﬁrma
1426 922 1603 979 sanas,
1632 916 1686 961 el
1711 915 1897 979 sanata
1923 920 2139 979 conseri-

558 998 673 1047 vas,
706 983 793 1052 qui
822 982 935 1035 solo
961 974 1206 1034 uutn'tuo
1232 988 1496 1032 restauras
1529 978 1702 1052 diruta
1724 987 1777 1030 et
1801 977 2055 1043 collapsa.
2081 974 2138 1029 Si

560 1054 701 1107 enim
723 1048 965 1119 dignaris
992 1052 1043 1104 in
1073 1066 1198 1117 agro
1231 1057 1320 1103 tuo
1354 1064 1533 1103 serere
1570 1048 1765 1119 bonum
1802 1061 2140 1119 scuten,_ne-

561 1139 715 1178 cosse
743 1116 826 1176 est
860 1132 916 1175 ut
955 1116 1127 1175 manu
1149 1119 1357 1189 pietatis
1394 1128 1496 1173 tua:
1535 1118 1682 1189 prius
1722 1116 1921 1171 evellas
1960 1116 2141 1184 spinas

560 1193 807 1246 vitiorum
835 1207 1093 1245 meorum.

636 1263 950 1317 Dulcissime
970 1303 985 1326 ,
1019 1258 1393 1331 benignissime
1412 1300 1427 1323 ,
1455 1257 1862 1331 amantissime,_
1886 1254 2144 1331 charissi-

564 1348 681 1397 me,
714 1333 1126 1401 pretiosissime,
1147 1327 1685 1401 fdesiderantissime,
1727 1327 2139 1401 amabilissinte,

563 1395 919 1472 pulcherrime
940 1444 954 1463 ,
984 1395 1231 1465 infunde,
1259 1401 1505 1472 obsecro,
1538 1397 1927 1472 multitudinem
1955 1395 2141 1450 dulce-

564 1467 707 1527 dinis
732 1482 785 1527 et
812 1472 1083 1525 cltaritatis
1106 1481 1205 1523 tum
1229 1471 1422 1539 pectori
1447 1483 1589 1530 meo,
1608 1479 1667 1522 ut
1694 1467 2141 1539 niltilterrenum,

565 1544 697 1597 nihil
736 1542 951 1597 carnale
988 1537 1284 1595 desiderent
1326 1540 1408 1594 vel
1449 1540 1708 1609 cogitem;
1753 1537 1844 1593 sed
1889 1547 1940 1591 te
1964 1539 2142 1609 solum

565 1628 739 1667 amem
764 1654 779 1675 ,
823 1622 875 1666 te
910 1611 1083 1665 solum
1113 1610 1335 1665 habeam
1365 1610 1417 1664 in
1446 1607 1608 1663 corde
1641 1618 1696 1663 et
1733 1609 1785 1663 in
1816 1623 1929 1662 ore.
1957 1607 2144 1662 Scribe

568 1684 733 1753 digito
762 1693 852 1736 tuo
881 1682 935 1753 in
961 1692 1175 1753 pectore
1205 1695 1324 1734 meo
1348 1679 1572 1753 dulcem
1590 1680 1992 1753 memoriamtui
2016 1680 2146 1753 mel-

567 1748 696 1808 liflui
743 1748 1005 1813 nominis,
1054 1752 1196 1805 nulla
1243 1766 1472 1821 unquam
1525 1751 1791 1804 oblivione
1838 1748 2142 1821 delendam.

567 1822 752 1878 Scribe
777 1824 827 1877 in
852 1823 1039 1876 tabulis
1064 1821 1241 1875 cordis
1269 1819 1369 1875 mei
1398 1822 1719 1875 voluntatem
1744 1830 1885 1874 tuam
1913 1827 1965 1873 et
1991 1819 2147 1887 justi-

569 1894 844 1948 ﬁcationes
867 1902 1018 1946 tuas:
1046 1901 1104 1945 ut
1135 1902 1184 1945 te
1216 1892 1486 1957 immensa:
1515 1890 1810 1945 dulcedinis
1840 1889 2142 1951 Dominum,

566 1973 620 2018 et
648 1972 910 2034 prtecepta
943 1973 1026 2034 tua
1054 1977 1267 2031 semper
1294 1971 1346 2016 et
1375 1961 1578 2034 ubique
1597 1960 1821 2034 habeam
1850 1975 1957 2029 pne
1977 1960 2146 2015 oculis

565 2030 734 2099 meis,
765 2030 1039 2090 succende
1082 2030 1313 2087 mentem
1345 2047 1516 2087 meam
1566 2031 1686 2101 igne
1726 2030 1816 2083 illo
1860 2040 1951 2084 tuo
1986 2045 2144 2101 quem

569 2098 757 2159 misisti
807 2104 858 2157 itt
906 2113 1134 2165 terram,
1182 2112 1237 2157 et
1281 2103 1490 2157 voluisti
1538 2098 1881 2155 vehementer
1927 2098 2146 2154 accendi

572 2172 734 2245 (Luc.
763 2189 856 2239 xu,
888 2173 985 2245 49)
1014 2190 1028 2226 :
1058 2183 1117 2226 ut
1145 2174 1462 2245 sacriﬁcium
1491 2172 1714 2245 spiritus
1731 2170 2149 2245 contrilmlatiet

567 2241 745 2298 cordis
769 2243 984 2313 contriti
1009 2245 1212 2313 obortis
1240 2243 1487 2313 lacrymis
1515 2241 1751 2313 quotidie
1772 2242 1991 2313 offerant
2025 2241 2141 2295 tibi.

573 2315 749 2368 Dulcis
776 2312 1018 2377 Christe,
1048 2312 1187 2367 bone
1212 2310 1374 2378 Jesu',
1398 2310 1541 2366 sicut
1567 2312 1841 2377 desidero,
1876 2310 2012 2363 sicut
2039 2320 2146 2364 lora

568 2391 750 2438 mente
777 2399 894 2437 mea
927 2393 1082 2452 peto,
1118 2383 1183 2436 da
1223 2383 1352 2436 mihi
1378 2397 1617 2436 amorem
1655 2391 1799 2435 tuuttt
1828 2388 2066 2434 sanctum
2095 2391 2149 2436 et

570 2463 774 2506 castum
791 2494 805 2517 ,
829 2454 917 2522 qui
950 2468 1035 2522 me
1059 2453 1295 2521 repleat,
1324 2461 1532 2516 teneat,
1559 2459 1831 2522 totumque
1854 2452 2144 2522 possideat.

569 2522 637 2579 Et
660 2522 726 2577 da
755 2520 884 2576 mihi
914 2520 1133 2576 evidens
1158 2522 1366 2586 signum
1405 2523 1602 2575 amoris
1642 2521 1751 2583 tui,
1786 2521 2037 2590 irriguum
2070 2521 2149 2575 la-

570 2608 875 2665 erymarum
902 2592 1096 2665 fontem
1122 2592 1320 2660 jugitcr
1340 2597 1665 2655 manantem,
1700 2599 1754 2644 ιιι
1787 2590 1915 2665 ips_:e
1936 2606 2150 2661 quoque

569 2660 821 2734 lacryma:
860 2673 1008 2717 tttuttt
1046 2662 1098 2715 itt
1143 2677 1229 2715 ttte
1270 2671 1529 2715 testentur
1565 2676 1838 2734 amorem:
1866 2660 1991 2734 ipSm
2023 2676 2149 2730 pro-

569 2730 732 2799 dant,
764 2734 893 2802 ipsa:
935 2733 1492 2802 loquantttrquantmn
1522 2738 1572 2785 te
1601 2731 1771 2799 diligit
1796 2730 1971 2802 anima
2000 2747 2147 2798 mea,

566 2805 692 2858 dum
721 2801 830 2885 pra:
860 2801 1017 2884 nimia
1049 2801 1327 2857 dulcedine
1353 2802 1551 2856 amoris
1591 2802 1665 2855 tui
1704 2801 1885 2871 nequit
1908 2816 1968 2856 se
2007 2816 2037 2854 a
2068 2802 2148 2856 la-

567 2874 767 2929 crvmis
792 2874 1085 2927 continere.

689 2944 993 3009 eminiscor,
1040 2943 1125 3012 pie
1167 2942 1429 3007 Domine,
1477 2940 1812 3012 illiusbona:
1850 2941 2148 3007 mulieris',

607 3030 686 3067 um
712 3013 776 3066 ad
809 3010 1204 3069 tabernaculum
1231 3021 1479 3082 rogatura
1506 3027 1602 3081 pro
1625 3010 1734 3065 ﬁlio
1759 3012 1923 3072 venit,
1948 3012 2014 3067 de
2040 3028 2145 3081 qua

607 3030 686 3067 nte
712 3028 776 3066 au
809 3028 1204 3069 tabernaculum
1231 3028 1479 3082 rugatura
1506 3028 1602 3081 pro
1625 3028 1734 3065 ntto
1759 3028 1923 3072 ventt,
1948 3028 2014 3067 ue
2040 3028 2145 3081 qua

566 3028 838 3153 gcriptura
882 3084 1074 3148 refert,
1120 3081 1263 3151 quod
1290 3084 1469 3153 vultus
1508 3082 1623 3151 ejus
1650 3090 1768 3151 post
1808 3082 2067 3153 lacryntas
2095 3091 2149 3137 et

570 3151 757 3225 preces
784 3168 889 3225 non
916 3163 1040 3209 sunt
1067 3153 1376 3225 antpliusin
1402 3151 1608 3225 diversa
1641 3154 1824 3206 mutati
1854 3155 1873 3225 (
1899 3151 2066 3225 I’Reg.
2100 3168 2146 3219 t,

569 3222 692 3293 18).
720 3223 825 3280 Sed
853 3239 1056 3277 memor
1080 3232 1238 3278 tanta:
1267 3222 1475 3293 virtutis
1512 3233 1783 3293 tantaeque
1805 3222 2147 3291 constantize,

568 3290 755 3375 dolore
801 3304 1089 3375 torqueor,_
1115 3303 1167 3348 et
1205 3292 1527 3374 verecundia
1557 3290 1891 3375 conlaudere
1914 3294 2034 3374 quia
2065 3310 2150 3375 tne

568 3364 823 3418 miserum
866 3363 1024 3418 nimis
1058 3363 1309 3419 deorsum
1350 3366 1529 3433 jacere
1571 3364 1797 3417 intueor.
1822 3363 1875 3418 Si
1908 3364 2148 3433 euintita

571 3433 747 3497 ﬂevit,
777 3442 831 3488 et
859 3435 910 3488 in
950 3434 1073 3489 ﬂetu
1109 3433 1469 3504 perseveravit
1504 3435 1694 3487 mulier
1729 3448 1848 3503 qua:
1877 3432 2152 3503 quaerebat

572 3504 766 3567 tilium;
813 3505 1081 3575 quomodo
1123 3504 1375 3574 plangere
1412 3513 1465 3558 et
1511 3505 1564 3557 itt
1607 3504 1820 3575 planctu
1869 3505 2150 3573 persistete

569 3575 731 3630 debet
767 3574 944 3630 anima
987 3589 1107 3643 qua).
1145 3575 1335 3643 qua-rit
1362 3584 1416 3628 et
1454 3583 1598 3627 amat
1626 3574 1789 3627 Deum
1810 3614 1825 3640 ,
1855 3585 1908 3628 et
1936 3574 1999 3627 ad
2029 3590 2148 3628 cum

572 3646 855 3713 pervenire
879 3643 1182 3700 desiderat?
1208 3643 1474 3715 quomodo
1498 3658 1711 3714 gemere
1745 3658 1808 3697 ac
1824 3643 1961 3715 ﬁere
1991 3643 2151 3699 debet

572 3716 694 3768 talis
723 3716 897 3769 anima
940 3723 1097 3769 nocte
1133 3729 1197 3768 ac
1228 3714 1352 3776 die,
1397 3730 1517 3782 qua:
1558 3723 1749 3783 praztcr
1776 3714 2043 3768 Christum
2074 3716 2147 3769 ttil

571 3787 699 3839 velit
720 3785 937 3839 amare?
957 3785 1144 3839 Mirum
1169 3784 1363 3854 quippe
1384 3792 1486 3848 est,
1515 3785 1562 3837 si
1583 3785 1691 3852 jam
1708 3800 1823 3854 non
1855 3784 2004 3838 facta:
2026 3794 2152 3839 sunt

571 3857 620 3911 ei
650 3856 900 3927 lacrynne
926 3870 1035 3910 sua:
1064 3869 1230 3927 panes
1264 3855 1357 3927 die
1393 3869 1456 3909 ac
1494 3864 1668 3927 nocte.
1691 3853 1920 3927 Respice
1945 3869 2071 3927 ergo
2098 3865 2152 3927 et

573 3923 831 3980 miserere
859 3927 999 3992 mei,
1027 3925 1404 3995 quiadolores
1450 3923 1627 3979 cordis
1670 3924 1773 3978 mei
1817 3923 2149 3992 multiplicati

573 4007 716 4049 sunt.
746 3997 815 4049 Da
842 3995 972 4049 tnilti
997 3994 1414 4050 consolationem
1450 4003 1593 4049 tuam
1622 3996 1924 4060 caelestem,
1956 4005 2010 4051 et
2039 3996 2150 4050 nuli

570 4079 825 4135 Spernere
844 4066 1187 4134 peccatricem
1209 4067 1460 4129 animam,
1480 4080 1575 4133 pro
1600 4082 1702 4134 qua
1728 4065 1885 4118 etiam
1910 4076 2149 4121 mortuus

569 4149 630 4191 es
655 4135 749 4206 (ὁ).
776 4136 849 4189 Da
875 4136 1022 4196 mihi,
1052 4149 1254 4204 qumso,
1288 4136 1544 4206 lacrymas
1564 4150 1632 4189 ex
1659 4145 1747 4206 tuo
1766 4136 1952 4188 affectu
1982 4137 2148 4190 inter-

572 4205 671 4259 nas
690 4221 807 4273 qua:
829 4214 1163 4275 peccatorum
1190 4205 1429 4258 meorum
1455 4206 1657 4275 possint
1676 4205 1885 4259 solvere
1914 4206 2146 4270 vincula,

575 4284 631 4329 et
646 4275 849 4329 cmlesti
862 4274 1191 4344 iucunditate
1206 4289 1417 4343 semper
1433 4274 1674 4342 repleant
1688 4275 1918 4328 animant
1943 4292 2146 4341 meam;

573 4354 631 4399 ut
656 4346 699 4398 si
729 4361 832 4398 non
864 4361 984 4398 cum
1014 4345 1155 4417 veris
1184 4352 1248 4417 et
1276 4344 1523 4417 perfectis
1560 4344 1893 4417 monachis”,
1923 4363 2149 4417 quorum

574 4417 792 4485 vestigia
822 4430 1028 4484 nequeo
1060 4415 1290 4481 imitari,
1314 4416 1500 4469 saltem
1530 4430 1648 4469 cum
1679 4415 1883 4471 devotis
1910 4415 2147 4471 mulieri-

573 4483 672 4607 bilis
692 4483 1228 4567 q‘ttatttulamcumque
1249 4486 1546 4555 portionem
1566 4486 1618 4540 itt
1640 4502 1803 4557 regno
1828 4497 1918 4542 tuo
1942 4503 2151 4543 merear

573 4573 619 4607 at
644 4571 811 4607 lDISCI.

570 4571 811 4621 atIIDISCI.

649 4626 804 4681 Venit
846 4640 1058 4695 quoque
1107 4625 1234 4680 mihi
1279 4626 1332 4680 in
1369 4634 1602 4682 mentem
1641 4628 1865 4683 alterius
1906 4627 2149 4683 mulieris

573 4696 708 4751 mira
739 4696 970 4768 devotio,
991 4711 1109 4765 qua:
1133 4706 1183 4768 te
1212 4698 1264 4750 itt
1296 4697 1540 4768 sepulcro
1561 4698 1827 4767 jacentem
1855 4698 1942 4768 pio
1967 4713 2150 4754 amore

572 4766 865 4839 qttzrrcbat,
893 4782 1011 4836 qua:
1032 4766 1699 4839 recedentibusdiscipulis
1720 4784 1747 4820 a
1770 4766 2017 4839 sepulcro
2043 4784 2149 4823 non

571 4837 872 4897 recedebat,
898 4852 1015 4905 qua:
1040 4838 1260 4892 sedebat
1284 4838 1449 4892 tristis
1472 4846 1525 4892 et
1552 4853 1806 4904 tttmrens,
1829 4837 1882 4893 et
1906 4840 1994 4892 ditt
2017 4841 2151 4892 ntul-

573 4917 789 4978 tntnque
805 4907 968 4963 ﬁebat
992 4925 1005 4960 :
1029 4919 1082 4962 et
1102 4923 1323 4978 surgens
1343 4923 1462 4961 cum
1491 4909 1672 4962 multis
1694 4909 1942 4978 lacrymis
1959 4911 2148 4965 iterum

574 4949 872 5048 iteru’mque
897 4988 1047 5032 antra
1076 4949 1307 5048 sepulcri
1324 4978 1669 5049 vigilantibus
1702 4949 1873 5034 ocuiis
1899 4949 2149 5049 explora:

573 5048 683 5119 bat,
712 5050 758 5119 usi
788 5050 921 5103 forte
946 5047 1152 5102 alicubi
1172 5058 1223 5119 te
1252 5047 1431 5103 videre
1470 5059 1681 5117 posset,
1723 5066 1885 5119 quem
1926 5047 2149 5105 ferventi

571 5118 839 5190 desiderio
856 5119 1146 5190 maerebat.
1172 5117 1287 5174 Jam
1308 5129 1451 5190 certe
1472 5120 1635 5174 semel
1660 5129 1715 5174 et
1733 5117 1923 5175 iterum
1949 5120 2152 5190 ingres-

569 5200 627 5243 sa
657 5189 863 5243 viderat
898 5189 1197 5258 sepulcrum
1220 5232 1234 5253 ,
1266 5189 1359 5243 sed
1388 5190 1609 5243 nimiuut
1650 5191 1847 5244 amanti
1878 5204 1985 5244 non
2015 5189 2151 5247 satis

568 5268 684 5332 erat
705 5259 777 5332 (ρ)
804 5276 818 5312 :
851 5261 1018 5313 virtus
1046 5261 1189 5332 enirn
1220 5260 1344 5332 boni
1375 5260 1569 5332 aperis
1607 5264 2005 5332 perseverantia
2046 5274 2148 5316 εει.

569 5328 635 5384 Et
672 5328 795 5400 quia
838 5345 947 5399 prae
975 5330 1185 5385 caneris
1226 5328 1446 5398 dilexit,
1489 5339 1545 5386 et
1586 5330 1855 5401 diligendo
1893 5332 2077 5400 ﬂevit,
2096 5340 2152 5389 et

630 5484 647 5513 ¹
675 5481 790 5530 Editi
817 5480 896 5530 hic
916 5481 1114 5542 addunt,
1147 5492 1310 5533 Annua.

631 5545 651 5575 ³
676 5550 725 5592 ιιι
751 5552 836 5606 Ms.
856 5550 981 5606 Mett.
1009 5543 1206 5606 legitur,
1230 5541 1377 5594 sertis
1400 5541 1520 5603 luis,
1550 5556 1656 5606 pro,
1679 5543 1940 5596 monac/tis.

651 5606 703 5669 (ι)
735 5611 800 5669 E_x
828 5605 911 5669 lib.
936 5605 1001 5669 de
1025 5604 1243 5669 speculo,
1270 5618 1376 5668 cap.
1400 5607 1419 5654 1
1448 5604 1700 5669 post‘Aug.

648 5665 699 5728 ὸ)
737 5666 935 5722 Aleuin.,
959 5665 1041 5728 lib.
1054 5665 1130 5728 ‘de
1152 5665 1375 5725 Sacrani,
1398 5665 1503 5728 cap.
1540 5668 1586 5718 1.

629 5726 701 5797 (ε)
733 5729 949 5789 Gregorii
981 5726 1147 5779 ltomil.
1170 5728 1232 5778 Ξῖ
1255 5730 1302 5777 in
1324 5726 1500 5791 Evang.

3716 302 3823 359 93!

2243 409 2418 465 ﬂendo
2442 410 2702 486 quresivit,
2728 417 2786 486 et
2811 409 3099 486 quatrendo
3127 411 3526 486 perseveravit;
3550 412 3673 469 ideo
3706 418 3821 486 pri-

2242 497 2328 554 ma
2372 483 2607 554 omnium
2648 488 2700 530 te
2718 481 2996 554 inveuirei
3030 488 3081 534 te
3112 481 3322 554 videre,
3369 490 3421 554 te
3461 484 3661 554 alloqui
3702 481 3821 542 ute-

2243 553 2349 622 ruit
2380 550 2555 622 (Joan.
2588 566 2677 614 xx,
2712 551 2924 622 11-17).
2958 550 3025 604 Ει
3049 566 3152 604 non
3180 552 3351 605 soltttn
3374 553 3508 616 hmc,
3539 550 3632 610 sed
3657 557 3822 613 etiam

2245 621 2374 691 ipsis
2392 621 2674 693 discipulis
2694 621 2936 693 gloriosa:
2960 622 3365 693 resurrectionis
3397 633 3499 677 tua:
3524 630 3822 693 prmnuntia

2244 692 2475 766 exstitit,
2493 699 2563 766 te
2592 691 2927 766 pra‘cipiente
2953 700 3007 744 et
3033 692 3327 766 clementer
3354 691 3620 766 monente,
3660 694 3823 766 Vade,

2244 761 2325 813 dic
2355 762 2592 831 fratribus
2623 762 2776 826 meis,
2811 770 2861 813 ut
2891 773 3005 831 eam
3044 762 3096 814 in
3127 761 3427 829 Galilwam;
3470 765 3537 817 ibi
3576 784 3655 819 me
3684 761 3824 821 vide;

2245 829 2365 884 bunt
2392 831 2604 904 (Μαιηι.
2630 847 2811 904 xxvnt,
2847 829 2955 901 10).
2986 832 3045 904 Si
3073 832 3230 901 igitur
3258 834 3325 885 ita
3349 833 3517 897 ﬂevit,
3540 846 3593 890 et
3616 838 3667 891 in
3698 839 3826 894 ﬂetu

2247 902 2609 975 perseveravit
2640 902 2830 955 mulier
2857 917 2975 975 qua}
3001 902 3267 975 viventem
3290 919 3409 975 cum
3434 908 3658 960 mortuis
3680 924 3830 975 qua--

2248 971 2395 1046 rebat
2419 1012 2433 1032 ,
2460 988 2578 1040 qua:
2606 979 2671 1046 Διι)
2711 987 2870 1046 manu
2905 971 3025 1025 ﬁdei
3049 986 3162 1046 non
3203 974 3450 1046 tangebat
3473 976 3523 1046 ‘7;
3553 971 3827 1046 quomodo

2247 1040 2497 1113 plangere
2525 1050 2577 1095 et
2606 1042 2658 1094 in
2683 1041 2892 1109 planctu
2925 1042 3207 1110 persistere
3228 1044 3385 1096 debet
3412 1040 3604 1109 anima,
3630 1063 3754 1113 qttze
3777 1058 3829 1102 te

2248 1110 2635 1179 redemptorem
2667 1124 2821 1185 suum
2841 1112 2948 1185 jam
2971 1114 3108 1166 caelo
3124 1114 3519 1185 praesidentem,
3548 1126 3603 1169 et
3628 1110 3829 1185 tibique

2247 1192 2556 1250 regnantem
2597 1181 2759 1252 corde
2798 1181 3003 1252 credit,
3050 1181 3144 1236 ore
3184 1183 3503 1239 conﬁtetur?
3544 1181 3831 1252 Quomodo

2248 1265 2381 1324 ergo,
2394 1266 2608 1324 gemere
2633 1260 2685 1305 et
2703 1251 2827 1305 ﬁere
2848 1251 3133 1324 debetilalis
3147 1255 3342 1324 anima,
3362 1270 3481 1324 qua:
3503 1265 3552 1310 te
3571 1251 3689 1310 toto
3709 1272 3832 1312 coro

2249 1319 2316 1375 de
2332 1321 2522 1393 diligit,
2553 1333 2709 1393 teque
2733 1331 2845 1375 toto
2868 1320 3133 1377 desiderio
3159 1323 3344 1378 videre
3363 1319 3726 1392 concuitiscit?

2323 1391 2505 1445 Solunt
2553 1391 2857 1461 confugium
2902 1402 2954 1446 et
2999 1396 3153 1447 unica
3198 1409 3320 1463 spes
3351 1391 3706 1463 miserorum,
3744 1400 3832 1453 cui

2249 1477 2518 1536 nunquam
2560 1464 2675 1517 sine
2692 1476 2795 1536 spe
2820 1463 3199 1517 misericnrdize
3223 1465 3585 1534 supplicatur,
3634 1481 3832 1536 pratsta

2250 1531 2378 1585 tttihi
2411 1532 2547 1587 hanc
2570 1535 2790 1602 gratiam
2820 1542 3034 1603 propter
3051 1542 3102 1587 te
3122 1531 3377 1589 etnomen
3396 1531 3829 1602 sanctmtt'tuuttt,

2251 1612 2308 1674 ut
2337 1604 2543 1672 quoties
2576 1604 2642 1674 de
2673 1614 2724 1658 te
2751 1602 2962 1674 cogito,
3004 1602 3070 1657 de
3116 1612 3167 1657 te
3197 1605 3411 1674 loquor,
3457 1605 3523 1661 de
3549 1617 3599 1661 te
3628 1609 3833 1673 scribo,

2249 1672 2316 1726 de
2348 1681 2397 1726 te
2426 1674 2561 1742 lego,
2593 1673 2659 1727 de
2688 1684 2737 1730 te
2762 1672 3002 1740 confero,
3031 1674 3238 1744 quoties
3269 1672 3341 1727 iui
3369 1678 3705 1742 reminiscor,
3739 1672 3835 1734 tibi

2249 1743 2442 1797 assiste
2464 1785 2477 1806 ,
2513 1744 2695 1798 laudes
2716 1786 2732 1810 ,
2764 1759 2978 1812 preces,
3009 1743 3063 1798 et
3092 1744 3408 1799 sacriﬁcium
3436 1747 3637 1811 oﬂ'ero,
3668 1750 3834 1805 teties

2250 1812 2731 1886 obortislacrymis
2762 1816 2811 1868 in
2837 1824 3125 1886 conspectu
3152 1824 3242 1869 tuo
3281 1818 3495 1886 copiose
3522 1830 3575 1873 et
3599 1818 3835 1874 dulciter

2252 1882 2435 1949 ﬂeam,
2465 1884 2535 1938 ita
2562 1882 2620 1957 ut
2646 1882 3088 1957 efﬁcianturtnihi
3129 1882 3376 1957 Iacryma:
3400 1904 3531 1943 meze
3559 1904 3727 1957 panes
3746 1892 3838 1944 die

2251 1966 2313 2006 ac
2340 1964 2511 2008 nocte.
2560 1955 2637 2008 'l'u
2668 1955 2878 2024 quidem
2904 1996 2919 2017 ,
2951 1954 3062 2009 Rex
3094 1954 3277 2024 gloria:
3306 1966 3359 2011 et
3401 1954 3636 2011 omnium
3667 1960 3839 2013 virtu-

2255 2031 2363 2099 tum
2388 2026 2655 2099 magister,
2683 2025 2906 2099 doeuisti
2940 2038 3045 2099 nos
3063 2026 3225 2080 verbo
3255 2035 3307 2081 et
3336 2029 3587 2098 exemplo
3613 2044 3840 2099 gemere

2252 2092 2455 2170 etﬂere
2476 2092 2497 2160 ξ
2520 2096 2720 2170 dicens,
2749 2092 3224 2170 Ileati_quijugent.
3250 2092 3840 2170 quoniam-ipsi'conso-

2253 2164 2492 2236 labuntur
2521 2165 2629 2236 (Id.
2660 2182 2694 2221 v
2718 2205 2734 2232 ,
2764 2165 2842 2236 5).
2886 2167 2964 2220 'l'u
3007 2164 3194 2220 ﬂevisti
3232 2164 3551 2223 defunctum
3574 2173 3839 2234 amicum,

2253 2235 2650 2309 etlacryntalus
2675 2253 2732 2309 es
2753 2235 2913 2305 seper
2937 2238 3222 2306 perituram
3249 2238 3514 2309 civitatem
3541 2238 3721 2309 (Joan.
3752 2256 3832 2307 ιι,

2253 2302 2324 2378 ξὸὄ
2344 2321 2358 2368 ;
2379 2302 2516 2378 Luc.
2543 2322 2628 2378 xu:
2652 2347 2667 2372 ,
2698 2308 2793 2373 41)
2823 2302 2837 2361 Ξ
2865 2302 2993 2376 rogo
3020 2315 3093 2372 te,
3122 2309 3259 2362 bone
3284 2307 3432 2372 Jesu,
3460 2302 3557 2378 per
3576 2310 3697 2363 illas
3719 2302 3843 2365 tuas

2253 2373 2585 2448 beatissimus
2606 2377 2884 2448 lacrymas,
2904 2373 2965 2448 et
2993 2390 3085 2446 per
3104 2392 3289 2432 omnes
3310 2373 3678 2433 miserationes
3692 2389 3839 2444 tuas,

2254 2443 2448 2519 quibus
2483 2443 2795 2519 mirabiliier
2830 2443 3236 2519 ttobis'perditis
3274 2448 3557 2503 subvenire
3585 2443 3841 2519 dignatus

2256 2527 2336 2588 es,
2365 2515 2429 2568 da
2460 2516 2584 2569 milti
2611 2519 2832 2587 gratiam
2874 2517 3221 2588 lacrymarum
3246 2558 3261 2583 ,
3305 2534 3463 2587 quam
3492 2515 3715 2574 multum
3742 2520 3844 2575 de-

2255 2583 2453 2639 siderat
2477 2627 2492 2648 ,
2523 2595 2577 2640 et
2601 2583 2637 2658 ιζ
2663 2596 2712 2641 te
2742 2588 2871 2657 petit
2894 2583 3068 2658 aniina
3090 2602 3207 2658 mea
3237 2606 3255 2658 _:
3282 2583 3405 2658 quia
3433 2592 3547 2644 sine
3574 2590 3721 2645 dono
3747 2600 3844 2644 tuo

2256 2670 2360 2727 non
2381 2669 2594 2725 possum
2619 2656 2814 2727 habere
2826 2672 2963 2712 eam.
2987 2657 3090 2712 Per
3109 2656 3363 2727 Spiritum
3394 2668 3636 2714 sanetum
3662 2669 3842 2724 tuum,

2254 2725 2343 2794 qui
2374 2727 2505 2780 dura
2529 2726 2686 2797 corda
2706 2737 3050 2797 peccatorum
3081 2725 3270 2794 mollit,
3299 2739 3353 2783 et
3378 2729 3444 2784 ad
3474 2729 3656 2784 ﬂetum
3688 2746 3844 2784 com—

2255 2798 2478 2865 pungit,
2527 2796 2594 2851 da
2624 2796 2755 2852 ntihi
2792 2800 3013 2868 gratiam
3040 2798 3435 2868 lacrymarum,
3480 2801 3617 2855 sicut
3643 2800 3844 2854 dedisti

2256 2868 2494 2940 patribus
2540 2868 2708 2940 meis,
2756 2867 2979 2940 quorum
3022 2867 3241 2940 vestigia
3286 2867 3456 2923 debeo
3501 2871 3743 2924 imitari:
3778 2880 3844 2926 ut

2257 2936 2499 3006 plangam
2526 2952 2612 2991 me
2633 2936 2858 3010 inomni
2886 2940 2989 2992 vita
3020 2953 3132 2992 mea
3150 2936 3181 3010 ξ
3212 2939 3348 2993 sicut
3373 2941 3472 3009 ipsi
3514 2954 3571 2995 se
3611 2941 3843 3010 planxe—

2256 3016 2379 3078 runt
2407 3015 2561 3078 nocte
2585 3022 2646 3062 ac
2663 3007 2769 3062 die.
2801 3008 3026 3078 PrOpter
3046 3009 3232 3078 merita
3250 3020 3303 3064 et
3326 3007 3596 3065 orationes
3614 3007 3841 3076 eorum,

2256 3076 2348 3146 qui
2380 3076 2470 3130 tibi
2502 3077 2809 3151 placuerunt
2834 3088 2888 3151 et
2911 3074 3257 3151 devotissime
3282 3080 3601 3151 servierunt.
3629 3080 3706 3151 (τι)
3734 3074 3845 3135 mi;

2255 3161 2436 3201 serere
2460 3148 2563 3202 mei
2590 3148 2873 3203 miserrimi
2911 3158 2966 3205 et
2994 3149 3192 3213 indigni
3221 3150 3363 3204 servi
3392 3150 3465 3204 tui
3485 3192 3499 3213 ,
3531 3160 3584 3205 et
3610 3148 3843 3207 d’a'mihi

2254 3217 2487 3298 gratiam
2509 3217 2881 3298 laerymarum.
2928 3220 2999 3298 Da
3041 3217 3170 3298 mihi
3195 3220 3457 3298 irriguum
3490 3220 3714 3276 inferius
3735 3264 3751 3287 ,
3782 3231 3843 3276 et

2256 3288 2509 3362 irriguum
2537 3288 2780 3362 superius
2800 3306 2829 3362 ;Δ
2855 3299 2915 3343 ιιι
2936 3290 3046 3362 sittt
3078 3288 3209 3343 mihi
3234 3288 3645 3362 lacrymaameze
3671 3306 3843 3360 panes

2255 3355 2343 3412 die
2359 3355 2432 3431 ac
2458 3355 2634 3413 nocte.
2680 3358 2896 3431 Efficiar
2933 3361 2985 3431 in
3021 3371 3307 3431 conspectu
3339 3355 3427 3414 tuo
3447 3403 3463 3425 ,
3492 3361 3633 3416 Deus
3659 3355 3838 3427 meus.

2256 3428 2549 3512 perIigncm
2575 3430 2994 3512 compunctionis
3018 3428 3387 3512 holocaustum
3425 3432 3620 3512 pingue
3645 3439 3698 3485 et
3722 3448 3843 3486 me-

2254 3497 2509 3552 dullatum
2544 3516 2557 3550 :
2588 3497 2790 3553 macter
2831 3508 2970 3555 totus
3017 3501 3067 3554 in
3098 3516 3189 3554 ara
3220 3501 3396 3555 cordis
3426 3497 3541 3556 inci
3568 3543 3581 3563 ,
3624 3509 3679 3555 et
3720 3513 3842 3555 Lan-

2254 3582 2413 3638 quam
2443 3569 2847 3639 pinguissimum
2872 3569 3233 3625 holocaustum
3253 3586 3493 3625 assumar
3522 3571 3614 3625 tibi
3638 3573 3688 3625 itt
3718 3573 3846 3627 odo-

2255 3652 2368 3692 rem
2400 3640 2694 3710 suavitatis.
2727 3640 2797 3693 Da
2825 3640 2958 3695 mihi
2989 3640 3184 3695 fontem
3211 3641 3498 3710 irriguum,
3530 3640 3845 3710 fontemque

2292 3709 2615 3780 erspicuum,
2646 3710 2714 3780 in,
2735 3724 2840 3779 quo
2876 3712 3079 3766 lavetur
3101 3709 3475 3766 assidueiistud
3506 3709 3844 3780 inquinatum

2296 3779 2644 3833 olocaustum.
2698 3779 2847 3835 Licet
2886 3782 3025 3834 enim
3073 3796 3157 3835 me
3203 3782 3295 3835 tibi
3338 3790 3504 3835 totum
3550 3779 3843 3837 obtulerint

2255 3849 2547 3921 opitulante
2577 3851 2597 3880 ³
2623 3851 2789 3921 gratia
2821 3861 2905 3904 tua
2932 3867 2947 3916 ;
2988 3852 3040 3905 in
3084 3850 3262 3905 ntultis
3293 3860 3465 3905 tamen
3494 3851 3733 3921 quotidie
3756 3855 3846 3905 of-

2256 3919 2412 3973 fendo
2452 3919 2667 3992 propter
2707 3921 2923 3976 nimiam
2970 3921 3305 3992 fragilitatem
3348 3919 3539 3976 meam)
3586 3921 3845 3992 Damihi

2256 4004 2383 4059 ergo
2402 3991 2623 4060 gratiam
2655 3990 3029 4061 lacrymarum,
3053 3990 3327 4047 benediete
3353 4001 3404 4046 et
3421 3991 3662 4045 amabilis
3676 3991 3844 4058 Deus,

2257 4063 2519 4129 ρι’ωοὶμιιθ
2544 4076 2613 4116 ex
2642 4063 2805 4115 multa
2829 4062 3107 4116 dulcedine
3135 4064 3333 4116 amoris
3357 4063 3427 4116 tui
3450 4104 3463 4124 ,
3506 4071 3561 4117 et
3597 4076 3844 4116 comme~

2256 4133 2551 4185 moratione
2599 4132 3079 4187 ntiserieordiarunt
3125 4142 3352 4187 tuarum.
3409 4132 3657 4201 Prtepara
3703 4132 3846 4186 hanc

2256 4215 2496 4255 mensam
2526 4201 2721 4255 famulo
2748 4211 2839 4257 tuo
2865 4203 2916 4257 in
2945 4212 3225 4272 COllSpeClll
3251 4203 3387 4257 servi
3420 4203 3514 4268 tui,
3546 4211 3599 4255 et
3618 4201 3682 4254 da
3712 4203 3844 4257 ntibi

2257 4285 2372 4325 eam
2394 4272 2445 4342 in
2462 4280 2795 4340 potestatem,
2826 4275 3101 4342 utqnoties
3129 4273 3249 4327 volo
3274 4274 3438 4328 satier
3458 4287 3521 4327 ex
3537 4288 3622 4326 ea.
3640 4272 3845 4326 Tribue

2257 4357 2353 4412 pro
2375 4341 2569 4411 pietate
2581 4352 2631 4396 ct
2646 4342 2878 4397 bonitate
2901 4341 3008 4406 tua,
3029 4352 3087 4397 ut
3100 4343 3200 4397 iste
3212 4344 3345 4397 calix
3367 4352 3485 4397 tuus
3503 4342 3775 4397 inebrians
3788 4350 3847 4398 et

2255 4413 2543 4482 praeclarus
2584 4414 2738 4467 saliet
2767 4414 2906 4467 sitim
2936 4429 3107 4468 meam
3140 4431 3153 4467 :
3185 4423 3241 4467 ut
3283 4414 3449 4477 inhiet
3486 4413 3576 4467 tibi
3618 4413 3847 4481 spiritus

2256 4496 2426 4546 meus,
2455 4492 2505 4535 et
2532 4484 2715 4537 ardeat
2736 4498 2887 4539 ntens
2910 4499 3024 4538 mea
3058 4486 3109 4537 in
3129 4498 3313 4539 amore
3341 4495 3433 4537 tuo
3454 4524 3468 4545 ,
3499 4482 3666 4536 oblita
3687 4484 3847 4536 vani-

2259 4552 2381 4605 tatis
2408 4562 2462 4606 et
2488 4553 2736 4607 miserim.
2765 4555 2925 4617 Audi,
2963 4555 3098 4608 Deus
3127 4570 3299 4615 meus,
3327 4553 3468 4617 andi,
3504 4555 3685 4607 lunteu
3712 4568 3851 4608 ocu-

2257 4623 2429 4694 lorum
2458 4638 2696 4677 nteorum
2722 4665 2736 4686 .
2765 4625 2885 4678 audi
2915 4641 3031 4694 qua:
3062 4632 3185 4692 peto
3208 4664 3223 4686 ,
3256 4633 3310 4679 et
3334 4623 3400 4678 da
3430 4638 3548 4693 qum
3578 4632 3763 4692 petam
3790 4631 3851 4694 ut

2257 4693 2460 4747 audias.
2508 4694 2599 4748 Pie
2637 4703 2691 4747 et
2714 4693 3002 4748 exorabilis
3028 4694 3253 4749 Domine
3279 4736 3294 4761 ,
3344 4710 3410 4748 ne
3436 4694 3688 4747 efﬁciaris
3709 4693 3845 4747 mihi

2257 4763 2595 4819 inexorabilis
2622 4774 2837 4833 prOpter
2867 4775 3077 4834 peccata
3108 4780 3223 4819 mea
3245 4807 3263 4831 ,
3298 4764 3391 4819 sed
3436 4773 3657 4834 propter
3687 4763 3849 4834 boui-

2258 4842 2418 4887 tatem
2450 4846 2590 4887 tuam
2624 4832 2837 4904 suscipe
2866 4832 3003 4889 Servi
3031 4836 3101 4888 ttti
3127 4850 3343 4903 preces,
3385 4832 3525 4888 ctda
3554 4834 3687 4887 ntihi
3715 4832 3852 4887 eﬂ‘e-

2257 4915 2398 4975 ctnttt
2426 4905 2697 4973 petitionis
2736 4916 2785 4959 et
2817 4905 3065 4975 desiderii
3104 4906 3206 4959 mei
3228 4947 3242 4969 ,
3274 4904 3522 4975 precibus
3552 4912 3607 4975 et
3633 4905 3848 4958 meritis

2256 4974 2503 5042 gloriosa:
2546 4976 2762 5043 virginis
2807 4974 2985 5029 Maria:
3020 4975 3252 5030 domina:
3277 4973 3431 5029 ἰιιοω
3473 4983 3527 5029 ct
3552 4973 3572 5003 ³
3599 4975 3852 5029 omnium

2256 5057 2580 5099 Sanctorum.
2608 5047 2799 5099 Amen.

2329 5115 2555 5170 CAPUT
2630 5114 2893 5169 XXXVII.
2971 5114 3207 5170 Precatio
3284 5114 3351 5166 ad
3424 5110 3687 5169 Christum
3754 5111 3855 5166 Dei

2258 5185 2507 5266 desiderio
2534 5186 2786 5266 ﬂeamus.
2838 5185 3006 5266 Hon’t‘o
3046 5196 3153 5256 eget
3193 5184 3390 5266 ᾴιιριὶςὶ
3439 5183 3568 5265 cibo.
3617 5182 3853 5266 Quirites

2258 5257 2443 5309 auium:
2463 5254 2674 5310 sitientis
2706 5255 2890 5308 Deum.
2938 5254 3391 5325 Contémplationis
3416 5262 3621 5325 pennas
3643 5254 3855 5307 inierint

2260 5329 2417 5397 petit,
2462 5337 2509 5381 et
2541 5336 2596 5379 ιιι
2621 5328 2765 5381 sileat
2790 5327 2883 5381 sibi
2916 5323 3158 5398 quidquid
3187 5323 3423 5381 creatum
3448 5333 3542 5379 est.
3594 5323 3857 5379 l’recatur

2322 5481 2341 5513 ι
2367 5480 2736 5543 Addimusmon,
2759 5492 2824 5529 ex
2856 5487 2935 5528 Ms.
2969 5484 3102 5529 Mett.

2321 5546 2619 5607 'Ms.1ilel.t.,
2647 5546 2888 5607 operante.
2992 5600 3004 5607 _
3070 5599 3132 5607 __
3311 5600 3322 5607 .
3412 5598 3422 5607 .
3508 5596 3519 5607 .

2324 5607 2477 5668 ³1ιιιξο
2504 5598 2919 5668 verba,'gloriosw
2957 5599 3156 5665 virginis
3197 5600 3367 5652 Maria:
3389 5598 3597 5650 domine
3620 5604 3743 5649 nam
3784 5604 3854 5657 et,

2262 5680 2358 5719 non
2391 5666 2541 5716 habet
2563 5672 2645 5714 Ms.
2667 5666 2797 5715 M'ett.

2327 5729 2400 5791 (ιι)
2435 5735 2503 5779 tta
2514 5729 2723 5779 confess.
2750 5725 2929 5777 Alcuin.
2954 5733 3079 5789 part.
3103 5721 3150 5788 4,
3175 5737 3226 5774 ιι.
3252 5723 3327 5776 16.
