  <div class='ocr_page' id='page_1' title='image "/cluster/home/n/w/nwhite01/storage/ocr_20150623/40/hvd.32044024147290/476.png"; bbox 0 0 4094 6342; ppageno 0'>
   <div class='ocr_carea' id='block_1_1' title="bbox 317 296 427 355">
    <p class='ocr_par' dir='ltr' id='par_1_1' title="bbox 317 296 427 355">
     <span class='ocr_line' id='line_1_1' title="bbox 317 296 427 355; baseline -0.027 0"><span class='ocrx_word' id='word_1_1' title='bbox 317 296 427 355; x_wconf 76' lang='lat'><strong>933</strong></span> 
     </span>
    </p>
   </div>
   <div class='ocr_carea' id='block_1_2' title="bbox 312 407 1891 481">
    <p class='ocr_par' dir='ltr' id='par_1_2' title="bbox 312 407 1891 481">
     <span class='ocr_line' id='line_1_2' title="bbox 312 407 1891 481; baseline -0.003 -15"><span class='ocrx_word' id='word_1_2' title='bbox 312 410 579 481; x_wconf 73' lang='lat' dir='ltr'><strong>charitatis</strong></span> <span class='ocrx_word' id='word_1_3' title='bbox 600 410 799 481; x_wconf 69' lang='lat' dir='ltr'><strong>vulnus.</strong></span> <span class='ocrx_word' id='word_1_4' title='bbox 827 409 1039 481; x_wconf 79' lang='lat' dir='ltr'><strong>Omnem</strong></span> <span class='ocrx_word' id='word_1_5' title='bbox 1068 409 1145 462; x_wconf 82' lang='lat' dir='ltr'><strong>hic</strong></span> <span class='ocrx_word' id='word_1_6' title='bbox 1168 408 1352 475; x_wconf 77' lang='lat' dir='ltr'><strong>respuit</strong></span> <span class='ocrx_word' id='word_1_7' title='bbox 1375 409 1785 481; x_wconf 79' lang='lat' dir='ltr'><strong>consolationem.</strong></span> <span class='ocrx_word' id='word_1_8' title='bbox 1816 407 1891 481; x_wconf 72' lang='lat' dir='ltr'><strong>(rt)</strong></span> 
     </span>
    </p>
   </div>
   <div class='ocr_carea' id='block_1_3' title="bbox 312 480 1893 550">
    <p class='ocr_par' dir='ltr' id='par_1_3' title="bbox 312 480 1893 550">
     <span class='ocr_line' id='line_1_3' title="bbox 312 480 1893 550; baseline -0.003 -12"><span class='ocrx_word' id='word_1_9' title='bbox 312 480 444 538; x_wconf 82' lang='lat' dir='ltr'><strong>Jesu</strong></span> <span class='ocrx_word' id='word_1_10' title='bbox 477 481 718 544; x_wconf 85' lang='lat' dir='ltr'><strong>Domine,</strong></span> <span class='ocrx_word' id='word_1_11' title='bbox 745 480 868 535; x_wconf 87' lang='lat' dir='ltr'><strong>Jesu</strong></span> <span class='ocrx_word' id='word_1_12' title='bbox 893 482 995 550; x_wconf 91' lang='lat' dir='ltr'><strong>pie,</strong></span> <span class='ocrx_word' id='word_1_13' title='bbox 1020 480 1143 535; x_wconf 81' lang='lat' dir='ltr'><strong>Jesu</strong></span> <span class='ocrx_word' id='word_1_14' title='bbox 1172 481 1307 533; x_wconf 89' lang='lat' dir='ltr'><strong>bone</strong></span> <span class='ocrx_word' id='word_1_15' title='bbox 1326 522 1341 542; x_wconf 95' lang='lat'><strong>,</strong></span> <span class='ocrx_word' id='word_1_16' title='bbox 1368 480 1462 550; x_wconf 86' lang='lat' dir='ltr'><strong>qui</strong></span> <span class='ocrx_word' id='word_1_17' title='bbox 1488 483 1620 533; x_wconf 92' lang='lat' dir='ltr'><strong>mori</strong></span> <span class='ocrx_word' id='word_1_18' title='bbox 1650 480 1893 548; x_wconf 82' lang='lat' dir='ltr'><strong>dignatus</strong></span> 
     </span>
    </p>
   </div>
   <div class='ocr_carea' id='block_1_4' title="bbox 311 549 1891 632">
    <p class='ocr_par' dir='ltr' id='par_1_4' title="bbox 311 549 1891 632">
     <span class='ocr_line' id='line_1_4' title="bbox 311 549 1891 632; baseline -0.001 -27"><span class='ocrx_word' id='word_1_19' title='bbox 311 561 623 632; x_wconf 47' lang='lat' dir='ltr'><strong>esnpropter</strong></span> <span class='ocrx_word' id='word_1_20' title='bbox 651 561 865 622; x_wconf 89' lang='lat' dir='ltr'><strong>peccata</strong></span> <span class='ocrx_word' id='word_1_21' title='bbox 896 549 1094 610; x_wconf 87' lang='lat' dir='ltr'><strong>nostra.</strong></span> <span class='ocrx_word' id='word_1_22' title='bbox 1126 560 1179 603; x_wconf 88' lang='lat' dir='ltr'><strong>et</strong></span> <span class='ocrx_word' id='word_1_23' title='bbox 1203 549 1539 632; x_wconf 70' lang='lat' dir='ltr'><strong>resurrexjsti</strong></span> <span class='ocrx_word' id='word_1_24' title='bbox 1568 561 1781 618; x_wconf 87' lang='lat' dir='ltr'><strong>propter</strong></span> <span class='ocrx_word' id='word_1_25' title='bbox 1801 550 1891 619; x_wconf 80' lang='lat' dir='ltr'><strong>jn-</strong></span> 
     </span>
    </p>
   </div>
   <div class='ocr_carea' id='block_1_5' title="bbox 311 619 1895 690">
    <p class='ocr_par' dir='ltr' id='par_1_5' title="bbox 311 619 1895 690">
     <span class='ocr_line' id='line_1_5' title="bbox 311 619 1895 690; baseline -0.002 -14"><span class='ocrx_word' id='word_1_26' title='bbox 311 619 686 676; x_wconf 80' lang='lat' dir='ltr'><strong>stil‘tcationem</strong></span> <span class='ocrx_word' id='word_1_27' title='bbox 719 632 987 687; x_wconf 90' lang='lat' dir='ltr'><strong>nostram,</strong></span> <span class='ocrx_word' id='word_1_28' title='bbox 1032 635 1159 690; x_wconf 86' lang='lat' dir='ltr'><strong>rogo</strong></span> <span class='ocrx_word' id='word_1_29' title='bbox 1201 629 1251 673; x_wconf 91' lang='lat' dir='ltr'><strong>te</strong></span> <span class='ocrx_word' id='word_1_30' title='bbox 1279 635 1386 690; x_wconf 84' lang='lat' dir='ltr'><strong>per</strong></span> <span class='ocrx_word' id='word_1_31' title='bbox 1410 619 1691 689; x_wconf 84' lang='lat' dir='ltr'><strong>gloriosam</strong></span> <span class='ocrx_word' id='word_1_32' title='bbox 1718 636 1895 674; x_wconf 79' lang='lat' dir='ltr'><strong>resur-</strong></span> 
     </span>
    </p>
   </div>
   <div class='ocr_carea' id='block_1_6' title="bbox 312 689 1887 760">
    <p class='ocr_par' dir='ltr' id='par_1_6' title="bbox 312 689 1887 760">
     <span class='ocr_line' id='line_1_6' title="bbox 312 689 1887 760; baseline -0.001 -16"><span class='ocrx_word' id='word_1_33' title='bbox 312 691 608 746; x_wconf 87' lang='lat' dir='ltr'><strong>rectionem</strong></span> <span class='ocrx_word' id='word_1_34' title='bbox 636 700 779 745; x_wconf 88' lang='lat' dir='ltr'><strong>tuam</strong></span> <span class='ocrx_word' id='word_1_35' title='bbox 802 732 816 751; x_wconf 94' lang='lat'><strong>,</strong></span> <span class='ocrx_word' id='word_1_36' title='bbox 861 691 1113 744; x_wconf 87' lang='lat' dir='ltr'><strong>resuscita</strong></span> <span class='ocrx_word' id='word_1_37' title='bbox 1147 705 1229 760; x_wconf 89' lang='lat' dir='ltr'><strong>me</strong></span> <span class='ocrx_word' id='word_1_38' title='bbox 1259 689 1325 742; x_wconf 94' lang='lat' dir='ltr'><strong>de</strong></span> <span class='ocrx_word' id='word_1_39' title='bbox 1358 691 1604 760; x_wconf 69' lang='lat' dir='ltr'><strong>sepulcro</strong></span> <span class='ocrx_word' id='word_1_40' title='bbox 1641 691 1887 743; x_wconf 88' lang='lat' dir='ltr'><strong>vitiorum</strong></span> 
     </span>
    </p>
   </div>
   <div class='ocr_carea' id='block_1_7' title="bbox 312 759 1891 830">
    <p class='ocr_par' dir='ltr' id='par_1_7' title="bbox 312 759 1891 830">
     <span class='ocr_line' id='line_1_7' title="bbox 312 759 1891 830; baseline -0.001 -16"><span class='ocrx_word' id='word_1_41' title='bbox 312 771 372 815; x_wconf 89' lang='lat' dir='ltr'><strong>et</strong></span> <span class='ocrx_word' id='word_1_42' title='bbox 392 770 727 830; x_wconf 89' lang='lat' dir='ltr'><strong>peccatorum</strong></span> <span class='ocrx_word' id='word_1_43' title='bbox 764 760 1037 822; x_wconf 90' lang='lat' dir='ltr'><strong>omnium,</strong></span> <span class='ocrx_word' id='word_1_44' title='bbox 1084 768 1137 813; x_wconf 92' lang='lat' dir='ltr'><strong>et</strong></span> <span class='ocrx_word' id='word_1_45' title='bbox 1165 759 1229 813; x_wconf 92' lang='lat' dir='ltr'><strong>da</strong></span> <span class='ocrx_word' id='word_1_46' title='bbox 1262 760 1388 813; x_wconf 91' lang='lat' dir='ltr'><strong>mihi</strong></span> <span class='ocrx_word' id='word_1_47' title='bbox 1422 759 1663 829; x_wconf 79' lang='lat' dir='ltr'><strong>quotidie</strong></span> <span class='ocrx_word' id='word_1_48' title='bbox 1694 772 1891 829; x_wconf 88' lang='lat' dir='ltr'><strong>partem</strong></span> 
     </span>
    </p>
   </div>
   <div class='ocr_carea' id='block_1_8' title="bbox 314 830 1896 899">
    <p class='ocr_par' dir='ltr' id='par_1_8' title="bbox 314 830 1896 899">
     <span class='ocr_line' id='line_1_8' title="bbox 314 830 1896 899; baseline -0.001 -15"><span class='ocrx_word' id='word_1_49' title='bbox 314 830 372 884; x_wconf 91' lang='lat' dir='ltr'><strong>in</strong></span> <span class='ocrx_word' id='word_1_50' title='bbox 397 832 786 885; x_wconf 75' lang='lat' dir='ltr'><strong>resurrectione</strong></span> <span class='ocrx_word' id='word_1_51' title='bbox 805 830 990 899; x_wconf 89' lang='lat' dir='ltr'><strong>prima,</strong></span> <span class='ocrx_word' id='word_1_52' title='bbox 1020 841 1077 883; x_wconf 98' lang='grc' dir='ltr'><strong>ιιι</strong></span> <span class='ocrx_word' id='word_1_53' title='bbox 1098 831 1147 883; x_wconf 94' lang='lat' dir='ltr'><strong>in</strong></span> <span class='ocrx_word' id='word_1_54' title='bbox 1174 831 1559 884; x_wconf 88' lang='lat' dir='ltr'><strong>resurrectione</strong></span> <span class='ocrx_word' id='word_1_55' title='bbox 1582 842 1666 883; x_wconf 88' lang='lat' dir='ltr'><strong>tua</strong></span> <span class='ocrx_word' id='word_1_56' title='bbox 1685 846 1896 883; x_wconf 89' lang='lat' dir='ltr'><strong>merear</strong></span> 
     </span>
    </p>
   </div>
   <div class='ocr_carea' id='block_1_9' title="bbox 314 900 1891 969">
    <p class='ocr_par' dir='ltr' id='par_1_9' title="bbox 314 900 1891 969">
     <span class='ocr_line' id='line_1_9' title="bbox 314 900 1891 969; baseline 0 -18"><span class='ocrx_word' id='word_1_57' title='bbox 314 902 583 956; x_wconf 79' lang='lat' dir='ltr'><strong>veraciter</strong></span> <span class='ocrx_word' id='word_1_58' title='bbox 615 901 886 969; x_wconf 75' lang='lat' dir='ltr'><strong>percipere</strong></span> <span class='ocrx_word' id='word_1_59' title='bbox 914 902 1231 969; x_wconf 89' lang='lat' dir='ltr'><strong>portionem.</strong></span> <span class='ocrx_word' id='word_1_60' title='bbox 1268 900 1596 959; x_wconf 81' lang='lat' dir='ltr'><strong>Dulcissime,</strong></span> <span class='ocrx_word' id='word_1_61' title='bbox 1622 900 1891 968; x_wconf 80' lang='lat' dir='ltr'><strong>benignis-</strong></span> 
     </span>
    </p>
   </div>
   <div class='ocr_carea' id='block_1_10' title="bbox 313 970 1892 1038">
    <p class='ocr_par' dir='ltr' id='par_1_10' title="bbox 313 970 1892 1038">
     <span class='ocr_line' id='line_1_10' title="bbox 313 970 1892 1038; baseline -0.002 -13"><span class='ocrx_word' id='word_1_62' title='bbox 313 970 475 1035; x_wconf 86' lang='lat' dir='ltr'><strong>sime,</strong></span> <span class='ocrx_word' id='word_1_63' title='bbox 507 971 869 1037; x_wconf 88' lang='lat' dir='ltr'><strong>amantissime</strong></span> <span class='ocrx_word' id='word_1_64' title='bbox 892 1013 906 1031; x_wconf 86' lang='lat'><strong>,</strong></span> <span class='ocrx_word' id='word_1_65' title='bbox 937 970 1282 1033; x_wconf 85' lang='lat' dir='ltr'><strong>charissime,</strong></span> <span class='ocrx_word' id='word_1_66' title='bbox 1319 970 1717 1038; x_wconf 89' lang='lat' dir='ltr'><strong>pretiosissime,</strong></span> <span class='ocrx_word' id='word_1_67' title='bbox 1750 970 1892 1023; x_wconf 52' lang='lat' dir='ltr'><strong>desi.</strong></span> 
     </span>
    </p>
   </div>
   <div class='ocr_carea' id='block_1_11' title="bbox 313 1040 1893 1110">
    <p class='ocr_par' dir='ltr' id='par_1_11' title="bbox 313 1040 1893 1110">
     <span class='ocr_line' id='line_1_11' title="bbox 313 1040 1893 1110; baseline 0 -16"><span class='ocrx_word' id='word_1_68' title='bbox 313 1040 687 1095; x_wconf 86' lang='lat' dir='ltr'><strong>derantissime</strong></span> <span class='ocrx_word' id='word_1_69' title='bbox 709 1081 722 1093; x_wconf 92' lang='lat'><strong>.</strong></span> <span class='ocrx_word' id='word_1_70' title='bbox 748 1041 1125 1094; x_wconf 83' lang='lat' dir='ltr'><strong>amabilissime</strong></span> <span class='ocrx_word' id='word_1_71' title='bbox 1145 1081 1158 1102; x_wconf 91' lang='lat'><strong>,</strong></span> <span class='ocrx_word' id='word_1_72' title='bbox 1201 1040 1576 1110; x_wconf 83' lang='lat' dir='ltr'><strong>pulcherrime,</strong></span> <span class='ocrx_word' id='word_1_73' title='bbox 1609 1040 1893 1094; x_wconf 88' lang='lat' dir='ltr'><strong>ascendisti</strong></span> 
     </span>
    </p>
   </div>
   <div class='ocr_carea' id='block_1_12' title="bbox 314 1109 1893 1180">
    <p class='ocr_par' dir='ltr' id='par_1_12' title="bbox 314 1109 1893 1180">
     <span class='ocr_line' id='line_1_12' title="bbox 314 1109 1893 1180; baseline 0 -16"><span class='ocrx_word' id='word_1_74' title='bbox 314 1112 373 1164; x_wconf 91' lang='lat' dir='ltr'><strong>in</strong></span> <span class='ocrx_word' id='word_1_75' title='bbox 403 1111 597 1166; x_wconf 71' lang='lat' dir='ltr'><strong>omium</strong></span> <span class='ocrx_word' id='word_1_76' title='bbox 624 1125 746 1165; x_wconf 88' lang='lat' dir='ltr'><strong>cum</strong></span> <span class='ocrx_word' id='word_1_77' title='bbox 791 1110 1058 1179; x_wconf 86' lang='lat' dir='ltr'><strong>triumpho</strong></span> <span class='ocrx_word' id='word_1_78' title='bbox 1083 1109 1264 1180; x_wconf 74' lang='lat' dir='ltr'><strong>gloria:</strong></span> <span class='ocrx_word' id='word_1_79' title='bbox 1288 1152 1303 1177; x_wconf 95' lang='lat'><strong>,</strong></span> <span class='ocrx_word' id='word_1_80' title='bbox 1346 1109 1504 1164; x_wconf 83' lang='lat' dir='ltr'><strong>sedes</strong></span> <span class='ocrx_word' id='word_1_81' title='bbox 1527 1111 1592 1164; x_wconf 90' lang='lat' dir='ltr'><strong>ad</strong></span> <span class='ocrx_word' id='word_1_82' title='bbox 1624 1110 1893 1165; x_wconf 81' lang='lat' dir='ltr'><strong>dexteram</strong></span> 
     </span>
    </p>
   </div>
   <div class='ocr_carea' id='block_1_13' title="bbox 314 1180 1892 1249">
    <p class='ocr_par' dir='ltr' id='par_1_13' title="bbox 314 1180 1892 1249">
     <span class='ocr_line' id='line_1_13' title="bbox 314 1180 1892 1249; baseline -0.001 -15"><span class='ocrx_word' id='word_1_83' title='bbox 314 1181 512 1236; x_wconf 81' lang='lat' dir='ltr'><strong>Patris.</strong></span> <span class='ocrx_word' id='word_1_84' title='bbox 568 1180 679 1235; x_wconf 78' lang='lat' dir='ltr'><strong>Rex</strong></span> <span class='ocrx_word' id='word_1_85' title='bbox 722 1182 1087 1249; x_wconf 82' lang='lat' dir='ltr'><strong>potentissime</strong></span> <span class='ocrx_word' id='word_1_86' title='bbox 1111 1221 1127 1246; x_wconf 92' lang='lat'><strong>,</strong></span> <span class='ocrx_word' id='word_1_87' title='bbox 1170 1181 1321 1235; x_wconf 89' lang='lat' dir='ltr'><strong>trahe</strong></span> <span class='ocrx_word' id='word_1_88' title='bbox 1349 1195 1434 1234; x_wconf 90' lang='lat' dir='ltr'><strong>me</strong></span> <span class='ocrx_word' id='word_1_89' title='bbox 1472 1196 1682 1235; x_wconf 90' lang='lat' dir='ltr'><strong>sursum</strong></span> <span class='ocrx_word' id='word_1_90' title='bbox 1710 1180 1775 1234; x_wconf 89' lang='lat' dir='ltr'><strong>ad</strong></span> <span class='ocrx_word' id='word_1_91' title='bbox 1808 1190 1892 1247; x_wconf 89' lang='lat' dir='ltr'><strong>te;</strong></span> 
     </span>
    </p>
   </div>
   <div class='ocr_carea' id='block_1_14' title="bbox 314 1250 1894 1320">
    <p class='ocr_par' dir='ltr' id='par_1_14' title="bbox 314 1250 1894 1320">
     <span class='ocr_line' id='line_1_14' title="bbox 314 1250 1894 1320; baseline -0.001 -15"><span class='ocrx_word' id='word_1_92' title='bbox 314 1265 527 1305; x_wconf 88' lang='lat' dir='ltr'><strong>curram</strong></span> <span class='ocrx_word' id='word_1_93' title='bbox 558 1259 676 1319; x_wconf 89' lang='lat' dir='ltr'><strong>post</strong></span> <span class='ocrx_word' id='word_1_94' title='bbox 715 1261 765 1305; x_wconf 92' lang='lat' dir='ltr'><strong>te</strong></span> <span class='ocrx_word' id='word_1_95' title='bbox 809 1252 859 1304; x_wconf 91' lang='lat' dir='ltr'><strong>in</strong></span> <span class='ocrx_word' id='word_1_96' title='bbox 891 1250 1053 1305; x_wconf 85' lang='lat' dir='ltr'><strong>odore</strong></span> <span class='ocrx_word' id='word_1_97' title='bbox 1082 1260 1469 1320; x_wconf 85' lang='lat' dir='ltr'><strong>unguentorum</strong></span> <span class='ocrx_word' id='word_1_98' title='bbox 1499 1260 1705 1305; x_wconf 82' lang='lat' dir='ltr'><strong>tuorum</strong></span> <span class='ocrx_word' id='word_1_99' title='bbox 1726 1292 1741 1315; x_wconf 97' lang='lat'><strong>,</strong></span> <span class='ocrx_word' id='word_1_100' title='bbox 1771 1266 1894 1306; x_wconf 88' lang='lat' dir='ltr'><strong>cur-</strong></span> 
     </span>
    </p>
   </div>
   <div class='ocr_carea' id='block_1_15' title="bbox 316 1320 1896 1385">
    <p class='ocr_par' dir='ltr' id='par_1_15' title="bbox 316 1320 1896 1385">
     <span class='ocr_line' id='line_1_15' title="bbox 316 1320 1896 1385; baseline 0.001 -10"><span class='ocrx_word' id='word_1_101' title='bbox 316 1336 437 1375; x_wconf 82' lang='lat' dir='ltr'><strong>ram</strong></span> <span class='ocrx_word' id='word_1_102' title='bbox 468 1330 522 1376; x_wconf 91' lang='lat' dir='ltr'><strong>et</strong></span> <span class='ocrx_word' id='word_1_103' title='bbox 559 1337 663 1374; x_wconf 92' lang='lat' dir='ltr'><strong>non</strong></span> <span class='ocrx_word' id='word_1_104' title='bbox 691 1320 931 1375; x_wconf 83' lang='lat' dir='ltr'><strong>deﬁciam</strong></span> <span class='ocrx_word' id='word_1_105' title='bbox 955 1361 971 1383; x_wconf 93' lang='lat'><strong>,</strong></span> <span class='ocrx_word' id='word_1_106' title='bbox 1022 1330 1074 1375; x_wconf 91' lang='lat' dir='ltr'><strong>te</strong></span> <span class='ocrx_word' id='word_1_107' title='bbox 1102 1322 1377 1385; x_wconf 81' lang='lat' dir='ltr'><strong>trahente,</strong></span> <span class='ocrx_word' id='word_1_108' title='bbox 1428 1330 1479 1374; x_wconf 91' lang='lat' dir='ltr'><strong>te</strong></span> <span class='ocrx_word' id='word_1_109' title='bbox 1519 1320 1777 1385; x_wconf 90' lang='lat' dir='ltr'><strong>ducente,</strong></span> <span class='ocrx_word' id='word_1_110' title='bbox 1811 1336 1896 1376; x_wconf 88' lang='lat' dir='ltr'><strong>me</strong></span> 
     </span>
    </p>
   </div>
   <div class='ocr_carea' id='block_1_16' title="bbox 314 1390 1893 1459">
    <p class='ocr_par' dir='ltr' id='par_1_16' title="bbox 314 1390 1893 1459">
     <span class='ocr_line' id='line_1_16' title="bbox 314 1390 1893 1459; baseline 0 -14"><span class='ocrx_word' id='word_1_111' title='bbox 314 1400 567 1446; x_wconf 88' lang='lat' dir='ltr'><strong>currente</strong></span> <span class='ocrx_word' id='word_1_112' title='bbox 597 1392 636 1444; x_wconf 85' lang='grc'><strong>¹.</strong></span> <span class='ocrx_word' id='word_1_113' title='bbox 690 1390 864 1446; x_wconf 86' lang='lat' dir='ltr'><strong>Trahe</strong></span> <span class='ocrx_word' id='word_1_114' title='bbox 907 1405 971 1445; x_wconf 91' lang='lat' dir='ltr'><strong>os</strong></span> <span class='ocrx_word' id='word_1_115' title='bbox 997 1391 1226 1445; x_wconf 84' lang='lat' dir='ltr'><strong>sitientis</strong></span> <span class='ocrx_word' id='word_1_116' title='bbox 1266 1399 1317 1446; x_wconf 86' lang='lat' dir='ltr'><strong>te</strong></span> <span class='ocrx_word' id='word_1_117' title='bbox 1342 1390 1533 1445; x_wconf 60' lang='lat' dir='ltr'><strong>anima:</strong></span> <span class='ocrx_word' id='word_1_118' title='bbox 1564 1392 1615 1445; x_wconf 91' lang='lat' dir='ltr'><strong>in</strong></span> <span class='ocrx_word' id='word_1_119' title='bbox 1660 1406 1893 1459; x_wconf 76' lang='lat' dir='ltr'><strong>superna</strong></span> 
     </span>
    </p>
   </div>
   <div class='ocr_carea' id='block_1_17' title="bbox 315 1460 1894 1524">
    <p class='ocr_par' dir='ltr' id='par_1_17' title="bbox 315 1460 1894 1524">
     <span class='ocr_line' id='line_1_17' title="bbox 315 1460 1894 1524; baseline 0 -10"><span class='ocrx_word' id='word_1_120' title='bbox 315 1460 515 1516; x_wconf 83' lang='lat' dir='ltr'><strong>ﬂuenta</strong></span> <span class='ocrx_word' id='word_1_121' title='bbox 554 1471 767 1515; x_wconf 62' lang='lat' dir='ltr'><strong>aeternae</strong></span> <span class='ocrx_word' id='word_1_122' title='bbox 795 1461 1085 1524; x_wconf 89' lang='lat' dir='ltr'><strong>satietatis;</strong></span> <span class='ocrx_word' id='word_1_123' title='bbox 1117 1461 1223 1514; x_wconf 92' lang='lat' dir='ltr'><strong>imo</strong></span> <span class='ocrx_word' id='word_1_124' title='bbox 1249 1461 1398 1515; x_wconf 80' lang='lat' dir='ltr'><strong>trahe</strong></span> <span class='ocrx_word' id='word_1_125' title='bbox 1424 1460 1489 1514; x_wconf 91' lang='lat' dir='ltr'><strong>ad</strong></span> <span class='ocrx_word' id='word_1_126' title='bbox 1520 1470 1569 1515; x_wconf 91' lang='lat' dir='ltr'><strong>te</strong></span> <span class='ocrx_word' id='word_1_127' title='bbox 1592 1461 1787 1515; x_wconf 79' lang='lat' dir='ltr'><strong>fontem</strong></span> <span class='ocrx_word' id='word_1_128' title='bbox 1815 1464 1894 1514; x_wconf 90' lang='lat' dir='ltr'><strong>vi-</strong></span> 
     </span>
    </p>
   </div>
   <div class='ocr_carea' id='block_1_18' title="bbox 316 1530 1896 1601">
    <p class='ocr_par' dir='ltr' id='par_1_18' title="bbox 316 1530 1896 1601">
     <span class='ocr_line' id='line_1_18' title="bbox 316 1530 1896 1601; baseline 0.001 -17"><span class='ocrx_word' id='word_1_129' title='bbox 316 1546 445 1585; x_wconf 81' lang='lat' dir='ltr'><strong>vum</strong></span> <span class='ocrx_word' id='word_1_130' title='bbox 467 1571 482 1597; x_wconf 92' lang='lat'><strong>,</strong></span> <span class='ocrx_word' id='word_1_131' title='bbox 508 1540 564 1586; x_wconf 92' lang='lat' dir='ltr'><strong>ut</strong></span> <span class='ocrx_word' id='word_1_132' title='bbox 591 1531 714 1585; x_wconf 90' lang='lat' dir='ltr'><strong>inde</strong></span> <span class='ocrx_word' id='word_1_133' title='bbox 744 1546 841 1601; x_wconf 92' lang='lat' dir='ltr'><strong>pro</strong></span> <span class='ocrx_word' id='word_1_134' title='bbox 861 1540 1016 1601; x_wconf 89' lang='lat' dir='ltr'><strong>captu</strong></span> <span class='ocrx_word' id='word_1_135' title='bbox 1044 1545 1164 1586; x_wconf 90' lang='lat' dir='ltr'><strong>meo</strong></span> <span class='ocrx_word' id='word_1_136' title='bbox 1191 1531 1365 1601; x_wconf 80' lang='lat' dir='ltr'><strong>bibam</strong></span> <span class='ocrx_word' id='word_1_137' title='bbox 1387 1572 1401 1593; x_wconf 95' lang='lat'><strong>,</strong></span> <span class='ocrx_word' id='word_1_138' title='bbox 1434 1530 1557 1584; x_wconf 90' lang='lat' dir='ltr'><strong>inde</strong></span> <span class='ocrx_word' id='word_1_139' title='bbox 1582 1546 1793 1600; x_wconf 87' lang='lat' dir='ltr'><strong>semper</strong></span> <span class='ocrx_word' id='word_1_140' title='bbox 1818 1532 1896 1585; x_wconf 87' lang='lat' dir='ltr'><strong>vi-</strong></span> 
     </span>
    </p>
   </div>
   <div class='ocr_carea' id='block_1_19' title="bbox 316 1600 1898 1656">
    <p class='ocr_par' dir='ltr' id='par_1_19' title="bbox 316 1600 1898 1656">
     <span class='ocr_line' id='line_1_19' title="bbox 316 1600 1898 1656; baseline 0 -2"><span class='ocrx_word' id='word_1_141' title='bbox 316 1616 464 1655; x_wconf 81' lang='lat' dir='ltr'><strong>vam.</strong></span> <span class='ocrx_word' id='word_1_142' title='bbox 510 1601 649 1656; x_wconf 91' lang='lat' dir='ltr'><strong>Deus</strong></span> <span class='ocrx_word' id='word_1_143' title='bbox 678 1600 829 1656; x_wconf 89' lang='lat' dir='ltr'><strong>meus</strong></span> <span class='ocrx_word' id='word_1_144' title='bbox 855 1600 960 1655; x_wconf 88' lang='lat' dir='ltr'><strong>vita</strong></span> <span class='ocrx_word' id='word_1_145' title='bbox 1002 1616 1141 1655; x_wconf 88' lang='lat' dir='ltr'><strong>mea.</strong></span> <span class='ocrx_word' id='word_1_146' title='bbox 1187 1600 1267 1653; x_wconf 86' lang='lat' dir='ltr'><strong>Tu</strong></span> <span class='ocrx_word' id='word_1_147' title='bbox 1293 1600 1432 1655; x_wconf 90' lang='lat' dir='ltr'><strong>enim</strong></span> <span class='ocrx_word' id='word_1_148' title='bbox 1475 1600 1651 1655; x_wconf 79' lang='lat' dir='ltr'><strong>dixisti</strong></span> <span class='ocrx_word' id='word_1_149' title='bbox 1685 1616 1779 1655; x_wconf 91' lang='lat' dir='ltr'><strong>ore</strong></span> <span class='ocrx_word' id='word_1_150' title='bbox 1806 1610 1898 1654; x_wconf 89' lang='lat' dir='ltr'><strong>tuo</strong></span> 
     </span>
    </p>
   </div>
   <div class='ocr_carea' id='block_1_20' title="bbox 316 1670 1896 1740">
    <p class='ocr_par' dir='ltr' id='par_1_20' title="bbox 316 1670 1896 1740">
     <span class='ocr_line' id='line_1_20' title="bbox 316 1670 1896 1740; baseline 0 -15"><span class='ocrx_word' id='word_1_151' title='bbox 316 1679 507 1725; x_wconf 86' lang='lat' dir='ltr'><strong>sancto</strong></span> <span class='ocrx_word' id='word_1_152' title='bbox 535 1680 589 1726; x_wconf 90' lang='lat' dir='ltr'><strong>et</strong></span> <span class='ocrx_word' id='word_1_153' title='bbox 612 1672 912 1735; x_wconf 86' lang='lat' dir='ltr'><strong>benedicto,</strong></span> <span class='ocrx_word' id='word_1_154' title='bbox 947 1671 1136 1740; x_wconf 78' lang='lat' dir='ltr'><strong>Siquis</strong></span> <span class='ocrx_word' id='word_1_155' title='bbox 1156 1670 1278 1735; x_wconf 79' lang='lat' dir='ltr'><strong>sitit,</strong></span> <span class='ocrx_word' id='word_1_156' title='bbox 1302 1672 1466 1724; x_wconf 78' lang='lat' dir='ltr'><strong>veniat</strong></span> <span class='ocrx_word' id='word_1_157' title='bbox 1485 1672 1553 1723; x_wconf 85' lang='lat' dir='ltr'><strong>ad</strong></span> <span class='ocrx_word' id='word_1_158' title='bbox 1573 1688 1669 1737; x_wconf 88' lang='lat' dir='ltr'><strong>me,</strong></span> <span class='ocrx_word' id='word_1_159' title='bbox 1701 1681 1746 1724; x_wconf 88' lang='lat' dir='ltr'><strong>et</strong></span> <span class='ocrx_word' id='word_1_160' title='bbox 1762 1670 1896 1725; x_wconf 57' lang='lat' dir='ltr'><strong>bibat</strong></span> 
     </span>
    </p>
   </div>
   <div class='ocr_carea' id='block_1_21' title="bbox 344 1740 1898 1812">
    <p class='ocr_par' dir='ltr' id='par_1_21' title="bbox 344 1740 1898 1812">
     <span class='ocr_line' id='line_1_21' title="bbox 344 1740 1898 1812; baseline 0.001 -18"><span class='ocrx_word' id='word_1_161' title='bbox 344 1741 500 1795; x_wconf 82' lang='lat' dir='ltr'><strong>Jonn.</strong></span> <span class='ocrx_word' id='word_1_162' title='bbox 526 1757 621 1807; x_wconf 89' lang='lat' dir='ltr'><strong>vn,</strong></span> <span class='ocrx_word' id='word_1_163' title='bbox 644 1740 755 1812; x_wconf 79' lang='lat'><strong>37).</strong></span> <span class='ocrx_word' id='word_1_164' title='bbox 789 1741 930 1795; x_wconf 87' lang='lat' dir='ltr'><strong>Fons</strong></span> <span class='ocrx_word' id='word_1_165' title='bbox 955 1742 1074 1812; x_wconf 76' lang='lat' dir='ltr'><strong>vita:</strong></span> <span class='ocrx_word' id='word_1_166' title='bbox 1093 1782 1108 1807; x_wconf 94' lang='lat'><strong>,</strong></span> <span class='ocrx_word' id='word_1_167' title='bbox 1140 1741 1205 1795; x_wconf 89' lang='lat' dir='ltr'><strong>da</strong></span> <span class='ocrx_word' id='word_1_168' title='bbox 1235 1741 1429 1795; x_wconf 89' lang='lat' dir='ltr'><strong>sitienti</strong></span> <span class='ocrx_word' id='word_1_169' title='bbox 1471 1741 1663 1795; x_wconf 73' lang='lat' dir='ltr'><strong>anima:</strong></span> <span class='ocrx_word' id='word_1_170' title='bbox 1689 1757 1898 1810; x_wconf 87' lang='lat' dir='ltr'><strong>semper</strong></span> 
     </span>
    </p>
   </div>
   <div class='ocr_carea' id='block_1_22' title="bbox 362 1810 1897 1879">
    <p class='ocr_par' dir='ltr' id='par_1_22' title="bbox 362 1810 1897 1879">
     <span class='ocr_line' id='line_1_22' title="bbox 362 1810 1897 1879; baseline -0.001 -14"><span class='ocrx_word' id='word_1_171' title='bbox 362 1812 510 1867; x_wconf 89' lang='lat' dir='ltr'><strong>ibcre</strong></span> <span class='ocrx_word' id='word_1_172' title='bbox 537 1828 599 1867; x_wconf 80' lang='lat' dir='ltr'><strong>ex</strong></span> <span class='ocrx_word' id='word_1_173' title='bbox 630 1810 1095 1876; x_wconf 53' lang='lat' dir='ltr'><strong>te,&#39;ut5ecundum</strong></span> <span class='ocrx_word' id='word_1_174' title='bbox 1119 1820 1354 1865; x_wconf 90' lang='lat' dir='ltr'><strong>sanctam</strong></span> <span class='ocrx_word' id='word_1_175' title='bbox 1375 1821 1429 1866; x_wconf 92' lang='lat' dir='ltr'><strong>et</strong></span> <span class='ocrx_word' id='word_1_176' title='bbox 1457 1812 1741 1865; x_wconf 88' lang='lat' dir='ltr'><strong>veridicam</strong></span> <span class='ocrx_word' id='word_1_177' title='bbox 1774 1828 1897 1879; x_wconf 86' lang='lat' dir='ltr'><strong>pro-</strong></span> 
     </span>
    </p>
   </div>
   <div class='ocr_carea' id='block_1_23' title="bbox 318 1880 1893 1954">
    <p class='ocr_par' dir='ltr' id='par_1_23' title="bbox 318 1880 1893 1954">
     <span class='ocr_line' id='line_1_23' title="bbox 318 1880 1893 1954; baseline 0.001 -20"><span class='ocrx_word' id='word_1_178' title='bbox 318 1882 630 1954; x_wconf 59' lang='lat' dir='ltr'><strong>missionem</strong></span> <span class='ocrx_word' id='word_1_179' title='bbox 644 1896 785 1954; x_wconf 87' lang='lat' dir='ltr'><strong>tuam</strong></span> <span class='ocrx_word' id='word_1_180' title='bbox 804 1881 868 1935; x_wconf 91' lang='lat' dir='ltr'><strong>de</strong></span> <span class='ocrx_word' id='word_1_181' title='bbox 882 1889 1065 1954; x_wconf 82' lang='lat' dir='ltr'><strong>ventre</strong></span> <span class='ocrx_word' id='word_1_182' title='bbox 1078 1896 1196 1937; x_wconf 91' lang='lat' dir='ltr'><strong>meo</strong></span> <span class='ocrx_word' id='word_1_183' title='bbox 1217 1880 1383 1935; x_wconf 85' lang='lat' dir='ltr'><strong>ﬂuant</strong></span> <span class='ocrx_word' id='word_1_184' title='bbox 1399 1897 1547 1951; x_wconf 81' lang='lat' dir='ltr'><strong>aqua:</strong></span> <span class='ocrx_word' id='word_1_185' title='bbox 1564 1882 1693 1936; x_wconf 65' lang='lat' dir='ltr'><strong>viva:</strong></span> <span class='ocrx_word' id='word_1_186' title='bbox 1709 1880 1893 1954; x_wconf 82' lang='lat' dir='ltr'><strong>(Ibid.,</strong></span> 
     </span>
    </p>
   </div>
   <div class='ocr_carea' id='block_1_24' title="bbox 319 1950 1896 2021">
    <p class='ocr_par' dir='ltr' id='par_1_24' title="bbox 319 1950 1896 2021">
     <span class='ocr_line' id='line_1_24' title="bbox 319 1950 1896 2021; baseline 0 -14"><span class='ocrx_word' id='word_1_187' title='bbox 319 1950 439 2020; x_wconf 77' lang='lat'><strong>38).</strong></span> <span class='ocrx_word' id='word_1_188' title='bbox 476 1951 618 2006; x_wconf 86' lang='lat' dir='ltr'><strong>Fons</strong></span> <span class='ocrx_word' id='word_1_189' title='bbox 640 1953 791 2014; x_wconf 69' lang='lat' dir='ltr'><strong>vitm,</strong></span> <span class='ocrx_word' id='word_1_190' title='bbox 831 1951 978 2021; x_wconf 86' lang='lat' dir='ltr'><strong>reple</strong></span> <span class='ocrx_word' id='word_1_191' title='bbox 1008 1961 1238 2006; x_wconf 90' lang='lat' dir='ltr'><strong>mentem</strong></span> <span class='ocrx_word' id='word_1_192' title='bbox 1271 1950 1457 2005; x_wconf 87' lang='lat' dir='ltr'><strong>meam</strong></span> <span class='ocrx_word' id='word_1_193' title='bbox 1479 1950 1725 2007; x_wconf 78' lang='lat' dir='ltr'><strong>torrente</strong></span> <span class='ocrx_word' id='word_1_194' title='bbox 1744 1954 1896 2007; x_wconf 86' lang='lat' dir='ltr'><strong>volu-</strong></span> 
     </span>
    </p>
   </div>
   <div class='ocr_carea' id='block_1_25' title="bbox 318 2020 1899 2091">
    <p class='ocr_par' dir='ltr' id='par_1_25' title="bbox 318 2020 1899 2091">
     <span class='ocr_line' id='line_1_25' title="bbox 318 2020 1899 2091; baseline 0.003 -17"><span class='ocrx_word' id='word_1_195' title='bbox 318 2022 483 2091; x_wconf 81' lang='lat' dir='ltr'><strong>ptatis</strong></span> <span class='ocrx_word' id='word_1_196' title='bbox 508 2030 629 2089; x_wconf 73' lang='lat' dir='ltr'><strong>tute,</strong></span> <span class='ocrx_word' id='word_1_197' title='bbox 658 2031 712 2077; x_wconf 93' lang='lat' dir='ltr'><strong>et</strong></span> <span class='ocrx_word' id='word_1_198' title='bbox 737 2020 936 2076; x_wconf 87' lang='lat' dir='ltr'><strong>inebria</strong></span> <span class='ocrx_word' id='word_1_199' title='bbox 967 2036 1060 2075; x_wconf 94' lang='lat' dir='ltr'><strong>cor</strong></span> <span class='ocrx_word' id='word_1_200' title='bbox 1082 2035 1256 2075; x_wconf 91' lang='lat' dir='ltr'><strong>meum</strong></span> <span class='ocrx_word' id='word_1_201' title='bbox 1283 2021 1456 2076; x_wconf 84' lang='lat' dir='ltr'><strong>sobria</strong></span> <span class='ocrx_word' id='word_1_202' title='bbox 1484 2020 1738 2077; x_wconf 80' lang='lat' dir='ltr'><strong>ebrietate</strong></span> <span class='ocrx_word' id='word_1_203' title='bbox 1758 2037 1899 2078; x_wconf 51' lang='lat' dir='ltr'><strong>amo.</strong></span> 
     </span>
    </p>
   </div>
   <div class='ocr_carea' id='block_1_26' title="bbox 319 2092 1897 2162">
    <p class='ocr_par' dir='ltr' id='par_1_26' title="bbox 319 2092 1897 2162">
     <span class='ocr_line' id='line_1_26' title="bbox 319 2092 1897 2162; baseline 0.001 -16"><span class='ocrx_word' id='word_1_204' title='bbox 319 2092 398 2146; x_wconf 89' lang='lat' dir='ltr'><strong>ris</strong></span> <span class='ocrx_word' id='word_1_205' title='bbox 424 2092 496 2145; x_wconf 89' lang='lat' dir='ltr'><strong>tui</strong></span> <span class='ocrx_word' id='word_1_206' title='bbox 526 2110 539 2144; x_wconf 91' lang='lat'>:</span> <span class='ocrx_word' id='word_1_207' title='bbox 570 2103 626 2145; x_wconf 92' lang='lat' dir='ltr'><strong>ut</strong></span> <span class='ocrx_word' id='word_1_208' title='bbox 648 2093 931 2147; x_wconf 88' lang='lat' dir='ltr'><strong>obliviscar</strong></span> <span class='ocrx_word' id='word_1_209' title='bbox 964 2106 1083 2162; x_wconf 72' lang='lat' dir='ltr'><strong>quze</strong></span> <span class='ocrx_word' id='word_1_210' title='bbox 1114 2106 1245 2145; x_wconf 89' lang='lat' dir='ltr'><strong>vana</strong></span> <span class='ocrx_word' id='word_1_211' title='bbox 1272 2101 1395 2146; x_wconf 91' lang='lat' dir='ltr'><strong>sunt</strong></span> <span class='ocrx_word' id='word_1_212' title='bbox 1418 2099 1471 2146; x_wconf 92' lang='lat' dir='ltr'><strong>et</strong></span> <span class='ocrx_word' id='word_1_213' title='bbox 1497 2101 1735 2155; x_wconf 85' lang='lat' dir='ltr'><strong>terrena,</strong></span> <span class='ocrx_word' id='word_1_214' title='bbox 1772 2102 1827 2147; x_wconf 92' lang='lat' dir='ltr'><strong>et</strong></span> <span class='ocrx_word' id='word_1_215' title='bbox 1846 2103 1897 2149; x_wconf 93' lang='lat' dir='ltr'><strong>te</strong></span> 
     </span>
    </p>
   </div>
   <div class='ocr_carea' id='block_1_27' title="bbox 317 2162 1898 2231">
    <p class='ocr_par' dir='ltr' id='par_1_27' title="bbox 317 2162 1898 2231">
     <span class='ocr_line' id='line_1_27' title="bbox 317 2162 1898 2231; baseline 0.001 -14"><span class='ocrx_word' id='word_1_216' title='bbox 317 2162 497 2217; x_wconf 84' lang='lat' dir='ltr'><strong>solum</strong></span> <span class='ocrx_word' id='word_1_217' title='bbox 513 2162 709 2231; x_wconf 86' lang='lat' dir='ltr'><strong>jugiter</strong></span> <span class='ocrx_word' id='word_1_218' title='bbox 735 2164 955 2217; x_wconf 89' lang='lat' dir='ltr'><strong>habeam</strong></span> <span class='ocrx_word' id='word_1_219' title='bbox 984 2165 1034 2216; x_wconf 91' lang='lat' dir='ltr'><strong>in</strong></span> <span class='ocrx_word' id='word_1_220' title='bbox 1056 2162 1309 2216; x_wconf 87' lang='lat' dir='ltr'><strong>memoria</strong></span> <span class='ocrx_word' id='word_1_221' title='bbox 1337 2176 1474 2226; x_wconf 90' lang='lat' dir='ltr'><strong>mea,</strong></span> <span class='ocrx_word' id='word_1_222' title='bbox 1491 2163 1628 2216; x_wconf 91' lang='lat' dir='ltr'><strong>sicut</strong></span> <span class='ocrx_word' id='word_1_223' title='bbox 1643 2164 1898 2231; x_wconf 90' lang='lat' dir='ltr'><strong>scriptum</strong></span> 
     </span>
    </p>
   </div>
   <div class='ocr_carea' id='block_1_28' title="bbox 319 2230 1894 2358">
    <p class='ocr_par' dir='ltr' id='par_1_28' title="bbox 319 2230 1894 2358">
     <span class='ocr_line' id='line_1_28' title="bbox 319 2230 1894 2358; baseline 0.001 -72"><span class='ocrx_word' id='word_1_224' title='bbox 319 2240 409 2286; x_wconf 84' lang='lat' dir='ltr'><strong>est</strong></span> <span class='ocrx_word' id='word_1_225' title='bbox 436 2249 449 2284; x_wconf 91' lang='lat'>:</span> <span class='ocrx_word' id='word_1_226' title='bbox 479 2230 674 2285; x_wconf 71' lang='lat' dir='ltr'><strong>Mentor</strong></span> <span class='ocrx_word' id='word_1_227' title='bbox 698 2234 790 2358; x_wconf 60' lang='grc' dir='ltr'><strong>έιιὶ</strong></span> <span class='ocrx_word' id='word_1_228' title='bbox 830 2232 951 2299; x_wconf 84' lang='lat' dir='ltr'><strong>Dei,</strong></span> <span class='ocrx_word' id='word_1_229' title='bbox 991 2241 1037 2287; x_wconf 86' lang='lat' dir='ltr'><strong>et</strong></span> <span class='ocrx_word' id='word_1_230' title='bbox 1076 2232 1350 2286; x_wconf 78' lang='lat' dir='ltr'><strong>delectatus</strong></span> <span class='ocrx_word' id='word_1_231' title='bbox 1379 2248 1489 2285; x_wconf 79' lang='lat' dir='ltr'><strong>sum</strong></span> <span class='ocrx_word' id='word_1_232' title='bbox 1517 2230 1685 2304; x_wconf 80' lang='lat' dir='ltr'><strong>(I’sal.</strong></span> <span class='ocrx_word' id='word_1_233' title='bbox 1720 2230 1894 2297; x_wconf 71' lang='lat' dir='ltr'><strong>LXXVI,</strong></span> 
     </span>
     <span class='ocr_line' id='line_1_29' title="bbox 319 2301 1894 2358; baseline -0.001 -1"><span class='ocrx_word' id='word_1_234' title='bbox 319 2301 401 2358; x_wconf 72' lang='grc'><strong>4).</strong></span> <span class='ocrx_word' id='word_1_235' title='bbox 439 2303 508 2356; x_wconf 84' lang='lat' dir='ltr'><strong>Da</strong></span> <span class='ocrx_word' id='word_1_236' title='bbox 536 2302 664 2356; x_wconf 90' lang='lat' dir='ltr'><strong>mihi</strong></span> <span class='ocrx_word' id='word_1_237' title='bbox 742 2303 949 2358; x_wconf 88' lang='lat' dir='ltr'><strong>niritum</strong></span> <span class='ocrx_word' id='word_1_238' title='bbox 977 2311 1215 2357; x_wconf 84' lang='lat' dir='ltr'><strong>sanctum</strong></span> <span class='ocrx_word' id='word_1_239' title='bbox 1245 2312 1388 2356; x_wconf 91' lang='lat' dir='ltr'><strong>tuum</strong></span> <span class='ocrx_word' id='word_1_240' title='bbox 1416 2303 1438 2334; x_wconf 80' lang='grc'>³</span> <span class='ocrx_word' id='word_1_241' title='bbox 1458 2343 1471 2358; x_wconf 92' lang='grc'>.</span> <span class='ocrx_word' id='word_1_242' title='bbox 1506 2318 1663 2358; x_wconf 87' lang='lat' dir='ltr'><strong>onem</strong></span> <span class='ocrx_word' id='word_1_243' title='bbox 1699 2304 1894 2358; x_wconf 65' lang='lat' dir='ltr'><strong>signiti-</strong></span> 
     </span>
    </p>
   </div>
   <div class='ocr_carea' id='block_1_29' title="bbox 318 2301 1900 2372">
    <p class='ocr_par' dir='ltr' id='par_1_29' title="bbox 318 2301 1900 2372">
     <span class='ocr_line' id='line_1_30' title="bbox 318 2301 1900 2372; baseline -0.001 -15"><span class='ocrx_word' id='word_1_244' title='bbox 318 2301 401 2371; x_wconf 72' lang='grc'><strong>4).</strong></span> <span class='ocrx_word' id='word_1_245' title='bbox 439 2303 508 2356; x_wconf 84' lang='lat' dir='ltr'><strong>Da</strong></span> <span class='ocrx_word' id='word_1_246' title='bbox 536 2302 664 2356; x_wconf 90' lang='lat' dir='ltr'><strong>mihi</strong></span> <span class='ocrx_word' id='word_1_247' title='bbox 698 2301 949 2372; x_wconf 85' lang='lat' dir='ltr'><strong>Spiritum</strong></span> <span class='ocrx_word' id='word_1_248' title='bbox 977 2311 1215 2357; x_wconf 84' lang='lat' dir='ltr'><strong>sanctum</strong></span> <span class='ocrx_word' id='word_1_249' title='bbox 1245 2312 1388 2356; x_wconf 91' lang='lat' dir='ltr'><strong>tuum</strong></span> <span class='ocrx_word' id='word_1_250' title='bbox 1416 2303 1471 2372; x_wconf 55' lang='lat'><strong>?,</strong></span> <span class='ocrx_word' id='word_1_251' title='bbox 1506 2301 1663 2370; x_wconf 83' lang='lat' dir='ltr'><strong>quem</strong></span> <span class='ocrx_word' id='word_1_252' title='bbox 1699 2304 1900 2369; x_wconf 80' lang='lat' dir='ltr'><strong>signiti-</strong></span> 
     </span>
    </p>
   </div>
   <div class='ocr_carea' id='block_1_30' title="bbox 319 2371 1897 2443">
    <p class='ocr_par' dir='ltr' id='par_1_30' title="bbox 319 2371 1897 2443">
     <span class='ocr_line' id='line_1_31' title="bbox 319 2371 1897 2443; baseline 0.001 -18"><span class='ocrx_word' id='word_1_253' title='bbox 319 2371 518 2443; x_wconf 81' lang='lat' dir='ltr'><strong>cabant</strong></span> <span class='ocrx_word' id='word_1_254' title='bbox 543 2371 818 2443; x_wconf 75' lang='lat' dir='ltr'><strong>illzeaquze</strong></span> <span class='ocrx_word' id='word_1_255' title='bbox 841 2413 857 2438; x_wconf 95' lang='lat'><strong>,</strong></span> <span class='ocrx_word' id='word_1_256' title='bbox 908 2387 1039 2442; x_wconf 90' lang='lat' dir='ltr'><strong>quas</strong></span> <span class='ocrx_word' id='word_1_257' title='bbox 1065 2371 1640 2443; x_wconf 76' lang='lat' dir='ltr'><strong>sitientibusdaturum</strong></span> <span class='ocrx_word' id='word_1_258' title='bbox 1679 2384 1729 2428; x_wconf 92' lang='lat' dir='ltr'><strong>te</strong></span> <span class='ocrx_word' id='word_1_259' title='bbox 1772 2388 1897 2441; x_wconf 88' lang='lat' dir='ltr'><strong>pro-</strong></span> 
     </span>
    </p>
   </div>
   <div class='ocr_carea' id='block_1_31' title="bbox 320 2440 1899 2510">
    <p class='ocr_par' dir='ltr' id='par_1_31' title="bbox 320 2440 1899 2510">
     <span class='ocr_line' id='line_1_32' title="bbox 320 2440 1899 2510; baseline -0.001 -14"><span class='ocrx_word' id='word_1_260' title='bbox 320 2442 549 2497; x_wconf 81' lang='lat' dir='ltr'><strong>miseras</strong></span> <span class='ocrx_word' id='word_1_261' title='bbox 578 2459 592 2496; x_wconf 88' lang='lat'><strong>:</strong></span> <span class='ocrx_word' id='word_1_262' title='bbox 620 2440 733 2509; x_wconf 67' lang='lat' dir='ltr'><strong>da,</strong></span> <span class='ocrx_word' id='word_1_263' title='bbox 769 2440 983 2510; x_wconf 61' lang='lat' dir='ltr'><strong>quaeso,</strong></span> <span class='ocrx_word' id='word_1_264' title='bbox 1028 2451 1138 2497; x_wconf 91' lang='lat' dir='ltr'><strong>toto</strong></span> <span class='ocrx_word' id='word_1_265' title='bbox 1165 2440 1429 2497; x_wconf 88' lang='lat' dir='ltr'><strong>desiderio</strong></span> <span class='ocrx_word' id='word_1_266' title='bbox 1464 2451 1518 2497; x_wconf 90' lang='lat' dir='ltr'><strong>et</strong></span> <span class='ocrx_word' id='word_1_267' title='bbox 1547 2443 1690 2496; x_wconf 92' lang='lat' dir='ltr'><strong>omni</strong></span> <span class='ocrx_word' id='word_1_268' title='bbox 1722 2440 1899 2496; x_wconf 88' lang='lat' dir='ltr'><strong>studio</strong></span> 
     </span>
    </p>
   </div>
   <div class='ocr_carea' id='block_1_32' title="bbox 322 2512 1899 2582">
    <p class='ocr_par' dir='ltr' id='par_1_32' title="bbox 322 2512 1899 2582">
     <span class='ocr_line' id='line_1_33' title="bbox 322 2512 1899 2582; baseline 0 -15"><span class='ocrx_word' id='word_1_269' title='bbox 322 2512 580 2582; x_wconf 84' lang='lat' dir='ltr'><strong>tendere,</strong></span> <span class='ocrx_word' id='word_1_270' title='bbox 612 2527 719 2582; x_wconf 92' lang='lat' dir='ltr'><strong>quo</strong></span> <span class='ocrx_word' id='word_1_271' title='bbox 758 2521 808 2566; x_wconf 92' lang='lat' dir='ltr'><strong>te</strong></span> <span class='ocrx_word' id='word_1_272' title='bbox 844 2512 1148 2582; x_wconf 82' lang='lat' dir='ltr'><strong>ascendisse</strong></span> <span class='ocrx_word' id='word_1_273' title='bbox 1178 2521 1295 2582; x_wconf 86' lang='lat' dir='ltr'><strong>post</strong></span> <span class='ocrx_word' id='word_1_274' title='bbox 1332 2513 1784 2567; x_wconf 86' lang='lat' dir='ltr'><strong>resurrectionem</strong></span> <span class='ocrx_word' id='word_1_275' title='bbox 1812 2513 1899 2567; x_wconf 90' lang='lat' dir='ltr'><strong>die</strong></span> 
     </span>
    </p>
   </div>
   <div class='ocr_carea' id='block_1_33' title="bbox 320 2529 1896 2653">
    <p class='ocr_par' dir='ltr' id='par_1_33' title="bbox 320 2529 1896 2653">
     <span class='ocr_line' id='line_1_34' title="bbox 322 2529 1896 2582; baseline 0 -15"><span class='ocrx_word' id='word_1_276' title='bbox 322 2529 580 2578; x_wconf 83' lang='lat' dir='ltr'><strong>tenuere,</strong></span> <span class='ocrx_word' id='word_1_277' title='bbox 612 2529 719 2582; x_wconf 91' lang='lat' dir='ltr'><strong>quo</strong></span> <span class='ocrx_word' id='word_1_278' title='bbox 758 2529 808 2566; x_wconf 84' lang='lat' dir='ltr'><strong>te</strong></span> <span class='ocrx_word' id='word_1_279' title='bbox 844 2529 1146 2568; x_wconf 82' lang='lat' dir='ltr'><strong>ascendisse</strong></span> <span class='ocrx_word' id='word_1_280' title='bbox 1212 2529 1295 2565; x_wconf 66' lang='lat' dir='ltr'><strong>os:</strong></span> <span class='ocrx_word' id='word_1_281' title='bbox 1332 2529 1784 2567; x_wconf 84' lang='lat' dir='ltr'><strong>resurrectionem</strong></span> <span class='ocrx_word' id='word_1_282' title='bbox 1812 2529 1896 2567; x_wconf 86' lang='lat' dir='ltr'><strong>ate</strong></span> 
     </span>
     <span class='ocr_line' id='line_1_35' title="bbox 320 2529 1896 2653; baseline 0 -16"><span class='ocrx_word' id='word_1_283' title='bbox 320 2581 730 2653; x_wconf 85' lang='lat' dir='ltr'><strong>quadragesimo</strong></span> <span class='ocrx_word' id='word_1_284' title='bbox 780 2582 1051 2638; x_wconf 89' lang='lat' dir='ltr'><strong>credimus</strong></span> <span class='ocrx_word' id='word_1_285' title='bbox 1083 2600 1095 2635; x_wconf 90' lang='lat'><strong>:</strong></span> <span class='ocrx_word' id='word_1_286' title='bbox 1131 2529 1210 2653; x_wconf 54' lang='grc' dir='ltr'><strong>(ὦ)</strong></span> <span class='ocrx_word' id='word_1_287' title='bbox 1231 2592 1287 2637; x_wconf 87' lang='grc' dir='ltr'><strong>ιιι</strong></span> <span class='ocrx_word' id='word_1_288' title='bbox 1322 2582 1371 2635; x_wconf 93' lang='lat' dir='ltr'><strong>iu</strong></span> <span class='ocrx_word' id='word_1_289' title='bbox 1401 2583 1649 2651; x_wconf 67' lang='lat' dir='ltr'><strong>prseseuti</strong></span> <span class='ocrx_word' id='word_1_290' title='bbox 1681 2582 1896 2652; x_wconf 87' lang='lat' dir='ltr'><strong>quidem</strong></span> 
     </span>
    </p>
   </div>
   <div class='ocr_carea' id='block_1_34' title="bbox 323 2652 1899 2723">
    <p class='ocr_par' dir='ltr' id='par_1_34' title="bbox 323 2652 1899 2723">
     <span class='ocr_line' id='line_1_36' title="bbox 323 2652 1899 2723; baseline -0.001 -17"><span class='ocrx_word' id='word_1_291' title='bbox 323 2652 547 2707; x_wconf 82' lang='lat' dir='ltr'><strong>miseria</strong></span> <span class='ocrx_word' id='word_1_292' title='bbox 568 2654 681 2708; x_wconf 86' lang='lat' dir='ltr'><strong>solo</strong></span> <span class='ocrx_word' id='word_1_293' title='bbox 716 2661 896 2708; x_wconf 87' lang='lat' dir='ltr'><strong>tenear</strong></span> <span class='ocrx_word' id='word_1_294' title='bbox 924 2652 1149 2723; x_wconf 88' lang='lat' dir='ltr'><strong>corpore</strong></span> <span class='ocrx_word' id='word_1_295' title='bbox 1169 2694 1183 2717; x_wconf 96' lang='lat'><strong>,</strong></span> <span class='ocrx_word' id='word_1_296' title='bbox 1217 2660 1389 2723; x_wconf 87' lang='lat' dir='ltr'><strong>tecum</strong></span> <span class='ocrx_word' id='word_1_297' title='bbox 1415 2661 1591 2706; x_wconf 87' lang='lat' dir='ltr'><strong>autem</strong></span> <span class='ocrx_word' id='word_1_298' title='bbox 1624 2654 1722 2707; x_wconf 87' lang='lat' dir='ltr'><strong>sim</strong></span> <span class='ocrx_word' id='word_1_299' title='bbox 1750 2654 1899 2722; x_wconf 85' lang='lat' dir='ltr'><strong>cogi-</strong></span> 
     </span>
    </p>
   </div>
   <div class='ocr_carea' id='block_1_35' title="bbox 325 2722 1895 2792">
    <p class='ocr_par' dir='ltr' id='par_1_35' title="bbox 325 2722 1895 2792">
     <span class='ocr_line' id='line_1_37' title="bbox 325 2722 1895 2792; baseline 0.001 -17"><span class='ocrx_word' id='word_1_300' title='bbox 325 2723 528 2779; x_wconf 82' lang='lat' dir='ltr'><strong>tatione</strong></span> <span class='ocrx_word' id='word_1_301' title='bbox 548 2737 759 2792; x_wconf 88' lang='lat' dir='ltr'><strong>semper</strong></span> <span class='ocrx_word' id='word_1_302' title='bbox 781 2731 835 2777; x_wconf 87' lang='lat' dir='ltr'><strong>et</strong></span> <span class='ocrx_word' id='word_1_303' title='bbox 858 2723 1105 2777; x_wconf 82' lang='lat' dir='ltr'><strong>aviditate</strong></span> <span class='ocrx_word' id='word_1_304' title='bbox 1128 2739 1144 2785; x_wconf 91' lang='lat'><strong>;</strong></span> <span class='ocrx_word' id='word_1_305' title='bbox 1174 2731 1227 2776; x_wconf 92' lang='lat' dir='ltr'><strong>ut</strong></span> <span class='ocrx_word' id='word_1_306' title='bbox 1256 2722 1324 2775; x_wconf 90' lang='lat' dir='ltr'><strong>ibi</strong></span> <span class='ocrx_word' id='word_1_307' title='bbox 1351 2722 1417 2776; x_wconf 89' lang='lat' dir='ltr'><strong>sit</strong></span> <span class='ocrx_word' id='word_1_308' title='bbox 1448 2738 1542 2776; x_wconf 88' lang='lat' dir='ltr'><strong>cor</strong></span> <span class='ocrx_word' id='word_1_309' title='bbox 1570 2738 1743 2777; x_wconf 90' lang='lat' dir='ltr'><strong>meum</strong></span> <span class='ocrx_word' id='word_1_310' title='bbox 1766 2764 1780 2786; x_wconf 98' lang='lat'><strong>,</strong></span> <span class='ocrx_word' id='word_1_311' title='bbox 1809 2724 1895 2777; x_wconf 89' lang='lat' dir='ltr'><strong>ubi</strong></span> 
     </span>
    </p>
   </div>
   <div class='ocr_carea' id='block_1_36' title="bbox 326 2792 1899 2862">
    <p class='ocr_par' dir='ltr' id='par_1_36' title="bbox 326 2792 1899 2862">
     <span class='ocr_line' id='line_1_38' title="bbox 326 2792 1899 2862; baseline 0.001 -15"><span class='ocrx_word' id='word_1_312' title='bbox 326 2801 384 2847; x_wconf 89' lang='lat' dir='ltr'><strong>tu</strong></span> <span class='ocrx_word' id='word_1_313' title='bbox 411 2808 491 2858; x_wconf 91' lang='lat' dir='ltr'><strong>es,</strong></span> <span class='ocrx_word' id='word_1_314' title='bbox 523 2792 803 2848; x_wconf 89' lang='lat' dir='ltr'><strong>thesaurus</strong></span> <span class='ocrx_word' id='word_1_315' title='bbox 830 2808 980 2848; x_wconf 88' lang='lat' dir='ltr'><strong>meus</strong></span> <span class='ocrx_word' id='word_1_316' title='bbox 1005 2792 1372 2847; x_wconf 87' lang='lat' dir='ltr'><strong>desiderabilis</strong></span> <span class='ocrx_word' id='word_1_317' title='bbox 1397 2800 1451 2847; x_wconf 91' lang='lat' dir='ltr'><strong>et</strong></span> <span class='ocrx_word' id='word_1_318' title='bbox 1472 2793 1899 2862; x_wconf 87' lang='lat' dir='ltr'><strong>iucomparabilis</strong></span> 
     </span>
    </p>
   </div>
   <div class='ocr_carea' id='block_1_37' title="bbox 324 2862 1899 2932">
    <p class='ocr_par' dir='ltr' id='par_1_37' title="bbox 324 2862 1899 2932">
     <span class='ocr_line' id='line_1_39' title="bbox 324 2862 1899 2932; baseline 0 -15"><span class='ocrx_word' id='word_1_319' title='bbox 324 2863 658 2932; x_wconf 86' lang='lat' dir='ltr'><strong>multumque</strong></span> <span class='ocrx_word' id='word_1_320' title='bbox 682 2863 942 2918; x_wconf 83' lang='lat' dir='ltr'><strong>amabilis.</strong></span> <span class='ocrx_word' id='word_1_321' title='bbox 994 2863 1050 2918; x_wconf 90' lang='lat' dir='ltr'><strong>In</strong></span> <span class='ocrx_word' id='word_1_322' title='bbox 1081 2862 1181 2916; x_wconf 90' lang='lat' dir='ltr'><strong>hoc</strong></span> <span class='ocrx_word' id='word_1_323' title='bbox 1207 2863 1351 2917; x_wconf 90' lang='lat' dir='ltr'><strong>enim</strong></span> <span class='ocrx_word' id='word_1_324' title='bbox 1378 2877 1568 2931; x_wconf 83' lang='lat' dir='ltr'><strong>magno</strong></span> <span class='ocrx_word' id='word_1_325' title='bbox 1600 2863 1752 2929; x_wconf 79' lang='lat' dir='ltr'><strong>hujus</strong></span> <span class='ocrx_word' id='word_1_326' title='bbox 1776 2863 1899 2917; x_wconf 79' lang='lat' dir='ltr'><strong>vita:</strong></span> 
     </span>
    </p>
   </div>
   <div class='ocr_carea' id='block_1_38' title="bbox 322 2932 1898 3001">
    <p class='ocr_par' dir='ltr' id='par_1_38' title="bbox 322 2932 1898 3001">
     <span class='ocr_line' id='line_1_40' title="bbox 322 2932 1898 3001; baseline 0 -14"><span class='ocrx_word' id='word_1_327' title='bbox 322 2932 530 2987; x_wconf 85' lang='lat' dir='ltr'><strong>diluvio</strong></span> <span class='ocrx_word' id='word_1_328' title='bbox 551 2974 567 2996; x_wconf 89' lang='lat'><strong>,</strong></span> <span class='ocrx_word' id='word_1_329' title='bbox 600 2933 685 2987; x_wconf 89' lang='lat' dir='ltr'><strong>ubi</strong></span> <span class='ocrx_word' id='word_1_330' title='bbox 713 2933 1162 2988; x_wconf 88' lang='lat' dir='ltr'><strong>circumﬂantibus</strong></span> <span class='ocrx_word' id='word_1_331' title='bbox 1186 2934 1445 3001; x_wconf 87' lang='lat' dir='ltr'><strong>agitamur</strong></span> <span class='ocrx_word' id='word_1_332' title='bbox 1476 2932 1720 3001; x_wconf 90' lang='lat' dir='ltr'><strong>procellis</strong></span> <span class='ocrx_word' id='word_1_333' title='bbox 1745 2973 1759 2994; x_wconf 90' lang='lat'><strong>.</strong></span> <span class='ocrx_word' id='word_1_334' title='bbox 1793 2948 1898 2987; x_wconf 91' lang='lat' dir='ltr'><strong>non</strong></span> 
     </span>
    </p>
   </div>
   <div class='ocr_carea' id='block_1_39' title="bbox 325 3002 1902 3072">
    <p class='ocr_par' dir='ltr' id='par_1_39' title="bbox 325 3002 1902 3072">
     <span class='ocr_line' id='line_1_41' title="bbox 325 3002 1902 3072; baseline 0 -15"><span class='ocrx_word' id='word_1_335' title='bbox 325 3002 596 3057; x_wconf 82' lang='lat' dir='ltr'><strong>invenitur</strong></span> <span class='ocrx_word' id='word_1_336' title='bbox 623 3003 725 3057; x_wconf 77' lang='lat' dir='ltr'><strong>tida</strong></span> <span class='ocrx_word' id='word_1_337' title='bbox 755 3004 912 3057; x_wconf 79' lang='lat' dir='ltr'><strong>statio</strong></span> <span class='ocrx_word' id='word_1_338' title='bbox 937 3014 989 3057; x_wconf 90' lang='lat' dir='ltr'><strong>et</strong></span> <span class='ocrx_word' id='word_1_339' title='bbox 1010 3004 1159 3057; x_wconf 91' lang='lat' dir='ltr'><strong>locus</strong></span> <span class='ocrx_word' id='word_1_340' title='bbox 1177 3004 1527 3066; x_wconf 83' lang='lat' dir='ltr'><strong>eminentior,</strong></span> <span class='ocrx_word' id='word_1_341' title='bbox 1571 3002 1660 3057; x_wconf 92' lang='lat' dir='ltr'><strong>ubi</strong></span> <span class='ocrx_word' id='word_1_342' title='bbox 1690 3017 1786 3072; x_wconf 89' lang='lat' dir='ltr'><strong>pes</strong></span> <span class='ocrx_word' id='word_1_343' title='bbox 1810 3018 1902 3057; x_wconf 83' lang='lat' dir='ltr'><strong>co-</strong></span> 
     </span>
    </p>
   </div>
   <div class='ocr_carea' id='block_1_40' title="bbox 325 3072 1901 3143">
    <p class='ocr_par' dir='ltr' id='par_1_40' title="bbox 325 3072 1901 3143">
     <span class='ocr_line' id='line_1_42' title="bbox 325 3072 1901 3143; baseline 0.001 -17"><span class='ocrx_word' id='word_1_344' title='bbox 325 3072 522 3127; x_wconf 81' lang='lat' dir='ltr'><strong>lutnba:</strong></span> <span class='ocrx_word' id='word_1_345' title='bbox 542 3074 873 3142; x_wconf 82' lang='lat' dir='ltr'><strong>aliquatenus</strong></span> <span class='ocrx_word' id='word_1_346' title='bbox 903 3076 1073 3129; x_wconf 84' lang='lat' dir='ltr'><strong>valeat</strong></span> <span class='ocrx_word' id='word_1_347' title='bbox 1106 3072 1458 3143; x_wconf 78' lang='lat' dir='ltr'><strong>requiescere.</strong></span> <span class='ocrx_word' id='word_1_348' title='bbox 1490 3073 1757 3143; x_wconf 85' lang='lat' dir='ltr'><strong>Nusquam</strong></span> <span class='ocrx_word' id='word_1_349' title='bbox 1789 3083 1901 3128; x_wconf 91' lang='lat' dir='ltr'><strong>tuta</strong></span> 
     </span>
    </p>
   </div>
   <div class='ocr_carea' id='block_1_41' title="bbox 325 3141 1898 3213">
    <p class='ocr_par' dir='ltr' id='par_1_41' title="bbox 325 3141 1898 3213">
     <span class='ocr_line' id='line_1_43' title="bbox 325 3141 1898 3213; baseline 0 -16"><span class='ocrx_word' id='word_1_350' title='bbox 325 3159 431 3213; x_wconf 80' lang='lat' dir='ltr'><strong>pax</strong></span> <span class='ocrx_word' id='word_1_351' title='bbox 460 3184 477 3208; x_wconf 97' lang='lat'><strong>,</strong></span> <span class='ocrx_word' id='word_1_352' title='bbox 528 3141 788 3212; x_wconf 88' lang='lat' dir='ltr'><strong>nusquam</strong></span> <span class='ocrx_word' id='word_1_353' title='bbox 814 3158 998 3198; x_wconf 88' lang='lat' dir='ltr'><strong>secura</strong></span> <span class='ocrx_word' id='word_1_354' title='bbox 1027 3141 1212 3213; x_wconf 77' lang='lat' dir='ltr'><strong>quies;</strong></span> <span class='ocrx_word' id='word_1_355' title='bbox 1250 3141 1449 3213; x_wconf 90' lang='lat' dir='ltr'><strong>ubique</strong></span> <span class='ocrx_word' id='word_1_356' title='bbox 1493 3141 1631 3198; x_wconf 78' lang='lat' dir='ltr'><strong>bella</strong></span> <span class='ocrx_word' id='word_1_357' title='bbox 1664 3152 1717 3198; x_wconf 92' lang='lat' dir='ltr'><strong>et</strong></span> <span class='ocrx_word' id='word_1_358' title='bbox 1758 3143 1898 3209; x_wconf 87' lang='lat' dir='ltr'><strong>lites,</strong></span> 
     </span>
    </p>
   </div>
   <div class='ocr_carea' id='block_1_42' title="bbox 327 3212 1650 3284">
    <p class='ocr_par' dir='ltr' id='par_1_42' title="bbox 327 3212 1650 3284">
     <span class='ocr_line' id='line_1_44' title="bbox 327 3212 1650 3284; baseline -0.002 -16"><span class='ocrx_word' id='word_1_359' title='bbox 327 3212 523 3282; x_wconf 87' lang='lat' dir='ltr'><strong>ubique</strong></span> <span class='ocrx_word' id='word_1_360' title='bbox 554 3214 735 3269; x_wconf 83' lang='lat' dir='ltr'><strong>hestes</strong></span> <span class='ocrx_word' id='word_1_361' title='bbox 755 3213 795 3274; x_wconf 84' lang='grc'><strong>⁸.</strong></span> <span class='ocrx_word' id='word_1_362' title='bbox 829 3213 958 3269; x_wconf 81' lang='lat' dir='ltr'><strong>foris</strong></span> <span class='ocrx_word' id='word_1_363' title='bbox 987 3227 1176 3284; x_wconf 72' lang='lat' dir='ltr'><strong>pugnat</strong></span> <span class='ocrx_word' id='word_1_364' title='bbox 1195 3253 1211 3280; x_wconf 94' lang='lat'><strong>,</strong></span> <span class='ocrx_word' id='word_1_365' title='bbox 1245 3212 1385 3266; x_wconf 89' lang='lat' dir='ltr'><strong>intus</strong></span> <span class='ocrx_word' id='word_1_366' title='bbox 1414 3215 1650 3284; x_wconf 85' lang='lat' dir='ltr'><strong>timores.</strong></span> 
     </span>
    </p>
   </div>
   <div class='ocr_carea' id='block_1_43' title="bbox 399 3283 1898 3353">
    <p class='ocr_par' dir='ltr' id='par_1_43' title="bbox 399 3283 1898 3353">
     <span class='ocr_line' id='line_1_45' title="bbox 399 3283 1898 3353; baseline 0.001 -18"><span class='ocrx_word' id='word_1_367' title='bbox 399 3284 476 3353; x_wconf 88' lang='lat' dir='ltr'><strong>(c)</strong></span> <span class='ocrx_word' id='word_1_368' title='bbox 510 3284 572 3338; x_wconf 79' lang='lat' dir='ltr'><strong>Et</strong></span> <span class='ocrx_word' id='word_1_369' title='bbox 599 3285 720 3353; x_wconf 86' lang='lat' dir='ltr'><strong>quia</strong></span> <span class='ocrx_word' id='word_1_370' title='bbox 757 3284 923 3338; x_wconf 88' lang='lat' dir='ltr'><strong>altera</strong></span> <span class='ocrx_word' id='word_1_371' title='bbox 964 3283 1086 3352; x_wconf 88' lang='lat' dir='ltr'><strong>pars</strong></span> <span class='ocrx_word' id='word_1_372' title='bbox 1123 3296 1307 3338; x_wconf 91' lang='lat' dir='ltr'><strong>sumus</strong></span> <span class='ocrx_word' id='word_1_373' title='bbox 1332 3283 1489 3347; x_wconf 68' lang='lat' dir='ltr'><strong>cadi,</strong></span> <span class='ocrx_word' id='word_1_374' title='bbox 1520 3283 1898 3353; x_wconf 21' lang='lat' dir='ltr'><strong>alteraiterras,</strong></span> 
     </span>
    </p>
   </div>
   <div class='ocr_carea' id='block_1_44' title="bbox 323 3352 1901 3425">
    <p class='ocr_par' dir='ltr' id='par_1_44' title="bbox 323 3352 1901 3425">
     <span class='ocr_line' id='line_1_46' title="bbox 323 3352 1901 3425; baseline 0.001 -17"><span class='ocrx_word' id='word_1_375' title='bbox 323 3352 527 3425; x_wconf 82' lang='lat' dir='ltr'><strong>corpus</strong></span> <span class='ocrx_word' id='word_1_376' title='bbox 556 3352 697 3423; x_wconf 90' lang='lat' dir='ltr'><strong>quod</strong></span> <span class='ocrx_word' id='word_1_377' title='bbox 731 3355 1363 3425; x_wconf 15' lang='lat' dir='ltr'><strong>corrumpiturraggravat</strong></span> <span class='ocrx_word' id='word_1_378' title='bbox 1406 3353 1658 3425; x_wconf 78' lang='lat' dir='ltr'><strong>animam.</strong></span> <span class='ocrx_word' id='word_1_379' title='bbox 1698 3352 1901 3425; x_wconf 82' lang='lat' dir='ltr'><strong>Idcirco</strong></span> 
     </span>
    </p>
   </div>
   <div class='ocr_carea' id='block_1_45' title="bbox 323 3421 1901 3493">
    <p class='ocr_par' dir='ltr' id='par_1_45' title="bbox 323 3421 1901 3493">
     <span class='ocr_line' id='line_1_47' title="bbox 323 3421 1901 3493; baseline 0.001 -16"><span class='ocrx_word' id='word_1_380' title='bbox 323 3421 539 3478; x_wconf 80' lang='lat' dir='ltr'><strong>animus</strong></span> <span class='ocrx_word' id='word_1_381' title='bbox 564 3421 714 3477; x_wconf 86' lang='lat' dir='ltr'><strong>meus</strong></span> <span class='ocrx_word' id='word_1_382' title='bbox 729 3424 903 3493; x_wconf 86' lang='lat' dir='ltr'><strong>socius</strong></span> <span class='ocrx_word' id='word_1_383' title='bbox 930 3421 984 3478; x_wconf 79' lang='lat' dir='ltr'><strong>et</strong></span> <span class='ocrx_word' id='word_1_384' title='bbox 1007 3421 1209 3477; x_wconf 77' lang='lat' dir='ltr'><strong>amicus</strong></span> <span class='ocrx_word' id='word_1_385' title='bbox 1224 3438 1392 3485; x_wconf 86' lang='lat' dir='ltr'><strong>meus,</strong></span> <span class='ocrx_word' id='word_1_386' title='bbox 1417 3421 1901 3493; x_wconf 64' lang='lat' dir='ltr'><strong>fatigatusvenieus</strong></span> 
     </span>
    </p>
   </div>
   <div class='ocr_carea' id='block_1_46' title="bbox 324 3492 1903 3563">
    <p class='ocr_par' dir='ltr' id='par_1_46' title="bbox 324 3492 1903 3563">
     <span class='ocr_line' id='line_1_48' title="bbox 324 3492 1903 3563; baseline -0.001 -14"><span class='ocrx_word' id='word_1_387' title='bbox 324 3493 396 3549; x_wconf 84' lang='lat' dir='ltr'><strong>de</strong></span> <span class='ocrx_word' id='word_1_388' title='bbox 423 3494 505 3546; x_wconf 85' lang='lat' dir='ltr'><strong>via</strong></span> <span class='ocrx_word' id='word_1_389' title='bbox 526 3535 541 3554; x_wconf 90' lang='lat'><strong>,</strong></span> <span class='ocrx_word' id='word_1_390' title='bbox 567 3493 778 3563; x_wconf 83' lang='lat' dir='ltr'><strong>languet</strong></span> <span class='ocrx_word' id='word_1_391' title='bbox 800 3503 855 3548; x_wconf 93' lang='lat' dir='ltr'><strong>et</strong></span> <span class='ocrx_word' id='word_1_392' title='bbox 875 3492 1018 3562; x_wconf 83' lang='lat' dir='ltr'><strong>jacet</strong></span> <span class='ocrx_word' id='word_1_393' title='bbox 1039 3536 1055 3559; x_wconf 93' lang='lat'><strong>,</strong></span> <span class='ocrx_word' id='word_1_394' title='bbox 1084 3504 1137 3548; x_wconf 90' lang='lat' dir='ltr'><strong>et</strong></span> <span class='ocrx_word' id='word_1_395' title='bbox 1166 3493 1422 3550; x_wconf 86' lang='lat' dir='ltr'><strong>discissus</strong></span> <span class='ocrx_word' id='word_1_396' title='bbox 1450 3492 1903 3563; x_wconf 86' lang='lat' dir='ltr'><strong>atquelaeeratns</strong></span> 
     </span>
    </p>
   </div>
   <div class='ocr_carea' id='block_1_47' title="bbox 325 3562 1902 3633">
    <p class='ocr_par' dir='ltr' id='par_1_47' title="bbox 325 3562 1902 3633">
     <span class='ocr_line' id='line_1_49' title="bbox 325 3562 1902 3633; baseline 0.001 -17"><span class='ocrx_word' id='word_1_397' title='bbox 325 3564 398 3617; x_wconf 81' lang='lat' dir='ltr'><strong>ab</strong></span> <span class='ocrx_word' id='word_1_398' title='bbox 427 3564 556 3632; x_wconf 88' lang='lat' dir='ltr'><strong>ipsis</strong></span> <span class='ocrx_word' id='word_1_399' title='bbox 587 3562 719 3633; x_wconf 81' lang='lat' dir='ltr'><strong>quas</strong></span> <span class='ocrx_word' id='word_1_400' title='bbox 764 3565 1044 3619; x_wconf 89' lang='lat' dir='ltr'><strong>transierat</strong></span> <span class='ocrx_word' id='word_1_401' title='bbox 1077 3564 1398 3618; x_wconf 83' lang='lat' dir='ltr'><strong>vanitatibus</strong></span> <span class='ocrx_word' id='word_1_402' title='bbox 1420 3604 1435 3627; x_wconf 95' lang='lat'><strong>,</strong></span> <span class='ocrx_word' id='word_1_403' title='bbox 1489 3562 1657 3618; x_wconf 73' lang='lat' dir='ltr'><strong>eSurit</strong></span> <span class='ocrx_word' id='word_1_404' title='bbox 1693 3571 1747 3617; x_wconf 92' lang='lat' dir='ltr'><strong>et</strong></span> <span class='ocrx_word' id='word_1_405' title='bbox 1790 3564 1902 3617; x_wconf 85' lang='lat' dir='ltr'><strong>sitit</strong></span> 
     </span>
    </p>
   </div>
   <div class='ocr_carea' id='block_1_48' title="bbox 325 3633 1906 3705">
    <p class='ocr_par' dir='ltr' id='par_1_48' title="bbox 325 3633 1906 3705">
     <span class='ocr_line' id='line_1_50' title="bbox 325 3633 1906 3705; baseline 0 -19"><span class='ocrx_word' id='word_1_406' title='bbox 325 3633 517 3697; x_wconf 86' lang='lat' dir='ltr'><strong>valde;</strong></span> <span class='ocrx_word' id='word_1_407' title='bbox 562 3649 684 3705; x_wconf 83' lang='lat' dir='ltr'><strong>non</strong></span> <span class='ocrx_word' id='word_1_408' title='bbox 712 3633 880 3689; x_wconf 82' lang='lat' dir='ltr'><strong>habeo</strong></span> <span class='ocrx_word' id='word_1_409' title='bbox 906 3634 1046 3705; x_wconf 90' lang='lat' dir='ltr'><strong>quod</strong></span> <span class='ocrx_word' id='word_1_410' title='bbox 1078 3648 1280 3705; x_wconf 83' lang='lat' dir='ltr'><strong>ponam</strong></span> <span class='ocrx_word' id='word_1_411' title='bbox 1310 3642 1434 3688; x_wconf 88' lang='lat' dir='ltr'><strong>ante</strong></span> <span class='ocrx_word' id='word_1_412' title='bbox 1467 3634 1616 3705; x_wconf 85' lang='lat' dir='ltr'><strong>illum</strong></span> <span class='ocrx_word' id='word_1_413' title='bbox 1641 3675 1655 3696; x_wconf 95' lang='lat'><strong>,</strong></span> <span class='ocrx_word' id='word_1_414' title='bbox 1705 3648 1906 3703; x_wconf 90' lang='lat' dir='ltr'><strong>pauper</strong></span> 
     </span>
    </p>
   </div>
   <div class='ocr_carea' id='block_1_49' title="bbox 327 3703 1903 3769">
    <p class='ocr_par' dir='ltr' id='par_1_49' title="bbox 327 3703 1903 3769">
     <span class='ocr_line' id='line_1_51' title="bbox 327 3703 1903 3769; baseline 0 -11"><span class='ocrx_word' id='word_1_415' title='bbox 327 3717 448 3758; x_wconf 85' lang='lat' dir='ltr'><strong>sum</strong></span> <span class='ocrx_word' id='word_1_416' title='bbox 464 3714 518 3758; x_wconf 90' lang='lat' dir='ltr'><strong>et</strong></span> <span class='ocrx_word' id='word_1_417' title='bbox 532 3704 833 3759; x_wconf 87' lang='lat' dir='ltr'><strong>mendicus:</strong></span> <span class='ocrx_word' id='word_1_418' title='bbox 855 3703 1160 3768; x_wconf 77' lang='lat' dir='ltr'><strong>tu,Domiue</strong></span> <span class='ocrx_word' id='word_1_419' title='bbox 1175 3704 1310 3757; x_wconf 91' lang='lat' dir='ltr'><strong>Deus</strong></span> <span class='ocrx_word' id='word_1_420' title='bbox 1322 3718 1493 3769; x_wconf 90' lang='lat' dir='ltr'><strong>meus,</strong></span> <span class='ocrx_word' id='word_1_421' title='bbox 1505 3703 1651 3758; x_wconf 83' lang='lat' dir='ltr'><strong>dives</strong></span> <span class='ocrx_word' id='word_1_422' title='bbox 1666 3704 1903 3758; x_wconf 91' lang='lat' dir='ltr'><strong>omnium</strong></span> 
     </span>
    </p>
   </div>
   <div class='ocr_carea' id='block_1_50' title="bbox 327 3772 1903 3845">
    <p class='ocr_par' dir='ltr' id='par_1_50' title="bbox 327 3772 1903 3845">
     <span class='ocr_line' id='line_1_52' title="bbox 327 3772 1903 3845; baseline 0.001 -17"><span class='ocrx_word' id='word_1_423' title='bbox 327 3772 589 3845; x_wconf 84' lang='lat' dir='ltr'><strong>bonorum</strong></span> <span class='ocrx_word' id='word_1_424' title='bbox 614 3816 629 3837; x_wconf 93' lang='lat'><strong>,</strong></span> <span class='ocrx_word' id='word_1_425' title='bbox 676 3783 732 3829; x_wconf 93' lang='lat' dir='ltr'><strong>et</strong></span> <span class='ocrx_word' id='word_1_426' title='bbox 772 3774 985 3845; x_wconf 86' lang='lat' dir='ltr'><strong>dapium</strong></span> <span class='ocrx_word' id='word_1_427' title='bbox 1026 3788 1271 3843; x_wconf 76' lang='lat' dir='ltr'><strong>superine</strong></span> <span class='ocrx_word' id='word_1_428' title='bbox 1312 3774 1569 3845; x_wconf 77' lang='lat' dir='ltr'><strong>satietatis</strong></span> <span class='ocrx_word' id='word_1_429' title='bbox 1608 3774 1903 3843; x_wconf 84' lang='lat' dir='ltr'><strong>opulentis-</strong></span> 
     </span>
    </p>
   </div>
   <div class='ocr_carea' id='block_1_51' title="bbox 327 3843 1907 3915">
    <p class='ocr_par' dir='ltr' id='par_1_51' title="bbox 327 3843 1907 3915">
     <span class='ocr_line' id='line_1_53' title="bbox 327 3843 1907 3915; baseline 0.001 -18"><span class='ocrx_word' id='word_1_430' title='bbox 327 3843 466 3915; x_wconf 89' lang='lat' dir='ltr'><strong>sime</strong></span> <span class='ocrx_word' id='word_1_431' title='bbox 495 3844 739 3915; x_wconf 76' lang='lat' dir='ltr'><strong>largitor,</strong></span> <span class='ocrx_word' id='word_1_432' title='bbox 771 3843 1010 3915; x_wconf 34' lang='lat' dir='ltr'><strong>da‘lasso</strong></span> <span class='ocrx_word' id='word_1_433' title='bbox 1029 3846 1228 3915; x_wconf 88' lang='lat' dir='ltr'><strong>cibum,</strong></span> <span class='ocrx_word' id='word_1_434' title='bbox 1256 3843 1445 3914; x_wconf 80' lang='lat' dir='ltr'><strong>collige</strong></span> <span class='ocrx_word' id='word_1_435' title='bbox 1473 3843 1791 3912; x_wconf 88' lang='lat' dir='ltr'><strong>dispersum,</strong></span> <span class='ocrx_word' id='word_1_436' title='bbox 1819 3857 1907 3899; x_wconf 84' lang='lat' dir='ltr'><strong>re-</strong></span> 
     </span>
    </p>
   </div>
   <div class='ocr_carea' id='block_1_52' title="bbox 325 3913 1903 3984">
    <p class='ocr_par' dir='ltr' id='par_1_52' title="bbox 325 3913 1903 3984">
     <span class='ocr_line' id='line_1_54' title="bbox 325 3913 1903 3984; baseline 0 -16"><span class='ocrx_word' id='word_1_437' title='bbox 325 3913 846 3984; x_wconf 37' lang='lat' dir='ltr'><strong>dintegra‘scissnm.</strong></span> <span class='ocrx_word' id='word_1_438' title='bbox 906 3914 984 3968; x_wconf 88' lang='lat' dir='ltr'><strong>En</strong></span> <span class='ocrx_word' id='word_1_439' title='bbox 1011 3923 1116 3970; x_wconf 90' lang='lat' dir='ltr'><strong>stat</strong></span> <span class='ocrx_word' id='word_1_440' title='bbox 1158 3914 1223 3968; x_wconf 88' lang='lat' dir='ltr'><strong>ad</strong></span> <span class='ocrx_word' id='word_1_441' title='bbox 1249 3913 1440 3970; x_wconf 88' lang='lat' dir='ltr'><strong>ostium</strong></span> <span class='ocrx_word' id='word_1_442' title='bbox 1467 3923 1521 3967; x_wconf 91' lang='lat' dir='ltr'><strong>et</strong></span> <span class='ocrx_word' id='word_1_443' title='bbox 1552 3915 1763 3984; x_wconf 86' lang='lat' dir='ltr'><strong>pulsat;</strong></span> <span class='ocrx_word' id='word_1_444' title='bbox 1804 3915 1903 3968; x_wconf 85' lang='lat' dir='ltr'><strong>ob-</strong></span> 
     </span>
    </p>
   </div>
   <div class='ocr_carea' id='block_1_53' title="bbox 326 3984 1903 4054">
    <p class='ocr_par' dir='ltr' id='par_1_53' title="bbox 326 3984 1903 4054">
     <span class='ocr_line' id='line_1_55' title="bbox 326 3984 1903 4054; baseline 0 -14"><span class='ocrx_word' id='word_1_445' title='bbox 326 3999 483 4040; x_wconf 75' lang='lat' dir='ltr'><strong>secro</strong></span> <span class='ocrx_word' id='word_1_446' title='bbox 525 3999 619 4054; x_wconf 89' lang='lat' dir='ltr'><strong>per</strong></span> <span class='ocrx_word' id='word_1_447' title='bbox 656 3984 857 4039; x_wconf 82' lang='lat' dir='ltr'><strong>viscera</strong></span> <span class='ocrx_word' id='word_1_448' title='bbox 884 3984 1260 4040; x_wconf 73' lang='lat' dir='ltr'><strong>misericordiae</strong></span> <span class='ocrx_word' id='word_1_449' title='bbox 1285 4025 1300 4050; x_wconf 93' lang='lat'><strong>,</strong></span> <span class='ocrx_word' id='word_1_450' title='bbox 1332 3984 1524 4054; x_wconf 88' lang='lat' dir='ltr'><strong>quibus</strong></span> <span class='ocrx_word' id='word_1_451' title='bbox 1553 3984 1774 4038; x_wconf 85' lang='lat' dir='ltr'><strong>visitasti</strong></span> <span class='ocrx_word' id='word_1_452' title='bbox 1803 3998 1903 4040; x_wconf 90' lang='lat' dir='ltr'><strong>nos</strong></span> 
     </span>
    </p>
   </div>
   <div class='ocr_carea' id='block_1_54' title="bbox 325 4054 1906 4124">
    <p class='ocr_par' dir='ltr' id='par_1_54' title="bbox 325 4054 1906 4124">
     <span class='ocr_line' id='line_1_56' title="bbox 325 4054 1906 4124; baseline 0 -16"><span class='ocrx_word' id='word_1_453' title='bbox 325 4054 508 4124; x_wconf 88' lang='lat' dir='ltr'><strong>oriens</strong></span> <span class='ocrx_word' id='word_1_454' title='bbox 535 4070 602 4108; x_wconf 82' lang='lat' dir='ltr'><strong>ex</strong></span> <span class='ocrx_word' id='word_1_455' title='bbox 646 4054 787 4124; x_wconf 85' lang='lat' dir='ltr'><strong>alto,</strong></span> <span class='ocrx_word' id='word_1_456' title='bbox 834 4055 979 4122; x_wconf 89' lang='lat' dir='ltr'><strong>aperi</strong></span> <span class='ocrx_word' id='word_1_457' title='bbox 1012 4056 1237 4122; x_wconf 85' lang='lat' dir='ltr'><strong>pulsanti</strong></span> <span class='ocrx_word' id='word_1_458' title='bbox 1277 4055 1476 4108; x_wconf 88' lang='lat' dir='ltr'><strong>misero</strong></span> <span class='ocrx_word' id='word_1_459' title='bbox 1502 4069 1658 4107; x_wconf 88' lang='lat' dir='ltr'><strong>manu</strong></span> <span class='ocrx_word' id='word_1_460' title='bbox 1692 4054 1906 4124; x_wconf 84' lang='lat' dir='ltr'><strong>pietatis</strong></span> 
     </span>
    </p>
   </div>
   <div class='ocr_carea' id='block_1_55' title="bbox 329 4123 1908 4196">
    <p class='ocr_par' dir='ltr' id='par_1_55' title="bbox 329 4123 1908 4196">
     <span class='ocr_line' id='line_1_57' title="bbox 329 4123 1908 4196; baseline 0 -17"><span class='ocrx_word' id='word_1_461' title='bbox 329 4134 436 4179; x_wconf 72' lang='lat' dir='ltr'><strong>tute</strong></span> <span class='ocrx_word' id='word_1_462' title='bbox 462 4123 484 4155; x_wconf 72' lang='grc'>⁸</span> <span class='ocrx_word' id='word_1_463' title='bbox 508 4165 524 4190; x_wconf 92' lang='grc'><em>,</em></span> <span class='ocrx_word' id='word_1_464' title='bbox 553 4134 609 4180; x_wconf 92' lang='lat' dir='ltr'><strong>et</strong></span> <span class='ocrx_word' id='word_1_465' title='bbox 644 4123 772 4193; x_wconf 90' lang='lat' dir='ltr'><strong>jube</strong></span> <span class='ocrx_word' id='word_1_466' title='bbox 801 4125 1117 4196; x_wconf 87' lang='lat' dir='ltr'><strong>propitiabili</strong></span> <span class='ocrx_word' id='word_1_467' title='bbox 1134 4195 1147 4196; x_wconf 29' lang='grc' dir='ltr'><em>η</em></span> <span class='ocrx_word' id='word_1_468' title='bbox 1160 4124 1464 4196; x_wconf 82' lang='lat' dir='ltr'><strong>dignatione</strong></span> <span class='ocrx_word' id='word_1_469' title='bbox 1493 4123 1908 4196; x_wconf 37' lang='lat' dir='ltr'><strong>utingr’cdiatur</strong></span> 
     </span>
    </p>
   </div>
   <div class='ocr_carea' id='block_1_56' title="bbox 325 4194 1907 4265">
    <p class='ocr_par' dir='ltr' id='par_1_56' title="bbox 325 4194 1907 4265">
     <span class='ocr_line' id='line_1_58' title="bbox 325 4194 1907 4265; baseline 0 -17"><span class='ocrx_word' id='word_1_470' title='bbox 325 4196 392 4248; x_wconf 88' lang='lat' dir='ltr'><strong>ad</strong></span> <span class='ocrx_word' id='word_1_471' title='bbox 422 4203 495 4259; x_wconf 91' lang='lat' dir='ltr'><strong>te,</strong></span> <span class='ocrx_word' id='word_1_472' title='bbox 527 4197 825 4265; x_wconf 85' lang='lat' dir='ltr'><strong>requiescat</strong></span> <span class='ocrx_word' id='word_1_473' title='bbox 858 4194 913 4248; x_wconf 80' lang='lat' dir='ltr'><strong>in</strong></span> <span class='ocrx_word' id='word_1_474' title='bbox 940 4202 991 4249; x_wconf 88' lang='lat' dir='ltr'><strong>te</strong></span> <span class='ocrx_word' id='word_1_475' title='bbox 1015 4236 1030 4259; x_wconf 96' lang='lat'><strong>,</strong></span> <span class='ocrx_word' id='word_1_476' title='bbox 1063 4195 1329 4249; x_wconf 89' lang='lat' dir='ltr'><strong>reﬂciatur</strong></span> <span class='ocrx_word' id='word_1_477' title='bbox 1354 4194 1421 4265; x_wconf 88' lang='lat' dir='ltr'><strong>de</strong></span> <span class='ocrx_word' id='word_1_478' title='bbox 1447 4203 1497 4248; x_wconf 89' lang='lat' dir='ltr'><strong>te</strong></span> <span class='ocrx_word' id='word_1_479' title='bbox 1523 4194 1653 4249; x_wconf 84' lang='lat' dir='ltr'><strong>vivo</strong></span> <span class='ocrx_word' id='word_1_480' title='bbox 1675 4195 1907 4250; x_wconf 68' lang='lat' dir='ltr'><strong>caalesti-</strong></span> 
     </span>
    </p>
   </div>
   <div class='ocr_carea' id='block_1_57' title="bbox 324 4264 1905 4335">
    <p class='ocr_par' dir='ltr' id='par_1_57' title="bbox 324 4264 1905 4335">
     <span class='ocr_line' id='line_1_59' title="bbox 324 4264 1905 4335; baseline 0.001 -16"><span class='ocrx_word' id='word_1_481' title='bbox 324 4281 432 4334; x_wconf 75' lang='lat' dir='ltr'><strong>que</strong></span> <span class='ocrx_word' id='word_1_482' title='bbox 462 4264 618 4333; x_wconf 85' lang='lat' dir='ltr'><strong>pane,</strong></span> <span class='ocrx_word' id='word_1_483' title='bbox 642 4281 747 4335; x_wconf 92' lang='lat' dir='ltr'><strong>quo</strong></span> <span class='ocrx_word' id='word_1_484' title='bbox 767 4266 985 4318; x_wconf 84' lang='lat' dir='ltr'><strong>satiatus</strong></span> <span class='ocrx_word' id='word_1_485' title='bbox 1004 4266 1287 4335; x_wconf 89' lang='lat' dir='ltr'><strong>resumptis</strong></span> <span class='ocrx_word' id='word_1_486' title='bbox 1311 4264 1512 4320; x_wconf 89' lang='lat' dir='ltr'><strong>viribus</strong></span> <span class='ocrx_word' id='word_1_487' title='bbox 1540 4267 1605 4319; x_wconf 90' lang='lat' dir='ltr'><strong>ad</strong></span> <span class='ocrx_word' id='word_1_488' title='bbox 1629 4265 1905 4335; x_wconf 86' lang='lat' dir='ltr'><strong>superiora</strong></span> 
     </span>
    </p>
   </div>
   <div class='ocr_carea' id='block_1_58' title="bbox 324 4334 1905 4407">
    <p class='ocr_par' dir='ltr' id='par_1_58' title="bbox 324 4334 1905 4407">
     <span class='ocr_line' id='line_1_60' title="bbox 324 4334 1905 4407; baseline 0.001 -19"><span class='ocrx_word' id='word_1_489' title='bbox 324 4334 686 4407; x_wconf 79' lang='lat' dir='ltr'><strong>conscendat,</strong></span> <span class='ocrx_word' id='word_1_490' title='bbox 717 4344 771 4390; x_wconf 92' lang='lat' dir='ltr'><strong>et</strong></span> <span class='ocrx_word' id='word_1_491' title='bbox 790 4335 856 4390; x_wconf 91' lang='lat' dir='ltr'><strong>de</strong></span> <span class='ocrx_word' id='word_1_492' title='bbox 882 4334 981 4407; x_wconf 84' lang='lat' dir='ltr'><strong>bac</strong></span> <span class='ocrx_word' id='word_1_493' title='bbox 1002 4335 1136 4407; x_wconf 87' lang='lat' dir='ltr'><strong>valle</strong></span> <span class='ocrx_word' id='word_1_494' title='bbox 1159 4334 1509 4407; x_wconf 79' lang='lat' dir='ltr'><strong>lacrymarum</strong></span> <span class='ocrx_word' id='word_1_495' title='bbox 1541 4334 1710 4405; x_wconf 86' lang='lat' dir='ltr'><strong>penna</strong></span> <span class='ocrx_word' id='word_1_496' title='bbox 1738 4335 1905 4390; x_wconf 87' lang='lat' dir='ltr'><strong>sancti</strong></span> 
     </span>
    </p>
   </div>
   <div class='ocr_carea' id='block_1_59' title="bbox 324 4403 1907 4475">
    <p class='ocr_par' dir='ltr' id='par_1_59' title="bbox 324 4403 1907 4475">
     <span class='ocr_line' id='line_1_61' title="bbox 324 4403 1907 4475; baseline 0 -15"><span class='ocrx_word' id='word_1_497' title='bbox 324 4403 577 4460; x_wconf 83' lang='lat' dir='ltr'><strong>desiderii</strong></span> <span class='ocrx_word' id='word_1_498' title='bbox 624 4414 803 4473; x_wconf 90' lang='lat' dir='ltr'><strong>raptus</strong></span> <span class='ocrx_word' id='word_1_499' title='bbox 832 4446 846 4469; x_wconf 94' lang='lat'><strong>,</strong></span> <span class='ocrx_word' id='word_1_500' title='bbox 897 4405 960 4459; x_wconf 89' lang='lat' dir='ltr'><strong>ad</strong></span> <span class='ocrx_word' id='word_1_501' title='bbox 988 4405 1223 4461; x_wconf 79' lang='lat' dir='ltr'><strong>ccclestia</strong></span> <span class='ocrx_word' id='word_1_502' title='bbox 1261 4403 1449 4475; x_wconf 77' lang='lat' dir='ltr'><strong>gaudia</strong></span> <span class='ocrx_word' id='word_1_503' title='bbox 1490 4403 1694 4461; x_wconf 83' lang='lat' dir='ltr'><strong>volitet.</strong></span> <span class='ocrx_word' id='word_1_504' title='bbox 1742 4407 1907 4460; x_wconf 80' lang='lat' dir='ltr'><strong>Assu-</strong></span> 
     </span>
    </p>
   </div>
   <div class='ocr_carea' id='block_1_60' title="bbox 325 4474 1907 4546">
    <p class='ocr_par' dir='ltr' id='par_1_60' title="bbox 325 4474 1907 4546">
     <span class='ocr_line' id='line_1_62' title="bbox 325 4474 1907 4546; baseline 0.001 -17"><span class='ocrx_word' id='word_1_505' title='bbox 325 4485 458 4536; x_wconf 89' lang='lat' dir='ltr'><strong>mat,</strong></span> <span class='ocrx_word' id='word_1_506' title='bbox 492 4474 715 4529; x_wconf 90' lang='lat' dir='ltr'><strong>Domine</strong></span> <span class='ocrx_word' id='word_1_507' title='bbox 740 4516 753 4536; x_wconf 91' lang='lat'><strong>,</strong></span> <span class='ocrx_word' id='word_1_508' title='bbox 781 4484 1043 4541; x_wconf 87' lang='lat' dir='ltr'><strong>assumat,</strong></span> <span class='ocrx_word' id='word_1_509' title='bbox 1076 4490 1233 4546; x_wconf 76' lang='lat' dir='ltr'><strong>rogo,</strong></span> <span class='ocrx_word' id='word_1_510' title='bbox 1270 4474 1493 4545; x_wconf 74' lang='lat' dir='ltr'><strong>spiritus</strong></span> <span class='ocrx_word' id='word_1_511' title='bbox 1525 4491 1674 4530; x_wconf 89' lang='lat' dir='ltr'><strong>meus</strong></span> <span class='ocrx_word' id='word_1_512' title='bbox 1706 4490 1907 4546; x_wconf 87' lang='lat' dir='ltr'><strong>pennas</strong></span> 
     </span>
    </p>
   </div>
   <div class='ocr_carea' id='block_1_61' title="bbox 326 4545 1908 4615">
    <p class='ocr_par' dir='ltr' id='par_1_61' title="bbox 326 4545 1908 4615">
     <span class='ocr_line' id='line_1_63' title="bbox 326 4545 1908 4615; baseline -0.001 -14"><span class='ocrx_word' id='word_1_513' title='bbox 326 4555 386 4601; x_wconf 85' lang='lat' dir='ltr'><strong>ut</strong></span> <span class='ocrx_word' id='word_1_514' title='bbox 411 4546 631 4615; x_wconf 66' lang='lat' dir='ltr'><strong>aquilae,</strong></span> <span class='ocrx_word' id='word_1_515' title='bbox 669 4546 806 4600; x_wconf 88' lang='lat' dir='ltr'><strong>volet</strong></span> <span class='ocrx_word' id='word_1_516' title='bbox 832 4555 884 4601; x_wconf 90' lang='lat' dir='ltr'><strong>et</strong></span> <span class='ocrx_word' id='word_1_517' title='bbox 914 4561 1016 4601; x_wconf 91' lang='lat' dir='ltr'><strong>non</strong></span> <span class='ocrx_word' id='word_1_518' title='bbox 1062 4545 1273 4602; x_wconf 76' lang='lat' dir='ltr'><strong>deficiat</strong></span> <span class='ocrx_word' id='word_1_519' title='bbox 1300 4588 1314 4610; x_wconf 87' lang='lat'><strong>,</strong></span> <span class='ocrx_word' id='word_1_520' title='bbox 1366 4547 1508 4600; x_wconf 89' lang='lat' dir='ltr'><strong>volet</strong></span> <span class='ocrx_word' id='word_1_521' title='bbox 1536 4556 1589 4600; x_wconf 91' lang='lat' dir='ltr'><strong>et</strong></span> <span class='ocrx_word' id='word_1_522' title='bbox 1631 4545 1908 4615; x_wconf 73' lang='lat' dir='ltr'><strong>perveniat</strong></span> 
     </span>
    </p>
   </div>
   <div class='ocr_carea' id='block_1_62' title="bbox 326 4615 1902 4684">
    <p class='ocr_par' dir='ltr' id='par_1_62' title="bbox 326 4615 1902 4684">
     <span class='ocr_line' id='line_1_64' title="bbox 326 4615 1902 4684; baseline 0.001 -16"><span class='ocrx_word' id='word_1_523' title='bbox 326 4632 497 4684; x_wconf 88' lang='lat' dir='ltr'><strong>ttsque</strong></span> <span class='ocrx_word' id='word_1_524' title='bbox 524 4616 590 4669; x_wconf 89' lang='lat' dir='ltr'><strong>ad</strong></span> <span class='ocrx_word' id='word_1_525' title='bbox 619 4615 869 4671; x_wconf 87' lang='lat' dir='ltr'><strong>decorem</strong></span> <span class='ocrx_word' id='word_1_526' title='bbox 897 4616 1085 4670; x_wconf 89' lang='lat' dir='ltr'><strong>domus</strong></span> <span class='ocrx_word' id='word_1_527' title='bbox 1119 4626 1242 4681; x_wconf 65' lang='lat' dir='ltr'><strong>tua},</strong></span> <span class='ocrx_word' id='word_1_528' title='bbox 1277 4626 1331 4670; x_wconf 88' lang='lat' dir='ltr'><strong>et</strong></span> <span class='ocrx_word' id='word_1_529' title='bbox 1355 4616 1528 4670; x_wconf 89' lang='lat' dir='ltr'><strong>locum</strong></span> <span class='ocrx_word' id='word_1_530' title='bbox 1560 4615 1902 4670; x_wconf 81' lang='lat' dir='ltr'><strong>habitationis</strong></span> 
     </span>
    </p>
   </div>
   <div class='ocr_carea' id='block_1_63' title="bbox 323 4685 1904 4755">
    <p class='ocr_par' dir='ltr' id='par_1_63' title="bbox 323 4685 1904 4755">
     <span class='ocr_line' id='line_1_65' title="bbox 323 4685 1904 4755; baseline 0 -16"><span class='ocrx_word' id='word_1_531' title='bbox 323 4685 510 4755; x_wconf 68' lang='lat' dir='ltr'><strong>gloria:</strong></span> <span class='ocrx_word' id='word_1_532' title='bbox 536 4695 639 4740; x_wconf 74' lang='lat' dir='ltr'><strong>tua:</strong></span> <span class='ocrx_word' id='word_1_533' title='bbox 671 4704 683 4737; x_wconf 93' lang='lat'><strong>:</strong></span> <span class='ocrx_word' id='word_1_534' title='bbox 717 4694 774 4741; x_wconf 89' lang='lat' dir='ltr'><strong>ut</strong></span> <span class='ocrx_word' id='word_1_535' title='bbox 811 4687 878 4741; x_wconf 89' lang='lat' dir='ltr'><strong>ibi</strong></span> <span class='ocrx_word' id='word_1_536' title='bbox 910 4701 1069 4755; x_wconf 80' lang='lat' dir='ltr'><strong>Sttpt&#39;l‘</strong></span> <span class='ocrx_word' id='word_1_537' title='bbox 1095 4701 1329 4740; x_wconf 78' lang='lat' dir='ltr'><strong>mensam</strong></span> <span class='ocrx_word' id='word_1_538' title='bbox 1368 4686 1672 4740; x_wconf 81' lang='lat' dir='ltr'><strong>refectionis</strong></span> <span class='ocrx_word' id='word_1_539' title='bbox 1714 4687 1904 4740; x_wconf 89' lang='lat' dir='ltr'><strong>civium</strong></span> 
     </span>
    </p>
   </div>
   <div class='ocr_carea' id='block_1_64' title="bbox 323 4755 1907 4828">
    <p class='ocr_par' dir='ltr' id='par_1_64' title="bbox 323 4755 1907 4828">
     <span class='ocr_line' id='line_1_66' title="bbox 323 4755 1907 4828; baseline 0.001 -19"><span class='ocrx_word' id='word_1_540' title='bbox 323 4771 681 4828; x_wconf 82' lang='lat' dir='ltr'><strong>supernorum</strong></span> <span class='ocrx_word' id='word_1_541' title='bbox 721 4766 963 4826; x_wconf 85' lang='lat' dir='ltr'><strong>pascatur</strong></span> <span class='ocrx_word' id='word_1_542' title='bbox 998 4756 1079 4828; x_wconf 85' lang='lat' dir='ltr'><strong>de</strong></span> <span class='ocrx_word' id='word_1_543' title='bbox 1098 4757 1317 4828; x_wconf 77' lang='lat' dir='ltr'><strong>occultis</strong></span> <span class='ocrx_word' id='word_1_544' title='bbox 1344 4756 1445 4809; x_wconf 89' lang='lat' dir='ltr'><strong>luis</strong></span> <span class='ocrx_word' id='word_1_545' title='bbox 1475 4756 1525 4808; x_wconf 95' lang='lat' dir='ltr'><strong>in</strong></span> <span class='ocrx_word' id='word_1_546' title='bbox 1558 4755 1672 4828; x_wconf 77' lang='lat' dir='ltr'><strong>loco</strong></span> <span class='ocrx_word' id='word_1_547' title='bbox 1698 4770 1907 4828; x_wconf 68' lang='lat' dir='ltr'><strong>pascua:</strong></span> 
     </span>
    </p>
   </div>
   <div class='ocr_carea' id='block_1_65' title="bbox 326 4825 1908 4897">
    <p class='ocr_par' dir='ltr' id='par_1_65' title="bbox 326 4825 1908 4897">
     <span class='ocr_line' id='line_1_67' title="bbox 326 4825 1908 4897; baseline 0 -18"><span class='ocrx_word' id='word_1_548' title='bbox 326 4825 453 4887; x_wconf 61' lang='lat' dir='ltr'><strong>tuie,</strong></span> <span class='ocrx_word' id='word_1_549' title='bbox 471 4826 622 4894; x_wconf 79' lang='lat' dir='ltr'><strong>juxta</strong></span> <span class='ocrx_word' id='word_1_550' title='bbox 649 4825 844 4880; x_wconf 89' lang='lat' dir='ltr'><strong>ﬂuenta</strong></span> <span class='ocrx_word' id='word_1_551' title='bbox 873 4827 1194 4897; x_wconf 89' lang='lat' dir='ltr'><strong>plenissima.</strong></span> <span class='ocrx_word' id='word_1_552' title='bbox 1249 4826 1562 4895; x_wconf 75' lang='lat' dir='ltr'><strong>liequiescat</strong></span> <span class='ocrx_word' id='word_1_553' title='bbox 1587 4826 1638 4879; x_wconf 95' lang='lat' dir='ltr'><strong>in</strong></span> <span class='ocrx_word' id='word_1_554' title='bbox 1668 4827 1908 4897; x_wconf 81' lang='lat' dir='ltr'><strong>te,_Deus</strong></span> 
     </span>
    </p>
   </div>
   <div class='ocr_carea' id='block_1_66' title="bbox 325 4895 1906 4965">
    <p class='ocr_par' dir='ltr' id='par_1_66' title="bbox 325 4895 1906 4965">
     <span class='ocr_line' id='line_1_68' title="bbox 325 4895 1906 4965; baseline -0.001 -16"><span class='ocrx_word' id='word_1_555' title='bbox 325 4909 478 4950; x_wconf 83' lang='lat' dir='ltr'><strong>meus</strong></span> <span class='ocrx_word' id='word_1_556' title='bbox 499 4938 514 4960; x_wconf 95' lang='lat'><strong>,</strong></span> <span class='ocrx_word' id='word_1_557' title='bbox 553 4912 647 4951; x_wconf 89' lang='lat' dir='ltr'><strong>cor</strong></span> <span class='ocrx_word' id='word_1_558' title='bbox 676 4895 883 4962; x_wconf 84' lang='lat' dir='ltr'><strong>meum,</strong></span> <span class='ocrx_word' id='word_1_559' title='bbox 923 4912 1016 4951; x_wconf 84' lang='lat' dir='ltr'><strong>cor</strong></span> <span class='ocrx_word' id='word_1_560' title='bbox 1047 4912 1190 4951; x_wconf 85' lang='lat' dir='ltr'><strong>mare</strong></span> <span class='ocrx_word' id='word_1_561' title='bbox 1221 4912 1466 4965; x_wconf 84' lang='lat' dir='ltr'><strong>maguum</strong></span> <span class='ocrx_word' id='word_1_562' title='bbox 1498 4908 1704 4965; x_wconf 84' lang='lat' dir='ltr'><strong>tumens</strong></span> <span class='ocrx_word' id='word_1_563' title='bbox 1731 4895 1906 4949; x_wconf 90' lang='lat' dir='ltr'><strong>ﬂucti-</strong></span> 
     </span>
    </p>
   </div>
   <div class='ocr_carea' id='block_1_67' title="bbox 324 4964 1909 5036">
    <p class='ocr_par' dir='ltr' id='par_1_67' title="bbox 324 4964 1909 5036">
     <span class='ocr_line' id='line_1_69' title="bbox 324 4964 1909 5036; baseline 0 -17"><span class='ocrx_word' id='word_1_564' title='bbox 324 4964 447 5019; x_wconf 88' lang='lat' dir='ltr'><strong>bus.</strong></span> <span class='ocrx_word' id='word_1_565' title='bbox 501 4966 579 5019; x_wconf 85' lang='lat' dir='ltr'><strong>Tu</strong></span> <span class='ocrx_word' id='word_1_566' title='bbox 623 4968 710 5036; x_wconf 90' lang='lat' dir='ltr'><strong>qui</strong></span> <span class='ocrx_word' id='word_1_567' title='bbox 752 4967 1019 5036; x_wconf 85' lang='lat' dir='ltr'><strong>imperasti</strong></span> <span class='ocrx_word' id='word_1_568' title='bbox 1063 4967 1234 5021; x_wconf 90' lang='lat' dir='ltr'><strong>ventis</strong></span> <span class='ocrx_word' id='word_1_569' title='bbox 1275 4964 1329 5020; x_wconf 80' lang='lat' dir='ltr'><strong>et</strong></span> <span class='ocrx_word' id='word_1_570' title='bbox 1366 4966 1536 5030; x_wconf 88' lang='lat' dir='ltr'><strong>mari,</strong></span> <span class='ocrx_word' id='word_1_571' title='bbox 1581 4976 1633 5020; x_wconf 93' lang='lat' dir='ltr'><strong>et</strong></span> <span class='ocrx_word' id='word_1_572' title='bbox 1661 4964 1909 5036; x_wconf 10' lang='lat' dir='ltr'><strong>factaiest</strong></span> 
     </span>
    </p>
   </div>
   <div class='ocr_carea' id='block_1_68' title="bbox 325 5035 1907 5109">
    <p class='ocr_par' dir='ltr' id='par_1_68' title="bbox 325 5035 1907 5109">
     <span class='ocr_line' id='line_1_70' title="bbox 325 5035 1907 5109; baseline 0.001 -20"><span class='ocrx_word' id='word_1_573' title='bbox 325 5035 685 5109; x_wconf 71' lang='lat' dir='ltr'><strong>tranquillitas</strong></span> <span class='ocrx_word' id='word_1_574' title='bbox 714 5052 899 5109; x_wconf 85' lang='lat' dir='ltr'><strong>magna</strong></span> <span class='ocrx_word' id='word_1_575' title='bbox 929 5035 1140 5109; x_wconf 73' lang='lat' dir='ltr'><strong>(Matth.</strong></span> <span class='ocrx_word' id='word_1_576' title='bbox 1170 5053 1282 5098; x_wconf 89' lang='lat' dir='ltr'><strong>vtn,</strong></span> <span class='ocrx_word' id='word_1_577' title='bbox 1306 5036 1421 5109; x_wconf 71' lang='lat'><strong>26),</strong></span> <span class='ocrx_word' id='word_1_578' title='bbox 1454 5038 1570 5091; x_wconf 87' lang='lat' dir='ltr'><strong>veni</strong></span> <span class='ocrx_word' id='word_1_579' title='bbox 1603 5045 1655 5089; x_wconf 90' lang='lat' dir='ltr'><strong>ct</strong></span> <span class='ocrx_word' id='word_1_580' title='bbox 1685 5035 1907 5109; x_wconf 77' lang='lat' dir='ltr'><strong>gradere</strong></span> 
     </span>
    </p>
   </div>
   <div class='ocr_carea' id='block_1_69' title="bbox 322 5104 1910 5176">
    <p class='ocr_par' dir='ltr' id='par_1_69' title="bbox 322 5104 1910 5176">
     <span class='ocr_line' id='line_1_71' title="bbox 322 5104 1910 5176; baseline 0 -17"><span class='ocrx_word' id='word_1_581' title='bbox 322 5119 488 5174; x_wconf 84' lang='lat' dir='ltr'><strong>super</strong></span> <span class='ocrx_word' id='word_1_582' title='bbox 514 5104 706 5161; x_wconf 87' lang='lat' dir='ltr'><strong>ﬂuctus</strong></span> <span class='ocrx_word' id='word_1_583' title='bbox 733 5104 911 5163; x_wconf 67' lang='lat' dir='ltr'><strong>coidis</strong></span> <span class='ocrx_word' id='word_1_584' title='bbox 938 5104 1064 5172; x_wconf 81' lang='lat' dir='ltr'><strong>inci,</strong></span> <span class='ocrx_word' id='word_1_585' title='bbox 1092 5116 1149 5160; x_wconf 91' lang='lat' dir='ltr'><strong>ut</strong></span> <span class='ocrx_word' id='word_1_586' title='bbox 1176 5108 1451 5176; x_wconf 87' lang='lat' dir='ltr'><strong>tranquilla</strong></span> <span class='ocrx_word' id='word_1_587' title='bbox 1478 5114 1534 5160; x_wconf 91' lang='lat' dir='ltr'><strong>et</strong></span> <span class='ocrx_word' id='word_1_588' title='bbox 1561 5121 1748 5164; x_wconf 90' lang='lat' dir='ltr'><strong>serena</strong></span> <span class='ocrx_word' id='word_1_589' title='bbox 1781 5106 1910 5159; x_wconf 82' lang='lat' dir='ltr'><strong>ﬂant</strong></span> 
     </span>
    </p>
   </div>
   <div class='ocr_carea' id='block_1_70' title="bbox 322 5176 1908 5246">
    <p class='ocr_par' dir='ltr' id='par_1_70' title="bbox 322 5176 1908 5246">
     <span class='ocr_line' id='line_1_72' title="bbox 322 5176 1908 5246; baseline 0.001 -17"><span class='ocrx_word' id='word_1_590' title='bbox 322 5177 504 5230; x_wconf 86' lang='lat' dir='ltr'><strong>omnia</strong></span> <span class='ocrx_word' id='word_1_591' title='bbox 534 5192 650 5246; x_wconf 88' lang='lat' dir='ltr'><strong>mea</strong></span> <span class='ocrx_word' id='word_1_592' title='bbox 679 5195 693 5230; x_wconf 91' lang='lat'><strong>:</strong></span> <span class='ocrx_word' id='word_1_593' title='bbox 726 5187 986 5246; x_wconf 89' lang='lat' dir='ltr'><strong>quatenus</strong></span> <span class='ocrx_word' id='word_1_594' title='bbox 1008 5192 1168 5230; x_wconf 91' lang='lat' dir='ltr'><strong>unum</strong></span> <span class='ocrx_word' id='word_1_595' title='bbox 1196 5177 1389 5230; x_wconf 89' lang='lat' dir='ltr'><strong>botnun</strong></span> <span class='ocrx_word' id='word_1_596' title='bbox 1422 5193 1596 5230; x_wconf 91' lang='lat' dir='ltr'><strong>meum</strong></span> <span class='ocrx_word' id='word_1_597' title='bbox 1620 5176 1908 5244; x_wconf 87' lang='lat' dir='ltr'><strong>amplectar</strong></span> 
     </span>
    </p>
   </div>
   <div class='ocr_carea' id='block_1_71' title="bbox 322 5245 1908 5318">
    <p class='ocr_par' dir='ltr' id='par_1_71' title="bbox 322 5245 1908 5318">
     <span class='ocr_line' id='line_1_73' title="bbox 322 5245 1908 5318; baseline 0.001 -18"><span class='ocrx_word' id='word_1_598' title='bbox 322 5253 413 5312; x_wconf 86' lang='lat' dir='ltr'><strong>te,</strong></span> <span class='ocrx_word' id='word_1_599' title='bbox 457 5253 514 5301; x_wconf 89' lang='lat' dir='ltr'><strong>et</strong></span> <span class='ocrx_word' id='word_1_600' title='bbox 535 5245 691 5302; x_wconf 90' lang='lat' dir='ltr'><strong>dulce</strong></span> <span class='ocrx_word' id='word_1_601' title='bbox 719 5245 897 5302; x_wconf 86' lang='lat' dir='ltr'><strong>lumen</strong></span> <span class='ocrx_word' id='word_1_602' title='bbox 926 5248 1199 5301; x_wconf 90' lang='lat' dir='ltr'><strong>oculorum</strong></span> <span class='ocrx_word' id='word_1_603' title='bbox 1232 5262 1469 5301; x_wconf 84' lang='lat' dir='ltr'><strong>meorqu</strong></span> <span class='ocrx_word' id='word_1_604' title='bbox 1495 5247 1828 5318; x_wconf 80' lang='lat' dir='ltr'><strong>contemplor</strong></span> <span class='ocrx_word' id='word_1_605' title='bbox 1858 5254 1908 5301; x_wconf 89' lang='lat' dir='ltr'><strong>te</strong></span> 
     </span>
    </p>
   </div>
   <div class='ocr_carea' id='block_1_72' title="bbox 389 5355 1366 5413">
    <p class='ocr_par' dir='ltr' id='par_1_72' title="bbox 389 5355 1366 5413">
     <span class='ocr_line' id='line_1_74' title="bbox 389 5355 1366 5413; baseline 0.001 -7"><span class='ocrx_word' id='word_1_606' title='bbox 389 5356 406 5388; x_wconf 77' lang='grc' dir='ltr'><strong>ι</strong></span> <span class='ocrx_word' id='word_1_607' title='bbox 434 5362 518 5406; x_wconf 77' lang='lat' dir='ltr'><strong>Its.</strong></span> <span class='ocrx_word' id='word_1_608' title='bbox 540 5362 671 5407; x_wconf 82' lang='lat' dir='ltr'><strong>Itett.</strong></span> <span class='ocrx_word' id='word_1_609' title='bbox 708 5369 807 5406; x_wconf 85' lang='lat' dir='ltr'><strong>non</strong></span> <span class='ocrx_word' id='word_1_610' title='bbox 835 5355 1004 5413; x_wconf 83' lang='lat' dir='ltr'><strong>habet,</strong></span> <span class='ocrx_word' id='word_1_611' title='bbox 1028 5369 1104 5407; x_wconf 84' lang='lat' dir='ltr'><strong>me</strong></span> <span class='ocrx_word' id='word_1_612' title='bbox 1127 5362 1366 5407; x_wconf 83' lang='lat' dir='ltr'><strong>currente.</strong></span> 
     </span>
    </p>
   </div>
   <div class='ocr_carea' id='block_1_73' title="bbox 386 5418 1305 5481">
    <p class='ocr_par' dir='ltr' id='par_1_73' title="bbox 386 5418 1305 5481">
     <span class='ocr_line' id='line_1_75' title="bbox 386 5418 1305 5481; baseline -0.003 -13"><span class='ocrx_word' id='word_1_613' title='bbox 386 5418 410 5481; x_wconf 57' lang='grc' dir='ltr'>ξ</span> <span class='ocrx_word' id='word_1_614' title='bbox 444 5424 526 5468; x_wconf 78' lang='lat' dir='ltr'><strong>Its.</strong></span> <span class='ocrx_word' id='word_1_615' title='bbox 552 5426 702 5479; x_wconf 59' lang='lat' dir='ltr'><strong>atem,</strong></span> <span class='ocrx_word' id='word_1_616' title='bbox 727 5419 793 5467; x_wconf 86' lang='lat' dir='ltr'><strong>da</strong></span> <span class='ocrx_word' id='word_1_617' title='bbox 813 5432 900 5481; x_wconf 77' lang='lat' dir='ltr'><strong>per</strong></span> <span class='ocrx_word' id='word_1_618' title='bbox 918 5426 1132 5481; x_wconf 76' lang='lat' dir='ltr'><strong>sanciunt</strong></span> <span class='ocrx_word' id='word_1_619' title='bbox 1154 5424 1305 5467; x_wconf 83' lang='lat' dir='ltr'><strong>tuum.</strong></span> 
     </span>
    </p>
   </div>
   <div class='ocr_carea' id='block_1_74' title="bbox 387 5477 1151 5548">
    <p class='ocr_par' dir='ltr' id='par_1_74' title="bbox 387 5477 1151 5548">
     <span class='ocr_line' id='line_1_76' title="bbox 387 5477 1151 5548; baseline 0.001 -22"><span class='ocrx_word' id='word_1_620' title='bbox 387 5480 411 5548; x_wconf 57' lang='grc' dir='ltr'><em>ξ</em></span> <span class='ocrx_word' id='word_1_621' title='bbox 436 5485 522 5548; x_wconf 56' lang='grc' dir='ltr'><strong>ξιξ.</strong></span> <span class='ocrx_word' id='word_1_622' title='bbox 538 5477 707 5548; x_wconf 76' lang='lat' dir='ltr'><strong>_Mett.,</strong></span> <span class='ocrx_word' id='word_1_623' title='bbox 750 5477 958 5541; x_wconf 68' lang='lat' dir='ltr'><strong>undique</strong></span> <span class='ocrx_word' id='word_1_624' title='bbox 980 5477 1151 5548; x_wconf 65' lang='lat' dir='ltr'><strong>hostes.</strong></span> 
     </span>
    </p>
   </div>
   <div class='ocr_carea' id='block_1_75' title="bbox 385 5539 1533 5605">
    <p class='ocr_par' dir='ltr' id='par_1_75' title="bbox 385 5539 1533 5605">
     <span class='ocr_line' id='line_1_77' title="bbox 385 5539 1533 5605; baseline -0.001 -16"><span class='ocrx_word' id='word_1_625' title='bbox 385 5540 409 5605; x_wconf 49' lang='grc' dir='ltr'><em>ἢ</em></span> <span class='ocrx_word' id='word_1_626' title='bbox 434 5541 570 5605; x_wconf 60' lang='lat' dir='ltr'><strong>aliti,</strong></span> <span class='ocrx_word' id='word_1_627' title='bbox 592 5541 768 5605; x_wconf 81' lang='lat' dir='ltr'><strong>misero</strong></span> <span class='ocrx_word' id='word_1_628' title='bbox 788 5539 981 5605; x_wconf 74' lang='lat' dir='ltr'><strong>manum</strong></span> <span class='ocrx_word' id='word_1_629' title='bbox 1004 5539 1303 5605; x_wconf 51' lang='lat' dir='ltr'><strong>jm‘tativtuw</strong></span> <span class='ocrx_word' id='word_1_630' title='bbox 1326 5540 1533 5605; x_wconf 70' lang='lat' dir='ltr'><strong>porri/1e.</strong></span> 
     </span>
    </p>
   </div>
   <div class='ocr_carea' id='block_1_76' title="bbox 408 5602 1473 5664">
    <p class='ocr_par' dir='ltr' id='par_1_76' title="bbox 408 5602 1473 5664">
     <span class='ocr_line' id='line_1_78' title="bbox 408 5602 1473 5664; baseline 0.001 -15"><span class='ocrx_word' id='word_1_631' title='bbox 408 5602 463 5664; x_wconf 69' lang='grc' dir='ltr'><strong>(ι)</strong></span> <span class='ocrx_word' id='word_1_632' title='bbox 496 5604 715 5664; x_wconf 82' lang='lat' dir='ltr'><strong>Joannis,</strong></span> <span class='ocrx_word' id='word_1_633' title='bbox 739 5617 786 5664; x_wconf 90' lang='lat' dir='ltr'><strong>p.</strong></span> <span class='ocrx_word' id='word_1_634' title='bbox 810 5603 859 5663; x_wconf 88' lang='lat'><strong>6,</strong></span> <span class='ocrx_word' id='word_1_635' title='bbox 885 5610 935 5651; x_wconf 90' lang='lat' dir='ltr'><strong>et</strong></span> <span class='ocrx_word' id='word_1_636' title='bbox 956 5602 1033 5664; x_wconf 84' lang='lat' dir='ltr'><strong>ap.</strong></span> <span class='ocrx_word' id='word_1_637' title='bbox 1060 5602 1267 5652; x_wconf 84' lang='lat' dir='ltr'><strong>Auselm.</strong></span> <span class='ocrx_word' id='word_1_638' title='bbox 1293 5602 1371 5653; x_wconf 77' lang='lat' dir='ltr'><strong>Or.</strong></span> <span class='ocrx_word' id='word_1_639' title='bbox 1402 5602 1473 5651; x_wconf 87' lang='lat' dir='ltr'><strong>l8.</strong></span> 
     </span>
    </p>
   </div>
   <div class='ocr_carea' id='block_1_77' title="bbox 410 5662 1209 5725">
    <p class='ocr_par' dir='ltr' id='par_1_77' title="bbox 410 5662 1209 5725">
     <span class='ocr_line' id='line_1_79' title="bbox 410 5662 1209 5725; baseline 0.004 -15"><span class='ocrx_word' id='word_1_640' title='bbox 410 5662 462 5725; x_wconf 73' lang='grc' dir='ltr'><strong>ὸ)</strong></span> <span class='ocrx_word' id='word_1_641' title='bbox 497 5670 560 5712; x_wconf 76' lang='lat' dir='ltr'><strong>Ex</strong></span> <span class='ocrx_word' id='word_1_642' title='bbox 580 5663 661 5711; x_wconf 92' lang='lat' dir='ltr'><strong>lib.</strong></span> <span class='ocrx_word' id='word_1_643' title='bbox 686 5662 751 5712; x_wconf 78' lang='lat' dir='ltr'><strong>de</strong></span> <span class='ocrx_word' id='word_1_644' title='bbox 770 5662 1108 5725; x_wconf 40' lang='lat' dir='ltr'><strong>Speculo,_(:tp.</strong></span> <span class='ocrx_word' id='word_1_645' title='bbox 1139 5664 1209 5713; x_wconf 83' lang='lat' dir='ltr'><strong>l8.</strong></span> 
     </span>
    </p>
   </div>
   <div class='ocr_carea' id='block_1_78' title="bbox 410 5725 804 5789">
    <p class='ocr_par' dir='ltr' id='par_1_78' title="bbox 410 5725 804 5789">
     <span class='ocr_line' id='line_1_80' title="bbox 410 5725 804 5789; baseline 0 -16"><span class='ocrx_word' id='word_1_646' title='bbox 410 5725 461 5787; x_wconf 78' lang='grc' dir='ltr'><strong>ε)</strong></span> <span class='ocrx_word' id='word_1_647' title='bbox 496 5725 610 5776; x_wconf 83' lang='lat' dir='ltr'><strong>Ibid.</strong></span> <span class='ocrx_word' id='word_1_648' title='bbox 635 5738 742 5789; x_wconf 69' lang='lat' dir='ltr'><strong>cap.</strong></span> <span class='ocrx_word' id='word_1_649' title='bbox 762 5726 804 5773; x_wconf 64' lang='grc' dir='ltr'>τι</span> 
     </span>
    </p>
   </div>
   <div class='ocr_carea' id='block_1_79' title="bbox 1534 290 2316 353">
    <p class='ocr_par' dir='ltr' id='par_1_79' title="bbox 1534 290 2316 353">
     <span class='ocr_line' id='line_1_81' title="bbox 1534 290 2316 353; baseline 0.003 -6"><span class='ocrx_word' id='word_1_650' title='bbox 1534 290 1734 347; x_wconf 75' lang='lat' dir='ltr'><strong>LIBER</strong></span> <span class='ocrx_word' id='word_1_651' title='bbox 1774 290 2316 353; x_wconf 72' lang='grc' dir='ltr'><strong>ΜΕΒΓΙἌΤΙΟΝΠΜ.</strong></span> 
     </span>
    </p>
   </div>
   <div class='ocr_carea' id='block_1_80' title="bbox 3481 310 3586 368">
    <p class='ocr_par' dir='ltr' id='par_1_80' title="bbox 3481 310 3586 368">
     <span class='ocr_line' id='line_1_82' title="bbox 3481 310 3586 368; baseline 0.01 -1"><span class='ocrx_word' id='word_1_652' title='bbox 3481 310 3586 368; x_wconf 66' lang='grc'><strong>954</strong></span> 
     </span>
    </p>
   </div>
   <div class='ocr_carea' id='block_1_81' title="bbox 2003 410 3557 493">
    <p class='ocr_par' dir='ltr' id='par_1_81' title="bbox 2003 410 3557 493">
     <span class='ocr_line' id='line_1_83' title="bbox 2003 410 3557 493; baseline 0.014 -32"><span class='ocrx_word' id='word_1_653' title='bbox 2003 410 2120 493; x_wconf 69' lang='lat' dir='ltr'><strong>sine</strong></span> <span class='ocrx_word' id='word_1_654' title='bbox 2149 413 2577 493; x_wconf 77' lang='lat' dir='ltr'><strong>tumultuantium</strong></span> <span class='ocrx_word' id='word_1_655' title='bbox 2605 417 2983 493; x_wconf 76' lang='lat' dir='ltr'><strong>cogitationum</strong></span> <span class='ocrx_word' id='word_1_656' title='bbox 3004 434 3142 493; x_wconf 60' lang='grc' dir='ltr'><strong>(ττι-οι)</strong></span> <span class='ocrx_word' id='word_1_657' title='bbox 3173 423 3412 493; x_wconf 82' lang='lat' dir='ltr'><strong>caligine.</strong></span> <span class='ocrx_word' id='word_1_658' title='bbox 3446 426 3557 482; x_wconf 86' lang='lat' dir='ltr'><strong>Con</strong></span> 
     </span>
    </p>
   </div>
   <div class='ocr_carea' id='block_1_82' title="bbox 2000 480 3575 551">
    <p class='ocr_par' dir='ltr' id='par_1_82' title="bbox 2000 480 3575 551">
     <span class='ocr_line' id='line_1_84' title="bbox 2000 480 3575 551; baseline 0.011 -18"><span class='ocrx_word' id='word_1_659' title='bbox 2000 480 2183 549; x_wconf 80' lang='lat' dir='ltr'><strong>fugiat,</strong></span> <span class='ocrx_word' id='word_1_660' title='bbox 2217 484 2455 549; x_wconf 78' lang='lat' dir='ltr'><strong>liomiue,</strong></span> <span class='ocrx_word' id='word_1_661' title='bbox 2486 502 2636 539; x_wconf 89' lang='lat' dir='ltr'><strong>mens</strong></span> <span class='ocrx_word' id='word_1_662' title='bbox 2663 480 2777 540; x_wconf 80' lang='lat' dir='ltr'><strong>mea</strong></span> <span class='ocrx_word' id='word_1_663' title='bbox 2809 491 2909 543; x_wconf 89' lang='lat' dir='ltr'><strong>sub</strong></span> <span class='ocrx_word' id='word_1_664' title='bbox 2932 491 3114 544; x_wconf 84' lang='lat' dir='ltr'><strong>umbra</strong></span> <span class='ocrx_word' id='word_1_665' title='bbox 3143 480 3342 548; x_wconf 77' lang='lat' dir='ltr'><strong>alarum</strong></span> <span class='ocrx_word' id='word_1_666' title='bbox 3367 480 3575 551; x_wconf 81' lang='lat' dir='ltr'><strong>tuarum</strong></span> 
     </span>
    </p>
   </div>
   <div class='ocr_carea' id='block_1_83' title="bbox 2000 553 3580 631">
    <p class='ocr_par' dir='ltr' id='par_1_83' title="bbox 2000 553 3580 631">
     <span class='ocr_line' id='line_1_85' title="bbox 2000 553 3580 631; baseline 0.009 -28"><span class='ocrx_word' id='word_1_667' title='bbox 2000 553 2069 631; x_wconf 72' lang='lat' dir='ltr'><strong>ab</strong></span> <span class='ocrx_word' id='word_1_668' title='bbox 2107 553 2322 631; x_wconf 55' lang='lat' dir='ltr'><strong>testibus</strong></span> <span class='ocrx_word' id='word_1_669' title='bbox 2350 555 2727 631; x_wconf 82' lang='lat' dir='ltr'><strong>cogitationum</strong></span> <span class='ocrx_word' id='word_1_670' title='bbox 2774 558 2930 625; x_wconf 86' lang='lat' dir='ltr'><strong>hujus</strong></span> <span class='ocrx_word' id='word_1_671' title='bbox 2968 562 3144 631; x_wconf 60' lang='lat' dir='ltr'><strong>stet-Idi</strong></span> <span class='ocrx_word' id='word_1_672' title='bbox 3179 582 3192 615; x_wconf 91' lang='lat'>:</span> <span class='ocrx_word' id='word_1_673' title='bbox 3224 566 3355 619; x_wconf 92' lang='lat' dir='ltr'><strong>utin</strong></span> <span class='ocrx_word' id='word_1_674' title='bbox 3389 568 3459 621; x_wconf 88' lang='lat' dir='ltr'><strong>ttti</strong></span> <span class='ocrx_word' id='word_1_675' title='bbox 3491 584 3580 621; x_wconf 82' lang='lat' dir='ltr'><strong>re-</strong></span> 
     </span>
    </p>
   </div>
   <div class='ocr_carea' id='block_1_84' title="bbox 2001 620 3581 702">
    <p class='ocr_par' dir='ltr' id='par_1_84' title="bbox 2001 620 3581 702">
     <span class='ocr_line' id='line_1_86' title="bbox 2001 620 3581 702; baseline 0.012 -30"><span class='ocrx_word' id='word_1_676' title='bbox 2001 620 2197 702; x_wconf 60' lang='lat' dir='ltr'><strong>frigerii</strong></span> <span class='ocrx_word' id='word_1_677' title='bbox 2226 620 2927 702; x_wconf 62' lang='lat' dir='ltr'><strong>tetnpemmcntoabsconsa</strong></span> <span class='ocrx_word' id='word_1_678' title='bbox 2951 670 2963 690; x_wconf 94' lang='lat'><strong>,</strong></span> <span class='ocrx_word' id='word_1_679' title='bbox 2999 630 3293 702; x_wconf 60' lang='lat' dir='ltr'><strong>laetabunda</strong></span> <span class='ocrx_word' id='word_1_680' title='bbox 3323 620 3501 690; x_wconf 84' lang='lat' dir='ltr'><strong>cantet</strong></span> <span class='ocrx_word' id='word_1_681' title='bbox 3525 646 3581 691; x_wconf 91' lang='lat' dir='ltr'><strong>et</strong></span> 
     </span>
    </p>
   </div>
   <div class='ocr_carea' id='block_1_85' title="bbox 2000 690 3582 772">
    <p class='ocr_par' dir='ltr' id='par_1_85' title="bbox 2000 690 3582 772">
     <span class='ocr_line' id='line_1_87' title="bbox 2000 690 3582 772; baseline 0.015 -35"><span class='ocrx_word' id='word_1_682' title='bbox 2000 690 2200 772; x_wconf 60' lang='lat' dir='ltr'><strong>dicat:</strong></span> <span class='ocrx_word' id='word_1_683' title='bbox 2246 690 2478 772; x_wconf 43' lang='lat' dir='ltr'><strong>[require</strong></span> <span class='ocrx_word' id='word_1_684' title='bbox 2517 697 2567 749; x_wconf 82' lang='lat' dir='ltr'><strong>in</strong></span> <span class='ocrx_word' id='word_1_685' title='bbox 2612 698 2833 772; x_wconf 76' lang='lat' dir='ltr'><strong>idipsunt</strong></span> <span class='ocrx_word' id='word_1_686' title='bbox 2880 700 3126 772; x_wconf 70' lang='lat' dir='ltr'><strong>dormiam</strong></span> <span class='ocrx_word' id='word_1_687' title='bbox 3177 713 3222 755; x_wconf 84' lang='lat' dir='ltr'><strong>et</strong></span> <span class='ocrx_word' id='word_1_688' title='bbox 3277 690 3582 772; x_wconf 75' lang='lat' dir='ltr'><strong>requiescant</strong></span> 
     </span>
    </p>
   </div>
   <div class='ocr_carea' id='block_1_86' title="bbox 2001 758 3582 842">
    <p class='ocr_par' dir='ltr' id='par_1_86' title="bbox 2001 758 3582 842">
     <span class='ocr_line' id='line_1_88' title="bbox 2001 758 3582 842; baseline 0.006 -22"><span class='ocrx_word' id='word_1_689' title='bbox 2001 758 2170 842; x_wconf 61' lang='grc' dir='ltr'>(Ιξδιιιι</span> <span class='ocrx_word' id='word_1_690' title='bbox 2200 778 2279 826; x_wconf 85' lang='grc' dir='ltr'><strong>ιν,</strong></span> <span class='ocrx_word' id='word_1_691' title='bbox 2313 764 2393 842; x_wconf 38' lang='grc'><strong>9)..</strong></span> <span class='ocrx_word' id='word_1_692' title='bbox 2447 758 2715 842; x_wconf 71' lang='lat' dir='ltr'><strong>Dormiat,</strong></span> <span class='ocrx_word' id='word_1_693' title='bbox 2755 770 3013 842; x_wconf 80' lang='lat' dir='ltr'><strong>obsecro,</strong></span> <span class='ocrx_word' id='word_1_694' title='bbox 3059 770 3196 824; x_wconf 89' lang='lat' dir='ltr'><strong>Dens</strong></span> <span class='ocrx_word' id='word_1_695' title='bbox 3227 758 3408 839; x_wconf 60' lang='lat' dir='ltr'><strong>mens,</strong></span> <span class='ocrx_word' id='word_1_696' title='bbox 3450 758 3582 830; x_wconf 50' lang='lat' dir='ltr'><strong>dor;</strong></span> 
     </span>
    </p>
   </div>
   <div class='ocr_carea' id='block_1_87' title="bbox 2001 835 3605 911">
    <p class='ocr_par' dir='ltr' id='par_1_87' title="bbox 2001 835 3605 911">
     <span class='ocr_line' id='line_1_89' title="bbox 2001 835 3605 911; baseline 0.012 -28"><span class='ocrx_word' id='word_1_697' title='bbox 2001 835 2129 911; x_wconf 69' lang='lat' dir='ltr'><strong>niiat</strong></span> <span class='ocrx_word' id='word_1_698' title='bbox 2159 835 2410 911; x_wconf 82' lang='lat' dir='ltr'><strong>memoria</strong></span> <span class='ocrx_word' id='word_1_699' title='bbox 2443 851 2556 911; x_wconf 66' lang='lat' dir='ltr'><strong>nica</strong></span> <span class='ocrx_word' id='word_1_700' title='bbox 2592 838 2658 889; x_wconf 88' lang='lat' dir='ltr'><strong>ab</strong></span> <span class='ocrx_word' id='word_1_701' title='bbox 2691 840 2942 911; x_wconf 79' lang='lat' dir='ltr'><strong>omnibus</strong></span> <span class='ocrx_word' id='word_1_702' title='bbox 2970 856 3088 911; x_wconf 72' lang='lat' dir='ltr'><strong>qua:</strong></span> <span class='ocrx_word' id='word_1_703' title='bbox 3118 843 3216 894; x_wconf 89' lang='lat' dir='ltr'><strong>sub</strong></span> <span class='ocrx_word' id='word_1_704' title='bbox 3257 835 3404 898; x_wconf 34' lang='lat' dir='ltr'><strong>cmlo&#39;</strong></span> <span class='ocrx_word' id='word_1_705' title='bbox 3436 848 3605 907; x_wconf 73' lang='lat' dir='ltr'><strong>sunt,</strong></span> 
     </span>
    </p>
   </div>
   <div class='ocr_carea' id='block_1_88' title="bbox 2000 902 3584 981">
    <p class='ocr_par' dir='ltr' id='par_1_88' title="bbox 2000 902 3584 981">
     <span class='ocr_line' id='line_1_90' title="bbox 2000 902 3584 981; baseline 0.012 -30"><span class='ocrx_word' id='word_1_706' title='bbox 2000 902 2235 981; x_wconf 74' lang='lat' dir='ltr'><strong>vigilans</strong></span> <span class='ocrx_word' id='word_1_707' title='bbox 2253 905 2308 981; x_wconf 76' lang='lat' dir='ltr'><strong>in</strong></span> <span class='ocrx_word' id='word_1_708' title='bbox 2331 914 2380 958; x_wconf 89' lang='lat' dir='ltr'><strong>te</strong></span> <span class='ocrx_word' id='word_1_709' title='bbox 2401 947 2415 970; x_wconf 90' lang='lat'><strong>,</strong></span> <span class='ocrx_word' id='word_1_710' title='bbox 2428 905 2570 981; x_wconf 63' lang='lat' dir='ltr'><strong>sicut</strong></span> <span class='ocrx_word' id='word_1_711' title='bbox 2597 908 2852 976; x_wconf 83' lang='lat' dir='ltr'><strong>scriptum</strong></span> <span class='ocrx_word' id='word_1_712' title='bbox 2880 922 2961 963; x_wconf 90' lang='lat' dir='ltr'><strong>est</strong></span> <span class='ocrx_word' id='word_1_713' title='bbox 2984 902 3000 974; x_wconf 66' lang='grc' dir='ltr'><strong>ξ</strong></span> <span class='ocrx_word' id='word_1_714' title='bbox 3031 910 3141 981; x_wconf 72' lang='lat' dir='ltr'><strong>Ego</strong></span> <span class='ocrx_word' id='word_1_715' title='bbox 3170 914 3386 979; x_wconf 81' lang='lat' dir='ltr'><strong>dormio,</strong></span> <span class='ocrx_word' id='word_1_716' title='bbox 3420 925 3465 967; x_wconf 85' lang='lat' dir='ltr'><strong>et</strong></span> <span class='ocrx_word' id='word_1_717' title='bbox 3492 902 3584 970; x_wconf 70' lang='lat' dir='ltr'><strong>eor</strong></span> 
     </span>
    </p>
   </div>
   <div class='ocr_carea' id='block_1_89' title="bbox 2001 974 3583 1055">
    <p class='ocr_par' dir='ltr' id='par_1_89' title="bbox 2001 974 3583 1055">
     <span class='ocr_line' id='line_1_91' title="bbox 2001 974 3583 1055; baseline 0.01 -32"><span class='ocrx_word' id='word_1_718' title='bbox 2001 988 2163 1055; x_wconf 71' lang='lat' dir='ltr'><strong>meum</strong></span> <span class='ocrx_word' id='word_1_719' title='bbox 2188 974 2385 1055; x_wconf 46' lang='grc' dir='ltr'><strong>ῃὶῃίζίιι.Δ</strong></span> <span class='ocrx_word' id='word_1_720' title='bbox 2425 975 2504 1030; x_wconf 90' lang='lat' dir='ltr'><strong>Sit</strong></span> <span class='ocrx_word' id='word_1_721' title='bbox 2535 987 2641 1055; x_wconf 80' lang='lat' dir='ltr'><strong>tuta</strong></span> <span class='ocrx_word' id='word_1_722' title='bbox 2664 1018 2678 1040; x_wconf 95' lang='lat'><strong>,</strong></span> <span class='ocrx_word' id='word_1_723' title='bbox 2708 974 2777 1032; x_wconf 68' lang='lat' dir='ltr'><strong>siit</strong></span> <span class='ocrx_word' id='word_1_724' title='bbox 2797 993 3006 1050; x_wconf 86' lang='lat' dir='ltr'><strong>semper</strong></span> <span class='ocrx_word' id='word_1_725' title='bbox 3042 974 3229 1036; x_wconf 74' lang='lat' dir='ltr'><strong>secum</strong></span> <span class='ocrx_word' id='word_1_726' title='bbox 3266 974 3583 1055; x_wconf 40' lang='lat' dir='ltr'><strong>sttb&#39;pettttis</strong></span> 
     </span>
    </p>
   </div>
   <div class='ocr_carea' id='block_1_90' title="bbox 2001 1047 3581 1111">
    <p class='ocr_par' dir='ltr' id='par_1_90' title="bbox 2001 1047 3581 1111">
     <span class='ocr_line' id='line_1_92' title="bbox 2001 1047 3581 1111; baseline 0.009 -17"><span class='ocrx_word' id='word_1_727' title='bbox 2001 1047 2344 1109; x_wconf 76' lang='lat' dir='ltr'><strong>protectionis</strong></span> <span class='ocrx_word' id='word_1_728' title='bbox 2374 1053 2475 1099; x_wconf 70' lang='lat' dir='ltr'><strong>tum</strong></span> <span class='ocrx_word' id='word_1_729' title='bbox 2499 1047 2673 1101; x_wconf 91' lang='lat' dir='ltr'><strong>anima</strong></span> <span class='ocrx_word' id='word_1_730' title='bbox 2706 1064 2822 1104; x_wconf 91' lang='lat' dir='ltr'><strong>mea</strong></span> <span class='ocrx_word' id='word_1_731' title='bbox 2848 1091 2862 1111; x_wconf 96' lang='lat'><strong>,</strong></span> <span class='ocrx_word' id='word_1_732' title='bbox 2906 1047 3043 1105; x_wconf 84' lang='lat' dir='ltr'><strong>Dens</strong></span> <span class='ocrx_word' id='word_1_733' title='bbox 3071 1067 3239 1107; x_wconf 89' lang='lat' dir='ltr'><strong>meus.</strong></span> <span class='ocrx_word' id='word_1_734' title='bbox 3290 1047 3498 1108; x_wconf 77' lang='lat' dir='ltr'><strong>Maneat</strong></span> <span class='ocrx_word' id='word_1_735' title='bbox 3530 1057 3581 1109; x_wconf 92' lang='lat' dir='ltr'><strong>in</strong></span> 
     </span>
    </p>
   </div>
   <div class='ocr_carea' id='block_1_91' title="bbox 2002 1113 3582 1192">
    <p class='ocr_par' dir='ltr' id='par_1_91' title="bbox 2002 1113 3582 1192">
     <span class='ocr_line' id='line_1_93' title="bbox 2002 1113 3582 1192; baseline 0.009 -28"><span class='ocrx_word' id='word_1_736' title='bbox 2002 1121 2074 1192; x_wconf 78' lang='lat' dir='ltr'><strong>te,</strong></span> <span class='ocrx_word' id='word_1_737' title='bbox 2100 1121 2153 1166; x_wconf 91' lang='lat' dir='ltr'><strong>et</strong></span> <span class='ocrx_word' id='word_1_738' title='bbox 2184 1113 2422 1168; x_wconf 79' lang='lat' dir='ltr'><strong>foveatur</strong></span> <span class='ocrx_word' id='word_1_739' title='bbox 2445 1131 2657 1187; x_wconf 89' lang='lat' dir='ltr'><strong>semper</strong></span> <span class='ocrx_word' id='word_1_740' title='bbox 2680 1134 2715 1192; x_wconf 84' lang='lat' dir='ltr'><strong>a_</strong></span> <span class='ocrx_word' id='word_1_741' title='bbox 2742 1128 2820 1192; x_wconf 70' lang='lat' dir='ltr'><strong>te.</strong></span> <span class='ocrx_word' id='word_1_742' title='bbox 2843 1120 3246 1188; x_wconf 86' lang='lat' dir='ltr'><strong>Contempletur</strong></span> <span class='ocrx_word' id='word_1_743' title='bbox 3273 1136 3322 1177; x_wconf 87' lang='lat' dir='ltr'><strong>te</strong></span> <span class='ocrx_word' id='word_1_744' title='bbox 3352 1125 3402 1178; x_wconf 91' lang='lat' dir='ltr'><strong>in</strong></span> <span class='ocrx_word' id='word_1_745' title='bbox 3430 1141 3582 1179; x_wconf 89' lang='lat' dir='ltr'><strong>men-</strong></span> 
     </span>
    </p>
   </div>
   <div class='ocr_carea' id='block_1_92' title="bbox 2003 1188 3587 1259">
    <p class='ocr_par' dir='ltr' id='par_1_92' title="bbox 2003 1188 3587 1259">
     <span class='ocr_line' id='line_1_94' title="bbox 2003 1188 3587 1259; baseline 0.009 -24"><span class='ocrx_word' id='word_1_746' title='bbox 2003 1188 2071 1259; x_wconf 79' lang='lat' dir='ltr'><strong>tis</strong></span> <span class='ocrx_word' id='word_1_747' title='bbox 2097 1198 2319 1259; x_wconf 73' lang='lat' dir='ltr'><strong>excessu</strong></span> <span class='ocrx_word' id='word_1_748' title='bbox 2341 1226 2375 1259; x_wconf 86' lang='lat'><strong>,_</strong></span> <span class='ocrx_word' id='word_1_749' title='bbox 2405 1197 2457 1239; x_wconf 94' lang='lat' dir='ltr'><strong>et</strong></span> <span class='ocrx_word' id='word_1_750' title='bbox 2486 1196 2664 1242; x_wconf 88' lang='lat' dir='ltr'><strong>cantet</strong></span> <span class='ocrx_word' id='word_1_751' title='bbox 2686 1188 2884 1259; x_wconf 84' lang='lat' dir='ltr'><strong>laudes</strong></span> <span class='ocrx_word' id='word_1_752' title='bbox 2911 1200 3024 1243; x_wconf 87' lang='lat' dir='ltr'><strong>tuas</strong></span> <span class='ocrx_word' id='word_1_753' title='bbox 3055 1194 3106 1245; x_wconf 91' lang='lat' dir='ltr'><strong>in</strong></span> <span class='ocrx_word' id='word_1_754' title='bbox 3131 1194 3469 1259; x_wconf 88' lang='lat' dir='ltr'><strong>jubilatione.</strong></span> <span class='ocrx_word' id='word_1_755' title='bbox 3518 1196 3587 1250; x_wconf 83' lang='lat' dir='ltr'><strong>Et</strong></span> 
     </span>
    </p>
   </div>
   <div class='ocr_carea' id='block_1_93' title="bbox 2002 1251 3582 1320">
    <p class='ocr_par' dir='ltr' id='par_1_93' title="bbox 2002 1251 3582 1320">
     <span class='ocr_line' id='line_1_95' title="bbox 2002 1251 3582 1320; baseline 0.011 -17"><span class='ocrx_word' id='word_1_756' title='bbox 2002 1251 2115 1307; x_wconf 62' lang='lat' dir='ltr'><strong>hare</strong></span> <span class='ocrx_word' id='word_1_757' title='bbox 2143 1253 2312 1308; x_wconf 88' lang='lat' dir='ltr'><strong>dulcia</strong></span> <span class='ocrx_word' id='word_1_758' title='bbox 2344 1254 2481 1310; x_wconf 88' lang='lat' dir='ltr'><strong>dona</strong></span> <span class='ocrx_word' id='word_1_759' title='bbox 2527 1266 2610 1310; x_wconf 90' lang='lat' dir='ltr'><strong>ttta</strong></span> <span class='ocrx_word' id='word_1_760' title='bbox 2652 1258 2758 1311; x_wconf 91' lang='lat' dir='ltr'><strong>sint</strong></span> <span class='ocrx_word' id='word_1_761' title='bbox 2804 1259 2940 1313; x_wconf 90' lang='lat' dir='ltr'><strong>inter</strong></span> <span class='ocrx_word' id='word_1_762' title='bbox 2970 1263 3065 1314; x_wconf 88' lang='lat' dir='ltr'><strong>hos</strong></span> <span class='ocrx_word' id='word_1_763' title='bbox 3106 1251 3344 1319; x_wconf 76' lang='lat' dir='ltr'><strong>turbines</strong></span> <span class='ocrx_word' id='word_1_764' title='bbox 3386 1280 3582 1320; x_wconf 86' lang='lat' dir='ltr'><strong>conso-</strong></span> 
     </span>
    </p>
   </div>
   <div class='ocr_carea' id='block_1_94' title="bbox 2001 1322 3582 1401">
    <p class='ocr_par' dir='ltr' id='par_1_94' title="bbox 2001 1322 3582 1401">
     <span class='ocr_line' id='line_1_96' title="bbox 2001 1322 3582 1401; baseline 0.01 -26"><span class='ocrx_word' id='word_1_765' title='bbox 2001 1322 2129 1401; x_wconf 79' lang='lat' dir='ltr'><strong>latio</strong></span> <span class='ocrx_word' id='word_1_766' title='bbox 2156 1339 2271 1378; x_wconf 90' lang='lat' dir='ltr'><strong>mea</strong></span> <span class='ocrx_word' id='word_1_767' title='bbox 2297 1327 2504 1380; x_wconf 84' lang='lat' dir='ltr'><strong>interim</strong></span> <span class='ocrx_word' id='word_1_768' title='bbox 2532 1368 2546 1390; x_wconf 93' lang='lat'><strong>,</strong></span> <span class='ocrx_word' id='word_1_769' title='bbox 2574 1328 2745 1382; x_wconf 90' lang='lat' dir='ltr'><strong>donec</strong></span> <span class='ocrx_word' id='word_1_770' title='bbox 2768 1331 2973 1384; x_wconf 87' lang='lat' dir='ltr'><strong>veniam</strong></span> <span class='ocrx_word' id='word_1_771' title='bbox 3002 1332 3067 1385; x_wconf 90' lang='lat' dir='ltr'><strong>ad</strong></span> <span class='ocrx_word' id='word_1_772' title='bbox 3096 1340 3146 1386; x_wconf 88' lang='lat' dir='ltr'><strong>te</strong></span> <span class='ocrx_word' id='word_1_773' title='bbox 3170 1349 3353 1401; x_wconf 85' lang='lat' dir='ltr'><strong>pacem</strong></span> <span class='ocrx_word' id='word_1_774' title='bbox 3378 1350 3582 1397; x_wconf 89' lang='lat' dir='ltr'><strong>veram.</strong></span> 
     </span>
    </p>
   </div>
   <div class='ocr_carea' id='block_1_95' title="bbox 2002 1393 3582 1469">
    <p class='ocr_par' dir='ltr' id='par_1_95' title="bbox 2002 1393 3582 1469">
     <span class='ocr_line' id='line_1_97' title="bbox 2002 1393 3582 1469; baseline 0.01 -24"><span class='ocrx_word' id='word_1_775' title='bbox 2002 1393 2089 1446; x_wconf 90' lang='lat' dir='ltr'><strong>ubi</strong></span> <span class='ocrx_word' id='word_1_776' title='bbox 2135 1408 2238 1447; x_wconf 90' lang='lat' dir='ltr'><strong>non</strong></span> <span class='ocrx_word' id='word_1_777' title='bbox 2267 1404 2351 1449; x_wconf 90' lang='lat' dir='ltr'><strong>est</strong></span> <span class='ocrx_word' id='word_1_778' title='bbox 2380 1411 2536 1451; x_wconf 91' lang='lat' dir='ltr'><strong>arcus</strong></span> <span class='ocrx_word' id='word_1_779' title='bbox 2559 1439 2573 1461; x_wconf 93' lang='lat'><strong>,</strong></span> <span class='ocrx_word' id='word_1_780' title='bbox 2603 1407 2809 1452; x_wconf 84' lang='lat' dir='ltr'><strong>scutum</strong></span> <span class='ocrx_word' id='word_1_781' title='bbox 2834 1442 2850 1465; x_wconf 89' lang='lat'><strong>,</strong></span> <span class='ocrx_word' id='word_1_782' title='bbox 2890 1400 3096 1469; x_wconf 88' lang='lat' dir='ltr'><strong>gladius</strong></span> <span class='ocrx_word' id='word_1_783' title='bbox 3124 1393 3184 1457; x_wconf 75' lang='lat' dir='ltr'><strong>et</strong></span> <span class='ocrx_word' id='word_1_784' title='bbox 3207 1405 3404 1459; x_wconf 87' lang='lat' dir='ltr'><strong>bellum</strong></span> <span class='ocrx_word' id='word_1_785' title='bbox 3431 1422 3445 1469; x_wconf 92' lang='lat'><strong>;</strong></span> <span class='ocrx_word' id='word_1_786' title='bbox 3487 1393 3582 1461; x_wconf 88' lang='lat' dir='ltr'><strong>sed</strong></span> 
     </span>
    </p>
   </div>
   <div class='ocr_carea' id='block_1_96' title="bbox 2001 1470 3584 1544">
    <p class='ocr_par' dir='ltr' id='par_1_96' title="bbox 2001 1470 3584 1544">
     <span class='ocr_line' id='line_1_98' title="bbox 2001 1470 3584 1544; baseline 0.01 -29"><span class='ocrx_word' id='word_1_787' title='bbox 2001 1472 2084 1544; x_wconf 86' lang='lat' dir='ltr'><strong>est</strong></span> <span class='ocrx_word' id='word_1_788' title='bbox 2125 1479 2330 1544; x_wconf 89' lang='lat' dir='ltr'><strong>summa</strong></span> <span class='ocrx_word' id='word_1_789' title='bbox 2358 1474 2412 1519; x_wconf 92' lang='lat' dir='ltr'><strong>et</strong></span> <span class='ocrx_word' id='word_1_790' title='bbox 2438 1477 2597 1544; x_wconf 53' lang='lat' dir='ltr'><strong>certa</strong></span> <span class='ocrx_word' id='word_1_791' title='bbox 2641 1470 2932 1544; x_wconf 76' lang='lat' dir='ltr'><strong>securitas,</strong></span> <span class='ocrx_word' id='word_1_792' title='bbox 2973 1484 3034 1544; x_wconf 18' lang='lat' dir='ltr'><strong>Aet</strong></span> <span class='ocrx_word' id='word_1_793' title='bbox 3062 1487 3249 1544; x_wconf 82' lang='lat' dir='ltr'><strong>secura</strong></span> <span class='ocrx_word' id='word_1_794' title='bbox 3284 1477 3584 1544; x_wconf 87' lang='lat' dir='ltr'><strong>tranquilli-</strong></span> 
     </span>
    </p>
   </div>
   <div class='ocr_carea' id='block_1_97' title="bbox 2005 1537 3583 1614">
    <p class='ocr_par' dir='ltr' id='par_1_97' title="bbox 2005 1537 3583 1614">
     <span class='ocr_line' id='line_1_99' title="bbox 2005 1537 3583 1614; baseline 0.009 -28"><span class='ocrx_word' id='word_1_795' title='bbox 2005 1541 2117 1614; x_wconf 66' lang='lat' dir='ltr'><strong>tas,</strong></span> <span class='ocrx_word' id='word_1_796' title='bbox 2148 1543 2211 1614; x_wconf 87' lang='lat' dir='ltr'><strong>et</strong></span> <span class='ocrx_word' id='word_1_797' title='bbox 2244 1537 2521 1614; x_wconf 76' lang='lat' dir='ltr'><strong>tranquilla</strong></span> <span class='ocrx_word' id='word_1_798' title='bbox 2548 1540 2838 1614; x_wconf 79' lang='lat' dir='ltr'><strong>securitas,</strong></span> <span class='ocrx_word' id='word_1_799' title='bbox 2871 1551 2927 1614; x_wconf 84' lang='lat' dir='ltr'><strong>et</strong></span> <span class='ocrx_word' id='word_1_800' title='bbox 2964 1542 3197 1614; x_wconf 86' lang='lat' dir='ltr'><strong>jucunda</strong></span> <span class='ocrx_word' id='word_1_801' title='bbox 3239 1537 3463 1599; x_wconf 77' lang='lat' dir='ltr'><strong>felicitas</strong></span> <span class='ocrx_word' id='word_1_802' title='bbox 3483 1586 3498 1609; x_wconf 93' lang='lat'><strong>,</strong></span> <span class='ocrx_word' id='word_1_803' title='bbox 3526 1556 3583 1601; x_wconf 87' lang='lat' dir='ltr'><strong>et</strong></span> 
     </span>
    </p>
   </div>
   <div class='ocr_carea' id='block_1_98' title="bbox 2002 1602 3583 1675">
    <p class='ocr_par' dir='ltr' id='par_1_98' title="bbox 2002 1602 3583 1675">
     <span class='ocr_line' id='line_1_100' title="bbox 2002 1602 3583 1675; baseline 0.011 -21"><span class='ocrx_word' id='word_1_804' title='bbox 2002 1602 2124 1675; x_wconf 78' lang='lat' dir='ltr'><strong>felix</strong></span> <span class='ocrx_word' id='word_1_805' title='bbox 2152 1602 2439 1670; x_wconf 72' lang='lat' dir='ltr'><strong>mteruitas,</strong></span> <span class='ocrx_word' id='word_1_806' title='bbox 2471 1615 2734 1664; x_wconf 69' lang='lat' dir='ltr'><strong>ctretcrna</strong></span> <span class='ocrx_word' id='word_1_807' title='bbox 2766 1602 3057 1675; x_wconf 74' lang='lat' dir='ltr'><strong>beatitudo,</strong></span> <span class='ocrx_word' id='word_1_808' title='bbox 3088 1623 3139 1665; x_wconf 89' lang='lat' dir='ltr'><strong>et</strong></span> <span class='ocrx_word' id='word_1_809' title='bbox 3162 1614 3313 1669; x_wconf 89' lang='lat' dir='ltr'><strong>beata</strong></span> <span class='ocrx_word' id='word_1_810' title='bbox 3346 1616 3419 1669; x_wconf 92' lang='lat' dir='ltr'><strong>tui</strong></span> <span class='ocrx_word' id='word_1_811' title='bbox 3448 1602 3583 1670; x_wconf 86' lang='lat' dir='ltr'><strong>visio</strong></span> 
     </span>
    </p>
   </div>
   <div class='ocr_carea' id='block_1_99' title="bbox 2001 1674 3195 1737">
    <p class='ocr_par' dir='ltr' id='par_1_99' title="bbox 2001 1674 3195 1737">
     <span class='ocr_line' id='line_1_101' title="bbox 2001 1674 3195 1737; baseline 0.005 -9"><span class='ocrx_word' id='word_1_812' title='bbox 2001 1680 2056 1728; x_wconf 86' lang='lat' dir='ltr'><strong>et</strong></span> <span class='ocrx_word' id='word_1_813' title='bbox 2085 1674 2312 1728; x_wconf 86' lang='lat' dir='ltr'><strong>laudatio</strong></span> <span class='ocrx_word' id='word_1_814' title='bbox 2343 1678 2393 1730; x_wconf 93' lang='lat' dir='ltr'><strong>in</strong></span> <span class='ocrx_word' id='word_1_815' title='bbox 2417 1680 2609 1733; x_wconf 75' lang='lat' dir='ltr'><strong>szccula</strong></span> <span class='ocrx_word' id='word_1_816' title='bbox 2636 1680 2975 1734; x_wconf 75' lang='lat' dir='ltr'><strong>smculorum.</strong></span> <span class='ocrx_word' id='word_1_817' title='bbox 3005 1683 3195 1737; x_wconf 81' lang='lat' dir='ltr'><strong>Amen.</strong></span> 
     </span>
    </p>
   </div>
   <div class='ocr_carea' id='block_1_100' title="bbox 2072 1742 3582 1825">
    <p class='ocr_par' dir='ltr' id='par_1_100' title="bbox 2072 1742 3582 1825">
     <span class='ocr_line' id='line_1_102' title="bbox 2072 1742 3582 1825; baseline 0.009 -28"><span class='ocrx_word' id='word_1_818' title='bbox 2072 1744 2153 1825; x_wconf 67' lang='lat' dir='ltr'><strong>(tt)</strong></span> <span class='ocrx_word' id='word_1_819' title='bbox 2178 1742 2385 1825; x_wconf 71' lang='lat' dir='ltr'><strong>Christe</strong></span> <span class='ocrx_word' id='word_1_820' title='bbox 2414 1749 2666 1815; x_wconf 89' lang='lat' dir='ltr'><strong>Domine,</strong></span> <span class='ocrx_word' id='word_1_821' title='bbox 2704 1752 2871 1805; x_wconf 91' lang='lat' dir='ltr'><strong>virtus</strong></span> <span class='ocrx_word' id='word_1_822' title='bbox 2896 1761 2949 1805; x_wconf 93' lang='lat' dir='ltr'><strong>et</strong></span> <span class='ocrx_word' id='word_1_823' title='bbox 2968 1754 3224 1821; x_wconf 89' lang='lat' dir='ltr'><strong>sapientia</strong></span> <span class='ocrx_word' id='word_1_824' title='bbox 3258 1754 3466 1820; x_wconf 88' lang='lat' dir='ltr'><strong>Patris,</strong></span> <span class='ocrx_word' id='word_1_825' title='bbox 3494 1758 3582 1823; x_wconf 89' lang='lat' dir='ltr'><strong>qtti</strong></span> 
     </span>
    </p>
   </div>
   <div class='ocr_carea' id='block_1_101' title="bbox 2001 1817 3587 1894">
    <p class='ocr_par' dir='ltr' id='par_1_101' title="bbox 2001 1817 3587 1894">
     <span class='ocr_line' id='line_1_103' title="bbox 2001 1817 3587 1894; baseline 0.011 -29"><span class='ocrx_word' id='word_1_826' title='bbox 2001 1817 2154 1881; x_wconf 90' lang='lat' dir='ltr'><strong>ponis</strong></span> <span class='ocrx_word' id='word_1_827' title='bbox 2202 1817 2394 1871; x_wconf 86' lang='lat' dir='ltr'><strong>nubem</strong></span> <span class='ocrx_word' id='word_1_828' title='bbox 2439 1834 2716 1894; x_wconf 85' lang='lat' dir='ltr'><strong>ascensum</strong></span> <span class='ocrx_word' id='word_1_829' title='bbox 2757 1829 2954 1894; x_wconf 79' lang='lat' dir='ltr'><strong>tuum,</strong></span> <span class='ocrx_word' id='word_1_830' title='bbox 3007 1817 3095 1891; x_wconf 84' lang='lat' dir='ltr'><strong>qui</strong></span> <span class='ocrx_word' id='word_1_831' title='bbox 3137 1825 3381 1879; x_wconf 88' lang='lat' dir='ltr'><strong>ambulas</strong></span> <span class='ocrx_word' id='word_1_832' title='bbox 3425 1817 3587 1894; x_wconf 75' lang='lat' dir='ltr'><strong>super</strong></span> 
     </span>
    </p>
   </div>
   <div class='ocr_carea' id='block_1_102' title="bbox 2003 1891 3581 1964">
    <p class='ocr_par' dir='ltr' id='par_1_102' title="bbox 2003 1891 3581 1964">
     <span class='ocr_line' id='line_1_104' title="bbox 2003 1891 3581 1964; baseline 0.009 -29"><span class='ocrx_word' id='word_1_833' title='bbox 2003 1898 2209 1964; x_wconf 74' lang='lat' dir='ltr'><strong>pennas</strong></span> <span class='ocrx_word' id='word_1_834' title='bbox 2248 1898 2567 1964; x_wconf 75' lang='lat' dir='ltr'><strong>ventorum,</strong></span> <span class='ocrx_word' id='word_1_835' title='bbox 2617 1892 2705 1960; x_wconf 91' lang='lat' dir='ltr'><strong>qui</strong></span> <span class='ocrx_word' id='word_1_836' title='bbox 2749 1891 2879 1945; x_wconf 78' lang='lat' dir='ltr'><strong>facis</strong></span> <span class='ocrx_word' id='word_1_837' title='bbox 2923 1894 3141 1964; x_wconf 80' lang='lat' dir='ltr'><strong>angelos</strong></span> <span class='ocrx_word' id='word_1_838' title='bbox 3182 1904 3300 1949; x_wconf 89' lang='lat' dir='ltr'><strong>tuos</strong></span> <span class='ocrx_word' id='word_1_839' title='bbox 3341 1891 3581 1964; x_wconf 80' lang='lat' dir='ltr'><strong>spiritus,</strong></span> 
     </span>
    </p>
   </div>
   <div class='ocr_carea' id='block_1_103' title="bbox 2001 1956 3583 2036">
    <p class='ocr_par' dir='ltr' id='par_1_103' title="bbox 2001 1956 3583 2036">
     <span class='ocr_line' id='line_1_105' title="bbox 2001 1956 3583 2036; baseline 0.006 -28"><span class='ocrx_word' id='word_1_840' title='bbox 2001 1956 2353 2036; x_wconf 49' lang='lat' dir='ltr'><strong>etministros</strong></span> <span class='ocrx_word' id='word_1_841' title='bbox 2397 1967 2516 2036; x_wconf 81' lang='lat' dir='ltr'><strong>tuos</strong></span> <span class='ocrx_word' id='word_1_842' title='bbox 2552 1956 2731 2031; x_wconf 78' lang='lat' dir='ltr'><strong>ignem</strong></span> <span class='ocrx_word' id='word_1_843' title='bbox 2761 1956 3046 2028; x_wconf 63' lang='lat' dir='ltr'><strong>urentem&#39;,</strong></span> <span class='ocrx_word' id='word_1_844' title='bbox 3077 1963 3342 2036; x_wconf 80' lang='lat' dir='ltr'><strong>obsecro;</strong></span> <span class='ocrx_word' id='word_1_845' title='bbox 3372 1956 3429 2020; x_wconf 79' lang='lat' dir='ltr'><strong>et</strong></span> <span class='ocrx_word' id='word_1_846' title='bbox 3454 1956 3583 2035; x_wconf 50' lang='lat' dir='ltr'><strong>sup;</strong></span> 
     </span>
    </p>
   </div>
   <div class='ocr_carea' id='block_1_104' title="bbox 2002 2024 3581 2100">
    <p class='ocr_par' dir='ltr' id='par_1_104' title="bbox 2002 2024 3581 2100">
     <span class='ocr_line' id='line_1_106' title="bbox 2002 2024 3581 2100; baseline 0.009 -23"><span class='ocrx_word' id='word_1_847' title='bbox 2002 2024 2211 2100; x_wconf 75' lang='lat' dir='ltr'><strong>pliciter</strong></span> <span class='ocrx_word' id='word_1_848' title='bbox 2237 2042 2367 2097; x_wconf 81' lang='lat' dir='ltr'><strong>rogo</strong></span> <span class='ocrx_word' id='word_1_849' title='bbox 2386 2070 2402 2094; x_wconf 87' lang='lat'><strong>,</strong></span> <span class='ocrx_word' id='word_1_850' title='bbox 2452 2029 2516 2085; x_wconf 89' lang='lat' dir='ltr'><strong>da</strong></span> <span class='ocrx_word' id='word_1_851' title='bbox 2553 2024 2815 2100; x_wconf 63' lang='lat' dir='ltr'><strong>praepetes</strong></span> <span class='ocrx_word' id='word_1_852' title='bbox 2843 2024 3043 2100; x_wconf 79' lang='lat' dir='ltr'><strong>pennas</strong></span> <span class='ocrx_word' id='word_1_853' title='bbox 3068 2024 3193 2088; x_wconf 85' lang='lat' dir='ltr'><strong>ﬁdei</strong></span> <span class='ocrx_word' id='word_1_854' title='bbox 3216 2076 3230 2099; x_wconf 93' lang='lat'><strong>,</strong></span> <span class='ocrx_word' id='word_1_855' title='bbox 3280 2024 3347 2088; x_wconf 84' lang='lat' dir='ltr'><strong>da</strong></span> <span class='ocrx_word' id='word_1_856' title='bbox 3376 2024 3581 2092; x_wconf 65' lang='lat' dir='ltr'><strong>celerI-s</strong></span> 
     </span>
    </p>
   </div>
   <div class='ocr_carea' id='block_1_105' title="bbox 2000 2096 3582 2171">
    <p class='ocr_par' dir='ltr' id='par_1_105' title="bbox 2000 2096 3582 2171">
     <span class='ocr_line' id='line_1_107' title="bbox 2000 2096 3582 2171; baseline 0.008 -23"><span class='ocrx_word' id='word_1_857' title='bbox 2000 2096 2112 2171; x_wconf 80' lang='lat' dir='ltr'><strong>alas</strong></span> <span class='ocrx_word' id='word_1_858' title='bbox 2160 2096 2440 2165; x_wconf 90' lang='lat' dir='ltr'><strong>virtutum,</strong></span> <span class='ocrx_word' id='word_1_859' title='bbox 2493 2096 2684 2171; x_wconf 79' lang='lat' dir='ltr'><strong>quibus</strong></span> <span class='ocrx_word' id='word_1_860' title='bbox 2733 2096 2952 2157; x_wconf 82' lang='lat' dir='ltr'><strong>evectus</strong></span> <span class='ocrx_word' id='word_1_861' title='bbox 2996 2096 3296 2159; x_wconf 35' lang='lat' dir='ltr'><strong>reterna—et</strong></span> <span class='ocrx_word' id='word_1_862' title='bbox 3342 2106 3582 2160; x_wconf 71' lang='lat' dir='ltr'><strong>cmlestia</strong></span> 
     </span>
    </p>
   </div>
   <div class='ocr_carea' id='block_1_106' title="bbox 2001 2166 3581 2243">
    <p class='ocr_par' dir='ltr' id='par_1_106' title="bbox 2001 2166 3581 2243">
     <span class='ocr_line' id='line_1_108' title="bbox 2001 2166 3581 2243; baseline 0.008 -25"><span class='ocrx_word' id='word_1_863' title='bbox 2001 2166 2203 2221; x_wconf 84' lang='lat' dir='ltr'><strong>valeam</strong></span> <span class='ocrx_word' id='word_1_864' title='bbox 2234 2166 2601 2243; x_wconf 72' lang='lat' dir='ltr'><strong>contemplari.</strong></span> <span class='ocrx_word' id='word_1_865' title='bbox 2650 2171 2933 2227; x_wconf 68' lang='lat' dir='ltr'><strong>Adhcereat</strong></span> <span class='ocrx_word' id='word_1_866' title='bbox 2953 2215 2968 2237; x_wconf 96' lang='lat'><strong>,</strong></span> <span class='ocrx_word' id='word_1_867' title='bbox 2998 2189 3181 2243; x_wconf 81' lang='lat' dir='ltr'><strong>qu:cso</strong></span> <span class='ocrx_word' id='word_1_868' title='bbox 3200 2215 3214 2237; x_wconf 97' lang='lat'><strong>,</strong></span> <span class='ocrx_word' id='word_1_869' title='bbox 3256 2176 3432 2228; x_wconf 90' lang='lat' dir='ltr'><strong>anima</strong></span> <span class='ocrx_word' id='word_1_870' title='bbox 3463 2191 3581 2230; x_wconf 87' lang='lat' dir='ltr'><strong>mea</strong></span> 
     </span>
    </p>
   </div>
   <div class='ocr_carea' id='block_1_107' title="bbox 2002 2241 3580 2309">
    <p class='ocr_par' dir='ltr' id='par_1_107' title="bbox 2002 2241 3580 2309">
     <span class='ocr_line' id='line_1_109' title="bbox 2002 2241 3580 2309; baseline 0.008 -20"><span class='ocrx_word' id='word_1_871' title='bbox 2002 2247 2121 2304; x_wconf 87' lang='lat' dir='ltr'><strong>post</strong></span> <span class='ocrx_word' id='word_1_872' title='bbox 2152 2246 2237 2309; x_wconf 91' lang='lat' dir='ltr'><strong>te,</strong></span> <span class='ocrx_word' id='word_1_873' title='bbox 2282 2248 2334 2292; x_wconf 93' lang='lat' dir='ltr'><strong>et</strong></span> <span class='ocrx_word' id='word_1_874' title='bbox 2372 2241 2628 2309; x_wconf 85' lang='lat' dir='ltr'><strong>suscipiat</strong></span> <span class='ocrx_word' id='word_1_875' title='bbox 2654 2258 2739 2296; x_wconf 90' lang='lat' dir='ltr'><strong>me</strong></span> <span class='ocrx_word' id='word_1_876' title='bbox 2777 2243 2992 2297; x_wconf 75' lang='lat' dir='ltr'><strong>dextera</strong></span> <span class='ocrx_word' id='word_1_877' title='bbox 3020 2241 3147 2297; x_wconf 86' lang='lat' dir='ltr'><strong>tua.</strong></span> <span class='ocrx_word' id='word_1_878' title='bbox 3204 2244 3461 2300; x_wconf 86' lang='lat' dir='ltr'><strong>Snstollat</strong></span> <span class='ocrx_word' id='word_1_879' title='bbox 3492 2262 3580 2301; x_wconf 88' lang='lat' dir='ltr'><strong>me</strong></span> 
     </span>
    </p>
   </div>
   <div class='ocr_carea' id='block_1_108' title="bbox 2001 2308 3587 2377">
    <p class='ocr_par' dir='ltr' id='par_1_108' title="bbox 2001 2308 3587 2377">
     <span class='ocr_line' id='line_1_110' title="bbox 2001 2308 3587 2377; baseline 0.007 -18"><span class='ocrx_word' id='word_1_880' title='bbox 2001 2321 2165 2377; x_wconf 85' lang='lat' dir='ltr'><strong>super</strong></span> <span class='ocrx_word' id='word_1_881' title='bbox 2190 2308 2464 2364; x_wconf 90' lang='lat' dir='ltr'><strong>altitudine</strong></span> <span class='ocrx_word' id='word_1_882' title='bbox 2495 2320 2651 2366; x_wconf 79' lang='lat' dir='ltr'><strong>terra:</strong></span> <span class='ocrx_word' id='word_1_883' title='bbox 2674 2352 2690 2377; x_wconf 97' lang='lat'><strong>,</strong></span> <span class='ocrx_word' id='word_1_884' title='bbox 2724 2322 2778 2367; x_wconf 92' lang='lat' dir='ltr'><strong>et</strong></span> <span class='ocrx_word' id='word_1_885' title='bbox 2816 2313 2958 2366; x_wconf 87' lang='lat' dir='ltr'><strong>cibet</strong></span> <span class='ocrx_word' id='word_1_886' title='bbox 2987 2328 3072 2368; x_wconf 91' lang='lat' dir='ltr'><strong>me</strong></span> <span class='ocrx_word' id='word_1_887' title='bbox 3103 2315 3189 2368; x_wconf 89' lang='lat' dir='ltr'><strong>illa</strong></span> <span class='ocrx_word' id='word_1_888' title='bbox 3229 2316 3431 2370; x_wconf 71' lang='lat' dir='ltr'><strong>emlcsti</strong></span> <span class='ocrx_word' id='word_1_889' title='bbox 3474 2317 3587 2370; x_wconf 74' lang='lat' dir='ltr'><strong>b.13-</strong></span> 
     </span>
    </p>
   </div>
   <div class='ocr_carea' id='block_1_109' title="bbox 2002 2375 3584 2451">
    <p class='ocr_par' dir='ltr' id='par_1_109' title="bbox 2002 2375 3584 2451">
     <span class='ocr_line' id='line_1_111' title="bbox 2002 2375 3584 2451; baseline 0.006 -23"><span class='ocrx_word' id='word_1_890' title='bbox 2002 2375 2227 2451; x_wconf 76' lang='lat' dir='ltr'><strong>t_&#39;_editate</strong></span> <span class='ocrx_word' id='word_1_891' title='bbox 2250 2419 2265 2443; x_wconf 95' lang='lat'><strong>,</strong></span> <span class='ocrx_word' id='word_1_892' title='bbox 2295 2380 2379 2432; x_wconf 92' lang='lat' dir='ltr'><strong>cui</strong></span> <span class='ocrx_word' id='word_1_893' title='bbox 2403 2384 2631 2451; x_wconf 81' lang='lat' dir='ltr'><strong>suSpirat</strong></span> <span class='ocrx_word' id='word_1_894' title='bbox 2660 2375 3015 2450; x_wconf 76' lang='lat' dir='ltr'><strong>peregrinatio</strong></span> <span class='ocrx_word' id='word_1_895' title='bbox 3048 2398 3165 2436; x_wconf 89' lang='lat' dir='ltr'><strong>mea</strong></span> <span class='ocrx_word' id='word_1_896' title='bbox 3194 2383 3281 2438; x_wconf 88' lang='lat' dir='ltr'><strong>die</strong></span> <span class='ocrx_word' id='word_1_897' title='bbox 3307 2399 3368 2438; x_wconf 91' lang='lat' dir='ltr'><strong>ac</strong></span> <span class='ocrx_word' id='word_1_898' title='bbox 3405 2396 3584 2439; x_wconf 81' lang='lat' dir='ltr'><strong>nocte.</strong></span> 
     </span>
    </p>
   </div>
   <div class='ocr_carea' id='block_1_110' title="bbox 2003 2444 3579 2571">
    <p class='ocr_par' dir='ltr' id='par_1_110' title="bbox 2003 2444 3579 2571">
     <span class='ocr_line' id='line_1_112' title="bbox 2003 2444 3579 2571; baseline 0.006 -71"><span class='ocrx_word' id='word_1_899' title='bbox 2291 2444 2605 2505; x_wconf 77' lang='lat' dir='ltr'><strong>moribunda</strong></span> <span class='ocrx_word' id='word_1_900' title='bbox 2660 2444 2899 2507; x_wconf 78' lang='lat' dir='ltr'><strong>membra</strong></span> <span class='ocrx_word' id='word_1_901' title='bbox 2945 2454 3182 2523; x_wconf 87' lang='lat' dir='ltr'><strong>vigorem</strong></span> <span class='ocrx_word' id='word_1_902' title='bbox 3232 2455 3424 2510; x_wconf 78' lang='lat' dir='ltr'><strong>anima:</strong></span> <span class='ocrx_word' id='word_1_903' title='bbox 3483 2457 3579 2510; x_wconf 90' lang='lat' dir='ltr'><strong>be-</strong></span> 
     </span>
    </p>
   </div>
   <div class='ocr_carea' id='block_1_111' title="bbox 2128 2630 3347 2703">
    <p class='ocr_par' dir='ltr' id='par_1_111' title="bbox 2128 2630 3347 2703">
     <span class='ocr_line' id='line_1_113' title="bbox 2128 2630 3347 2703; baseline 0.006 -23"><span class='ocrx_word' id='word_1_904' title='bbox 2128 2630 2209 2703; x_wconf 63' lang='grc' dir='ltr'><strong>(ζι)</strong></span> <span class='ocrx_word' id='word_1_905' title='bbox 2228 2632 2403 2693; x_wconf 85' lang='lat' dir='ltr'><strong>Disjiee</strong></span> <span class='ocrx_word' id='word_1_906' title='bbox 2425 2640 2638 2685; x_wconf 72' lang='lat' dir='ltr'><strong>terrena:</strong></span> <span class='ocrx_word' id='word_1_907' title='bbox 2655 2634 2861 2703; x_wconf 80' lang='lat' dir='ltr'><strong>nebulas</strong></span> <span class='ocrx_word' id='word_1_908' title='bbox 2883 2643 2935 2703; x_wconf 82' lang='lat' dir='ltr'><strong>et</strong></span> <span class='ocrx_word' id='word_1_909' title='bbox 2954 2637 3165 2703; x_wconf 80' lang='lat' dir='ltr'><strong>pondera</strong></span> <span class='ocrx_word' id='word_1_910' title='bbox 3189 2636 3347 2688; x_wconf 85' lang='lat' dir='ltr'><strong>molis.</strong></span> 
     </span>
    </p>
   </div>
   <div class='ocr_carea' id='block_1_112' title="bbox 2126 2698 3397 2771">
    <p class='ocr_par' dir='ltr' id='par_1_112' title="bbox 2126 2698 3397 2771">
     <span class='ocr_line' id='line_1_114' title="bbox 2126 2698 3397 2771; baseline 0.004 -28"><span class='ocrx_word' id='word_1_911' title='bbox 2126 2698 2666 2771; x_wconf 46' lang='lat' dir='ltr'><strong>§istlevagzlnnmentent</strong></span> <span class='ocrx_word' id='word_1_912' title='bbox 2691 2712 2779 2771; x_wconf 82' lang='lat' dir='ltr'><strong>per</strong></span> <span class='ocrx_word' id='word_1_913' title='bbox 2793 2699 2938 2747; x_wconf 86' lang='lat' dir='ltr'><strong>devia</strong></span> <span class='ocrx_word' id='word_1_914' title='bbox 2960 2698 3111 2771; x_wconf 72' lang='lat' dir='ltr'><strong>multa</strong></span> <span class='ocrx_word' id='word_1_915' title='bbox 3136 2709 3397 2771; x_wconf 78' lang='lat' dir='ltr'><strong>ruentem,</strong></span> 
     </span>
    </p>
   </div>
   <div class='ocr_carea' id='block_1_113' title="bbox 2125 2755 3293 2821">
    <p class='ocr_par' dir='ltr' id='par_1_113' title="bbox 2125 2755 3293 2821">
     <span class='ocr_line' id='line_1_115' title="bbox 2125 2755 3293 2821; baseline 0.005 -19"><span class='ocrx_word' id='word_1_916' title='bbox 2125 2760 2177 2804; x_wconf 75' lang='lat' dir='ltr'><strong>Et</strong></span> <span class='ocrx_word' id='word_1_917' title='bbox 2197 2755 2258 2804; x_wconf 84' lang='lat' dir='ltr'><strong>da</strong></span> <span class='ocrx_word' id='word_1_918' title='bbox 2278 2755 2531 2808; x_wconf 60' lang='lat' dir='ltr'><strong>«uestem</strong></span> <span class='ocrx_word' id='word_1_919' title='bbox 2557 2755 2709 2809; x_wconf 85' lang='lat' dir='ltr'><strong>menti</strong></span> <span class='ocrx_word' id='word_1_920' title='bbox 2732 2760 3063 2809; x_wconf 73' lang='lat' dir='ltr'><strong>wnsceudere</strong></span> <span class='ocrx_word' id='word_1_921' title='bbox 3088 2761 3293 2821; x_wconf 76' lang='lat' dir='ltr'><strong>sedem;</strong></span> 
     </span>
    </p>
   </div>
   <div class='ocr_carea' id='block_1_114' title="bbox 2005 2860 3585 2935">
    <p class='ocr_par' dir='ltr' id='par_1_114' title="bbox 2005 2860 3585 2935">
     <span class='ocr_line' id='line_1_116' title="bbox 2005 2860 3585 2935; baseline 0.004 -25"><span class='ocrx_word' id='word_1_922' title='bbox 2005 2865 2061 2935; x_wconf 77' lang='lat' dir='ltr'><strong>ut</strong></span> <span class='ocrx_word' id='word_1_923' title='bbox 2089 2872 2321 2935; x_wconf 74' lang='lat' dir='ltr'><strong>superno</strong></span> <span class='ocrx_word' id='word_1_924' title='bbox 2357 2860 2554 2915; x_wconf 90' lang='lat' dir='ltr'><strong>lumine</strong></span> <span class='ocrx_word' id='word_1_925' title='bbox 2600 2861 2881 2935; x_wconf 82' lang='lat' dir='ltr'><strong>irradiata_,</strong></span> <span class='ocrx_word' id='word_1_926' title='bbox 2931 2873 3124 2917; x_wconf 89' lang='lat' dir='ltr'><strong>terram</strong></span> <span class='ocrx_word' id='word_1_927' title='bbox 3159 2864 3445 2935; x_wconf 81' lang='lat' dir='ltr'><strong>despiciat,</strong></span> <span class='ocrx_word' id='word_1_928' title='bbox 3474 2879 3585 2917; x_wconf 81' lang='lat' dir='ltr'><strong>rm-</strong></span> 
     </span>
    </p>
   </div>
   <div class='ocr_carea' id='block_1_115' title="bbox 2005 2928 3577 3015">
    <p class='ocr_par' dir='ltr' id='par_1_115' title="bbox 2005 2928 3577 3015">
     <span class='ocr_line' id='line_1_117' title="bbox 2005 2928 3577 3015; baseline 0.004 -33"><span class='ocrx_word' id='word_1_929' title='bbox 2005 2928 2117 3015; x_wconf 83' lang='lat' dir='ltr'><strong>lum</strong></span> <span class='ocrx_word' id='word_1_930' title='bbox 2134 2930 2377 3015; x_wconf 70' lang='lat' dir='ltr'><strong>a~pi_ei_at,</strong></span> <span class='ocrx_word' id='word_1_931' title='bbox 2405 2933 2785 3015; x_wconf 58' lang='lat' dir='ltr'><strong>peceataodiat</strong></span> <span class='ocrx_word' id='word_1_932' title='bbox 2805 2933 2865 3015; x_wconf 48' lang='grc' dir='ltr'><strong>ᾖ]</strong></span> <span class='ocrx_word' id='word_1_933' title='bbox 2888 2976 2901 2997; x_wconf 85' lang='grc'><em>,</em></span> <span class='ocrx_word' id='word_1_934' title='bbox 2928 2935 3185 3015; x_wconf 82' lang='lat' dir='ltr'><strong>justitiam</strong></span> <span class='ocrx_word' id='word_1_935' title='bbox 3214 2928 3414 3015; x_wconf 80' lang='lat' dir='ltr'><strong>diligat.</strong></span> <span class='ocrx_word' id='word_1_936' title='bbox 3435 2928 3577 3015; x_wconf 70' lang='lat' dir='ltr'><strong>Quid</strong></span> 
     </span>
    </p>
   </div>
   <div class='ocr_carea' id='block_1_116' title="bbox 2004 2999 3587 3071">
    <p class='ocr_par' dir='ltr' id='par_1_116' title="bbox 2004 2999 3587 3071">
     <span class='ocr_line' id='line_1_118' title="bbox 2004 2999 3587 3071; baseline 0.006 -22"><span class='ocrx_word' id='word_1_937' title='bbox 2004 2999 2145 3071; x_wconf 80' lang='lat' dir='ltr'><strong>enim</strong></span> <span class='ocrx_word' id='word_1_938' title='bbox 2179 2999 2447 3067; x_wconf 86' lang='lat' dir='ltr'><strong>pulchrius</strong></span> <span class='ocrx_word' id='word_1_939' title='bbox 2467 3042 2481 3065; x_wconf 94' lang='lat'><strong>,</strong></span> <span class='ocrx_word' id='word_1_940' title='bbox 2510 3002 2704 3069; x_wconf 81' lang='lat' dir='ltr'><strong>quidve</strong></span> <span class='ocrx_word' id='word_1_941' title='bbox 2729 2999 2955 3067; x_wconf 56' lang='lat' dir='ltr'><strong>dulcius,</strong></span> <span class='ocrx_word' id='word_1_942' title='bbox 2979 3019 3136 3071; x_wconf 88' lang='lat' dir='ltr'><strong>quam</strong></span> <span class='ocrx_word' id='word_1_943' title='bbox 3166 2999 3587 3059; x_wconf 50' lang='lat' dir='ltr'><strong>inter—tenebras</strong></span> 
     </span>
    </p>
   </div>
   <div class='ocr_carea' id='block_1_117' title="bbox 2005 3067 3581 3140">
    <p class='ocr_par' dir='ltr' id='par_1_117' title="bbox 2005 3067 3581 3140">
     <span class='ocr_line' id='line_1_119' title="bbox 2005 3067 3581 3140; baseline 0.004 -19"><span class='ocrx_word' id='word_1_944' title='bbox 2005 3067 2162 3140; x_wconf 81' lang='lat' dir='ltr'><strong>hujus</strong></span> <span class='ocrx_word' id='word_1_945' title='bbox 2193 3071 2311 3123; x_wconf 67' lang='lat' dir='ltr'><strong>vitm</strong></span> <span class='ocrx_word' id='word_1_946' title='bbox 2332 3067 2630 3140; x_wconf 85' lang='lat' dir='ltr'><strong>multasque</strong></span> <span class='ocrx_word' id='word_1_947' title='bbox 2658 3067 3054 3133; x_wconf 83' lang='lat' dir='ltr'><strong>amaritudines,</strong></span> <span class='ocrx_word' id='word_1_948' title='bbox 3094 3073 3286 3127; x_wconf 74' lang='lat' dir='ltr'><strong>divina:</strong></span> <span class='ocrx_word' id='word_1_949' title='bbox 3313 3074 3581 3127; x_wconf 87' lang='lat' dir='ltr'><strong>dulcedini</strong></span> 
     </span>
    </p>
   </div>
   <div class='ocr_carea' id='block_1_118' title="bbox 2006 3138 3582 3213">
    <p class='ocr_par' dir='ltr' id='par_1_118' title="bbox 2006 3138 3582 3213">
     <span class='ocr_line' id='line_1_120' title="bbox 2006 3138 3582 3213; baseline 0.004 -21"><span class='ocrx_word' id='word_1_950' title='bbox 2006 3138 2229 3205; x_wconf 89' lang='lat' dir='ltr'><strong>inhiare,</strong></span> <span class='ocrx_word' id='word_1_951' title='bbox 2243 3148 2296 3194; x_wconf 92' lang='lat' dir='ltr'><strong>et</strong></span> <span class='ocrx_word' id='word_1_952' title='bbox 2314 3150 2527 3213; x_wconf 59' lang='lat' dir='ltr'><strong>atteram</strong></span> <span class='ocrx_word' id='word_1_953' title='bbox 2543 3138 2847 3213; x_wconf 80' lang='lat' dir='ltr'><strong>beatitudini</strong></span> <span class='ocrx_word' id='word_1_954' title='bbox 2869 3142 3157 3212; x_wconf 88' lang='lat' dir='ltr'><strong>suspirare,</strong></span> <span class='ocrx_word' id='word_1_955' title='bbox 3183 3143 3393 3213; x_wconf 91' lang='lat' dir='ltr'><strong>illicquc</strong></span> <span class='ocrx_word' id='word_1_956' title='bbox 3411 3145 3582 3199; x_wconf 89' lang='lat' dir='ltr'><strong>teneri</strong></span> 
     </span>
    </p>
   </div>
   <div class='ocr_carea' id='block_1_119' title="bbox 2005 3210 3486 3281">
    <p class='ocr_par' dir='ltr' id='par_1_119' title="bbox 2005 3210 3486 3281">
     <span class='ocr_line' id='line_1_121' title="bbox 2005 3210 3486 3281; baseline 0.003 -18"><span class='ocrx_word' id='word_1_957' title='bbox 2005 3217 2262 3281; x_wconf 79' lang='lat' dir='ltr'><strong>mentem,</strong></span> <span class='ocrx_word' id='word_1_958' title='bbox 2288 3210 2377 3281; x_wconf 87' lang='lat' dir='ltr'><strong>ubi</strong></span> <span class='ocrx_word' id='word_1_959' title='bbox 2409 3226 2531 3265; x_wconf 88' lang='lat' dir='ltr'><strong>vera</strong></span> <span class='ocrx_word' id='word_1_960' title='bbox 2559 3210 2741 3266; x_wconf 89' lang='lat' dir='ltr'><strong>haberi</strong></span> <span class='ocrx_word' id='word_1_961' title='bbox 2772 3210 3344 3281; x_wconf 38' lang='lat' dir='ltr'><strong>gaudia—certissimum</strong></span> <span class='ocrx_word' id='word_1_962' title='bbox 3367 3214 3486 3268; x_wconf 82' lang='lat' dir='ltr'><strong>est?</strong></span> 
     </span>
    </p>
   </div>
   <div class='ocr_carea' id='block_1_120' title="bbox 2080 3278 3584 3351">
    <p class='ocr_par' dir='ltr' id='par_1_120' title="bbox 2080 3278 3584 3351">
     <span class='ocr_line' id='line_1_122' title="bbox 2080 3278 3584 3351; baseline 0.003 -20"><span class='ocrx_word' id='word_1_963' title='bbox 2080 3278 2409 3351; x_wconf 79' lang='lat' dir='ltr'><strong>Dulcissime,</strong></span> <span class='ocrx_word' id='word_1_964' title='bbox 2431 3278 2826 3351; x_wconf 82' lang='lat' dir='ltr'><strong>benignissime,</strong></span> <span class='ocrx_word' id='word_1_965' title='bbox 2850 3283 3232 3347; x_wconf 86' lang='lat' dir='ltr'><strong>amantissime,</strong></span> <span class='ocrx_word' id='word_1_966' title='bbox 3249 3283 3584 3349; x_wconf 71' lang='lat' dir='ltr'><strong>charissima,</strong></span> 
     </span>
    </p>
   </div>
   <div class='ocr_carea' id='block_1_121' title="bbox 2006 3350 3588 3423">
    <p class='ocr_par' dir='ltr' id='par_1_121' title="bbox 2006 3350 3588 3423">
     <span class='ocr_line' id='line_1_123' title="bbox 2006 3350 3588 3423; baseline 0.003 -20"><span class='ocrx_word' id='word_1_967' title='bbox 2006 3350 2391 3423; x_wconf 79' lang='lat' dir='ltr'><strong>pretiosissime</strong></span> <span class='ocrx_word' id='word_1_968' title='bbox 2411 3393 2425 3416; x_wconf 98' lang='lat'><strong>,</strong></span> <span class='ocrx_word' id='word_1_969' title='bbox 2457 3350 2978 3423; x_wconf 83' lang='lat' dir='ltr'><strong>desiderantissime,</strong></span> <span class='ocrx_word' id='word_1_970' title='bbox 3022 3354 3436 3418; x_wconf 87' lang='lat' dir='ltr'><strong>amabilissime,</strong></span> <span class='ocrx_word' id='word_1_971' title='bbox 3469 3355 3588 3423; x_wconf 87' lang='lat' dir='ltr'><strong>pul-</strong></span> 
     </span>
    </p>
   </div>
   <div class='ocr_carea' id='block_1_122' title="bbox 2005 3420 3587 3491">
    <p class='ocr_par' dir='ltr' id='par_1_122' title="bbox 2005 3420 3587 3491">
     <span class='ocr_line' id='line_1_124' title="bbox 2005 3420 3587 3491; baseline 0.003 -19"><span class='ocrx_word' id='word_1_972' title='bbox 2005 3420 2269 3491; x_wconf 79' lang='lat' dir='ltr'><strong>cherrime</strong></span> <span class='ocrx_word' id='word_1_973' title='bbox 2292 3460 2308 3483; x_wconf 97' lang='lat'><strong>,</strong></span> <span class='ocrx_word' id='word_1_974' title='bbox 2359 3422 2570 3489; x_wconf 86' lang='lat' dir='ltr'><strong>quando</strong></span> <span class='ocrx_word' id='word_1_975' title='bbox 2595 3433 2645 3477; x_wconf 89' lang='lat' dir='ltr'><strong>te</strong></span> <span class='ocrx_word' id='word_1_976' title='bbox 2668 3423 2900 3476; x_wconf 82' lang='lat' dir='ltr'><strong>videbo?</strong></span> <span class='ocrx_word' id='word_1_977' title='bbox 2930 3423 3142 3491; x_wconf 88' lang='lat' dir='ltr'><strong>quando</strong></span> <span class='ocrx_word' id='word_1_978' title='bbox 3165 3424 3433 3491; x_wconf 89' lang='lat' dir='ltr'><strong>apparebo</strong></span> <span class='ocrx_word' id='word_1_979' title='bbox 3462 3420 3587 3478; x_wconf 81' lang='lat' dir='ltr'><strong>ante</strong></span> 
     </span>
    </p>
   </div>
   <div class='ocr_carea' id='block_1_123' title="bbox 2007 3488 3585 3561">
    <p class='ocr_par' dir='ltr' id='par_1_123' title="bbox 2007 3488 3585 3561">
     <span class='ocr_line' id='line_1_125' title="bbox 2007 3488 3585 3561; baseline 0.003 -17"><span class='ocrx_word' id='word_1_980' title='bbox 2007 3488 2194 3561; x_wconf 78' lang='lat' dir='ltr'><strong>faciem</strong></span> <span class='ocrx_word' id='word_1_981' title='bbox 2236 3493 2412 3561; x_wconf 86' lang='lat' dir='ltr'><strong>tuam?</strong></span> <span class='ocrx_word' id='word_1_982' title='bbox 2448 3492 2659 3561; x_wconf 89' lang='lat' dir='ltr'><strong>quando</strong></span> <span class='ocrx_word' id='word_1_983' title='bbox 2682 3494 2913 3546; x_wconf 86' lang='lat' dir='ltr'><strong>satiahor</strong></span> <span class='ocrx_word' id='word_1_984' title='bbox 2936 3488 3003 3547; x_wconf 85' lang='lat' dir='ltr'><strong>tle</strong></span> <span class='ocrx_word' id='word_1_985' title='bbox 3031 3488 3421 3561; x_wconf 84' lang='lat' dir='ltr'><strong>pulchritudine</strong></span> <span class='ocrx_word' id='word_1_986' title='bbox 3457 3495 3585 3548; x_wconf 83' lang='lat' dir='ltr'><strong>tua?</strong></span> 
     </span>
    </p>
   </div>
   <div class='ocr_carea' id='block_1_124' title="bbox 2007 3560 3587 3684">
    <p class='ocr_par' dir='ltr' id='par_1_124' title="bbox 2007 3560 3587 3684">
     <span class='ocr_line' id='line_1_126' title="bbox 2007 3560 3587 3684; baseline 0.004 -74"><span class='ocrx_word' id='word_1_987' title='bbox 2007 3560 2217 3684; x_wconf 51' lang='lat' dir='ltr'><strong>quando</strong></span> <span class='ocrx_word' id='word_1_988' title='bbox 2242 3560 2438 3616; x_wconf 88' lang='lat' dir='ltr'><strong>educes</strong></span> <span class='ocrx_word' id='word_1_989' title='bbox 2468 3560 2552 3616; x_wconf 85' lang='lat' dir='ltr'><strong>inc</strong></span> <span class='ocrx_word' id='word_1_990' title='bbox 2580 3562 2647 3617; x_wconf 91' lang='lat' dir='ltr'><strong>de</strong></span> <span class='ocrx_word' id='word_1_991' title='bbox 2672 3563 2771 3616; x_wconf 91' lang='lat' dir='ltr'><strong>hoc</strong></span> <span class='ocrx_word' id='word_1_992' title='bbox 2790 3577 3002 3617; x_wconf 91' lang='lat' dir='ltr'><strong>carcere</strong></span> <span class='ocrx_word' id='word_1_993' title='bbox 3029 3560 3311 3617; x_wconf 85' lang='lat' dir='ltr'><strong>tenebroso</strong></span> <span class='ocrx_word' id='word_1_994' title='bbox 3332 3604 3348 3629; x_wconf 96' lang='lat'><strong>,</strong></span> <span class='ocrx_word' id='word_1_995' title='bbox 3380 3573 3437 3617; x_wconf 90' lang='grc' dir='ltr'><strong>ιιι</strong></span> <span class='ocrx_word' id='word_1_996' title='bbox 3454 3579 3587 3617; x_wconf 85' lang='lat' dir='ltr'><strong>con-</strong></span> 
     </span>
     <span class='ocr_line' id='line_1_127' title="bbox 2051 3633 3586 3684; baseline 0.001 -1"><span class='ocrx_word' id='word_1_997' title='bbox 2051 3641 2162 3684; x_wconf 89' lang='lat' dir='ltr'><strong>tear</strong></span> <span class='ocrx_word' id='word_1_998' title='bbox 2191 3633 2389 3684; x_wconf 88' lang='lat' dir='ltr'><strong>nomini</strong></span> <span class='ocrx_word' id='word_1_999' title='bbox 2434 3640 2523 3684; x_wconf 92' lang='lat' dir='ltr'><strong>tuo</strong></span> <span class='ocrx_word' id='word_1_1000' title='bbox 2546 3673 2560 3684; x_wconf 89' lang='lat'><strong>.</strong></span> <span class='ocrx_word' id='word_1_1001' title='bbox 2604 3633 2673 3684; x_wconf 88' lang='lat' dir='ltr'><strong>ita</strong></span> <span class='ocrx_word' id='word_1_1002' title='bbox 2702 3641 2761 3684; x_wconf 90' lang='lat' dir='ltr'><strong>ut</strong></span> <span class='ocrx_word' id='word_1_1003' title='bbox 2786 3633 3036 3684; x_wconf 82' lang='lat' dir='ltr'><strong>deinceps</strong></span> <span class='ocrx_word' id='word_1_1004' title='bbox 3067 3649 3172 3684; x_wconf 87' lang='lat' dir='ltr'><strong>non</strong></span> <span class='ocrx_word' id='word_1_1005' title='bbox 3214 3648 3541 3684; x_wconf 68' lang='lat' dir='ltr'><strong>eomnunuar</strong></span> <span class='ocrx_word' id='word_1_1006' title='bbox 3562 3636 3586 3684; x_wconf 81' lang='lat'><strong>?</strong></span> 
     </span>
    </p>
   </div>
   <div class='ocr_carea' id='block_1_125' title="bbox 2051 3633 3586 3702">
    <p class='ocr_par' dir='ltr' id='par_1_125' title="bbox 2051 3633 3586 3702">
     <span class='ocr_line' id='line_1_128' title="bbox 2051 3633 3586 3702; baseline 0.004 -19"><span class='ocrx_word' id='word_1_1007' title='bbox 2051 3633 2389 3702; x_wconf 27' lang='lat' dir='ltr'><strong>tearAnomini</strong></span> <span class='ocrx_word' id='word_1_1008' title='bbox 2434 3640 2523 3686; x_wconf 92' lang='lat' dir='ltr'><strong>tuo</strong></span> <span class='ocrx_word' id='word_1_1009' title='bbox 2546 3673 2560 3693; x_wconf 92' lang='lat'><strong>.</strong></span> <span class='ocrx_word' id='word_1_1010' title='bbox 2604 3633 2673 3686; x_wconf 88' lang='lat' dir='ltr'><strong>ita</strong></span> <span class='ocrx_word' id='word_1_1011' title='bbox 2702 3641 2761 3687; x_wconf 89' lang='lat' dir='ltr'><strong>ut</strong></span> <span class='ocrx_word' id='word_1_1012' title='bbox 2786 3633 3036 3702; x_wconf 83' lang='lat' dir='ltr'><strong>deinceps</strong></span> <span class='ocrx_word' id='word_1_1013' title='bbox 3067 3649 3172 3688; x_wconf 87' lang='lat' dir='ltr'><strong>non</strong></span> <span class='ocrx_word' id='word_1_1014' title='bbox 3214 3636 3586 3701; x_wconf 79' lang='lat' dir='ltr'><strong>compungar?</strong></span> 
     </span>
    </p>
   </div>
   <div class='ocr_carea' id='block_1_126' title="bbox 2007 3699 3586 3773">
    <p class='ocr_par' dir='ltr' id='par_1_126' title="bbox 2007 3699 3586 3773">
     <span class='ocr_line' id='line_1_129' title="bbox 2007 3699 3586 3773; baseline 0.001 -19"><span class='ocrx_word' id='word_1_1015' title='bbox 2007 3699 2217 3773; x_wconf 83' lang='lat' dir='ltr'><strong>quando</strong></span> <span class='ocrx_word' id='word_1_1016' title='bbox 2256 3702 2488 3756; x_wconf 85' lang='lat' dir='ltr'><strong>transibo</strong></span> <span class='ocrx_word' id='word_1_1017' title='bbox 2528 3702 2580 3755; x_wconf 91' lang='lat' dir='ltr'><strong>in</strong></span> <span class='ocrx_word' id='word_1_1018' title='bbox 2614 3704 2757 3757; x_wconf 89' lang='lat' dir='ltr'><strong>illam</strong></span> <span class='ocrx_word' id='word_1_1019' title='bbox 2784 3699 3151 3757; x_wconf 81' lang='lat' dir='ltr'><strong>admirabilem</strong></span> <span class='ocrx_word' id='word_1_1020' title='bbox 3190 3713 3245 3758; x_wconf 91' lang='lat' dir='ltr'><strong>et</strong></span> <span class='ocrx_word' id='word_1_1021' title='bbox 3287 3699 3586 3773; x_wconf 77' lang='lat' dir='ltr'><strong>pulcherri-</strong></span> 
     </span>
    </p>
   </div>
   <div class='ocr_carea' id='block_1_127' title="bbox 2008 3770 3593 3843">
    <p class='ocr_par' dir='ltr' id='par_1_127' title="bbox 2008 3770 3593 3843">
     <span class='ocr_line' id='line_1_130' title="bbox 2008 3770 3593 3843; baseline 0.003 -18"><span class='ocrx_word' id='word_1_1022' title='bbox 2008 3770 2148 3843; x_wconf 80' lang='lat' dir='ltr'><strong>tuam</strong></span> <span class='ocrx_word' id='word_1_1023' title='bbox 2178 3770 2393 3843; x_wconf 86' lang='lat' dir='ltr'><strong>domum</strong></span> <span class='ocrx_word' id='word_1_1024' title='bbox 2418 3783 2581 3838; x_wconf 87' lang='lat' dir='ltr'><strong>tuam,</strong></span> <span class='ocrx_word' id='word_1_1025' title='bbox 2611 3773 2699 3827; x_wconf 89' lang='lat' dir='ltr'><strong>ubi</strong></span> <span class='ocrx_word' id='word_1_1026' title='bbox 2730 3786 2981 3843; x_wconf 90' lang='lat' dir='ltr'><strong>personat</strong></span> <span class='ocrx_word' id='word_1_1027' title='bbox 3004 3789 3104 3827; x_wconf 73' lang='lat' dir='ltr'><strong>vos</strong></span> <span class='ocrx_word' id='word_1_1028' title='bbox 3125 3776 3137 3826; x_wconf 98' lang='grc' dir='ltr'><strong>Ι</strong></span> <span class='ocrx_word' id='word_1_1029' title='bbox 3158 3770 3319 3828; x_wconf 71' lang='lat' dir='ltr'><strong>milia:</strong></span> <span class='ocrx_word' id='word_1_1030' title='bbox 3341 3783 3393 3828; x_wconf 92' lang='lat' dir='ltr'><strong>et</strong></span> <span class='ocrx_word' id='word_1_1031' title='bbox 3416 3776 3593 3830; x_wconf 59' lang='lat' dir='ltr'><strong>exsul-</strong></span> 
     </span>
    </p>
   </div>
   <div class='ocr_carea' id='block_1_128' title="bbox 2010 3841 3591 3912">
    <p class='ocr_par' dir='ltr' id='par_1_128' title="bbox 2010 3841 3591 3912">
     <span class='ocr_line' id='line_1_131' title="bbox 2010 3841 3591 3912; baseline 0.004 -19"><span class='ocrx_word' id='word_1_1032' title='bbox 2010 3841 2221 3912; x_wconf 85' lang='lat' dir='ltr'><strong>talionis</strong></span> <span class='ocrx_word' id='word_1_1033' title='bbox 2242 3842 2292 3895; x_wconf 90' lang='lat' dir='ltr'><strong>in</strong></span> <span class='ocrx_word' id='word_1_1034' title='bbox 2321 3842 2675 3897; x_wconf 87' lang='lat' dir='ltr'><strong>tabernaculis</strong></span> <span class='ocrx_word' id='word_1_1035' title='bbox 2695 3841 3005 3912; x_wconf 51' lang='lat' dir='ltr'><strong>jt&#39;tstorum?</strong></span> <span class='ocrx_word' id='word_1_1036' title='bbox 3050 3844 3194 3897; x_wconf 85' lang='lat' dir='ltr'><strong>Beati</strong></span> <span class='ocrx_word' id='word_1_1037' title='bbox 3223 3844 3314 3912; x_wconf 91' lang='lat' dir='ltr'><strong>qui</strong></span> <span class='ocrx_word' id='word_1_1038' title='bbox 3348 3845 3591 3899; x_wconf 85' lang='lat' dir='ltr'><strong>habitant</strong></span> 
     </span>
    </p>
   </div>
   <div class='ocr_carea' id='block_1_129' title="bbox 2008 3910 3585 3995">
    <p class='ocr_par' dir='ltr' id='par_1_129' title="bbox 2008 3910 3585 3995">
     <span class='ocr_line' id='line_1_132' title="bbox 2008 3910 3585 3995; baseline 0.002 -30"><span class='ocrx_word' id='word_1_1039' title='bbox 2008 3911 2062 3965; x_wconf 88' lang='lat' dir='ltr'><strong>in</strong></span> <span class='ocrx_word' id='word_1_1040' title='bbox 2088 3910 2247 3965; x_wconf 91' lang='lat' dir='ltr'><strong>domo</strong></span> <span class='ocrx_word' id='word_1_1041' title='bbox 2276 3920 2359 3995; x_wconf 62' lang='lat' dir='ltr'><strong>tua</strong></span> <span class='ocrx_word' id='word_1_1042' title='bbox 2379 3954 2392 3979; x_wconf 86' lang='lat'><strong>,</strong></span> <span class='ocrx_word' id='word_1_1043' title='bbox 2423 3913 2478 3995; x_wconf 69' lang='lat' dir='ltr'><strong>ip</strong></span> <span class='ocrx_word' id='word_1_1044' title='bbox 2503 3910 2753 3995; x_wconf 31' lang='lat' dir='ltr'><strong>saeculum</strong></span> <span class='ocrx_word' id='word_1_1045' title='bbox 2781 3913 2970 3995; x_wconf 68' lang='lat' dir='ltr'><strong>s:1_:culi_</strong></span> <span class='ocrx_word' id='word_1_1046' title='bbox 2999 3910 3288 3995; x_wconf 75' lang='lat' dir='ltr'><strong>laudabunt</strong></span> <span class='ocrx_word' id='word_1_1047' title='bbox 3328 3923 3380 3995; x_wconf 75' lang='lat' dir='ltr'><strong>te</strong></span> <span class='ocrx_word' id='word_1_1048' title='bbox 3411 3913 3585 3995; x_wconf 52' lang='lat' dir='ltr'><strong>(Paul.</strong></span> 
     </span>
    </p>
   </div>
   <div class='ocr_carea' id='block_1_130' title="bbox 2010 3982 3588 4068">
    <p class='ocr_par' dir='ltr' id='par_1_130' title="bbox 2010 3982 3588 4068">
     <span class='ocr_line' id='line_1_133' title="bbox 2010 3982 3588 4068; baseline 0.002 -33"><span class='ocrx_word' id='word_1_1049' title='bbox 2010 3997 2257 4068; x_wconf 61' lang='lat' dir='ltr'><strong>Linum,</strong></span> <span class='ocrx_word' id='word_1_1050' title='bbox 2286 3984 2366 4063; x_wconf 43' lang='lat'><strong>5)..</strong></span> <span class='ocrx_word' id='word_1_1051' title='bbox 2388 3982 2653 4068; x_wconf 32' lang='grc' dir='ltr'><strong>-.βαιῇ-οι</strong></span> <span class='ocrx_word' id='word_1_1052' title='bbox 2680 3999 2805 4068; x_wconf 75' lang='lat' dir='ltr'><strong>vere</strong></span> <span class='ocrx_word' id='word_1_1053' title='bbox 2834 3984 3014 4068; x_wconf 64' lang='lat' dir='ltr'><strong>beati,</strong></span> <span class='ocrx_word' id='word_1_1054' title='bbox 3059 3999 3197 4068; x_wconf 67' lang='lat' dir='ltr'><strong>quos</strong></span> <span class='ocrx_word' id='word_1_1055' title='bbox 3232 3982 3588 4068; x_wconf 71' lang='lat' dir='ltr'><strong>t-Iegisti_j:un</strong></span> 
     </span>
    </p>
   </div>
   <div class='ocr_carea' id='block_1_131' title="bbox 2009 4052 3590 4133">
    <p class='ocr_par' dir='ltr' id='par_1_131' title="bbox 2009 4052 3590 4133">
     <span class='ocr_line' id='line_1_134' title="bbox 2009 4052 3590 4133; baseline 0.002 -27"><span class='ocrx_word' id='word_1_1056' title='bbox 2009 4060 2062 4106; x_wconf 89' lang='lat' dir='ltr'><strong>et</strong></span> <span class='ocrx_word' id='word_1_1057' title='bbox 2090 4052 2422 4133; x_wconf 60' lang='lat' dir='ltr'><strong>assumpsisti</strong></span> <span class='ocrx_word' id='word_1_1058' title='bbox 2450 4053 2505 4133; x_wconf 80' lang='lat' dir='ltr'><strong>in_</strong></span> <span class='ocrx_word' id='word_1_1059' title='bbox 2533 4052 2679 4133; x_wconf 69' lang='lat' dir='ltr'><strong>illam</strong></span> <span class='ocrx_word' id='word_1_1060' title='bbox 2698 4054 2970 4109; x_wconf 77' lang='lat' dir='ltr'><strong>eteleslem</strong></span> <span class='ocrx_word' id='word_1_1061' title='bbox 3003 4052 3390 4133; x_wconf 71' lang='lat' dir='ltr'><strong>hzereditatein.</strong></span> <span class='ocrx_word' id='word_1_1062' title='bbox 3450 4052 3590 4133; x_wconf 61' lang='lat' dir='ltr'><strong>Here</strong></span> 
     </span>
    </p>
   </div>
   <div class='ocr_carea' id='block_1_132' title="bbox 2010 4122 3593 4189">
    <p class='ocr_par' dir='ltr' id='par_1_132' title="bbox 2010 4122 3593 4189">
     <span class='ocr_line' id='line_1_135' title="bbox 2010 4122 3593 4189; baseline 0.002 -14"><span class='ocrx_word' id='word_1_1063' title='bbox 2010 4122 2177 4175; x_wconf 88' lang='lat' dir='ltr'><strong>sancti</strong></span> <span class='ocrx_word' id='word_1_1064' title='bbox 2205 4122 2317 4189; x_wconf 83' lang='lat' dir='ltr'><strong>tui,</strong></span> <span class='ocrx_word' id='word_1_1065' title='bbox 2359 4123 2611 4185; x_wconf 88' lang='lat' dir='ltr'><strong>Domine,</strong></span> <span class='ocrx_word' id='word_1_1066' title='bbox 2647 4123 2839 4178; x_wconf 89' lang='lat' dir='ltr'><strong>ﬂorent</strong></span> <span class='ocrx_word' id='word_1_1067' title='bbox 2861 4135 2984 4179; x_wconf 90' lang='lat' dir='ltr'><strong>ante</strong></span> <span class='ocrx_word' id='word_1_1068' title='bbox 3010 4134 3060 4178; x_wconf 92' lang='lat' dir='ltr'><strong>te</strong></span> <span class='ocrx_word' id='word_1_1069' title='bbox 3089 4125 3230 4178; x_wconf 90' lang='lat' dir='ltr'><strong>sicut</strong></span> <span class='ocrx_word' id='word_1_1070' title='bbox 3258 4125 3451 4179; x_wconf 91' lang='lat' dir='ltr'><strong>lilium.</strong></span> <span class='ocrx_word' id='word_1_1071' title='bbox 3485 4124 3593 4178; x_wconf 57' lang='lat' dir='ltr'><strong>lie-</strong></span> 
     </span>
    </p>
   </div>
   <div class='ocr_carea' id='block_1_133' title="bbox 2010 4192 3592 4263">
    <p class='ocr_par' dir='ltr' id='par_1_133' title="bbox 2010 4192 3592 4263">
     <span class='ocr_line' id='line_1_136' title="bbox 2010 4192 3592 4263; baseline 0.004 -20"><span class='ocrx_word' id='word_1_1072' title='bbox 2010 4192 2224 4263; x_wconf 87' lang='lat' dir='ltr'><strong>plentur</strong></span> <span class='ocrx_word' id='word_1_1073' title='bbox 2262 4194 2403 4247; x_wconf 91' lang='lat' dir='ltr'><strong>enim</strong></span> <span class='ocrx_word' id='word_1_1074' title='bbox 2443 4193 2509 4248; x_wconf 93' lang='lat' dir='ltr'><strong>ab</strong></span> <span class='ocrx_word' id='word_1_1075' title='bbox 2552 4194 2791 4249; x_wconf 86' lang='lat' dir='ltr'><strong>ubertate</strong></span> <span class='ocrx_word' id='word_1_1076' title='bbox 2831 4193 3021 4249; x_wconf 87' lang='lat' dir='ltr'><strong>domus</strong></span> <span class='ocrx_word' id='word_1_1077' title='bbox 3053 4204 3195 4259; x_wconf 71' lang='lat' dir='ltr'><strong>ture,</strong></span> <span class='ocrx_word' id='word_1_1078' title='bbox 3245 4204 3300 4249; x_wconf 86' lang='lat' dir='ltr'><strong>et</strong></span> <span class='ocrx_word' id='word_1_1079' title='bbox 3348 4204 3592 4249; x_wconf 89' lang='lat' dir='ltr'><strong>torrente</strong></span> 
     </span>
    </p>
   </div>
   <div class='ocr_carea' id='block_1_134' title="bbox 2009 4262 3589 4334">
    <p class='ocr_par' dir='ltr' id='par_1_134' title="bbox 2009 4262 3589 4334">
     <span class='ocr_line' id='line_1_137' title="bbox 2009 4262 3589 4334; baseline 0 -17"><span class='ocrx_word' id='word_1_1080' title='bbox 2009 4262 2295 4334; x_wconf 78' lang='lat' dir='ltr'><strong>voluptatis</strong></span> <span class='ocrx_word' id='word_1_1081' title='bbox 2332 4274 2434 4317; x_wconf 78' lang='lat' dir='ltr'><strong>tua:</strong></span> <span class='ocrx_word' id='word_1_1082' title='bbox 2482 4274 2632 4332; x_wconf 89' lang='lat' dir='ltr'><strong>potas</strong></span> <span class='ocrx_word' id='word_1_1083' title='bbox 2673 4279 2766 4319; x_wconf 92' lang='lat' dir='ltr'><strong>eos</strong></span> <span class='ocrx_word' id='word_1_1084' title='bbox 2796 4264 2967 4334; x_wconf 78' lang='lat' dir='ltr'><strong>(Pwl.</strong></span> <span class='ocrx_word' id='word_1_1085' title='bbox 2997 4280 3172 4330; x_wconf 78' lang='lat' dir='ltr'><strong>xxxv,</strong></span> <span class='ocrx_word' id='word_1_1086' title='bbox 3201 4263 3256 4330; x_wconf 79' lang='lat'><strong>9)</strong></span> <span class='ocrx_word' id='word_1_1087' title='bbox 3290 4281 3306 4319; x_wconf 93' lang='lat'><strong>:</strong></span> <span class='ocrx_word' id='word_1_1088' title='bbox 3336 4266 3589 4334; x_wconf 85' lang='lat' dir='ltr'><strong>quoniam</strong></span> 
     </span>
    </p>
   </div>
   <div class='ocr_carea' id='block_1_135' title="bbox 2012 4332 3592 4403">
    <p class='ocr_par' dir='ltr' id='par_1_135' title="bbox 2012 4332 3592 4403">
     <span class='ocr_line' id='line_1_138' title="bbox 2012 4332 3592 4403; baseline 0 -15"><span class='ocrx_word' id='word_1_1089' title='bbox 2012 4340 2067 4388; x_wconf 93' lang='lat' dir='ltr'><strong>tu</strong></span> <span class='ocrx_word' id='word_1_1090' title='bbox 2093 4348 2153 4388; x_wconf 88' lang='lat' dir='ltr'><strong>es</strong></span> <span class='ocrx_word' id='word_1_1091' title='bbox 2187 4332 2304 4387; x_wconf 80' lang='lat' dir='ltr'><strong>fons</strong></span> <span class='ocrx_word' id='word_1_1092' title='bbox 2328 4336 2467 4397; x_wconf 74' lang='lat' dir='ltr'><strong>vine,</strong></span> <span class='ocrx_word' id='word_1_1093' title='bbox 2491 4342 2545 4389; x_wconf 90' lang='lat' dir='ltr'><strong>et</strong></span> <span class='ocrx_word' id='word_1_1094' title='bbox 2573 4335 2627 4388; x_wconf 89' lang='lat' dir='ltr'><strong>in</strong></span> <span class='ocrx_word' id='word_1_1095' title='bbox 2656 4332 2853 4389; x_wconf 87' lang='lat' dir='ltr'><strong>lumine</strong></span> <span class='ocrx_word' id='word_1_1096' title='bbox 2875 4344 2965 4388; x_wconf 92' lang='lat' dir='ltr'><strong>tuo</strong></span> <span class='ocrx_word' id='word_1_1097' title='bbox 2988 4336 3169 4389; x_wconf 87' lang='lat' dir='ltr'><strong>vident</strong></span> <span class='ocrx_word' id='word_1_1098' title='bbox 3198 4332 3397 4400; x_wconf 80' lang='lat' dir='ltr'><strong>lumen,</strong></span> <span class='ocrx_word' id='word_1_1099' title='bbox 3423 4350 3592 4403; x_wconf 77' lang='lat' dir='ltr'><strong>usque</strong></span> 
     </span>
    </p>
   </div>
   <div class='ocr_carea' id='block_1_136' title="bbox 2010 4403 3590 4472">
    <p class='ocr_par' dir='ltr' id='par_1_136' title="bbox 2010 4403 3590 4472">
     <span class='ocr_line' id='line_1_139' title="bbox 2010 4403 3590 4472; baseline 0 -15"><span class='ocrx_word' id='word_1_1100' title='bbox 2010 4403 2145 4457; x_wconf 88' lang='lat' dir='ltr'><strong>adeo</strong></span> <span class='ocrx_word' id='word_1_1101' title='bbox 2174 4413 2225 4456; x_wconf 92' lang='grc' dir='ltr'><strong>ιιι</strong></span> <span class='ocrx_word' id='word_1_1102' title='bbox 2249 4404 2367 4471; x_wconf 86' lang='lat' dir='ltr'><strong>ipsi,</strong></span> <span class='ocrx_word' id='word_1_1103' title='bbox 2391 4404 2638 4459; x_wconf 89' lang='lat' dir='ltr'><strong>videlicet</strong></span> <span class='ocrx_word' id='word_1_1104' title='bbox 2658 4407 2831 4460; x_wconf 88' lang='lat' dir='ltr'><strong>lumen</strong></span> <span class='ocrx_word' id='word_1_1105' title='bbox 2860 4406 3212 4459; x_wconf 90' lang='lat' dir='ltr'><strong>illuminatum</strong></span> <span class='ocrx_word' id='word_1_1106' title='bbox 3241 4421 3334 4472; x_wconf 90' lang='lat' dir='ltr'><strong>per</strong></span> <span class='ocrx_word' id='word_1_1107' title='bbox 3356 4414 3405 4459; x_wconf 92' lang='lat' dir='ltr'><strong>te</strong></span> <span class='ocrx_word' id='word_1_1108' title='bbox 3425 4406 3590 4459; x_wconf 90' lang='lat' dir='ltr'><strong>Detnn</strong></span> 
     </span>
    </p>
   </div>
   <div class='ocr_carea' id='block_1_137' title="bbox 2011 4472 3588 4544">
    <p class='ocr_par' dir='ltr' id='par_1_137' title="bbox 2011 4472 3588 4544">
     <span class='ocr_line' id='line_1_140' title="bbox 2011 4472 3588 4544; baseline 0.001 -16"><span class='ocrx_word' id='word_1_1109' title='bbox 2011 4472 2188 4528; x_wconf 91' lang='lat' dir='ltr'><strong>lumen</strong></span> <span class='ocrx_word' id='word_1_1110' title='bbox 2220 4475 2555 4537; x_wconf 85' lang='lat' dir='ltr'><strong>illutninans,</strong></span> <span class='ocrx_word' id='word_1_1111' title='bbox 2608 4476 2745 4529; x_wconf 91' lang='lat' dir='ltr'><strong>sicut</strong></span> <span class='ocrx_word' id='word_1_1112' title='bbox 2786 4477 2867 4529; x_wconf 91' lang='lat' dir='ltr'><strong>sol</strong></span> <span class='ocrx_word' id='word_1_1113' title='bbox 2897 4475 3179 4544; x_wconf 82' lang='lat' dir='ltr'><strong>eﬂ&#39;ulgcaut</strong></span> <span class='ocrx_word' id='word_1_1114' title='bbox 3209 4476 3261 4529; x_wconf 91' lang='lat' dir='ltr'><strong>in</strong></span> <span class='ocrx_word' id='word_1_1115' title='bbox 3299 4485 3588 4543; x_wconf 77' lang='lat' dir='ltr'><strong>COﬂSpCCllI</strong></span> 
     </span>
    </p>
   </div>
   <div class='ocr_carea' id='block_1_138' title="bbox 2013 4544 3589 4615">
    <p class='ocr_par' dir='ltr' id='par_1_138' title="bbox 2013 4544 3589 4615">
     <span class='ocr_line' id='line_1_141' title="bbox 2013 4544 3589 4615; baseline 0 -17"><span class='ocrx_word' id='word_1_1116' title='bbox 2013 4553 2122 4598; x_wconf 91' lang='lat' dir='ltr'><strong>tuo.</strong></span> <span class='ocrx_word' id='word_1_1117' title='bbox 2169 4544 2338 4609; x_wconf 88' lang='lat' dir='ltr'><strong>Quam</strong></span> <span class='ocrx_word' id='word_1_1118' title='bbox 2367 4545 2535 4615; x_wconf 46' lang='lat' dir='ltr'><strong>mira,</strong></span> <span class='ocrx_word' id='word_1_1119' title='bbox 2562 4560 2718 4615; x_wconf 87' lang='lat' dir='ltr'><strong>quam</strong></span> <span class='ocrx_word' id='word_1_1120' title='bbox 2751 4545 2968 4613; x_wconf 91' lang='lat' dir='ltr'><strong>pulchra</strong></span> <span class='ocrx_word' id='word_1_1121' title='bbox 2989 4587 3003 4610; x_wconf 94' lang='lat'><strong>,</strong></span> <span class='ocrx_word' id='word_1_1122' title='bbox 3035 4561 3193 4614; x_wconf 88' lang='lat' dir='ltr'><strong>quam</strong></span> <span class='ocrx_word' id='word_1_1123' title='bbox 3240 4546 3589 4615; x_wconf 85' lang='lat' dir='ltr'><strong>acccptahilia</strong></span> 
     </span>
    </p>
   </div>
   <div class='ocr_carea' id='block_1_139' title="bbox 2012 4612 3587 4678">
    <p class='ocr_par' dir='ltr' id='par_1_139' title="bbox 2012 4612 3587 4678">
     <span class='ocr_line' id='line_1_142' title="bbox 2012 4612 3587 4678; baseline -0.001 -10"><span class='ocrx_word' id='word_1_1124' title='bbox 2012 4621 2136 4668; x_wconf 88' lang='lat' dir='ltr'><strong>sunt</strong></span> <span class='ocrx_word' id='word_1_1125' title='bbox 2161 4614 2349 4668; x_wconf 90' lang='lat' dir='ltr'><strong>domus</strong></span> <span class='ocrx_word' id='word_1_1126' title='bbox 2382 4624 2483 4666; x_wconf 69' lang='lat' dir='ltr'><strong>tum</strong></span> <span class='ocrx_word' id='word_1_1127' title='bbox 2506 4612 2839 4669; x_wconf 86' lang='lat' dir='ltr'><strong>habitacula!</strong></span> <span class='ocrx_word' id='word_1_1128' title='bbox 2877 4612 3100 4669; x_wconf 86' lang='lat' dir='ltr'><strong>Domine</strong></span> <span class='ocrx_word' id='word_1_1129' title='bbox 3130 4612 3389 4669; x_wconf 78' lang='lat' dir='ltr'><strong>virtutum</strong></span> <span class='ocrx_word' id='word_1_1130' title='bbox 3411 4657 3425 4678; x_wconf 89' lang='lat'><strong>,</strong></span> <span class='ocrx_word' id='word_1_1131' title='bbox 3454 4631 3587 4669; x_wconf 91' lang='lat' dir='ltr'><strong>cou-</strong></span> 
     </span>
    </p>
   </div>
   <div class='ocr_carea' id='block_1_140' title="bbox 2010 4684 3586 4754">
    <p class='ocr_par' dir='ltr' id='par_1_140' title="bbox 2010 4684 3586 4754">
     <span class='ocr_line' id='line_1_143' title="bbox 2010 4684 3586 4754; baseline 0 -18"><span class='ocrx_word' id='word_1_1132' title='bbox 2010 4684 2235 4754; x_wconf 87' lang='lat' dir='ltr'><strong>cnpiscit</strong></span> <span class='ocrx_word' id='word_1_1133' title='bbox 2281 4685 2477 4754; x_wconf 86' lang='lat' dir='ltr'><strong>intrare</strong></span> <span class='ocrx_word' id='word_1_1134' title='bbox 2521 4684 2571 4736; x_wconf 93' lang='lat' dir='ltr'><strong>in</strong></span> <span class='ocrx_word' id='word_1_1135' title='bbox 2622 4699 2685 4739; x_wconf 91' lang='lat' dir='ltr'><strong>ea</strong></span> <span class='ocrx_word' id='word_1_1136' title='bbox 2736 4686 2849 4739; x_wconf 69' lang='lat' dir='ltr'><strong>lucc</strong></span> <span class='ocrx_word' id='word_1_1137' title='bbox 2903 4686 3165 4754; x_wconf 80' lang='lat' dir='ltr'><strong>peccatrix</strong></span> <span class='ocrx_word' id='word_1_1138' title='bbox 3218 4687 3394 4739; x_wconf 86' lang='lat' dir='ltr'><strong>anima</strong></span> <span class='ocrx_word' id='word_1_1139' title='bbox 3446 4701 3586 4736; x_wconf 82' lang='lat' dir='ltr'><strong>mea.</strong></span> 
     </span>
    </p>
   </div>
   <div class='ocr_carea' id='block_1_141' title="bbox 2014 4753 3593 4815">
    <p class='ocr_par' dir='ltr' id='par_1_141' title="bbox 2014 4753 3593 4815">
     <span class='ocr_line' id='line_1_144' title="bbox 2014 4753 3593 4815; baseline -0.001 -8"><span class='ocrx_word' id='word_1_1140' title='bbox 2014 4753 2237 4809; x_wconf 83' lang='lat' dir='ltr'><strong>Domine</strong></span> <span class='ocrx_word' id='word_1_1141' title='bbox 2258 4796 2273 4815; x_wconf 92' lang='lat'><strong>,</strong></span> <span class='ocrx_word' id='word_1_1142' title='bbox 2302 4753 2461 4807; x_wconf 78' lang='lat' dir='ltr'><strong>dilexi</strong></span> <span class='ocrx_word' id='word_1_1143' title='bbox 2504 4754 2751 4809; x_wconf 82' lang='lat' dir='ltr'><strong>decorem</strong></span> <span class='ocrx_word' id='word_1_1144' title='bbox 2776 4753 2966 4811; x_wconf 89' lang='lat' dir='ltr'><strong>domus</strong></span> <span class='ocrx_word' id='word_1_1145' title='bbox 3005 4766 3129 4815; x_wconf 67' lang='lat' dir='ltr'><strong>lilii}.</strong></span> <span class='ocrx_word' id='word_1_1146' title='bbox 3162 4766 3216 4809; x_wconf 88' lang='lat' dir='ltr'><strong>et</strong></span> <span class='ocrx_word' id='word_1_1147' title='bbox 3238 4757 3413 4810; x_wconf 81' lang='lat' dir='ltr'><strong>locum</strong></span> <span class='ocrx_word' id='word_1_1148' title='bbox 3446 4754 3593 4806; x_wconf 78' lang='lat' dir='ltr'><strong>habi—</strong></span> 
     </span>
    </p>
   </div>
   <div class='ocr_carea' id='block_1_142' title="bbox 2014 4797 3589 4896">
    <p class='ocr_par' dir='ltr' id='par_1_142' title="bbox 2014 4797 3589 4896">
     <span class='ocr_line' id='line_1_145' title="bbox 2014 4797 3589 4896; baseline -0.002 -18"><span class='ocrx_word' id='word_1_1149' title='bbox 2014 4825 2226 4896; x_wconf 87' lang='lat' dir='ltr'><strong>tatiouis</strong></span> <span class='ocrx_word' id='word_1_1150' title='bbox 2253 4797 2435 4894; x_wconf 72' lang='lat' dir='ltr'><strong>gloria:</strong></span> <span class='ocrx_word' id='word_1_1151' title='bbox 2474 4833 2575 4878; x_wconf 66' lang='lat' dir='ltr'><strong>tua:</strong></span> <span class='ocrx_word' id='word_1_1152' title='bbox 2617 4824 2786 4896; x_wconf 76' lang='lat' dir='ltr'><strong>(Psal.</strong></span> <span class='ocrx_word' id='word_1_1153' title='bbox 2819 4843 2922 4880; x_wconf 76' lang='lat' dir='ltr'><strong>xxv</strong></span> <span class='ocrx_word' id='word_1_1154' title='bbox 2942 4868 2955 4887; x_wconf 95' lang='lat'><strong>,</strong></span> <span class='ocrx_word' id='word_1_1155' title='bbox 2985 4828 3063 4889; x_wconf 82' lang='lat'><strong>8).</strong></span> <span class='ocrx_word' id='word_1_1156' title='bbox 3106 4797 3276 4881; x_wconf 65' lang='lat' dir='ltr'><strong>ilnam</strong></span> <span class='ocrx_word' id='word_1_1157' title='bbox 3306 4826 3429 4893; x_wconf 87' lang='lat' dir='ltr'><strong>petii</strong></span> <span class='ocrx_word' id='word_1_1158' title='bbox 3460 4833 3589 4896; x_wconf 77' lang='lat' dir='ltr'><strong>ate,</strong></span> 
     </span>
    </p>
   </div>
   <div class='ocr_carea' id='block_1_143' title="bbox 2013 4894 3592 4964">
    <p class='ocr_par' dir='ltr' id='par_1_143' title="bbox 2013 4894 3592 4964">
     <span class='ocr_line' id='line_1_146' title="bbox 2013 4894 3592 4964; baseline -0.001 -15"><span class='ocrx_word' id='word_1_1159' title='bbox 2013 4895 2150 4949; x_wconf 90' lang='lat' dir='ltr'><strong>hanc</strong></span> <span class='ocrx_word' id='word_1_1160' title='bbox 2186 4895 2485 4964; x_wconf 89' lang='lat' dir='ltr'><strong>requiram,</strong></span> <span class='ocrx_word' id='word_1_1161' title='bbox 2532 4907 2585 4948; x_wconf 89' lang='grc' dir='ltr'><strong>ιιι</strong></span> <span class='ocrx_word' id='word_1_1162' title='bbox 2618 4894 2906 4951; x_wconf 83' lang='lat' dir='ltr'><strong>inhabilem</strong></span> <span class='ocrx_word' id='word_1_1163' title='bbox 2949 4898 2999 4949; x_wconf 94' lang='lat' dir='ltr'><strong>in</strong></span> <span class='ocrx_word' id='word_1_1164' title='bbox 3038 4897 3196 4949; x_wconf 72' lang='lat' dir='ltr'><strong>dmino</strong></span> <span class='ocrx_word' id='word_1_1165' title='bbox 3224 4905 3309 4948; x_wconf 87' lang='lat' dir='ltr'><strong>ttta</strong></span> <span class='ocrx_word' id='word_1_1166' title='bbox 3342 4894 3592 4948; x_wconf 87' lang='lat' dir='ltr'><strong>omnibus</strong></span> 
     </span>
    </p>
   </div>
   <div class='ocr_carea' id='block_1_144' title="bbox 2012 4963 3595 5049">
    <p class='ocr_par' dir='ltr' id='par_1_144' title="bbox 2012 4963 3595 5049">
     <span class='ocr_line' id='line_1_147' title="bbox 2012 4963 3595 5049; baseline -0.002 -30"><span class='ocrx_word' id='word_1_1167' title='bbox 2012 4966 2207 5049; x_wconf 68' lang='lat' dir='ltr'><strong>diebus</strong></span> <span class='ocrx_word' id='word_1_1168' title='bbox 2230 4963 2352 5019; x_wconf 67' lang='lat' dir='ltr'><strong>vita:</strong></span> <span class='ocrx_word' id='word_1_1169' title='bbox 2378 4980 2512 5049; x_wconf 49' lang='lat' dir='ltr'><strong>mea;</strong></span> <span class='ocrx_word' id='word_1_1170' title='bbox 2540 4965 2711 5049; x_wconf 61' lang='grc' dir='ltr'>ςΡδιιι.</span> <span class='ocrx_word' id='word_1_1171' title='bbox 2740 4983 2878 5031; x_wconf 57' lang='lat' dir='ltr'><strong>xxvi,</strong></span> <span class='ocrx_word' id='word_1_1172' title='bbox 2908 4967 2984 5038; x_wconf 74' lang='grc'><strong>4).</strong></span> <span class='ocrx_word' id='word_1_1173' title='bbox 3017 4966 3473 5049; x_wconf 75' lang='lat' dir='ltr'><strong>Quemadmodum</strong></span> <span class='ocrx_word' id='word_1_1174' title='bbox 3491 4963 3595 5043; x_wconf 58' lang='lat' dir='ltr'><strong>tle-</strong></span> 
     </span>
    </p>
   </div>
   <div class='ocr_carea' id='block_1_145' title="bbox 2013 5035 3593 5106">
    <p class='ocr_par' dir='ltr' id='par_1_145' title="bbox 2013 5035 3593 5106">
     <span class='ocr_line' id='line_1_148' title="bbox 2013 5035 3593 5106; baseline -0.003 -16"><span class='ocrx_word' id='word_1_1175' title='bbox 2013 5036 2214 5090; x_wconf 88' lang='lat' dir='ltr'><strong>siderat</strong></span> <span class='ocrx_word' id='word_1_1176' title='bbox 2235 5052 2420 5090; x_wconf 86' lang='lat' dir='ltr'><strong>cervus</strong></span> <span class='ocrx_word' id='word_1_1177' title='bbox 2445 5037 2510 5090; x_wconf 90' lang='lat' dir='ltr'><strong>ad</strong></span> <span class='ocrx_word' id='word_1_1178' title='bbox 2539 5035 2709 5091; x_wconf 78' lang='lat' dir='ltr'><strong>fontes</strong></span> <span class='ocrx_word' id='word_1_1179' title='bbox 2735 5035 3014 5106; x_wconf 89' lang='lat' dir='ltr'><strong>aquarum,</strong></span> <span class='ocrx_word' id='word_1_1180' title='bbox 3048 5037 3116 5089; x_wconf 85' lang='lat' dir='ltr'><strong>ita</strong></span> <span class='ocrx_word' id='word_1_1181' title='bbox 3136 5035 3593 5089; x_wconf 84' lang='lat' dir='ltr'><strong>desideratanitna</strong></span> 
     </span>
    </p>
   </div>
   <div class='ocr_carea' id='block_1_146' title="bbox 2015 5106 3586 5173">
    <p class='ocr_par' dir='ltr' id='par_1_146' title="bbox 2015 5106 3586 5173">
     <span class='ocr_line' id='line_1_149' title="bbox 2015 5106 3586 5173; baseline -0.004 -13"><span class='ocrx_word' id='word_1_1182' title='bbox 2015 5122 2130 5160; x_wconf 86' lang='lat' dir='ltr'><strong>mea</strong></span> <span class='ocrx_word' id='word_1_1183' title='bbox 2159 5107 2223 5160; x_wconf 89' lang='lat' dir='ltr'><strong>ad</strong></span> <span class='ocrx_word' id='word_1_1184' title='bbox 2252 5117 2302 5161; x_wconf 90' lang='lat' dir='ltr'><strong>te</strong></span> <span class='ocrx_word' id='word_1_1185' title='bbox 2324 5148 2339 5171; x_wconf 94' lang='lat'><strong>,</strong></span> <span class='ocrx_word' id='word_1_1186' title='bbox 2381 5108 2535 5160; x_wconf 82' lang='lat' dir='ltr'><strong>Deus.</strong></span> <span class='ocrx_word' id='word_1_1187' title='bbox 2565 5107 2789 5173; x_wconf 85' lang='lat' dir='ltr'><strong>Quando</strong></span> <span class='ocrx_word' id='word_1_1188' title='bbox 2820 5107 3025 5162; x_wconf 83' lang='lat' dir='ltr'><strong>veniam</strong></span> <span class='ocrx_word' id='word_1_1189' title='bbox 3051 5146 3065 5169; x_wconf 94' lang='lat'><strong>,</strong></span> <span class='ocrx_word' id='word_1_1190' title='bbox 3105 5106 3319 5173; x_wconf 87' lang='lat' dir='ltr'><strong>quando</strong></span> <span class='ocrx_word' id='word_1_1191' title='bbox 3366 5106 3586 5173; x_wconf 84' lang='lat' dir='ltr'><strong>parebo,</strong></span> 
     </span>
    </p>
   </div>
   <div class='ocr_carea' id='block_1_147' title="bbox 2013 5174 3590 5245">
    <p class='ocr_par' dir='ltr' id='par_1_147' title="bbox 2013 5174 3590 5245">
     <span class='ocr_line' id='line_1_150' title="bbox 2013 5174 3590 5245; baseline 0.001 -20"><span class='ocrx_word' id='word_1_1192' title='bbox 2013 5177 2224 5245; x_wconf 85' lang='lat' dir='ltr'><strong>quando</strong></span> <span class='ocrx_word' id='word_1_1193' title='bbox 2251 5177 2439 5231; x_wconf 88' lang='lat' dir='ltr'><strong>videbo</strong></span> <span class='ocrx_word' id='word_1_1194' title='bbox 2471 5178 2635 5231; x_wconf 85' lang='lat' dir='ltr'><strong>Deum</strong></span> <span class='ocrx_word' id='word_1_1195' title='bbox 2661 5192 2835 5230; x_wconf 88' lang='lat' dir='ltr'><strong>meum</strong></span> <span class='ocrx_word' id='word_1_1196' title='bbox 2858 5217 2873 5239; x_wconf 94' lang='lat'><strong>,</strong></span> <span class='ocrx_word' id='word_1_1197' title='bbox 2916 5190 3074 5245; x_wconf 89' lang='lat' dir='ltr'><strong>quem</strong></span> <span class='ocrx_word' id='word_1_1198' title='bbox 3118 5174 3230 5228; x_wconf 84' lang='lat' dir='ltr'><strong>silit</strong></span> <span class='ocrx_word' id='word_1_1199' title='bbox 3254 5176 3443 5245; x_wconf 88' lang='lat' dir='ltr'><strong>anima</strong></span> <span class='ocrx_word' id='word_1_1200' title='bbox 3474 5191 3590 5231; x_wconf 82' lang='lat' dir='ltr'><strong>mea</strong></span> 
     </span>
    </p>
   </div>
   <div class='ocr_carea' id='block_1_148' title="bbox 2016 5244 3590 5316">
    <p class='ocr_par' dir='ltr' id='par_1_148' title="bbox 2016 5244 3590 5316">
     <span class='ocr_line' id='line_1_151' title="bbox 2016 5244 3590 5316; baseline -0.003 -17"><span class='ocrx_word' id='word_1_1201' title='bbox 2016 5244 2185 5316; x_wconf 75' lang='grc' dir='ltr'><strong>(Ῥδαι.</strong></span> <span class='ocrx_word' id='word_1_1202' title='bbox 2219 5264 2326 5311; x_wconf 80' lang='lat' dir='ltr'><strong>xm,</strong></span> <span class='ocrx_word' id='word_1_1203' title='bbox 2355 5246 2459 5305; x_wconf 69' lang='lat' dir='ltr'><strong>2i?</strong></span> <span class='ocrx_word' id='word_1_1204' title='bbox 2503 5247 2724 5312; x_wconf 84' lang='lat' dir='ltr'><strong>Quando</strong></span> <span class='ocrx_word' id='word_1_1205' title='bbox 2753 5244 2943 5300; x_wconf 83' lang='lat' dir='ltr'><strong>videbo</strong></span> <span class='ocrx_word' id='word_1_1206' title='bbox 2968 5261 3087 5299; x_wconf 91' lang='lat' dir='ltr'><strong>eum</strong></span> <span class='ocrx_word' id='word_1_1207' title='bbox 3134 5246 3186 5298; x_wconf 91' lang='lat' dir='ltr'><strong>in</strong></span> <span class='ocrx_word' id='word_1_1208' title='bbox 3230 5256 3369 5298; x_wconf 86' lang='lat' dir='ltr'><strong>terra</strong></span> <span class='ocrx_word' id='word_1_1209' title='bbox 3404 5244 3590 5316; x_wconf 80' lang='lat' dir='ltr'><strong>viven-</strong></span> 
     </span>
    </p>
   </div>
   <div class='ocr_carea' id='block_1_149' title="bbox 2016 5315 3590 5373">
    <p class='ocr_par' dir='ltr' id='par_1_149' title="bbox 2016 5315 3590 5373">
     <span class='ocr_line' id='line_1_152' title="bbox 2016 5315 3590 5373; baseline -0.001 -2"><span class='ocrx_word' id='word_1_1210' title='bbox 2016 5317 2183 5371; x_wconf 87' lang='lat' dir='ltr'><strong>tium?</strong></span> <span class='ocrx_word' id='word_1_1211' title='bbox 2240 5318 2296 5371; x_wconf 92' lang='lat' dir='ltr'><strong>ln</strong></span> <span class='ocrx_word' id='word_1_1212' title='bbox 2348 5318 2446 5373; x_wconf 90' lang='lat' dir='ltr'><strong>ista</strong></span> <span class='ocrx_word' id='word_1_1213' title='bbox 2496 5318 2637 5371; x_wconf 90' lang='lat' dir='ltr'><strong>enim</strong></span> <span class='ocrx_word' id='word_1_1214' title='bbox 2688 5325 2827 5371; x_wconf 89' lang='lat' dir='ltr'><strong>terra</strong></span> <span class='ocrx_word' id='word_1_1215' title='bbox 2876 5316 3218 5371; x_wconf 89' lang='lat' dir='ltr'><strong>morientium</strong></span> <span class='ocrx_word' id='word_1_1216' title='bbox 3275 5315 3590 5370; x_wconf 87' lang='lat' dir='ltr'><strong>mortalibus</strong></span> 
     </span>
    </p>
   </div>
   <div class='ocr_carea' id='block_1_150' title="bbox 2078 5467 3598 5537">
    <p class='ocr_par' dir='ltr' id='par_1_150' title="bbox 2078 5467 3598 5537">
     <span class='ocr_line' id='line_1_153' title="bbox 2078 5467 3598 5537; baseline -0.005 -16"><span class='ocrx_word' id='word_1_1217' title='bbox 2078 5474 2095 5506; x_wconf 76' lang='grc'>⁸</span> <span class='ocrx_word' id='word_1_1218' title='bbox 2122 5474 2257 5532; x_wconf 76' lang='lat' dir='ltr'><strong>Editi,</strong></span> <span class='ocrx_word' id='word_1_1219' title='bbox 2276 5471 2465 5537; x_wconf 85' lang='lat' dir='ltr'><strong>omissis</strong></span> <span class='ocrx_word' id='word_1_1220' title='bbox 2485 5482 2595 5533; x_wconf 71' lang='lat' dir='ltr'><strong>qua:</strong></span> <span class='ocrx_word' id='word_1_1221' title='bbox 2617 5468 2883 5537; x_wconf 88' lang='lat' dir='ltr'><strong>intra_duos</strong></span> <span class='ocrx_word' id='word_1_1222' title='bbox 2900 5469 3103 5537; x_wconf 74' lang='lat' dir='ltr'><strong>uncinos</strong></span> <span class='ocrx_word' id='word_1_1223' title='bbox 3123 5467 3448 5537; x_wconf 77' lang='lat' dir='ltr'><strong>includuntur,</strong></span> <span class='ocrx_word' id='word_1_1224' title='bbox 3466 5478 3598 5529; x_wconf 68' lang='lat' dir='ltr'><strong>qure-</strong></span> 
     </span>
    </p>
   </div>
   <div class='ocr_carea' id='block_1_151' title="bbox 2014 5531 3597 5598">
    <p class='ocr_par' dir='ltr' id='par_1_151' title="bbox 2014 5531 3597 5598">
     <span class='ocr_line' id='line_1_154' title="bbox 2014 5531 3597 5598; baseline -0.002 -15"><span class='ocrx_word' id='word_1_1225' title='bbox 2014 5548 2112 5598; x_wconf 87' lang='lat' dir='ltr'><strong>que</strong></span> <span class='ocrx_word' id='word_1_1226' title='bbox 2134 5535 2434 5598; x_wconf 78' lang='lat' dir='ltr'><strong>restituimus</strong></span> <span class='ocrx_word' id='word_1_1227' title='bbox 2452 5531 2517 5581; x_wconf 41' lang='lat' dir='ltr'><strong>ex—</strong></span> <span class='ocrx_word' id='word_1_1228' title='bbox 2540 5533 2758 5598; x_wconf 58' lang='lat' dir='ltr'><strong>atettensi</strong></span> <span class='ocrx_word' id='word_1_1229' title='bbox 2782 5538 2870 5598; x_wconf 61' lang='lat' dir='ltr'><strong>pls.</strong></span> <span class='ocrx_word' id='word_1_1230' title='bbox 2901 5532 3104 5598; x_wconf 75' lang='lat' dir='ltr'><strong>habent,</strong></span> <span class='ocrx_word' id='word_1_1231' title='bbox 3137 5531 3345 5581; x_wconf 74' lang='lat' dir='ltr'><strong>dormiat</strong></span> <span class='ocrx_word' id='word_1_1232' title='bbox 3368 5541 3597 5581; x_wconf 71' lang='lat' dir='ltr'><strong>metuenti</strong></span> 
     </span>
    </p>
   </div>
   <div class='ocr_carea' id='block_1_152' title="bbox 2014 5591 3103 5655">
    <p class='ocr_par' dir='ltr' id='par_1_152' title="bbox 2014 5591 3103 5655">
     <span class='ocr_line' id='line_1_155' title="bbox 2014 5591 3103 5655; baseline -0.004 -8"><span class='ocrx_word' id='word_1_1233' title='bbox 2014 5591 2120 5647; x_wconf 73' lang='lat' dir='ltr'><strong>mea</strong></span> <span class='ocrx_word' id='word_1_1234' title='bbox 2141 5595 2202 5644; x_wconf 84' lang='lat' dir='ltr'><strong>ab</strong></span> <span class='ocrx_word' id='word_1_1235' title='bbox 2223 5593 2439 5644; x_wconf 83' lang='lat' dir='ltr'><strong>onmibtts</strong></span> <span class='ocrx_word' id='word_1_1236' title='bbox 2462 5591 2619 5651; x_wconf 77' lang='lat' dir='ltr'><strong>malis,</strong></span> <span class='ocrx_word' id='word_1_1237' title='bbox 2640 5591 2935 5655; x_wconf 81' lang='lat' dir='ltr'><strong>iniquitatem</strong></span> <span class='ocrx_word' id='word_1_1238' title='bbox 2957 5593 3103 5655; x_wconf 69' lang='lat' dir='ltr'><strong>adiat.</strong></span> 
     </span>
    </p>
   </div>
   <div class='ocr_carea' id='block_1_153' title="bbox 2079 5653 3384 5719">
    <p class='ocr_par' dir='ltr' id='par_1_153' title="bbox 2079 5653 3384 5719">
     <span class='ocr_line' id='line_1_156' title="bbox 2079 5653 3384 5719; baseline 0 -15"><span class='ocrx_word' id='word_1_1239' title='bbox 2079 5658 2153 5719; x_wconf 82' lang='grc' dir='ltr'><strong>(η)</strong></span> <span class='ocrx_word' id='word_1_1240' title='bbox 2186 5664 2319 5719; x_wconf 74' lang='lat' dir='ltr'><strong>toan.</strong></span> <span class='ocrx_word' id='word_1_1241' title='bbox 2344 5657 2569 5719; x_wconf 74' lang='lat' dir='ltr'><strong>Fisaimn.</strong></span> <span class='ocrx_word' id='word_1_1242' title='bbox 2597 5668 2644 5719; x_wconf 66' lang='grc' dir='ltr'>ιι.</span> <span class='ocrx_word' id='word_1_1243' title='bbox 2665 5653 2793 5712; x_wconf 77' lang='grc' dir='ltr'><strong>7,ὐι</strong></span> <span class='ocrx_word' id='word_1_1244' title='bbox 2815 5656 2942 5719; x_wconf 73' lang='lat' dir='ltr'><strong>apud</strong></span> <span class='ocrx_word' id='word_1_1245' title='bbox 2966 5653 3175 5706; x_wconf 73' lang='lat' dir='ltr'><strong>Anselm.</strong></span> <span class='ocrx_word' id='word_1_1246' title='bbox 3199 5663 3278 5706; x_wconf 80' lang='lat' dir='ltr'><strong>0r.</strong></span> <span class='ocrx_word' id='word_1_1247' title='bbox 3308 5654 3384 5704; x_wconf 77' lang='grc' dir='ltr'>ιι).</span> 
     </span>
    </p>
   </div>
   <div class='ocr_carea' id='block_1_154' title="bbox 2079 5658 2886 5781">
    <p class='ocr_par' dir='ltr' id='par_1_154' title="bbox 2079 5658 2886 5781">
     <span class='ocr_line' id='line_1_157' title="bbox 2079 5658 2886 5781; baseline -0.004 -77"><span class='ocrx_word' id='word_1_1248' title='bbox 2079 5658 2153 5781; x_wconf 57' lang='lat' dir='ltr'><strong>(lt;</strong></span> <span class='ocrx_word' id='word_1_1249' title='bbox 2186 5664 2319 5704; x_wconf 75' lang='lat' dir='ltr'><strong>toan.</strong></span> <span class='ocrx_word' id='word_1_1250' title='bbox 2344 5658 2569 5704; x_wconf 75' lang='lat' dir='ltr'><strong>Fisatmn.</strong></span> <span class='ocrx_word' id='word_1_1251' title='bbox 2597 5668 2644 5715; x_wconf 90' lang='lat' dir='ltr'><strong>p.</strong></span> <span class='ocrx_word' id='word_1_1252' title='bbox 2665 5658 2714 5712; x_wconf 89' lang='lat'><strong>7,</strong></span> <span class='ocrx_word' id='word_1_1253' title='bbox 2741 5662 2793 5703; x_wconf 88' lang='lat' dir='ltr'><strong>et</strong></span> <span class='ocrx_word' id='word_1_1254' title='bbox 2815 5669 2886 5767; x_wconf 51' lang='lat' dir='ltr'><strong>agt</strong></span> 
     </span>
     <span class='ocr_line' id='line_1_158' title="bbox 2079 5716 2886 5781; baseline -0.001 -15"><span class='ocrx_word' id='word_1_1255' title='bbox 2079 5719 2128 5781; x_wconf 71' lang='grc' dir='ltr'><strong>(ὁ</strong></span> <span class='ocrx_word' id='word_1_1256' title='bbox 2186 5723 2247 5766; x_wconf 71' lang='lat' dir='ltr'><strong>Bx</strong></span> <span class='ocrx_word' id='word_1_1257' title='bbox 2274 5718 2358 5766; x_wconf 86' lang='lat' dir='ltr'><strong>lib.</strong></span> <span class='ocrx_word' id='word_1_1258' title='bbox 2378 5717 2441 5767; x_wconf 88' lang='lat' dir='ltr'><strong>de</strong></span> <span class='ocrx_word' id='word_1_1259' title='bbox 2464 5716 2683 5780; x_wconf 84' lang='lat' dir='ltr'><strong>Speculo,</strong></span> <span class='ocrx_word' id='word_1_1260' title='bbox 2711 5730 2815 5780; x_wconf 80' lang='lat' dir='ltr'><strong>cap.</strong></span> <span class='ocrx_word' id='word_1_1261' title='bbox 2874 5753 2886 5765; x_wconf 94' lang='lat'><strong>.</strong></span> 
     </span>
    </p>
   </div>
  </div>
