4094 6342
319 326 418 386 θιι
1098 328 1472 390 ΛῡΜΟΝΙΤΙΟ
1509 327 1575 387 IN
1615 325 1870 386 ιιθιιυιι

1995 327 2005 384 5
2043 325 2508 386 CONTHITIONE
2543 327 2808 388 CORBIB.

318 442 563 500 homines
603 446 864 506 exultaret
907 447 974 506 ad
1027 448 1484 503 conversationem
1537 444 1890 515 Angelorum,

317 529 438 588 eum
469 515 608 571 Deus
635 517 872 576 oﬂ’ensul
908 519 1250 586 moriebatur,
1291 530 1348 572 ιιι
1383 527 1631 588 peccatur
1658 517 1888 571 viveret!

314 583 428 640 lleu
475 588 565 656 qui
621 595 726 643 tam
769 590 1087 656 admirabili,
1143 583 1248 644 tam
1295 583 1650 643 inaistitnabili
1697 589 1892 657 pietate

314 671 552 725 przesens
572 658 947 730 obstupescere
973 676 1075 714 non
1104 661 1308 715 merui!
1344 662 1466 722 Cur,
1501 679 1532 709 ιι
1553 661 1726 713 :mima
1751 673 1889 723 mea,

315 736 366 802 te
393 738 709 802 praesentem
743 747 846 785 non
883 731 1140 786 transfixit
1170 731 1376 802 gladius
1412 730 1705 802 acutissimi
1745 730 1895 802 dolo-7

312 799 408 871 ris,
449 814 569 854 cum
610 800 749 857 ferre
790 817 893 856 non
921 817 1104 871 posses
1135 799 1399 855 vulnerari
1434 803 1612 854 lancea
1645 801 1781 855 latus
1813 801 1892 853 'tui

215 925 220 930 ,
312 868 629 941 Salvatoris,
661 887 781 926 cum
814 868 994 927 videre
1022 875 1270 941 nequires
1298 872 1480 925 violari
1509 871 1678 926 clavis
1705 885 1892 924 minus

258 992 264 998 .
310 948 363 993 et
395 939 558 1007 pedes
584 943 655 996 tui
684 943 1043 1005 Plasmatoris,
1081 939 1200 998 eum
1222 945 1240 975 ⁸
1265 944 1512 996 horreres
1551 942 1747 995 effundi
1779 957 1894 994 san-

309 1011 520 1076 guinem
546 1012 623 1066 lui
646 1013 1055 1083 Redemptoris?
1080 1015 1185 1068 Cur
1209 1030 1314 1068 non
1343 1030 1400 1068 es
1433 1013 1684 1067 inebriata
1718 1013 1889 1082 lacry-

309 1095 515 1154 marum
543 1084 926 1154 amaritudine,
958 1100 1078 1139 cum
1123 1085 1209 1138 ille
1237 1093 1508 1154 putaretur
1537 1083 1890 1154 amaritudine

310 1151 485 1224 fellis?
529 1153 635 1207 Cur
709 1171 815 1209 non
861 1171 918 1210 es
959 1151 1252 1224 compassa'
1305 1157 1615 1210 castissimae
1663 1152 1888 1223 Virgini,

308 1221 633 1297 dignissima:
668 1226 822 1280 matri
866 1225 1002 1296 ejus,
1049 1221 1439 1297 benignissima:
1481 1221 1888 1297 denuntiatum?

309 1292 534 1350 Domina
581 1311 696 1350 mea
747 1292 1275 1363 miserieoi-dissima,
1318 1314 1452 1367 quos
1501 1299 1668 1349 fontes
1717 1295 1888 1348 dicam

307 1367 550 1437 erupisse
587 1367 655 1422 de
684 1367 1037 1437 pndicissimis
1075 1369 1262 1433 oculis,
1295 1383 1413 1422 cum
1442 1367 1748 1423 attenderes
1771 1368 1890 1420 uui-

307 1449 426 1506 cum
449 1435 616 1492 filium
657 1435 805 1492 tuum
835 1439 1167 1494 innocentem
1197 1455 1375 1494 curam
1407 1449 1458 1494 te
1501 1439 1671 1506 ligari,
1699 1437 1886 1504 flagel-

306 1505 428 1572 lari,
469 1508 728 1563 mactari‘l
755 1508 899 1576 Quos
926 1509 1080 1566 fletus
1098 1513 1118 1542 ³
1146 1510 1358 1566 credant
1389 1505 1685 1578 perl‘udisse
1709 1507 1885 1577 piissi-

302 1592 454 1650 mum
485 1580 706 1643 vultum,
753 1595 875 1634 cum
913 1583 1212 1650 suspiceres
1255 1581 1499 1635 eumdem
1539 1589 1592 1634 et
1631 1579 1791 1633 Deum
1836 1588 1890 1633 et

303 1645 586 1721 Dominum
630 1659 774 1704 tuum
816 1651 867 1704 in
895 1645 1051 1706 cruce
1080 1653 1194 1707 sine
1233 1653 1386 1721 culpa
1411 1650 1645 1712 extendi.
1679 1659 1732 1721 et
1757 1665 1886 1721 .car-

304 1733 426 1792 nem
457 1720 523 1792 de
544 1735 707 1792 carne
733 1730 818 1775 tua
841 1722 908 1776 ab
937 1722 1112 1792 impiis
1137 1720 1423 1777 crudeliter
1447 1722 1700 1776 dissecari
1717 1720 1739 1773 ?
1759 1720 1888 1789 Qui—

299 1787 402 1844 bus
430 1791 746 1862 singultibus
767 1787 1402 1874 aestimabo.purissinuun
1431 1802 1614 1862 pectus
1643 1787 1885 1874 vexatum

300 1874 440 1932 esse,
459 1861 588 1932 cum
613 1871 664 1917 tu
681 1861 893 1918 audires
911 1881 922 1917 :
944 1861 1150 1928 Mulier,
1165 1881 1275 1918 ecce
1286 1865 1422 1932 ﬁlius
1435 1861 1575 1926 tuus;
1587 1872 1638 1918 et
1653 1862 1886 1931 discipu-

298 1930 384 2004 lus
400 1973 415 1996 ,
447 1931 577 1989 Ecce
594 1933 1034 2004 matertua(Joau.
1051 1951 1165 2002 tux,
1183 1935 1253 1990 26
1279 1930 1326 1990 et
1350 1932 1463 2003 27):
1477 1951 1596 1990 cum
1615 1930 1886 2004 acciperes

297 2001 613 2076 discipulum
634 2022 728 2076 pro
746 2001 1011 2076 Magistro,
1038 2001 1250 2062 servum
1276 2023 1368 2075 pro
1389 2001 1650 2076 Domino?
1673 2003 1882 2059 Utinam

298 2088 420 2127 enm
446 2075 597 2129 felice
624 2075 1131 2145 Joseph’Dominum
1149 2094 1326 2132 meum
1348 2078 1414 2132 de
1434 2093 1591 2131 cruce
1611 2075 1885 2144 deposuis-

296 2158 436 2210 sent,
457 2147 783 2219 aromatibus
799 2148 1142 2215 condiissem,
1165 2149 1214 2202 in
1241 2150 1485 2219 sepulcro
1511 2147 1878 2219 collocassent,

295 2225 388 2269 aut
405 2218 592 2273 saltem
610 2228 918 2283 prosecutus
931 2220 1010 2274 vel
1025 2216 1342 2274 consecutus
1353 2234 1549 2283 3530!“,
1565 2229 1620 2272 ut
1639 2226 1781 2271 tanto
1798 2216 1852 2272 fu
1865 2248 1879 2257 -

295 2288 434 2361 peri,
456 2305 562 2344 non
589 2288 800 2344 deesset
835 2291 1031 2361 aliquid
1056 2291 1158 2345 mei
1194 2291 1434 2360 obsequii
1468 2293 1480 2344 l
1515 2290 1722 2345 Utinam
1760 2304 1881 2343 cum

295 2356 467 2413 beatis
509 2361 822 2416 mulieribus
863 2356 1087 2416 corusca
1113 2362 1318 2417 visione
1343 2356 1678 2431 'Angelornm
1706 2373 1879 2413 essem

295 2431 632 2499 perterritus,
672 2439 726 2485 et
753 2432 1018 2487 audissem
1049 2433 1291 2488 nuntium
1331 2431 1609 2486 dominica:
1638 2444 1880 2484 resurre—

293 2502 506 2565 ctionis,
536 2503 775 2557 nuntium
811 2519 943 2558 mea:
970 2503 1369 2567 consolationis,
1395 2503 1633 2557 nuntium
1660 2512 1762 2555 tam
1787 2517 1880 2554 ex-

292 2582 613 2640 spectatum,
661 2575 903 2630 nuntium
951 2584 1056 2630 tam
1095 2575 1454 2630 desideratum
1487 2572 1760 2638 lUtinam,
1804 2572 1882 2628 iu-

291 2658 474 2767 quam,
515 2645 778 2700 audissem
826 2662 894 2702 ex
937 2661 1029 2701 ore
1076 2647 1284 2717 Angeli,
1337 2643 1509 2699 Nolite
1537 2645 1710 2698 timere
1747 2657 1880 2696 vos:

329 2731 473 2767 esum
526 2718 749 2767 quaeritis
809 2717 1139 2767 crucifixum:
1196 2717 1452 2767 surrexit.
1525 2731 1625 2767 non
1670 2724 1741 2767 est
1798 2714 1878 2766 ltic

329 2731 473 2786 {tum
526 2718 749 2784 qum-itis
809 2717 1139 2786 cruciﬁxum;
1167 2714 1452 2780 'surrexit,
1525 2731 1625 2768 non
1670 2724 1741 2768 est
1798 2714 1878 2786 hic

295 2784 488 2859 (Mare.
536 2803 650 2854 XVI,
696 2787 750 2858 6)
782 2784 1221 2859 !Benignis:ime,
1266 2788 1600 2852 suavissime,
1637 2785 1881 2859 serenis-

290 2857 446 2928 sime,
478 2859 690 2928 quando
731 2856 1062 2916 'restaurabis
1110 2859 1261 2924 mihi,
1291 2859 1411 2928 quia
1461 2874 1568 2912 nun
1601 2857 1704 2910 vidi
1734 2856 1876 2928 illam

289 2925 627 2984 beatanftuze
649 2931 824 2984 carnis
855 2925 1328 2997 incorruptionem,
1361 2931 1482 3000 quia
1531 2943 1636 2982 non
1678 2927 1750 3000 fui
1782 2927 1876 2980 de-

285 3002 560 3056 osculatus
585 3001 701 3056 loca
739 3003 1038 3065 vulnerum,
1067 3003 1263 3056 fixurus
1279 3003 1574 3066 clavorum,
1605 2999 1725 3068 quia
1770 3012 1877 3052 non

287 3071 523 3144 respersi
549 3072 800 3144 lacrymis
827 3073 1001 3143 gaudii
1048 3073 1324 3128 cicatrices
1361 3079 1519 3144 testes
1529 3069 1660 3144 _v_'eri
1687 3085 1876 3144 cut-po-

287 3141 365 3198 ris
377 3136 764 3206 '?Admirabilis,
781 3136 1183 3210 iniestimabilis,
1199 3136 1648 3212 ilicetttparabilis,
1666 3138 1877 3212 quando

286 3214 652 3269 consolaberis
698 3231 782 3269 me
831 3224 882 3270 et
923 3230 1232 3284 compesces
1263 3232 1291 3268 a
1322 3210 1509 3269 dolore
1554 3211 1718 3266 meo?
1760 3210 1876 3284 Non

286 3286 432 3338 enim
479 3287 621 3354 capit
666 3286 719 3340 in
771 3302 856 3340 me
897 3282 1062 3341 dolor
1083 3301 1236 3342 meus
1273 3284 1524 3355 quamdiu
1563 3282 1877 3355 peregrinus

283 3367 408 3412 sum
435 3370 468 3410 a
492 3356 720 3412 Domino
763 3372 904 3413 meo.
931 3357 1046 3414 Heu
1073 3357 1228 3426 mihi,
1255 3354 1501 3425 Domine,
1542 3355 1647 3411 heu
1684 3354 1876 3410 anima:

351 3492 371 3524 ι
407 3498 489 3542 tts.
517 3492 780 3550 Mettensis,
807 3504 914 3541 cur.

348 3554 372 3586 '
404 3559 487 3605 Its.
515 3557 778 3616 Mettensis,
797 3553 986 3618 ﬂuctus.

1991 1245 2136 1293 inca,
2168 1229 2266 1282 uisi
2293 1228 2362 1283 (lc
2398 1238 2469 1294 te,
2503 1228 2727 1283 dulcedo
2759 1245 2892 1283 mea.

3483 331 3590 390 942

2006 462 2140 500 ea:
2162 466 2173 510 ;
2201 447 2486 514 recessisti,
2508 450 2808 504 consolator
2827 447 2948 504 vice
2969 460 3126 516 mete,
3147 462 3246 504 nec
3271 448 3384 503 vale
3403 448 3588 508 dixisti

2003 519 2167 573 mihi!
2226 519 2533 589 ingrediens
2589 520 2702 574 vias
2752 526 2868 574 tuas
2924 518 3237 576 benﬁxisti
3290 521 3428 583 tuis,
3487 535 3590 578 nec

2002 589 2171 654 adfui;
2205 592 2421 644 elevatis
2447 591 2688 645 manibus
2714 606 2742 643 a
2771 589 2909 644 nube
2931 598 3209 657 susceptus
3228 606 3286 645 es
3309 593 3360 645 in
3386 592 3588 649 calum

2003 659 2158 732 (Luc.
2185 678 2337 726 χχιιι,
2367 662 2618 730 50et5l),
2650 677 2748 715 nec
2779 660 2915 727 vidi;
2941 660 3128 731 Augeli
3151 662 3508 730 promiserunt
3531 671 3589 720 te

2001 733 2317 796 rediturum,
2352 749 2449 788 nec
2479 733 2673 786 audivi.

2071 803 2204 868 Quid
2258 803 2466 857 dicam?
2510 803 2633 872 quid
2663 803 2847 857 faciam
2878 804 2902 857 ?
2932 818 3037 873 quo
3066 801 3292 856 vatiam?
3329 802 3418 857 ubi
3459 820 3586 862 eum
3609 807 3622 814 '

2000 876 2273 940 qua-ram?
2306 876 2390 927 ubi
2433 876 2514 927 vel
2554 875 2764 943 quando
2805 874 3108 929 inveniam?
3143 873 3310 940 Quem
3345 875 3584 941 rogabo?

1999 945 2128 1012 Quis
2163 945 2426 998 nnntiabit
2452 945 2668 1010 dilecto,
2698 946 2818 1014 quia
2857 960 3042 1001 amore
3083 944 3350 1014 langueo?
3381 945 3586 1002 Defecit

1997 1017 2243 1084 gaudium
2271 1016 2443 1070 cordis
2471 1016 2594 1080 mei,
2625 1031 2806 1070 versus
2835 1017 2988 1070 estin
3012 1017 3207 1071 luctum
3231 1015 3368 1068 risus
3396 1032 3579 1074 meus:

1999 1085 2188 1141 defecit
2229 1103 2354 1141 caro
2400 1102 2514 1140 mea
2549 1095 2603 1140 et
2649 1102 2742 1140 cor
2773 1102 2969 1150 meum,
3011 1089 3149 1142 Deus
3174 1085 3352 1139 cordis
3383 1088 3483 1140 mei
3527 1098 3584 1144 et

1998 1173 2123 1228 pars
2165 1174 2280 1212 mea
2311 1158 2450 1213 Deus
2489 1157 2538 1211 in
2567 1167 2846 1212 :nternum.
2887 1158 3085 1228 Renuit
3109 1157 3372 1228 consolari
3402 1158 3579 1214 anima

2926 1227 3062 1297 Quid
3089 1228 3230 1284 enim
3263 1226 3388 1280 tuihi
3415 1239 3497 1283 est
3524 1230 3578 1286 in

1997 1301 2154 1365 cmlu,
2197 1312 2246 1354 et
2285 1316 2312 1354 a
2345 1309 2393 1354 te
2428 1299 2552 1370 quid
2598 1299 2738 1354 volui
2785 1314 2946 1368 super
2975 1297 3206 1354 terram?
3233 1297 3308 1353 Te
3338 1299 3480 1367 volo,
3528 1310 3580 1356 te

1996 1387 2174 1439 spero,
2225 1381 2274 1426 te
2314 1387 2494 1442 quaero
2524 1389 2535 1423 :
2565 1370 2655 1425 tibi
2685 1371 2816 1442 dixit
2844 1386 2937 1425 cor
2961 1385 3164 1442 meum,
3205 1371 3432 1434 Quaesivi
3466 1372 3578 1426 vul-

1997 1453 2104 1498 tum
2126 1453 2298 1507 tuum;
2325 1441 2525 1496 vultum
2550 1451 2718 1508 tuum,
2745 1441 2986 1506 Domine,
3013 1441 3299 1512 requiram,
3322 1455 3390 1494 ne
3417 1456 3577 1496 aver-

1997 1523 2076 1568 las
2104 1513 2290 1568 faciem
2336 1523 2476 1567 tuatn
2519 1530 2547 1567 a
2589 1528 2693 1567 me.
2737 1515 2958 1567 Amatur
3000 1512 3272 1567 hominum
3312 1512 3580 1582 benignis-

1995 1584 2149 1650 sime,
2208 1585 2296 1638 tibi
2347 1584 2629 1639 derelictus
2674 1593 2754 1638 est
2808 1598 3036 1653 pauper;
3084 1583 3322 1651 orphano
3366 1591 3418 1635 tu
3455 1585 3575 1653 reris

1995 1656 2223 1723 adpitur.
2277 1656 2341 1709 Mi
2389 1655 2648 1708 advocate
2703 1652 2985 1718 tutissime,
3037 1655 3293 1709 miserere
3349 1652 3574 1722 orphani

1993 1727 2232 1782 dercli’cti
2264 1745 2276 1781 :
2309 1727 2539 1797 pupillus
2582 1725 2750 1779 factus
2788 1741 2905 1797 sunt
2945 1725 3143 1794 absque
3181 1734 3330 1797 patre
3354 1739 3374 1797 ;»
3398 1725 3575 1781 anima

1996 1814 2114 1852 mea
2138 1799 2285 1867 quasi
2310 1795 2490 1851 vidua.
2525 1797 2748 1866 Respice
2787 1795 3027 1850 orbitatis
3057 1805 3110 1850 et
3130 1795 3408 1867 ividuitatis
3439 1811 3573 1852 mete

1994 1866 2275 1939 laet-vinas,
2315 1884 2444 1939 quas
2491 1869 2581 1922 tibi
2621 1867 2786 1922 offero
2828 1867 3010 1939 donec
3051 1866 3258 1922 redeas.
3297 1869 3406 1936 Age
3437 1867 3569 1939 jam,

1992 1937 2270 2002 Doniine‘,
2303 1937 2500 2009 apparo
2546 1939 2694 2005 mihi,
2738 1946 2792 1993 et
2831 1937 3135 2009 consolatus
3179 1951 3308 2001 ero;
3351 1938 3573 1994 ostende

1994 2009 2179 2066 faciem
2207 2008 2382 2076 tuam,
2403 2020 2457 2064 et
2478 2010 2653 2064 salvus
2672 2024 2802 2074 ero;
2827 2008 3016 2063 exhibe
3043 2009 3379 2079 praesentiam
3404 2019 3569 2076 tuam,

1990 2092 2044 2136 et
2072 2092 2390 2136 consecutus
2413 2097 2505 2135 ero
2535 2079 2858 2134 desiderium
2889 2095 3100 2144 meum;
3141 2081 3315 2134 revela
3346 2079 3572 2148 gloriam

1992 2162 2155 2218 tuam,
2194 2163 2247 2208 et
2297 2154 2398 2207 erit
2444 2152 2730 2222 perfectum
2766 2151 3010 2222 gaudium
3056 2167 3256 2206 meum.
3299 2151 3472 2204 Sitivit
3516 2151 3572 2208 in

1992 2234 2042 2278 te
2095 2226 2269 2279 anima
2322 2221 2461 2288 mea,
2504 2239 2658 2290 (piam
2715 2221 3076 2291 multipliciter
3131 2222 3225 2275 tibi
3274 2235 3398 2291 caro
3451 2237 3568 2277 mea

1994 2295 2162 2365 (Psaf.
2197 2311 2321 2358 1.x",
2356 2295 2435 2360 ‘2).
2479 2293 2654 2347 Sitivit
2696 2290 2882 2346 anima
2920 2309 3035 2365 inea
3075 2291 3139 2346 ad
3173 2293 3347 2365 Deum»
3363 2290 3566 2365 fontem

1989 2361 2186 2430 vivum,
2223 2365 2435 2435 quando
2463 2365 2666 2418 veniam
2713 2372 2767 2435 et
2797 2363 3063 2435 apparebo
3091 2361 3438 2435 antefaciem
3473 2363 3571 2418 Dei

1990 2441 2089 2492 tnci
2120 2433 2292 2506 (Ps-(il.
2326 2453 2432 2499 xm,
2461 2435 2514 2505 5)
2527 2436 2556 2506 7?
2577 2433 2797 2500 Quando
2813 2433 3034 2506 venies,
3063 2433 3365 2506 consolator
3396 2449 3566 2497 meus,

1988 2503 2144 2578 quem
2175 2507 2466 2574 exspecto?
2497 2503 2552 2560 Ὀ
2578 2507 2623 2578 si
2649 2504 2860 2578 quando
2888 2503 3078 2559 videbo
3103 2504 3353 2578 gaudium
3392 2519 3568 2578 meum

1987 2575 2127 2650 quod
2154 2579 2433 2632 desidero!
2482 2594 2525 2650 op
2555 2577 2598 2630 si
2629 2576 2863 2630 satiabur
2902 2575 3565 2650 caturapparueritgloria

1989 2644 2076 2706 tua
2109 2650 2277 2722 (l’sal.
2310 2666 2416 2713 xvi,
2451 2648 2559 2718 15),
2591 2662 2745 2722 quam
2775 2648 2981 2701 esurio!
3090 2644 3148 2700 si
3169 2644 3470 2722 inebriabor
3494 2645 3562 2702 ab

1991 2716 2232 2778 ubertate
2262 2722 2448 2774 domus
2475 2716 2596 2780 tum,
2626 2717 2872 2784 adquam
2901 2718 3142 2787 SUSpil‘O;
3177 2719 3220 2772 si
3249 2716 3456 2786 potabis
3479 2731 3567 2772 me

1988 2803 2222 2849 torrente
2254 2791 2533 2860 voluptatis
2563 2800 2664 2844 tua:
2698 2787 2867 2860 (Psaf.
2902 2804 3069 2852 xxxv,
3096 2787 3178 2858 tl),
3220 2804 3377 2858 quam
3407 2787 3564 2844 sitio!

1985 2866 2100 2921 Sint
2140 2863 2266 2918 mihi
2311 2859 2532 2938 Domine
2574 2859 2787 2938 interim
2829 2859 3449 2938 IacryinzeJneaampanes
3479 2860 3568 2915 die

1985 2952 2047 2990 ac
2101 2945 2287 3001 nocte,
2349 2932 2518 2987 donec
2569 2930 2773 2985 dicatur
2826 2929 2994 2996 mihi,
3065 2931 3200 2986 Ecce
3255 2929 3393 2984 Heus
3447 2940 3568 2985 tuus

1987 3007 2292 3080 (Psal.}|.t,
2323 3005 2378 3075 4)
2404 3021 2418 3068 ;
2461 3003 2631 3080 donec
2660 3001 3138 3080 audiam,__Anima,_
3169 3016 3294 3056 ecce
3338 3016 3568 3080 Sponsus

1987 3071 2124 3134 tuus.
2157 3078 2321 3132 Pasce
2351 3071 2434 3130 me
2464 3074 2670 3128 interim
2698 3071 3010 3142 singultibus
3038 3073 3192 3142 tneis,
3223 3083 3345 3140 pota
3373 3088 3456 3126 me
3486 3072 3568 3126 in-

1985 3151 2143 3207 terim
2182 3148 2392 3202 fletibus
2421 3146 2570 3207 meis,
2601 3141 2832 3198 refocilla
2863 3158 2945 3196 tne
2972 3141 3247 3197 doloribus
3273 3143 3440 3197 meis:
3471 3159 3563 3198 ve-

1985 3223 2096 3276 niet
2141 3221 2342 3275 interea
2383 3219 2606 3271 fortasse
2651 3213 2979 3284 Redemptor
3023 3228 3194 3280 meus,
3239 3214 3360 3284 quia
3393 3214 3564 3284 bonus

1983 3301 2100 3356 est;
2127 3306 2224 3346 nec
2253 3289 2496 3350 tardabit,
2520 3286 2641 3356 quia
2681 3285 2799 3356 pius
2825 3293 2927 3340 est.
2961 3283 3064 3356 Ipsi
3093 3283 3270 3357 gloria
3289 3286 3342 3340 in
3369 3283 3565 3340 sa:cula

1983 3363 2320 3422 saeculorum.
2350 3362 2537 3415 Amen.

2045 3542 2064 3575 ³
2099 3537 2246 3590 Alias:
2274 3533 2499 3599 Eiajam,
2529 3531 2746 3594 Dandae,
2768 3529 2862 3582 eia.

281 3700 3575 3749 Μ

1408 3820 2452 3952 Διιιιιοπιτιο

1186 4033 1270 4100 IN
1297 4032 1600 4100 LIBRUM
1639 4031 1746 4094 DE
1787 4017 2321 4092 CONTRITIONE
2362 4013 2669 4080 CORDIS.

1776 4169 2092 4230 φέρει-τῷ)

359 4319 665 4394 Exploratis
705 4318 975 4378 codicibus
1013 4319 1411 4388 manuscriptis,
1441 4315 1740 4373 invenimus
1775 4315 1897 4370 loco
1924 4311 2080 4384 hujus
2108 4308 2271 4364 libelli
2311 4318 2446 4377 opus
2475 4296 3026 4394 aliquanto#prol-ixius
3049 4338 3064 4366 ,
3095 4295 3321 4394 quod‘in
3351 4297 3458 4354 illis
3485 4299 3570 4394 in-

277 4388 560 4487 scribi-tur,
592 4417 729 4474 falso
755 4415 990 4486 quidem,
1039 4412 1407 4469 Meditationes
1432 4410 1572 4466 beati
1601 4408 1880 4480 Augustini
1915 4403 2210 4474 :incipiens
2237 4401 2291 4456 in
2323 4399 2439 4454 hate
2463 4395 2646 4461 verba,
2681 4410 2701 4444 ι
2735 4389 3188 4487 Ειιιηιιιιιιιιιιιοὶίι,
3230 4388 3353 4487 fuge
3381 4392 3571 4487 paulu-

280 4512 399 4570 lum
427 4481 811 4582 occupationes
838 4518 1111 4573 terrenas;
1147 4526 1166 4559 ι
1196 4513 1252 4561 et
1279 4504 1559 4560 continens
1586 4502 1802 4572 triginta
1828 4513 2023 4556 novem
2057 4494 2308 4566 capitula,
2331 4489 2508 4545 omnia
2539 4503 2606 4542 ex
2635 4482 2874 4586 Apsclmi
2905 4483 3018 4585 sive
3039 4481 3223 4584 certis,
3255 4483 3573 4586 sive-dubiis

279 4575 870 4678 Opusculis-decerpta.
904 4601 958 4657 In
1005 4616 1072 4656 eo
1101 4597 1501 4654 Meditationum
1556 4610 1719 4664 opere
1747 4591 1959 4648 libellus
1984 4589 2107 4653 istc,
2149 4599 2307 4656 quem
2345 4581 2620 4678 Editiones
2650 4575 2928 4647 Augustini
2973 4575 3188 4678 priores.
3212 4576 3481 4678 appellant
3507 4575 3574 4629 de

278 4669 624 4757 contritione
647 4669 844 4760 cordis,
879 4696 954 4750 sic
986 4693 1297 4756 includitur,
1329 4699 1386 4744 ut
1411 4689 1632 4757 incipiat
1657 4704 1684 4742 a
1708 4685 1941 4756 capitulo
1966 4680 2368 4737 Meditationum
2398 4672 2706 4730 earumdem
2735 4680 2946 4736 octavo,
2979 4679 3032 4724 et
3061 4669 3114 4724 in
3143 4671 3398 4740 vigesimo
3428 4683 3573 4722 nono

275 4793 518 4859 desinat,
547 4789 925 4861 prietermissis
949 4787 1199 4842 videlicet
1237 4792 1444 4856 septem
1469 4783 1655 4854 primis
1700 4796 1764 4835 ac
1793 4777 2076 4849 pustremis
2112 4774 2298 4830 decem
2327 4768 2595 4841 capitulis.
2641 4767 2906 4861 Excerpta
2939 4765 3166 4836 capitula
3197 4765 3309 4818 haec
3353 4764 3571 4861 ex‘An-

277 4886 441 4942 selmi
475 4857 746 4956 opusculis
772 4883 885 4938 sive
913 4880 1076 4937 certis
1113 4879 1361 4943 dicimus,
1401 4876 1514 4931 sive
1550 4873 1750 4930 dubiis.
1784 4871 1914 4926 Nam
1943 4869 2070 4924 illud
2110 4867 2325 4939 quidem
2355 4861 2694 4956 upusculum,
2737 4859 2876 4915 unde
2914 4866 3180 4956 sumptum
3211 4857 3572 4956 comperimus

275 4950 607 5053 prtedictum
631 4979 1034 5036 Meditationum
1059 4974 1351 5046 capitulum
1380 4981 1650 5035 octavum,
1679 4967 1730 5024 id
1754 4978 1834 5022 est
1860 4964 2132 5020 Mcditatio
2162 4959 2414 5053 Anselmi
2430 4973 2571 5013 nunc
2597 4955 2784 5053 ordine
2810 4952 3249 5053 septimm-quam
3281 4950 3380 5053 sub
3408 4951 3572 5053 ipsius

275 5041 508 5130 nomine
541 5071 747 5145 primus
774 5069 1009 5140 vulgavit
1048 5041 1378 5136 TbeOphilus
1421 5061 1767 5134 Raynaudus,
1807 5055 2213 5125 haudquaquam
2261 5049 2512 5108 Anselmu
2552 5048 2678 5102 satis
2698 5054 2960 5145 veterum.
2983 5041 3225 5145 codicum
3256 5042 3570 5145 auctoritate

273 5131 569 5234 asseritur,
620 5176 674 5222 et
703 5131 947 5221 continet
971 5161 1110 5216 dicta
1148 5131 1386 5228 Hugonis
1416 5131 1672 5211 Victorini
1698 5150 1938 5224 quaedam
1981 5164 2045 5203 ex
2084 5145 2235 5202 libris
2259 5143 2327 5199 de
2366 5137 2734 5235 Modoorandi
2760 5135 2908 5235 etnde
2932 5134 3105 5235 Arrha
3125 5132 3336 5235 animae.
3364 5131 3570 5235 Cictera

272 5273 472 5318 autem
515 5225 580 5316 cit
613 5257 857 5315 Anselmi
884 5252 1187 5324 Proslogio,
1219 5225 1376 5320 atque
1415 5263 1484 5304 ex
1527 5248 1631 5302 illis
1665 5246 1981 5316 deprompta
2026 5248 2149 5296 sunt
2177 5236 2294 5309 ejus
2328 5232 2616 5332 opusculis,
2651 5230 2704 5285 in
2732 5228 2926 5332 quibus
2953 5226 3147 5332 emicat
3169 5225 3453 5332 character
3484 5225 3574 5328 ille

273 5358 606 5427 praecipuus,
630 5354 772 5410 unde
823 5351 1022 5422 scripta
1067 5318 1306 5402 Auselmi
1351 5340 1796 5398 commendantur
1849 5352 1881 5391 a
1939 5332 2190 5428 Durando
2215 5327 2502 5428 (iaste-Dei
2529 5325 2740 5428 abbate,
2768 5319 3068 5428 iit-epistola
3097 5319 3238 5424 inter
3266 5318 3566 5428 Auselmi-a-

273 5412 404 5515 itas,
438 5412 531 5503 lib.
573 5412 626 5513 ί,
653 5445 745 5510 61,
785 5412 1206 5516 (ιιιοᾱήἰιιιίι-ιιω
1237 5435 1383 5491 sintt
1420 5433 1490 5488 de
1513 5431 1754 5488 Contrito
1794 5429 1986 5500 spiritu
2016 5435 2071 5481 et
2097 5424 2163 5479 de
2189 5423 2408 5520 pietate.
2437 5412 3082 5520 contritincordisnedita,
3113 5413 3281 5520 tusiv‘e
3312 5412 3568 5520 profecta.

285 5503 404 5600 llis,
417 5557 547 5600 vero
575 5503 710 5612 ipsis
731 5503 972 5592 iniit-andi
996 5531 1196 5599 verbis,
1219 5527 1394 5599 aptius
1420 5523 1648 5580 Contriti
1672 5521 1871 5587 cordis,
1902 5534 2060 5591 quam
2181 5513 2515 5612 contritione
2541 5508 2717 5612 cordis
2740 5505 3095 5612 appella-veris
3119 5503 3360 5612 libellum
3384 5504 3570 5612 subse<

275 5597 542 5712 quentem
568 5597 766 5706 :quem
796 5632 882 5686 hic
918 5644 949 5685 a
980 5597 1189 5684 mendis
1220 5597 1514 5678 innumeris
1543 5626 1819 5712 purgatum
1850 5613 2016 5673 babes
2049 5607 2292 5671 subsidio
2330 5602 2822 5674 manuscriptorum
2850 5597 3191 5658 bibliotheca
3230 5598 3435 5672 Regia,
3474 5597 3566 5656 Vi-

267 5710 533 5803 ctor-inte,
555 5739 613 5788 et
630 5726 848 5801 collegii
871 5720 1327 5783 Bernardinorum
1349 5710 1752 5773 Parisiensium.
