4094 6342
505 341 613 403 967

503 474 562 522 et
585 463 686 520 nisi
706 461 801 519 Dei
823 463 1186 522 misericordia
1205 478 1329 521 eum
1355 471 1587 528 tueatur,
1613 462 1810 532 smpius
1827 478 1995 532 usque
2021 464 2086 518 ad

507 545 737 592 mortem
761 537 1088 591 vulneratur.
1119 537 1307 592 Libera
1338 551 1425 590 me
1445 577 1460 601 ,
1493 534 1714 589 Domine
1736 577 1750 601 ,
1780 535 1845 588 ab
1875 534 1958 586 his
1989 535 2087 588 ho-

501 607 680 663 stibus
706 608 859 668 meis.
879 623 908 662 a
939 608 1131 678 quibus
1155 623 1242 661 me
1267 607 1494 661 liberare
1523 622 1629 660 non
1660 607 1832 678 valeo.
1865 607 2087 678 Perver-

501 692 626 734 sum
655 679 798 734 enim
828 687 884 734 et
907 679 1200 749 pessimum
1223 687 1305 732 est
1326 693 1418 732 cor
1437 692 1614 733 meum
1641 695 1654 732 :
1678 677 1741 730 ad
1768 677 2088 749 deploramla

502 757 813 820 perpetrata
850 747 1066 820 peccata
1097 763 1212 803 mea
1242 749 1509 820 lapideum
1547 756 1632 802 est
1676 756 1727 803 et
1757 749 1994 820 aridum,
2025 747 2090 802 ad

415 819 438 872 ἕ
507 819 866 878 msistendum
895 821 1215 875 instantibus
1245 823 1263 852 ¹
1295 819 1454 874 molle
1479 828 1535 872 et
1565 820 1763 873 luteum
1789 858 1805 884 ,
1831 819 1894 872 ad
1931 820 2090 872 inuti-

505 890 582 946 lia
608 901 662 946 ct
699 893 856 947 noxia
895 892 1166 946 tractanda
1188 892 1342 946 velox
1374 899 1428 945 et
1453 890 1776 958 infatigabile
1801 933 1814 953 ,
1846 890 1910 942 ad
1941 890 2090 959 cogi-

425 1002 436 1026 .,
507 962 671 1018 tanda
707 964 937 1018 salubria
978 962 1310 1018 fastidiosum
1339 970 1398 1018 et
1426 955 1721 1015 immobile.
1756 963 1945 1014 Anima
1973 955 2090 1015 nica

431 1047 438 1106 ς
507 1033 738 1106 distorta
751 1042 806 1106 et
825 1033 1193 1106 depravataad
1215 1032 1651 1104 praecipitandum
1674 1040 1728 1087 et
1745 1032 2089 1106 volutandum

507 1119 572 1159 se
599 1104 654 1159 in
687 1104 834 1160 vitiis
871 1105 1030 1160 nimis
1055 1103 1228 1160 facil-is
1257 1113 1340 1160 est
1363 1112 1416 1158 et
1457 1113 1734 1173 prompta;
1763 1103 1827 1155 ad
1863 1103 2090 1156 salutem

508 1175 964 1232 reminiscendam
1001 1177 1166 1230 nimis
1189 1174 1421 1230 difﬁcilis
1449 1184 1503 1229 et
1539 1175 1705 1244 pigra.
1742 1174 1979 1243 Longum
2011 1180 2094 1228 est

509 1261 828 1303 enumerare
875 1247 1081 1317 singula
1107 1291 1121 1313 ,
1147 1245 1568 1317 gastrimargiam
1593 1287 1606 1308 ,
1637 1245 2046 1317 somnolentiam
2071 1285 2086 1309 ,

509 1317 807 1384 levitatem,
839 1315 1244 1389 impatientiam,
1277 1315 1664 1389 eenodoxiam,
1681 1315 2088 1389 detractionem,

508 1386 950 1452 inobedientiani,
980 1397 1035 1443 et
1059 1397 1250 1444 caetera
1279 1389 1402 1442 vitia
1424 1388 1614 1457 quibus
1643 1387 1777 1440 facta
1799 1395 1882 1440 est
1912 1386 2091 1440 infelix

509 1460 686 1514 anima
729 1475 852 1514 mea
889 1461 1198 1529 quotldiano
1224 1458 1454 1513 ludibrio
1475 1502 1488 1525 ,
1521 1458 1711 1528 quibus
1739 1457 2052 1512 distrahitur
2074 1497 2090 1520 ,

509 1532 856 1586 conculcatur
879 1540 934 1584 et
955 1531 1214 1600 perditur.
1233 1530 1426 1584 Libera
1448 1545 1588 1600 eam,
1603 1529 1845 1594 Domine,
1861 1543 2093 1600 exonera

507 1601 654 1674 mole
679 1598 1017 1674 peccatorum
1051 1602 1295 1674 obrutam
1320 1617 1335 1665 ;
1361 1601 1506 1674 solve
1532 1599 1842 1674 delictorum
1880 1598 2094 1654 funibus

512 1671 750 1742 ligatam,
776 1673 967 1744 expedi
991 1673 1303 1728 criminibus
1334 1673 1611 1744 irretitam,
1633 1672 1779 1739 erige
1805 1671 2091 1744 jacentem,

511 1741 717 1799 sustine
745 1741 1039 1809 nutantem,
1069 1745 1274 1798 instrue
1301 1743 1664 1812 spirituaiibus
1690 1743 1854 1795 armis
1882 1741 2095 1796 virtuti-

508 1813 610 1886 bus
639 1815 897 1870 inermem
923 1857 936 1882 ,
962 1823 1086 1886 tege
1113 1825 1167 1870 et
1211 1824 1428 1886 protcge
1450 1822 1782 1886 pugnantem
1809 1855 1821 1876 ,
1852 1825 2095 1880 expugna

507 1885 928 1956 impugnantem.
957 1883 1084 1941 Jesu
1113 1883 1274 1950 bone,
1303 1885 1424 1938 vide
1448 1883 1806 1956 humilitatem
1839 1898 2010 1938 meam
2042 1891 2094 1956 et

509 1952 749 2012 labor-cm
777 1973 955 2013 meum
979 1999 992 2024 ,
1015 1967 1069 2014 et
1095 1957 1304 2012 dimitte
1329 1957 1575 2010 universa
1601 1955 1794 2009 delicta
1825 1970 1962 2008 mea.
1989 1952 2099 2007 Ad-

506 2027 654 2096 jutor
679 2043 830 2083 meus
853 2037 996 2094 esto,
1029 2043 1097 2082 ne
1126 2028 1464 2096 derelinquas
1489 2042 1596 2094 me,
1625 2040 1798 2096 neque
1827 2024 2097 2093 despicias

507 2113 616 2164 me;
641 2099 732 2154 sed
757 2099 892 2155 doce
915 2115 1002 2154 me
1021 2099 1196 2154 famre
1224 2099 1550 2153 voluntatem
1578 2108 1745 2152 tuam.
1767 2096 1952 2149 Anima
1979 2110 2095 2149 mea

510 2178 756 2237 testetur,
781 2171 922 2240 quod
949 2171 1176 2224 libenter
1201 2183 1262 2224 os
1287 2170 1589 2224 confitetur.
1622 2168 1826 2236 Adjuva
1853 2181 1954 2240 me,
1995 2168 2096 2218 bo-

507 2241 654 2294 minc
689 2238 814 2310 pie,
843 2241 1068 2310 benigne
1092 2247 1148 2294 et
1167 2241 1404 2295 clemens
1439 2241 1556 2306 plus
1587 2254 1744 2308 quam
1777 2238 1971 2306 possim
2003 2251 2096 2290 co-

507 2311 678 2380 gitare
709 2328 722 2364 :
757 2321 816 2365 ut
845 2326 950 2366 non
979 2313 1155 2366 minus
1191 2310 1296 2365 hoc
1335 2311 1560 2364 sentiam
1580 2349 1596 2374 ,
1626 2324 1784 2378 quam
1828 2321 2098 2375 praesumo

509 2395 665 2436 SDCI'a
671 2397 727 2435 re
737 2423 745 2434 .

539 2396 809 2508 Ρὲἓῖξὺτ
847 2452 935 2507 Vl.
995 2451 1283 2507 Peccatoris
1319 2451 1633 2506 discrimina.
1667 2449 1743 2520 (α)
1787 2449 1832 2503 0
1883 2456 2096 2520 peccata

508 2537 627 2578 mea
654 2565 669 2590 ,
694 2538 882 2593 magna
925 2524 1054 2579 estis
1083 2523 1240 2577 nimis
1261 2565 1274 2588 ,
1299 2523 1468 2575 multa
1513 2523 1643 2575 estis
1673 2519 1898 2593 nimis?!
1927 2519 2096 2593 Juch

508 2591 824 2650 terribiliter
847 2594 1121 2650 district-us
1141 2636 1156 2661 ,
1186 2593 1519 2664 inmqualiter
1545 2606 1803 2664 severus,
1832 2591 2097 2664 immode-

508 2673 626 2720 rate
649 2665 884 2720 offensus
909 2706 924 2732 ,
957 2662 1521 2728 vchementcrliratus,
1557 2663 1818 2718 sententia
1851 2662 2096 2715 immuta-

508 2735 633 2790 bilis
656 2779 672 2802 ,
700 2751 888 2790 career
922 2736 1272 2791 irremeabilis
1296 2777 1309 2799 ,
1337 2741 1608 2788 tormenta
1636 2734 1754 2788 sine
1774 2733 2053 2787 intervallo
2077 2773 2092 2799 ,

511 2807 630 2861 sine
660 2815 1349 2876 temperamento,tortores
1379 2805 1682 2869 horribiles,
1713 2804 1800 2872 qui
1825 2819 2094 2872 nunquam

510 2876 830 2948 lassescunt,
859 2893 1129 2948 nunquam
1161 2879 1503 2948 miserentur;
1529 2876 1690 2930 timor
1715 2890 1861 2948 reum
1879 2883 2096 2928 contur-

505 2947 600 3002 bat
629 2990 643 3015 ,
673 2947 1001 3004 conscientia
1044 2948 1355 3011 confundit,
1387 2947 1733 3016 cogitationes
1780 2947 2092 3014 increpant:

508 3017 692 3088 fugere
737 3034 843 3074 non
897 3020 1040 3074 licet.
1079 3019 1216 3073 Ecce
1247 3021 1298 3073 in
1345 3033 1451 3088 quo
1481 3018 1721 3088 periculo
1762 3017 2097 3071 incessanter

511 3087 750 3145 consisto
783 3108 796 3144 :
827 3090 931 3144 nisi
959 3093 1078 3160 quia
1107 3106 1215 3144 non
1241 3087 1578 3160 semperhoc
1606 3087 1803 3160 cogito;
1829 3103 1893 3140 eo
1919 3097 2093 3160 autem

509 3161 757 3215 miserior
779 3171 832 3216 et
849 3158 1227 3225 miserabilior,
1242 3158 1370 3229 quia
1383 3159 1622 3213 oblivisci
1642 3159 1663 3188 ⁸
1691 3173 1927 3228 possum.
1945 3158 2096 3212 Sem-

507 3246 607 3300 per
622 3233 766 3286 enim
806 3231 950 3286 videt
975 3232 1116 3287 Deus
1141 3247 1226 3286 mc
1249 3242 1300 3285 et
1326 3240 1542 3301 pet-cata
1564 3245 1703 3301 mea,
1735 3244 1947 3296 semper
1966 3229 2094 3282 mihi

508 3299 785 3358 intimatur
807 3302 1048 3357 districta
1074 3299 1357 3359 sententia.
1385 3315 1599 3368 semper
1623 3299 1859 3353 infernus
1881 3309 2096 3369 apertus

510 3379 566 3427 et
607 3382 867 3429 tormenta
917 3382 1134 3443 parata,
1170 3387 1382 3440 semper
1426 3371 1719 3443 invisibiles
1759 3371 2095 3443 insidiatores

513 3445 723 3513 parati,
749 3453 806 3498 ut
845 3441 969 3499 illuc
994 3445 1202 3513 rapiant
1235 3444 1483 3497 miseram
1514 3442 1747 3495 animam
1778 3457 1972 3513 meam.
2006 3441 2096 3495 Sic

511 3512 628 3571 eum
654 3517 862 3588 positus
890 3531 1011 3588 cum
1035 3512 1218 3584 vigilo,
1245 3514 1320 3588 sic
1345 3528 1462 3567 sum
1480 3527 1600 3588 cum
1629 3513 1856 3573 dormio,
1877 3512 1955 3566 sic
1977 3528 2094 3566 sum

508 3599 632 3640 cum
656 3583 810 3642 rideo
832 3629 847 3651 ,
879 3587 957 3642 sic
980 3583 1102 3640 sum
1137 3601 1258 3639 cum
1284 3584 1440 3638 lzetor
1463 3625 1476 3644 ,
1511 3583 1588 3636 sic
1614 3597 1729 3636 sum
1751 3598 1877 3654 cum
1904 3597 2094 3654 super-

508 3656 599 3712 bio
618 3701 631 3722 ,
663 3658 742 3712 sic
761 3672 877 3712 sum
905 3672 1025 3712 cum
1053 3655 1276 3710 detraho
1300 3696 1313 3718 ,
1343 3656 1421 3709 sic
1453 3668 1569 3707 sum
1592 3668 1711 3706 cum
1749 3653 1988 3718 irascor,
2017 3654 2096 3708 sic

509 3741 628 3782 sum
669 3743 788 3783 cum
821 3730 1005 3782 tristor
1029 3769 1042 3789 ,
1067 3727 1145 3781 sic
1173 3741 1289 3780 sum
1321 3739 1440 3780 cum
1480 3724 1698 3777 delicias
1728 3723 1968 3791 corporis
1998 3725 2097 3778 mi-

508 3799 750 3854 serabilis
788 3799 1118 3868 amplector!
1151 3796 1380 3866 denique
1400 3798 1476 3849 sic
1501 3810 1617 3849 sum
1647 3809 1860 3868 semper
1888 3803 1942 3868 et
1975 3795 2094 3850 ubi-

507 3883 632 3941 que.
667 3870 778 3925 Heu
803 3865 892 3923 me
913 3870 1186 3932 miserum,
1213 3878 1266 3922 et
1289 3865 1378 3941 ubi
1401 3881 1540 3931 sum,
1565 3873 1619 3921 et
1649 3865 1734 3919 ubi
1762 3881 1865 3919 non
1892 3865 1914 3896 ’⁸
1939 3881 2056 3921 sum
2077 3907 2092 3934 ,

508 3940 598 4009 qui
622 3942 805 3996 nescio
825 3941 912 3994 ubi
939 3954 1159 3994 securus
1178 3955 1294 3992 sum
1312 3939 1337 3992 ?
1357 3939 1360 3941 ’
1385 3983 1388 3986 .

582 4009 807 4066 CAPUT
861 4010 972 4065 VII.
1035 4009 1366 4063 Peccatorum
1413 4008 1630 4072 vincula,
1663 4023 1834 4060 carcer
1875 4015 1920 4061 et
1962 4017 2097 4062 tene-

511 4081 635 4136 braz.
667 4080 741 4153 (ὁ)
773 4081 862 4153 Yac
899 4079 1029 4134 mihi
1065 4082 1260 4134 misero
1280 4121 1296 4146 ,
1327 4079 1451 4148 quid
1481 4076 1713 4144 faciam?
1751 4079 1860 4132 lleu
1880 4091 2097 4153 quanto

508 4150 752 4221 tempore
787 4151 1004 4221 languet
1032 4165 1182 4204 mens
1211 4165 1325 4202 mea
1351 4191 1364 4213 ,
1394 4158 1589 4220 quanto
1609 4157 1836 4221 stupore
1877 4150 2097 4205 indura—

509 4220 634 4277 tum
655 4231 736 4278 est
762 4237 856 4276 cor
885 4220 1058 4275 meum
1087 4262 1100 4284 ,
1127 4228 1326 4290 quanto
1359 4220 1880 4290 torporeohturatur
1920 4221 2095 4274 anima

509 4294 665 4348 mea!
693 4293 828 4360 Quid
870 4301 949 4347 est
977 4291 1116 4363 quod
1143 4288 1221 4345 sic
1258 4305 1343 4363 me
1376 4288 1793 4363 impedit?quid
1839 4299 1918 4344 est
1956 4290 2097 4360 quod

511 4359 776 4418 cervicem
805 4378 975 4418 meam
994 4359 1078 4416 sic
1109 4360 1344 4431 premit?
1376 4359 1529 4426 Vult,
1563 4359 1816 4420 Domine,
1842 4359 2094 4416 vultani-

510 4448 597 4505 ma
626 4449 741 4489 mea
773 4434 838 4487 ad
869 4443 921 4489 te
950 4435 1154 4505 erigere
1184 4432 1368 4486 faciem
1399 4447 1573 4493 suam,
1604 4440 1658 4484 et
1681 4432 1936 4505 plumbeo
1957 4448 2097 4505 pon-

467 4565 470 4568 ,
511 4504 642 4561 dere
667 4515 884 4560 onerata
907 4502 1170 4574 gravatur;
1189 4511 1418 4574 conatur
1439 4517 1496 4556 se
1526 4502 1796 4570 expedire,
1822 4511 1874 4556 et
1895 4504 2098 4559 catenis

509 4576 698 4630 ferreis
747 4573 1056 4645 astringitur
1086 4592 1100 4638 ;
1137 4583 1300 4645 tentat
1325 4573 1485 4645 exire
1515 4615 1529 4645 ,
1580 4583 1642 4645 et
1677 4587 1830 4628 amco
1883 4588 2096 4628 carcere

510 4647 807 4709 clauditur;
839 4643 979 4715 cupit
1028 4647 1078 4699 in
1137 4653 1187 4698 te
1237 4643 1762 4715 dirigercAintuitum
1814 4659 2001 4706 suum,
2043 4653 2097 4698 et

511 4718 820 4788 caliginosis
856 4711 1090 4772 tenebris
1119 4711 1450 4788 obscuratur.
1481 4711 1609 4788 Quae
1640 4723 1762 4767 sunt
1790 4715 1885 4767 ista
1908 4757 1922 4780 ,
1959 4715 2097 4771 Deus

511 4784 681 4859 meus,
705 4804 822 4859 quae
847 4789 924 4843 sic
947 4788 1178 4859 animam
1201 4784 1746 4859 meamobtcncbrant
1772 4793 1828 4839 et
1851 4795 2094 4854 gravant,

511 4855 767 4915 clauduiit
793 4868 845 4913 et
873 4860 1074 4929 ligant“!
1104 4857 1345 4911 Forsitan
1375 4855 1492 4910 bace
1528 4863 1650 4909 sunt
1685 4864 1901 4929 peccata
1942 4871 2092 4929 mea;

509 4929 621 4988 imo
650 4945 774 4984 vere
803 4926 1069 4986 limosum
1093 4937 1304 4997 peccata
1343 4940 1460 4980 mea
1479 4967 1493 4991 ,
1521 4931 1673 4981 certe
1696 4926 1809 4997 haec
1834 4934 1974 4982 sunt.
2001 4927 2095 4981 Af-

510 4999 683 5056 fectus
699 5002 926 5055 carnalis
953 4996 1225 5054 infatuavit
1250 4999 1302 5052 in
1325 5012 1410 5051 me
1435 5011 1678 5066 saporem
1700 4996 2052 5064 spiritualium
2079 5016 2093 5052 :

510 5071 733 5126 intentio
767 5072 1078 5126 inferiorum
1125 5069 1420 5124 incurvavit
1454 5067 1688 5121 animam
1718 5083 1892 5121 meam
1920 5068 1985 5123 ab
2013 5069 2096 5121 in-

509 5142 644 5196 tuitu
687 5157 1036 5210 supernorum
1068 5158 1080 5194 :
1113 5155 1264 5195 amor
1289 5139 1618 5194 terrestrium
1647 5139 1899 5193 exstinxit
1925 5139 1977 5192 in
2009 5155 2096 5195 me

509 5209 917 5269 delectationem
939 5212 1236 5268 crelestium
1261 5228 1272 5264 :
1297 5224 1426 5266 usus
1443 5209 1690 5264 vitiorum
1712 5210 1988 5289 evacuavit
2003 5210 2024 5241 ⁵
2042 5210 2096 5265 ἱιι

575 5369 592 5400 ι
627 5370 700 5418 sic
722 5367 991 5419 Anselmus.
1011 5373 1216 5428 Attussw
1247 5362 1516 5418 inmitibus.
1542 5365 1681 5428 Editi,
1696 5363 2059 5428 insolubilibus.

574 5431 597 5460 ²
628 5435 704 5478 Er.
729 5430 876 5492 Lugd.
905 5438 1022 5480 Ven.
1044 5435 1154 5493 Lov.
1176 5426 1250 5493 sic
1273 5428 1510 5493 exhibent
1529 5427 1674 5493 banc
1693 5426 1854 5493 locum
1879 5442 1892 5477 :
1919 5437 1958 5478 ο
1979 5441 2096 5493 pec-

510 5496 619 5556 cata
638 5504 762 5552 mea,
785 5487 962 5556 magna
981 5491 1093 5556 estis
1108 5490 1264 5554 valde,
1283 5487 1434 5540 multa
1452 5488 1564 5540 estis
1585 5488 1727 5540 nimis
1747 5488 1766 5539 !
1828 5496 1883 5538 tu.

575 5555 595 5618 ξ
626 5559 708 5602 Ms.
730 5554 923 5618 Regius,
948 5554 1078 5604 addit
1098 5567 1209 5605 non.

567 5613 594 5646 ⁸
626 5621 731 5665 mss.
757 5613 869 5676 duo,
889 5613 1035 5666 ritate.

571 5678 594 5739 ἕ
625 5683 752 5739 Mss,
771 5678 976 5729 evanuit.

595 5739 648 5791 al
681 5739 889 5791 Anselm.
913 5739 1143 5790 orat-87.

663 5810 792 5915 ἔξω
827 5809 1098 5867 sequuntur
1120 5813 1280 5866 usque
1301 5801 1361 5854 ad
1382 5813 1486 5864 cap.
1516 5800 1605 5862 lo,
1641 5807 1754 5851 sunt
1793 5811 1857 5850 ex
1885 5796 2094 5850 Anselmi

1939 345 2296 402 AI’I’ENDIX.

2209 254 2346 265 -.._.._
2381 250 2416 259 ——

3687 353 3790 416 948

2195 479 2282 518 me
2329 477 2515 518 sensus
2567 477 2809 518 verorum
2864 465 3124 521 donorum
3147 466 3186 521 ι.
3211 465 3294 523 Ab
3338 466 3424 524 his
3468 467 3627 527 donis
3671 488 3788 532 sum

2197 535 2471 614 elongatus
2496 578 2508 600 ,
2535 535 2585 614 in
2608 536 2704 614 his
2737 537 2900 614 malis
2941 549 3267 614 occupatus;
3295 540 3538 614 seclusus
3568 543 3638 598 ab
3665 546 3788 614 illis,

2197 607 2430 659 inclusus
2457 607 2506 658 in
2539 607 2671 671 istis;
2703 607 2770 659 ab
2799 608 2898 662 illis
2929 609 3228 674 devolutus,
3254 609 3308 665 in
3340 612 3454 667 istis
3481 607 3785 672 obvolutus.

2199 677 2332 730 llinc
2356 687 2436 731 est
2480 677 2568 730 ille
2599 693 2782 731 carcer
2809 689 2860 732 et
2902 682 3108 735 vincula
3135 724 3148 746 ,
3182 680 3306 736 hinc
3333 693 3457 736 sunt
3498 684 3603 739 illa:
3647 696 3794 744 tene-

2197 747 2306 801 bne
2341 757 2393 802 et
2423 747 2676 822 pondera.
2709 748 2960 822 va:_mihi
2988 793 3002 816 ,
3031 753 3152 821 quia
3186 768 3349 821 prope
3389 764 3471 808 est
3511 757 3630 811 dies
3659 759 3751 812 ira:
3774 803 3790 822 ,

2197 833 2362 942 priapo
2387 829 2487 900 est,
2522 819 2770 890 inquam!
2804 818 3068 892 Incognita
3093 818 3269 878 subito
3285 818 3456 887 venit,
3484 837 3539 881 et
3567 818 3790 886 forsitan

2218 906 2266 941 tu
2311 905 2356 942 te
2383 899 2499 942 ertt.

2218 899 2356 943 tudie
2383 899 2499 943 erit.

2267 960 2492 1032 CAPUT
2533 960 2668 1016 VIII.
2741 961 2890 1028 Quod
2949 974 3181 1032 peccator
3243 967 3307 1020 sit
3371 967 3543 1023 videns
3609 987 3791 1026 caras.

2200 1030 2400 1084 Delicta
2429 1047 2568 1096 mea,
2601 1047 2666 1086 an
2692 1033 2856 1088 eratis
2878 1030 2982 1089 tam
3006 1036 3162 1090 noxia
3193 1035 3391 1101 futura,
3412 1054 3532 1092 eum
3558 1043 3793 1095 animum

2198 1116 2370 1155 meam
2410 1103 2913 1176 vestraidulcediue
2967 1107 3231 1176 potabatis
3261 1148 3275 1172 ,
3308 1124 3428 1164 cum
3471 1124 3567 1164 cor
3615 1129 3792 1166 meum

2200 1182 2375 1246 vestra
2426 1174 3083 1246 dulcedineiungcbaiis?
3121 1176 3227 1232 Cur
3281 1182 3392 1233 hate
3437 1196 3524 1234 me
3573 1184 3794 1236 celaba-

2199 1243 2289 1317 tis,
2313 1254 2367 1296 et
2393 1260 2488 1300 cur
2511 1261 2594 1300 me
2628 1243 2948 1300 tradeba'tis?
2977 1247 3084 1300 imo
3115 1264 3218 1302 non
3242 1265 3338 1302 vos
3366 1267 3450 1304 me
3475 1252 3791 1317 tradidistis;

2195 1315 2290 1388 sed
2319 1331 2418 1384 ego
2443 1331 2546 1388 me
2581 1317 2792 1383 tradidi,
2821 1319 2909 1388 qui
2957 1317 3107 1374 vobis
3149 1319 3372 1374 credidi.
3403 1321 3518 1375 Non
3561 1339 3660 1376 vos
3709 1315 3794 1380 me

2199 1384 2501 1459 decepistis,
2528 1388 2620 1441 sed
2643 1403 2741 1455 ego
2761 1384 2856 1459 me'
2872 1387 3076 1458 decepi,
3097 1390 3186 1459 qui
3215 1405 3309 1444 vos
3335 1392 3472 1445 intra
3503 1407 3591 1448 me
3611 1409 3795 1450 susce-

2198 1457 2272 1580 Εἰ.
2301 1456 2447 1511 Heu!
2481 1473 2576 1512 cur
2605 1459 2757 1516 vobis
2777 1456 3228 1516 adhibui‘lidem?
3253 1476 3348 1515 cur
3369 1471 3422 1514 et
3456 1465 3664 1519 credidi
3695 1482 3794 1518 vo-

2238 1527 2315 1580 is?
2359 1527 2468 1580 Imo
2511 1543 2614 1580 non
2663 1530 2818 1580 habui
2869 1529 3024 1580 fidem
3075 1546 3174 1580 nec
3217 1531 3417 1580 credidi
3469 1535 3624 1580 vobis
3653 1552 3666 1580 ε
3699 1536 3794 1580 god

2238 1527 2468 1598 is?ilmo
2511 1543 2614 1584 non
2663 1530 2818 1584 habui
2869 1529 3024 1586 fidem
3075 1546 3174 1586 nec
3217 1531 3417 1586 credidi
3469 1535 3798 1598 vobis;sed

2201 1597 2427 1665 quodam
2468 1598 2708 1654 horribili
2754 1600 2914 1656 modo
2943 1601 3127 1658 videns
3152 1616 3326 1656 caecus
3355 1619 3441 1658 me
3470 1597 3665 1661 tradidi
3697 1622 3798 1661 vo-

2201 1667 2325 1747 bis_:
2357 1669 2542 1725 videns
2591 1671 2734 1725 enim
2760 1717 2775 1734 ,
2799 1672 2920 1747 quia
2943 1688 3071 1747 _vos
3113 1675 3498 1747 cognoscebam
3520 1716 3534 1739 ,
3565 1685 3623 1731 et
3676 1695 3799 1747 qua:

2201 1740 2337 1816 mala
2360 1755 2463 1816 _vos
2490 1752 2802 1816 sequuntnr,
2818 1740 3084 1808 sciebam;
3118 1740 3289 1798 caicus
3316 1745 3457 1816 enim
3483 1789 3497 1810 ,
3531 1747 3658 1816 quia
3687 1740 3795 1803 non

2201 1823 2227 1860 a
2257 1811 2405 1885 vobis
2425 1812 2698 1885 cavebam.
2734 1813 2846 1868 Heu
2874 1825 3171 1884 peccatum,
3198 1830 3390 1869 nomen
3414 1811 3749 1872 horrendum
3779 1858 3796 1885 ,

2201 1895 2289 1953 res
2313 1881 2644 1953 detestabilis
2663 1926 2677 1948 ,
2700 1885 2826 1938 nulli
2859 1881 3001 1938 malo
3022 1887 3398 1953 comparabilis
3423 1889 3436 1942 !
3469 1886 3656 1943 Caecus
3686 1881 3800 1946 non

2203 1951 2343 2026 videt
2370 1951 2656 2026 foveamin
2685 1970 2841 2026 quam
2871 1957 3051 2022 cadit,
3083 1951 3298 2010 insanus
3337 1966 3485 2026 putat
3511 1974 3569 2014 se
3595 1959 3802 2017 debere

2203 2021 2376 2096 facere
2405 2025 2544 2092 quod
2570 2021 2725 2090 facit;
2754 2025 2844 2094 qui
2869 2021 3060 2095 sponte
3096 2026 3221 2081 facit
3251 2021 3522 2096 peceatum
3553 2071 3569 2096 ,
3600 2030 3800 2094 vidm

2203 2101 2257 2172 et
2293 2094 2466 2148 sciens
2494 2097 2786 2165 praecipitio
2810 2111 2868 2150 se
2897 2094 3074 2152 tradit.
3104 2094 3617 2172 M_ors’et_tormenta
3643 2117 3799 2172 qua:—

2202 2164 2349 2239 lib_et,
2381 2173 2640 2239 torn'tenta
2660 2164 2869 2220 tantum
2899 2177 3043 2233 sunt,
3071 2177 3123 2223 et
3150 2169 3199 2222 in
3232 2184 3290 2224 se
3321 2168 3457 2224 fceda
3485 2186 3591 2224 non
3625 2164 3757 2227 sunt
3779 2213 3798 2239 ,

2203 2236 2324 2303 quia
2356 2236 2596 2290 ordinata
2624 2248 2778 2302 sunt;
2809 2247 3083 2306 peccatum
3126 2240 3176 2292 in
3204 2255 3263 2294 se
3297 2240 3456 2296 habet
3493 2236 3800 2302 foeditatem

2203 2320 2376 2371 suam,
2399 2307 2449 2360 in
2478 2323 2534 2362 se
2563 2309 2722 2362 trahit
2749 2318 3000 2362 aeternam
3027 2309 3405 2366 infelicitatem.
3433 2311 3620 2366 Melius
3649 2316 3800 2368 enim

2203 2385 2318 2430 erat
2373 2378 2567 2447 eligere
2622 2381 2995 2433 tormentumII
3045 2380 3185 2450 quod
3239 2397 3443 2449 per~se
3502 2383 3798 2439 fmditatem

2203 2455 2455 2523 internum
2484 2465 2586 2523 non
2615 2451 2864 2515 attrahit,
2891 2466 3047 2523 quam
3081 2461 3354 2520 peceatum
3383 2455 3521 2523 quod
3549 2471 3645 2509 sua
3672 2471 3799 2510 cum

2205 2516 2440 2591 fcetlitate
2468 2519 2682 2574 dolores
2707 2516 2937 2574 teteruos
2951 2516 3144 2591 jungit.
3172 2524 3234 2576 Et
3259 2516 3425 2588 certe,
3445 2524 3663 2581 omiser
3693 2528 3802 2580 lio-

2204 2590 2454 2667 mo,_ipsa
2482 2591 2592 2644 sola
2623 2591 2740 2658 plus
2767 2600 2850 2646 est
2873 2590 3086 2667 vitanda
3115 2595 3312 2667 peccati
3345 2593 3558 2650 fmditas
3586 2638 3600 2661 ,
3629 2613 3799 2667 quam

2202 2659 2451 2734 qitzelibet
2468 2669 2850 2734 tormentorum
2874 2659 3194 2717 immanitas.
3213 2663 3420 2734 Quippe
3442 2667 3491 2718 in
3515 2659 3798 2734 peccando

2202 2727 2503 2805 foedissima
2537 2733 2882 2805 perversitate
2916 2727 3258 2805 prchosuisti
3301 2727 3618 2790 l-e'Creanri
3659 2749 3748 2792 tuo
3777 2781 3796 2805 ,

2202 2817 2314 2875 quo
2335 2802 2462 2856 nihil
2493 2801 2738 2875 injustius
2757 2821 2770 2856 :
2791 2805 2840 2857 in
2862 2801 3138 2875 tolerando
3166 2817 3500 2875 peccatorum
3525 2801 3800 2864 tormenta

2201 2871 2406 2948 ordine
2432 2873 2799 2948 pulcherrimo
2835 2874 3046 2948 subiicit
3083 2890 3141 2930 se
3166 2871 3384 2931 Iactura
3427 2877 3616 2948 facturi
3649 2893 3798 2948 suo,

2201 2943 2466 3016 quonihil
2487 2953 2570 3016 est
2585 2944 2800 3014 justius.
2829 2945 2873 3000 Ο
2895 2944 3054 3000 homo
3075 2987 3087 3011 ,
3111 2963 3216 3016 quo
3243 2948 3460 3002 evanuit
3485 2943 3799 3004 humanitas

2203 3014 2329 3090 tua?
2355 3030 2460 3082 quo
2498 3015 2711 3071 devenit
2749 3017 2884 3072 ratio
2925 3016 3051 3070 tua?
3077 3014 3384 3090 Didiceras,
3412 3021 3668 3088 quoniam
3706 3021 3800 3090 qui

2202 3085 2326 3154 facit
2351 3094 2610 3160 peccatum
2629 3128 2643 3150 ,
2664 3103 2842 3160 servus
2865 3096 2946 3160 est;
2959 3089 3156 3160 peccati
3179 3087 3198 3156 (
3222 3087 3376 3144 Joan.
3407 3085 3497 3144 viil
3519 3132 3534 3157 ,
3569 3090 3677 3160 34)
3703 3085 3799 3153 {et

2201 3167 2478 3230 peceatum
2508 3156 2697 3230 fecisti.
2726 3157 2772 3213 Ο
2792 3158 3270 3230 inauditainsania,
3295 3156 3526 3215 scienter
3546 3156 3794 3230 peccare!

2202 3225 2423 3283 Sciebas
2449 3228 2574 3302 quia
2608 3244 2665 3284 es
2691 3230 2906 3302 spiritus
2937 3229 3137 3302 vadens
3156 3240 3210 3285 et
3239 3247 3344 3286 non
3370 3225 3588 3286 rediens
3618 3231 3793 3302 (Psal.

2202 3313 2386 3372 nxxvtt
2410 3340 2424 3362 ,
2449 3299 2541 3372 59)
2566 3315 2580 3363 ;
2606 3300 2972 3372 ειίίηίρρρωῐί
3008 3301 3258 3372 abyssum
3297 3299 3696 3359 irremeabilem
3740 3313 3799 3360 et

2201 3368 2316 3440 sine
2335 3367 2508 3440 fundo
2535 3381 2585 3424 te
2613 3367 2856 3440 injeciéti.

2270 3438 2497 3495 CAPUT
2556 3438 2677 3495 IXX
2718 3441 2791 3496 De
2841 3443 3038 3517 abysso
3103 3444 3492 3517 triplici._Yere
3565 3445 3798 3517 abyssus

2201 3520 2417 3585 peccata
2443 3527 2565 3585 mea
2593 3519 2734 3585 sunt;
2765 3513 2884 3583 quia
2914 3513 3470 3584 incomprehensibilia
3499 3513 3794 3585 sunt—pon—

2202 3580 2328 3635 dere
2357 3590 2411 3635 et
2439 3580 2815 3651 profunditate,
2842 3596 2897 3639 et
2917 3580 3300 3640 inmstiinabilia
3327 3595 3450 3641 sunt
3479 3580 3710 3642 numero
3734 3599 3794 3642 et

2203 3653 2578 3708 immensitate.
2608 3656 2651 3709 0
2677 3655 2900 3724 abyssus
2929 3657 3178 3726 abyssum
3227 3657 3470 3712 invocat!
3497 3656 3542 3713 0
3573 3667 3792 3727 peccata

2201 3737 2353 3788 mea,
2387 3733 2662 3800 tormenta
2685 3741 2896 3794 quoque
2942 3727 3134 3800 quibus
3175 3743 3261 3782 me
3303 3729 3796 3800 servatisiabyssus

2201 3804 2348 3860 sunt,
2373 3795 2493 3864 quia
2517 3796 2720 3867 inlinita
2744 3804 2799 3850 et
2819 3795 3038 3853 omnino
3059 3798 3622 3867 incomprehensibilia
3637 3795 3792 3854 sunt.

2205 3867 2295 3938 Est
2323 3875 2375 3938 ct
2407 3865 2560 3920 tertia
2586 3867 2811 3938 abyssus
2831 3911 2844 3931 ,
2873 3876 2927 3922 et
2953 3878 3034 3924 est
3073 3865 3253 3924 nimis
3277 3870 3524 3924 terribilis
3545 3912 3560 3935 ,
3588 3869 3796 3938 judicia

2204 3937 2298 3991 Dei
2327 3935 2554 4008 abyssus
2579 3935 2742 3994 multa
2769 3939 2786 4006 (
2810 3938 2968 4011 Psal.
2986 3956 3138 4011 xxxv
3159 3981 3173 4006 ,
3203 3941 3235 3994 7
3269 3939 3318 4011 );
3346 3939 3469 4011 quia
3495 3935 3660 4008 super
3690 3940 3794 3996 bu-

2203 4023 2419 4080 manum
2445 4023 2660 4080 sensum
2695 4009 2921 4063 occulta.
2951 4009 3043 4063 Vae
3073 4026 3234 4080 super
3258 4009 3337 4065 va:
3365 4009 3407 4079 ³,
3441 4012 3603 4065 timor
3630 4027 3794 4080 super

2205 4079 2446 4133 timorem
2466 4120 2482 4144 ,
2505 4079 2658 4134 dolor
2690 4095 2851 4150 super
2875 4079 3151 4152 dolorem;
3168 4081 3407 4152 Abyssus
3440 4079 3713 4152 abyssum
3739 4083 3794 4135 in

2201 4164 2333 4204 voce
2372 4157 2760 4223 cataractarum
2809 4152 2901 4206 Dei
2949 4151 3159 4206 invocat
3192 4151 3360 4222 (Psal.
3395 4151 3522 4219 xu,
3549 4152 3633 4223 8);
3665 4153 3794 4223 quia

2201 4221 2402 4294 peccati
2427 4219 2652 4294 abyssus
2676 4222 2926 4293 abyssum
2949 4219 3335 4278 tormentorum
3363 4219 3622 4289 meretur,
3644 4219 3793 4294 quod

2198 4291 2397 4362 judicia
2428 4290 2518 4344 Dei
2551 4290 2910 4360 pronuntiant.
2950 4294 3187 4363 Abyssus
3206 4293 3530 4363 judiciorum
3565 4290 3792 4348 Dei'su-

2204 4378 2300 4432 per
2325 4376 2431 4428 me,
2459 4363 2684 4437 abyssus
2711 4364 2904 4437 inferni
2929 4364 3117 4420 subtus
3141 4380 3227 4420 me
3245 4407 3258 4431 ,
3289 4365 3514 4437 abyssus
3538 4373 3792 4437 peccato-

2203 4449 2320 4488 rum
2350 4444 2429 4486 est
2457 4433 2594 4488 intra
2621 4450 2725 4488 me.
2754 4435 2900 4489 Illam
2923 4451 3042 4505 quae
3063 4433 3426 4505 supereminet
3452 4437 3616 4489 timeo
3643 4451 3710 4490 ne
3737 4436 3790 4488 in

2203 4521 2290 4559 me
2321 4505 2484 4558 irruat
2503 4546 2516 4567 ,
2549 4515 2603 4560 et
2631 4521 2716 4560 me
2744 4521 2864 4560 eum
2891 4506 3083 4577 abysso
3112 4522 3228 4562 utea
3261 4507 3315 4561 in
3344 4507 3484 4561 illam
3513 4522 3634 4576 qua:
3661 4505 3796 4560 sub-

2206 4583 2291 4647 tus
2319 4590 2402 4647 me
2431 4584 2594 4644 patet,
2623 4577 2812 4632 obruat
2837 4595 2849 4632 :
2871 4577 2958 4630 ubi
2986 4587 3243 4632 tormenta
3274 4587 3489 4647 peccata
3513 4593 3793 4646 nunquam

2206 4645 2488 4711 delebant,
2513 4647 2606 4701 scd
2634 4658 2850 4715 peccata
2881 4663 3041 4716 super
3068 4664 3155 4703 me
3197 4645 3458 4702 tormenta
3503 4645 3789 4703 tenebunt.

2204 4717 2362 4771 Miser
2393 4718 2521 4788 ,Wcui
2568 4719 2814 4786 peccavi;
2844 4734 2951 4788 quo
2989 4719 3058 4772 ivi
3099 4735 3130 4773 a
3167 4717 3366 4787 Spiritu
3413 4728 3506 4773 tuo
3533 4759 3548 4781 ,
3573 4726 3632 4788 et
3686 4733 3797 4787 quo

2203 4789 2308 4856 fugi
2339 4804 2366 4839 a
2389 4787 2539 4860 facie
2583 4790 2713 4843 tua?
2739 4787 2896 4860 Certe
2941 4797 2995 4843 et
3042 4789 3085 4842 si
3129 4805 3228 4860 ego
3253 4790 3536 4860 nequiter
3558 4787 3670 4859 fugi
3701 4799 3755 4843 te
3775 4831 3790 4854 ,

2204 4869 2256 4914 et
2279 4861 2328 4912 in
2356 4858 2548 4928 abysso
2578 4875 2694 4913 mea
2721 4859 3007 4914 damnabili
3037 4858 3288 4915 abscondi
3317 4858 3402 4914 me
3421 4902 3436 4924 ,
3471 4859 3542 4914 ibi
3569 4858 3790 4929 quoque

2201 4930 2350 4984 vides
2388 4945 2490 4984 me.
2522 4929 2649 4996 Quis
2673 4931 2814 4983 enim
2856 4931 2954 4985 nisi
2999 4939 3054 4984 tu
3079 4931 3144 4985 ad
3175 4931 3536 5000 paenitendum
3569 4929 3590 4960 ⁸
3624 4932 3796 4984 movit

2202 5003 2432 5055 animam
2463 5001 2836 5055 meam?Bone
2867 5002 3107 5066 Domine,
3130 5011 3182 5055 tu
3216 5003 3432 5071 pulsasti
3462 5011 3516 5055 et
3541 5002 3795 5056 excitasti

2201 5087 2318 5126 eam
2353 5073 2400 5125 iu
2429 5072 2620 5142 abysso
2641 5071 2954 5126 delictorum
2969 5087 3184 5126 suorum
3207 5074 3349 5128 velut
3376 5073 3426 5126 in
3460 5071 3627 5126 lecto“
3653 5071 3790 5126 dor-

2203 5143 2454 5197 mientem
2488 5157 2502 5206 ;
2535 5151 2590 5196 tu
2649 5143 2966 5212 concussisti
3012 5152 3350 5212 torpentem,
3386 5153 3440 5197 tu
3483 5142 3795 5197 sollieitasti

2201 5214 2556 5283 negligentem
2577 5254 2593 5279 ,
2629 5223 2681 5266 tu
2707 5211 2877 5284 fecisti
2908 5211 3250 5281 paenitentem
3282 5214 3423 5269 unde
3448 5212 3794 5284 jucundaba-

2202 5293 2315 5349 tur,
2348 5292 2402 5338 et
2429 5284 2698 5339 dolentem
2729 5283 2869 5338 unde
2895 5285 3274 5340 delectabatur.
3309 5283 3459 5339 Bone
3473 5284 3634 5349 Deus,
3664 5298 3793 5338 oni-

2201 5356 2287 5408 nia
2317 5355 2428 5409 lucc
2453 5355 2622 5410 fecisti
2655 5356 2706 5408 in
2725 5355 2950 5427 abysso.
2976 5353 3177 5410 Exaudi
3209 5370 3336 5427 ergo
3363 5355 3688 5427 clamantem
3717 5355 3793 5408 de

2199 5427 2412 5496 abysso.
2439 5428 2480 5480 A
2515 5436 2586 5492 te,
2616 5425 3010 5493 benignissime,
3037 5435 3249 5495 peccata
3275 5425 3391 5481 inea
3419 5441 3525 5481 non
3556 5425 3795 5480 abscon-

2200 5496 2289 5564 do,
2309 5513 2489 5554 coram
2521 5506 2573 5552 te
2601 5513 2706 5550 non
2734 5496 2980 5562 defendo,
3009 5497 3103 5552 sed
3131 5497 3354 5554 ostendo
3380 5517 3394 5565 ;
3419 5512 3524 5554 non
3556 5510 3792 5564 excuso,

2264 5613 2281 5644 ί
2316 5611 2580 5671 Anselmus,
2599 5607 2858 5672 bonorum;
2879 5618 2934 5660 et
2953 5623 3084 5673 mox,
3112 5609 3258 5663 bonis.

2263 5675 2283 5704 ¹
2318 5673 2446 5722 Adde
2471 5687 2531 5722 cx
2559 5673 2800 5733 Anselmo,
2823 5679 3072 5726 alternum.

2264 5736 2285 5767 ⁸
2317 5742 2445 5792 Mss.,
2463 5749 2554 5786 me.

2263 5796 2283 5828 δ
2319 5797 2454 5856 Alias,
2476 5799 2540 5846 ad
2563 5797 2878 5849 renitendum.

2265 5859 2286 5890 ⁸
2320 5867 2444 5922 Mss,
2472 5858 2582 5911 luto.
