4094 6342
313 376 422 437 949

313 495 409 549 sed
438 507 652 551 accuso.
687 491 796 562 Ego
823 506 939 547 Stttn
970 507 1091 551 reus
1112 531 1125 555 ,
1158 504 1273 562 ego,
1308 491 1422 559 ipse
1462 504 1579 562 sum
1600 495 1905 562 accusator

312 581 490 621 meus.
530 563 645 619 Non
671 556 888 618 accuses
913 579 999 618 me
1023 605 1039 629 ,
1066 562 1152 631 qui
1180 556 1350 616 fecisti
1389 576 1493 614 me.
1522 556 1682 631 Solus
1720 556 1906 631 sutfeci

313 637 381 689 ad
417 635 776 704 peccandum;
808 634 952 689 solus
976 629 1235 689 sufficiam
1262 631 1327 686 ad
1355 630 1727 696 accusandum,
1758 629 1907 684 solus

315 707 384 759 ad
408 705 808 777 Δικιεηῐιςηίὲιιιιὶ-

389 769 615 831 CAPUT
646 776 713 830 Χ.
756 774 1051 829 Ραηὶιεηιὶε
1089 771 1316 840 uicenis.
1348 772 1423 842 (η)
1450 771 1557 828 Sed
1579 769 1906 842 unde_,ADeus

312 862 491 913 meus,
527 855 794 901 tantorum
843 845 1123 899 criminum
1172 840 1464 905 correctio,
1500 843 1635 896 unde
1665 840 1758 895 tibi
1788 850 1905 913 tan-

317 911 492 970 torum
544 918 804 971 scelerum
836 914 1166 969 satisfactio?
1198 914 1534 983 Przrcipitare
1563 927 1711 981 ergo,
1745 911 1908 983 miser

316 987 637 1049 homuncio,
666 988 718 1040 in
749 985 1065 1055 profundum
1095 981 1459 1039 immodeer
1485 983 1787 1055 mtestitizp,
1816 981 1906 1051 qui

315 1066 515 1126 sponte
567 1052 923 1126 praecipitatus
950 1071 1009 1110 es
1056 1055 1109 1110 in
1138 1055 1469 1126 barathrum
1497 1052 1779 1126 horrenda:
1809 1068 1906 1126 ne:

315 1122 521 1198 q'uitize.
552 1122 813 1198 Obruere,
846 1125 1049 1190 infelix,
1084 1126 1226 1181 mole
1253 1125 1505 1198 terribilis
1526 1124 1769 1198 doloris_,_
1810 1122 1902 1198 qui

316 1192 493 1253 libens
520 1197 763 1252 corruisti
792 1192 844 1252 in
890 1212 1101 1251 caenum
1156 1195 1427 1250 infernalis
1475 1194 1676 1251 fetoris.
1708 1192 1906 1248 Obvol-

316 1283 469 1333 vere,
504 1282 804 1323 aerumnose
826 1309 839 1331 ,
870 1267 1061 1321 iterum
1088 1267 1273 1321 volens
1321 1266 1551 1320 horridis
1580 1266 1633 1319 in
1675 1263 1908 1319 tenebris

320 1339 724 1393 inconsolabilis
746 1338 937 1401 luctus,
966 1339 1055 1407 qui
1086 1338 1273 1393 volens
1302 1338 1612 1406 provolutus
1643 1351 1702 1407 es
1728 1336 1779 1389 in
1809 1349 1906 1389 vo-

318 1410 507 1478 ragine
537 1417 644 1464 tam
671 1408 871 1465 sordidi
903 1404 1091 1463 fluctus
1111 1409 1148 1439 "
1180 1404 1432 1462 Voltitarc
1458 1408 1508 1460 in
1534 1404 1738 1478 gurgite
1758 1420 1906 1478 ama-

319 1475 593 1541 ritudinis,
626 1479 713 1547 qui
737 1478 1031 1534 delectatus
1061 1493 1120 1534 es
1151 1479 1201 1531 in
1235 1478 1512 1532 volutabro
1542 1475 1903 1547 turpitudinis.

322 1548 526 1603 Terror
564 1546 853 1613 horribilis,
878 1548 1032 1602 dolor
1062 1548 1335 1612 terribilis,
1369 1563 1570 1602 mceror
1599 1546 1907 1600 inconsola-

316 1617 467 1683 bilis,
516 1628 798 1689 aggregate
824 1635 918 1673 vos
947 1634 1109 1687 super
1135 1634 1241 1685 me,
1282 1619 1489 1683 irruitc,
1519 1618 1748 1689 obruite,
1782 1633 1907 1685 per-

323 1688 862 1771 turbate,o‘bvolvite,
891 1688 1428 1771 possidetcgustuntn
1433 1698 1515 1743 est
1537 1730 1552 1754 ,
1575 1688 1776 1771 justum
1802 1696 1905 1769 est,

320 1761 618 1829 torquetei'
652 1776 822 1827 reum,
854 1756 1115 1813 vindicate
1149 1760 1335 1814 Deum.
1393 1758 1708 1811 Przesentiat
1735 1756 1908 1829 fornif

318 1828 473 1883 catur
503 1828 692 1885 inferni
723 1839 987 1885 tormenta
1026 1846 1143 1898 qua:
1174 1830 1401 1894 meruit,
1453 1836 1739 1897 praigustet
1767 1828 1909 1898 quod

321 1901 663 1970 praeparavit,
696 1902 841 1955 bibat
881 1900 1021 1970 quod
1068 1901 1312 1970 nutrivit,
1344 1908 1615 1953 assuescat
1639 1898 1780 1968 quod
1825 1907 1910 1970 est

359 1986 599 2025 assurus.
622 1969 953 2037 Consolatio,
982 1971 1204 2035 sanitas,
1246 1969 1446 2032 laetitia,
1481 1969 1604 2022 nolo
1639 1985 1734 2025 vos
1757 2012 1772 2036 ,
1806 1969 1908 2024 nisi

344 2040 461 2096 'orte
495 2044 693 2109 peccati
742 2043 891 2095 venia
922 2041 1193 2094 reduxerit
1214 2054 1331 2094 vos.
1370 2039 1558 2094 Procul
1585 2049 1755 2094 estote
1785 2049 1909 2096 ante

318 2123 571 2177 mortem,
607 2112 706 2165 nisi
735 2111 870 2166 forte
899 2110 1224 2177 indulgentia
1256 2120 1471 2165 revocet
1506 2125 1602 2166 vos
1628 2112 1757 2165 mihi
1784 2119 1908 2166 ante

319 2189 575 2236 mortem.
619 2181 953 2249 lmpossibile
1005 2191 1087 2237 est
1114 2195 1219 2234 non
1268 2179 1395 2235 flere
1427 2191 1756 2249 peccatorem
1778 2224 1790 2244 ,
1821 2183 1910 2237 vel

320 2250 432 2318 hic,
467 2253 548 2308 vel
603 2253 655 2307 in
686 2252 881 2307 futuro.
929 2253 1010 2306 Sit
1055 2254 1232 2319 itaque
1272 2252 1581 2320 ptenitentia
1611 2254 1861 2307 continua
1890 2292 1905 2316 ,

318 2336 501 2375 amara
519 2338 697 2377 comes
721 2322 890 2377 aetatis
910 2338 1065 2389 mem,
1092 2323 1376 2377 continuus
1402 2322 1573 2385 dolor,
1597 2323 1908 2376 insatiabilis

319 2400 493 2446 tortor
521 2392 542 2423 ³
569 2394 688 2448 vitae
717 2409 868 2447 meae.
899 2393 1015 2448 Sint
1045 2408 1246 2448 mteror
1272 2402 1325 2447 et
1369 2394 1594 2447 acerbus
1623 2393 1793 2447 luctus
1825 2394 1908 2447 in-

317 2462 618 2533 fatigabiles
664 2463 932 2519 tortores‘
970 2464 1263 2532 juventutis
1310 2473 1363 2518 ct
1419 2464 1708 2518 senectutis
1753 2479 1904 2517 mere.

324 2532 535 2589 Utinam
568 2534 637 2588 ita
666 2534 768 2597 sit;
813 2550 908 2589 oro
955 2543 1010 2588 et
1060 2533 1308 2588 desidero
1336 2542 1393 2587 ut
1436 2534 1505 2587 ita
1550 2534 1636 2586 sit.
1681 2534 1736 2588 Si
1768 2538 1908 2588 enim

318 2619 427 2658 non
460 2620 576 2658 sum
606 2604 798 2674 dignus
822 2605 1006 2659 oculos
1035 2604 1101 2658 ad
1129 2605 1322 2658 ccelum
1364 2605 1540 2661 levare
1568 2604 1772 2659 orando
1812 2620 1907 2660 co.

319 2690 438 2727 ram
468 2682 539 2737 te,
570 2675 793 2729 Domine
821 2675 981 2739 Deus,
1015 2685 1162 2729 certe
1190 2690 1296 2729 non
1339 2688 1455 2729 sum
1488 2674 1734 2744 indignus
1764 2674 1786 2707 ⁸
1810 2690 1904 2730 eos

320 2746 408 2798 vel
451 2744 709 2814 plorando
761 2760 983 2801 caecare.
1026 2744 1081 2800 Si
1113 2745 1458 2800 confunditur
1489 2761 1639 2800 mens
1667 2760 1783 2800 mea
1812 2762 1909 2814 pu-

317 2815 453 2886 dore
480 2816 819 2870 conscientia:
840 2857 853 2879 ,
886 2832 1090 2886 aequum
1130 2825 1212 2870 est
1234 2824 1289 2870 ut
1317 2814 1668 2886 confundatur
1699 2816 1910 2873 turbine

317 2884 547 2941 luctuosi
590 2886 791 2941 doloris
835 2895 889 2942 et
931 2884 1182 2941 tristitiae.
1237 2886 1293 2941 Si
1335 2888 1486 2941 timet
1508 2885 1751 2942 exhiberi
1786 2896 1910 2943 ante

315 2965 666 3026 conspectum
726 2957 933 3012 Domini
989 2957 1085 3011 Dei
1129 2957 1232 3022 sui,
1274 2958 1476 3026 justum
1504 2965 1589 3011 est
1634 2967 1692 3010 ut
1719 2956 1911 3011 habeat

315 3037 445 3080 ante
467 3034 811 3096 conspectum
838 3043 991 3081 suum
1026 3035 1290 3083 tormenta
1328 3028 1546 3082 sceleris
1575 3027 1677 3080 sui.
1714 3027 1902 3096 Respi-

316 3112 379 3169 ra
405 3138 423 3169 ,γ
452 3111 485 3150 0
528 3108 781 3169 peccator
800 3139 813 3164 ,
843 3099 1050 3169 respira
1100 3097 1310 3169 tandem
1332 3096 1617 3169 aliquando
1642 3138 1656 3163 ,
1698 3106 1751 3151 et
1786 3099 1906 3169 fuge

315 3168 384 3238 ad
414 3168 608 3238 ipsum,
639 3185 796 3238 quem
846 3168 1136 3235 ollcndisti,
1162 3169 1329 3224 Deum
1356 3187 1369 3222 :
1402 3169 1547 3238 fuge,
1578 3168 1814 3237 inquam,
1841 3168 1908 3225 ab

314 3236 456 3291 irato
480 3237 543 3290 ad
575 3236 855 3294 placatum.

388 3306 615 3364 CAPUT
670 3308 762 3365 XI.
796 3307 1162 3365 Misericordia:
1208 3308 1308 3364 Dei
1343 3307 1633 3378 imploratio
1673 3307 1771 3379 (ὁ).
1794 3306 1905 3364 Mc-

382 3486 399 3517 ί
437 3485 706 3545 Anselmus,
731 3484 893 3537 tum.

380 3548 400 3611 ξ
577 3547 692 3607 duo,
714 3552 953 3611 torquere.

380 3608 404 3641 ι
437 3607 578 3663 Alias,
606 3613 779 3659 terror.

378 3668 403 3763 ζ
437 3677 518 3742 Ms.
558 3671 749 3780 Regius,
773 3678 999 3722 terrores.
1021 3667 1289 3731 Anselmus,
1314 3669 1632 3723 tribulatores.

395 3729 578 3792 Abas,
640 3744 794 3792 Ianus-

405 3790 458 3855 ᾳ)
494 3790 735 3843 Haetctius
754 3806 816 3844 ex
839 3794 967 3844 dicta
990 3800 1117 3843 Orat.
1142 3792 1222 3855 69,
1246 3805 1375 3844 nunc
1393 3794 1553 3843 Medit.
1572 3793 1604 3843 3
1628 3800 1679 3842 et
1699 3790 1746 3855 2.

407 3853 457 3965 ll?)
473 3862 793 3966 Αῐὲἒιὲῗιιῃηῆι
836 3856 995 3907 Medit.
1023 3856 1083 3917 5,
1130 3853 1225 3917 ﬂ,
1265 3854 1326 3918 2;
1362 3856 1458 3905 vid.
1504 3855 1589 3905 lib.
1620 3854 1781 3905 Medit.
1806 3853 1901 3916 40;

310 3922 445 3965 Ofal.
473 3922 679 3965 Ansclm.
704 3922 780 3965 72.

1519 368 1891 425 ADMONITIO
1930 366 1998 425 ΙΝ
2038 365 2388 423 MANUALE.

3484 364 3589 425 95;)

2012 492 2214 550 mento,
2227 484 2368 554 juste
2393 494 2446 538 et
2471 484 2695 554 benigne
2719 484 2878 556 Deus,
2907 492 3180 541 memento
3207 483 3347 556 quod
3372 482 3588 541 miseri—

2012 569 2132 609 cors
2165 570 2221 609 es
2244 566 2299 609 et
2324 564 2533 609 creator
2564 569 2732 610 meus.
2765 556 2820 611 Si
2858 555 3020 623 iudex
3043 571 3104 610 es
3131 556 3196 611 ad
3225 555 3584 625 ’judicandutn

2011 641 2163 681 reum
2194 634 2361 690 tuum,
2380 640 2440 681 es
2454 635 2509 681 et
2537 627 2790 681 Dominus
2805 625 2870 681 ad
2899 625 3150 682 tuendum
3179 641 3390 685 servum
3414 636 3584 693 tuum,

2012 711 2070 766 es
2114 705 2168 750 et
2210 705 2419 750 creator
2466 696 2531 750 ad
2569 696 2989 752 conservandum
3038 710 3172 766 opus
3225 706 3371 750 tuum
3397 738 3411 761 ,
3441 712 3502 752 es
3528 706 3584 753 et

2012 765 2153 821 Deus
2179 766 2243 819 ad
2276 766 2584 820 salvandum
2625 766 2931 822 credentem
2960 775 3014 822 et
3039 765 3361 835 baptizatum
3389 775 3533 822 tuum
3561 770 3588 823 τ

2010 834 2089 890 Ne
2118 851 2246 906 ergo
2276 838 2599 901 memineris,
2630 839 2851 893 Domine
2874 839 3032 903 bone,
3062 834 3280 907 iustitia:
3298 847 3399 893 tua:
3418 839 3585 894 solius

2011 907 2267 962 adversus
2299 917 2643 976 peccatorem.
2679 918 2856 974 tuum;
2895 909 2989 964 sed
3038 924 3245 964 memor
3271 916 3387 963 esto
3430 908 3584 963 beni-

2009 978 2224 1046 gnitatis
2266 986 2367 1049 tute
2411 994 2533 1049 erga
2586 989 2881 1034 creaturam
2938 988 3102 1034 tuam.
3152 977 3228 1033 Ne
3279 978 3586 1033 memineris

2013 1049 2104 1101 iraa
2129 1057 2228 1101 tuae
2259 1047 2512 1103 adversus
2543 1065 2691 1103 reum
2717 1069 2731 1116 ;
2762 1049 2854 1105 sed
2882 1065 3088 1105 memor
3132 1058 3249 1105 esto
3292 1049 3591 1104 miseratio-

2011 1118 2096 1191 nis
2143 1126 2247 1172 tuaz
2294 1118 2547 1174 adversus
2578 1122 2849 1175 miserum.
2890 1121 3013 1177 Scio
3058 1120 3270 1191 quidem
3320 1118 3588 1186 etfateor,

2010 1190 2133 1258 quia
2163 1203 2345 1244 verum
2365 1198 2468 1255 est,
2505 1192 2645 1261 quod
2669 1192 2993 1248 conscientia
3022 1190 3141 1261 mea
3165 1201 3400 1247 meretur
3423 1192 3580 1246 dam-

2012 1261 2310 1332 nationem.
2336 1269 2392 1316 et
2419 1260 2729 1332 paenitentia
2758 1277 2877 1319 mea
2904 1279 3013 1318 non
3050 1260 3249 1318 sufficit
3276 1263 3343 1317 ad
3372 1262 3582 1317 satisfa-

2011 1332 2267 1404 ctionem.
2294 1331 2460 1404 Parce
2485 1348 2629 1403 ergo,
2668 1343 2745 1399 tu,
2770 1332 2910 1387 bone
2940 1334 3182 1404 Domine.
3216 1333 3304 1404 qui
3330 1348 3389 1388 es
3416 1333 3583 1399 salus,

2010 1401 2101 1470 qui
2134 1415 2238 1455 non
2263 1402 2343 1456 vis
2382 1401 2607 1475 mortem
2652 1405 2946 1473 peccatoris
2970 1403 2990 1474 (
3018 1402 3203 1458 Ezech.
3226 1401 3419 1470 inut,
3453 1405 3515 1460 Η
3543 1404 3585 1475 ),

2010 1485 2170 1540 parce
2196 1474 2474 1541 peccatrici
2505 1475 2696 1528 animae
2725 1489 2879 1540 mete,
2912 1476 3072 1531 Deus.
3098 1476 3155 1530 In
3186 1483 3249 1545 te
3264 1490 3404 1543 pono
3430 1489 3584 1545 spem

2010 1557 2208 1607 meam,
2238 1554 2294 1598 et
2321 1545 2411 1598 tibi
2437 1545 2713 1600 committo
2737 1545 2969 1600 animam
2996 1561 3192 1601 meam.
3220 1542 3438 1600 custodi
3462 1542 3581 1603 eam

2012 1609 2137 1667 dum
2168 1615 2380 1669 dormio
2404 1655 2417 1679 ,
2464 1630 2614 1669 serva
2649 1630 2766 1670 eam
2809 1615 2936 1669 dum
2984 1616 3123 1670 aliud
3175 1616 3308 1671 facio
3332 1657 3347 1681 ,
3378 1624 3435 1672 et
3469 1615 3590 1672 vide

2012 1697 2166 1749 eam;
2195 1697 2466 1758 memento
2496 1686 2610 1754 ejus
2648 1685 2774 1741 dum
2817 1701 2918 1758 ego
2957 1687 3260 1741 obliviscor.
3305 1685 3433 1744 Sum
3464 1702 3590 1757 pec-

2011 1762 2181 1821 cator,
2212 1770 2330 1829 sum
2360 1757 2680 1829 miser;_sed
2710 1757 2961 1828 peccasse
2988 1772 3074 1812 me
3100 1758 3278 1825 doleo,
3308 1768 3361 1814 et
3385 1773 3587 1829 cogno-

2012 1838 2107 1879 sco
2123 1841 2211 1882 me
2239 1828 2510 1881 miserum.
2538 1827 2839 1883 Misericors
2867 1828 3041 1895 Deus,
3073 1829 3331 1884 miserere
3351 1827 3587 1885 mei'hu-

2011 1897 2171 1952 milis.
2197 1898 2423 1970 Peccare
2443 1906 2525 1952 est
2557 1898 2720 1953 Deum
2750 1899 3084 1954 exbonorare
3112 1942 3127 1967 ,
3156 1899 3297 1970 quod
3327 1900 3488 1954 homo
3514 1896 3619 1955 [εὶ-³

2013 1980 2135 2042 cere
2162 1982 2267 2042 non
2292 1968 2530 2035 deberet,
2571 1970 2776 2042 etiamsi
2821 1984 3042 2042 necesse
3067 1968 3209 2024 esset
3238 1971 3410 2039 perire
3437 1971 3593 2042 quid-

2013 2038 2137 2111 quid
2173 2040 2308 2094 Deus
2326 2054 2430 2092 non
2461 2051 2560 2093 est.
2593 2041 2702 2095 Heu
2730 2056 2832 2107 me,
2866 2041 2968 2096 ben
2996 2042 3115 2095 me!
3145 2042 3383 2111 peccavi,
3410 2038 3581 2099 Deum

2012 2108 2362 2182 exhonoravi,
2384 2111 2813 2182 omnipotentem
2844 2108 3427 2181 provocaviiPeccator
3455 2112 3583 2182 quid

2012 2176 2279 2265 fecinqu‘ae
2308 2176 2612 2265 niala_feci?
2638 2182 2727 2237 Va:
2759 2176 2895 2265 mala
2925 2184 3227 2265 agenting
3252 2182 3388 2265 bona
3415 2176 3559 2255 negti
3576 2212 3604 2247 ο,

2012 2250 2192 2318 genti!
2226 2251 2470 2322 Vtetvael
2502 2251 2579 2305 Ira
2634 2250 3016 2322 omnipotentis
3043 2250 3163 2318 Dei,
3196 2250 3461 2307 ne'irruas
3486 2250 3585 2309 Su-

2014 2333 2174 2393 §uper
2196 2338 2301 2376 me.
2334 2320 2413 2375 lra
2441 2320 2818 2393 omnipotentis
2840 2364 2853 2386 ,
2885 2324 2974 2378 ubi
3005 2324 3204 2393 poteris
3234 2324 3352 2393 capi
3370 2325 3430 2379 in
3459 2339 3547 2379 me
3566 2324 3603 2378 ῗι

2012 2389 2128 2463 Non
2171 2401 2256 2447 est
2282 2393 2423 2461 quod
2454 2404 2505 2447 te
2544 2389 2711 2463 possit
2763 2389 3088 2450 tolerare’in
3128 2403 3239 2449 toto
3270 2389 3376 2449 me.
3412 2396 3607 2461 Deus,.

2014 2462 2167 2528 cujus
2197 2463 2404 2516 bonitas
2428 2478 2531 2533 non
2546 2462 2885 2531 exhauritur,
2915 2464 3069 2533 cujus
3095 2464 3459 2519 misericordia
3482 2481 3591 2520 non

2014 2532 2335 2606 exinanitur,
2359 2532 2518 2606 cujus
2546 2535 2765 2606 scientia
2795 2549 2902 2589 non
2930 2532 3130 2599 deficit,
3160 2536 3315 2606 cujus
3345 2545 3593 2606 potestas.

2183 2604 2298 2689 vult
2318 2603 2496 2671 eﬂicit,
2533 2604 2678 2689 unde
2720 2615 2907 2674 potero
2936 2602 3257 2689 respirare,'_
3280 2602 3371 2689 qui
3402 2607 3478 2661 sic
3522 2607 3591 2689 ob

2014 2683 2389 2746 peccatadmea
2431 2689 2593 2746 cogor
2646 2674 2972 2746 desperare?
3013 2675 3145 2730 Nam
3210 2674 3313 2731 etsi
3346 2678 3595 2733 irascaris

2013 2743 2358 2818 peccantibus
2374 2786 2390 2811 ,
2416 2743 2558 2800 soles
2584 2743 2762 2818 tamen
2788 2747 3018 2817 benigne
3041 2747 3171 2818 dare
3188 2749 3471 2803 consilium
3502 2763 3597 2818 pe-

2015 2816 2266 2890 tentibus.
2293 2815 2436 2871 Doce
2457 2831 2560 2890 me,
2582 2816 2827 2890 Domine,
2852 2815 2993 2890 unde
3022 2817 3244 2890 debeam
3272 2815 3516 2890 sperare,
3536 2829 3593 2873 ut

2012 2887 2212 2960 possim
2238 2886 2255 2916 ¹
2271 2900 2446 2940 orare.
2463 2885 2699 2956 Namque
2715 2888 2867 2953 volo;
2895 2888 2988 2943 sed
3018 2885 3427 2960 nesciopro'pter
3444 2891 3596 2960 igno-

2012 2956 2238 3029 rantiam
2256 2970 2450 3021 meam,
2471 2971 2570 3011 nec
2590 2971 2804 3026 possum
2842 2968 3056 3029 propter
3078 2956 3326 3013 duritiam
3348 2956 3519 3014 meam
3541 2962 3587 3026 ’ς

2014 3038 2176 3098 cogor
2202 3026 2487 3098 desperare
2516 3037 2734 3096 propter
2754 3026 3082 3098 iniquitatem
3106 3044 3297 3084 meam.
3329 3030 3450 3085 Scio
3471 3030 3560 3098 qui
3582 3060 3597 3069 -

2013 3094 2136 3168 dem
2164 3103 2219 3151 et
2258 3094 2447 3163 fateor,
2467 3094 2588 3166 quia
2618 3094 2811 3152 merito
2828 3094 3001 3167 patior
3030 3099 3169 3168 quod
3206 3109 3394 3168 sponte
3416 3094 3593 3165 subii;

2013 3115 2136 3150 uem
2164 3115 2219 3151 et
2258 3115 2447 3163 tateor,
2467 3115 2588 3166 qtna
2618 3115 2811 3152 merito
2828 3115 3001 3167 pauor
3030 3115 3169 3168 quoa
3206 3115 3231 3153 s
3305 3115 3394 3155 nte
3416 3115 3593 3165 suntt;

2013 3173 2069 3240 et
2095 3167 2236 3240 juste
2254 3181 2358 3221 non
2378 3167 2651 3240 exaudior,
2665 3168 2793 3240 quia
2811 3183 2916 3223 non
2947 3167 3176 3223 obedivi.
3206 3115 3421 3240 Imque,
3454 3171 3593 3226 bone

2012 3236 2270 3308 Domine,
2320 3238 2570 3307 peccavi,
2627 3236 2799 3293 erravi
2829 3256 2842 3291 :
2866 3248 3235 3294 verumtamen
3262 3236 3362 3295 nec
3384 3249 3435 3297 te
3462 3242 3550 3296 odi
3574 3281 3592 3308 ,

2012 3321 2112 3361 nec
2164 3307 2400 3363 detestor
2426 3309 2719 3364 bonitatem
2750 3319 2914 3365 tuam.
2941 3310 3066 3365 Ideo
3094 3311 3115 3342 ³
3142 3309 3225 3365 fac
3252 3325 3459 3367 mecum
3505 3307 3598 3368 Ie-

2012 3377 2245 3453 cundum
2295 3378 2718 3453 misericordiam
2744 3389 2889 3436 tuam
2913 3421 2929 3449 ,
2963 3381 3056 3453 qui
3096 3394 3155 3437 es
3176 3381 3490 3439 benedictus
3538 3382 3595 3439 in

2013 3448 2205 3504 saecula
2233 3450 2549 3506 saeculorum
2579 3450 2622 3504 ³.

2075 3730 2094 3762 ι
2126 3729 2246 3780 ΕΔίιὶ
2266 3730 2345 3780 hic
2365 3729 2561 3791 addunt,
2581 3729 2776 3783 salvari.

2076 3793 2096 3859 ξ
2133 3799 2212 3859 his.
2241 3794 2418 3859 Regius
2447 3792 2686 3859 bicaddit,
2709 3791 2961 3859 prohibeor
2982 3807 3195 3859 sperare.

2071 3854 2095 3888 ⁸
2118 3852 2413 3922 Ultimbaac
2436 3857 2612 3918 verba,
2635 3852 2815 3920 nempe
2832 3858 2914 3918 ab,
2936 3852 3074 3918 ideo,
3096 3869 3255 3922 usque
3289 3856 3377 3918 ad,
3400 3858 3601 3913 stendo-

2009 3928 2138 3977 rum,
2161 3928 2257 3965 non
2280 3917 2465 3967 habent
2480 3925 2582 3969 Mss.

1448 4132 2498 4251 ADMONITIO

1405 4330 1489 4392 IN
1531 4326 2157 4407 SMQUENTEM
2198 4325 2523 4391 LIBRUM.

1869 4455 2128 4514 9W9

393 4586 642 4645 Manuale
661 4586 802 4646 istud
832 4604 939 4649 non
968 4592 1251 4663 Augustini
1282 4601 1510 4663 tantum,
1542 4595 1637 4650 sed
1664 4596 1901 4655 Anselmi
1929 4596 2114 4664 etiam,
2148 4611 2311 4668 penes
2334 4604 2540 4668 partem
2570 4593 2825 4666 aliquam,
2854 4600 2909 4651 et
2945 4592 3181 4666 Hugonis
3210 4593 3464 4649 Victorini
3492 4608 3596 4649 no-

322 4681 474 4736 mine
498 4681 768 4753 vulgatum
796 4692 898 4738 est.
927 4683 1113 4755 Capita
1146 4685 1351 4741 scilicet
1380 4686 1562 4758 viginti
1591 4697 1819 4758 quatuor
1846 4690 2023 4758 priora
2049 4696 2265 4745 exstant
2309 4686 2451 4758 apud
2490 4686 2765 4758 ﬂugonem
2796 4685 2852 4741 in
2894 4684 3031 4741 libro
3057 4683 3125 4743 de
3153 4685 3345 4740 Anima
3380 4693 3600 4753 quarto.

316 4778 477 4849 Apud
513 4779 828 4835 Anselmum
852 4795 981 4836 vero
1005 4781 1306 4837 orationem
1334 4790 1578 4852 quartam
1604 4782 1868 4838 decimam
1914 4783 2041 4857 (cui
2067 4782 2295 4838 orationi
2334 4782 2520 4836 titulus
2548 4781 2666 4851 ipse
2706 4779 2953 4835 Manuale
3004 4777 3257 4849 praefixos
3285 4776 3394 4846 est)
3427 4775 3604 4845 priora

318 4886 515 4925 novem
545 4871 717 4941 capita
748 4873 1056 4929 coniiciunt.
1096 4874 1422 4944 Opusculum
1461 4874 1623 4928 variis
1664 4890 1733 4930 ex
1763 4874 1894 4931 locis
1926 4874 2142 4946 collegit
2172 4874 2407 4929 incertus
2446 4879 2634 4927 auctor
2653 4912 2667 4937 ,
2696 4870 2839 4925 idem
2868 4869 2959 4923 ille
2991 4867 3212 4921 forsitan
3235 4867 3390 4934 cujus
3427 4864 3606 4919 studio

322 4963 632 5032 superiores
659 4964 861 5034 aliquot
886 4965 1068 5030 libros,
1103 4965 1359 5020 nimirum
1389 4966 1457 5020 de
1494 4964 1699 5034 Spiritu
1729 4974 1785 5020 et
1806 4966 1999 5021 Anima
2025 4975 2082 5022 et
2107 4966 2173 5020 de
2202 4963 2477 5035 Diligendo
2509 4963 2619 5019 Deo
2647 4964 2940 5035 (quantum
2972 4957 3187 5029 quidem
3225 4956 3356 5026 ipsis
3384 4970 3605 5026 compa-

317 5056 453 5111 ratis
494 5056 633 5111 inter
662 5070 721 5112 se
763 5056 1036 5125 opusculis
1075 5056 1441 5127 conjecturam
1469 5058 1642 5113 facere
1673 5056 1831 5127 licet)
1860 5059 2186 5129 compositos
2214 5058 2519 5128 opinamur.
2562 5053 2845 5125 Augustini
2868 5051 3012 5107 dicta
3042 5049 3265 5105 adhibet
3291 5049 3377 5104 hic
3409 5049 3561 5119 plura
3588 5090 3604 5116 ,

318 5160 530 5201 necnon
557 5144 811 5217 Cypriani
831 5145 1093 5216 qumdam,
1125 5157 1179 5202 et
1200 5146 1445 5218 Gregorii
1466 5162 1530 5204 ac
1560 5146 1784 5213 lsidori;
1824 5149 1918 5203 sed
1967 5148 2143 5219 qualia
2199 5147 2378 5203 hausit
2405 5162 2511 5201 non
2542 5160 2573 5199 a
2600 5143 2872 5215 germanis
2908 5139 3147 5194 fontibus
3174 5178 3191 5205 ,
3227 5138 3325 5194 sed
3362 5155 3390 5192 a
3421 5140 3607 5193 rivulis

317 5239 500 5293 minus
526 5238 695 5309 puris.
729 5238 961 5293 Primam
983 5253 1177 5308 nempe
1202 5238 1461 5296 Manualis
1486 5248 1714 5311 partem,
1746 5239 1802 5295 id
1828 5250 1910 5296 est
1935 5241 2213 5312 prologum
2245 5248 2298 5297 et
2333 5240 2567 5312 primum
2594 5252 2657 5292 ac
2678 5233 2975 5293 secundum
3005 5238 3166 5304 caput
3194 5231 3480 5303 descripsit
3507 5248 3603 5287 au-

320 5340 437 5386 ator
484 5347 551 5389 ex
591 5331 731 5387 libro
754 5331 998 5402 proxime
1041 5330 1130 5386 hic
1152 5340 1419 5399 secuturo,
1448 5334 1591 5405 quod
1626 5333 1915 5405 Speculum
1940 5335 2259 5404 appellatur.
2293 5335 2531 5388 Alteram
2575 5337 2779 5401 partem
2808 5344 2840 5385 a
2865 5326 3042 5397 capite
3071 5325 3230 5382 tertio
3255 5325 3323 5383 ad
3364 5325 3599 5382 medium

319 5424 537 5479 circiter
565 5434 725 5495 caput
758 5423 1131 5481 duodecimum
1162 5423 1429 5498 decerpsit
1468 5442 1530 5483 ex
1560 5427 1806 5482 oratione
1834 5427 2061 5498 quadam
2104 5428 2303 5483 inedita
2356 5426 2554 5482 veteris
2578 5423 2781 5479 codicis
2810 5420 3089 5478 Mettensis
3118 5419 3321 5476 laudati
3350 5435 3511 5491 supra
3548 5424 3606 5477 in

320 5515 704 5572 Admonitione
732 5517 798 5572 ad
826 5516 1226 5572 Meditationum
1254 5518 1446 5573 libmm
1475 5560 1491 5586 ,
1523 5534 1642 5589 qua:
1686 5520 1859 5575 oratio
1901 5520 1953 5574 in
1996 5535 2061 5575 eo
2088 5520 2271 5575 codice
2319 5518 2542 5574 Joannis
2590 5514 2989 5572 Fiscamnensis
3022 5528 3214 5587 preces
3238 5523 3295 5571 et
3342 5512 3597 5569 Willelmi

320 5608 533 5664 abbatis
557 5611 865 5666 continente
892 5610 1163 5682 reperitur
1188 5611 1285 5667 sub
1316 5612 1417 5667 hoc
1452 5612 1627 5680 titulo,
1666 5632 1684 5664 ι
1718 5613 1893 5666 Oratio
1916 5611 2097 5668 decora
2119 5614 2392 5682 compilata
2416 5628 2504 5682 per
2522 5612 3021 5682 contemplationem,
3052 5609 3131 5665 vel
3171 5608 3439 5664 Meditatio
3462 5609 3603 5663 theo-

320 5700 453 5754 rica.
486 5718 505 5753 ι
539 5700 651 5757 Hac
678 5710 823 5757 certe
853 5702 906 5756 in
932 5704 1173 5761 oratione
1201 5704 1478 5759 sententiae
1512 5703 1780 5773 pleniores
1826 5719 1983 5775 quam
2026 5705 2079 5758 in
2124 5705 2480 5773 subsequente
2512 5702 2601 5757 hic
2626 5703 2855 5758 Manuali
2898 5710 3023 5759 sunt
3051 5743 3067 5771 ,
3101 5710 3155 5758 et
3184 5702 3351 5774 magis
3374 5701 3602 5757 invicem

323 5794 667 5851 «maerentes
694 5814 708 5851 :
733 5796 874 5867 quod
901 5807 1217 5867 argumento
1237 5805 1321 5855 est
1355 5798 1652 5854 orationem
1680 5811 1789 5855 non
1813 5805 2076 5870 sumptam
2099 5812 2217 5853 esse
2244 5812 2305 5853 ex
2338 5797 2455 5867 ipso
2484 5796 2710 5853 Manuali
2741 5836 2756 5867 ,
2804 5795 2896 5853 sed
2926 5804 3136 5853 contra.
3168 5795 3325 5865 Nam,
3365 5793 3603 5865 exempli
