4094 6342
544 400 650 461 967
2014 390 2375 453 APPENDIX.

2014 390 2375 453 APPENDIX.
2812 424 2819 427 «
3172 456 3177 463 _
3729 408 3841 467 κε

544 519 733 591 gnitati
752 516 1085 581 dilectionis;
1115 513 1354 591 profecto
1380 515 1456 569 sic
1476 511 1781 584 gaudebunt
1809 517 1920 568 toto
1946 511 2126 580 corde,
2237 512 2393 591 electi
2424 509 2517 568 tui.
2542 509 2735 583 Utique
2763 517 2966 591 tantum
2993 512 3335 584 gaudebunt,
3378 522 3633 587 quantum
3671 535 3828 577 ama-

547 583 659 646 iota
687 599 895 657 mente,
939 596 1048 644 tota
1078 583 1251 642 anima
1272 628 1287 652 ,
1327 583 1602 658 futtamen
1632 592 1816 658 totum
1841 591 2132 658 cor,___tota
2237 584 2396 649 bunt;
2452 591 2668 658 tantum
2701 583 2952 658 amabunt
2982 583 3016 651 ,“
3050 583 3329 655 quantum
3353 583 3701 658 cognoscent.
3756 594 3828 650 Et

548 678 703 717 mens
726 703 741 724 ,
777 653 889 714 tota
909 661 1085 713 anima
1115 672 1220 712 non
1252 656 1482 711 sufficiat
1505 654 2105 728 plenitudinigaudiizh
2236 663 2493 728 quanium
2524 665 2606 719 te,
2636 653 2860 728 Domine
2879 696 2894 721 ,
2927 653 3282 728 cognoscent,
3304 653 3559 728 quantum
3599 670 3649 716 te
3675 678 3829 717 ama-

619 723 845 788 CAPUT
893 728 1134 784 XXXVI.
1194 728 1273 781 An
1322 727 1467 797 plene
1521 726 1601 798 liic
1658 725 1999 798 excogitelur.’
2032 723 2133 778 Hic
2238 723 2405 798 bunt?
2433 724 2586 798 Certe
2612 739 2713 798 nec
2739 727 2927 798 oculus
2952 723 3083 798 vidit
3103 769 3119 794 ,
3148 743 3249 784 nec
3267 723 3411 783 auris
3436 729 3678 798 audivit,
3722 749 3824 790 nec

546 818 743 869 semper
770 802 824 854 in
862 801 1042 854 notitia
1065 840 1080 866 ,
1112 815 1302 871 amore
1323 794 1369 851 et
1412 796 1598 865 gaudio
1633 797 1693 849 de
1732 794 1841 849 Deo
1889 811 2129 871 crescere.
2236 794 2289 849 in
2316 810 2409 850 cor
2445 795 2681 851 hominis
2701 796 2940 871 ascendit
2965 796 3034 871 in
3064 797 3164 871 hac
3193 798 3330 867 vita,
3360 810 3619 871 quantum
3657 794 3710 860 te
3730 819 3826 859 co-

549 865 691 928 Deu's
716 887 867 927 meus
893 880 946 925 et
972 870 1227 924 Dominus
1266 882 1450 934 meus,
1482 881 1605 937 spes
1631 882 1745 920 mea
1797 875 1850 919 et
1885 865 2133 937 gaudium
2235 876 2492 937 gnoscent
2515 876 2569 921 et
2606 868 2859 922 amabunt
2881 868 2935 922 in
2962 868 3050 923 illa
3079 869 3208 923 vita.
3315 865 3322 867 “
3358 865 3383 905 ὲ

549 943 727 998 cordis
753 943 890 1008 mei,
920 940 1006 996 die
1034 941 1226 994 anima:
1256 954 1426 1011 mete,
1470 935 1527 1011 si
1559 939 1768 1011 liocicst
1790 936 2037 1011 gaudium
2060 935 2134 1011 de
2248 935 2253 936 “
2306 936 2412 1011 Oro
2440 947 2490 992 te
2510 978 2544 1011 ,Α
2574 939 2711 992 Deus
2739 952 2889 1011 meus
2908 979 2923 1004 ,
2950 953 3268 1010 cognoscam
3295 949 3346 997 te
3367 983 3383 1007 ,
3415 956 3592 999 amem
3644 953 3698 1000 te
3720 987 3735 1011 ,
3767 954 3825 1000 ut

548 1030 656 1083 quo
686 1013 841 1068 nobis
872 1006 963 1081 per
986 1011 1179 1083 Filium
1206 1019 1349 1083 tuum
1377 1009 1530 1083 dicis,
1560 1006 1747 1074 Petite,
1770 1006 2133 1083 etlaccipieu's,‘
2235 1008 2582 1083 gaudeamde
2613 1017 2781 1083 te;_et
2803 1010 2984 1083 sinon
3012 1006 3229 1083 possum
3267 1013 3323 1066 in
3349 1006 3450 1067 hac
3474 1015 3582 1069 vita
3607 1015 3676 1069 ad
3711 1006 3827 1083 ple-

550 1030 656 1083 quo
686 1025 841 1068 notus
872 1028 963 1081 per
986 1025 1175 1066 l‘illlllll
1206 1025 1349 1067 tuum
1377 1025 1530 1071 mets,
1560 1025 1747 1074 reme,
1770 1025 1814 1060 ει
1843 1025 2133 1129 αεσιΓιεκυ
2235 1025 2492 1078 gaudeam
2514 1025 2582 1062 ac
2613 1025 2693 1073 te;
2726 1025 2781 1063 et
2803 1025 2848 1063 sn
2877 1025 2984 1065 non
3012 1026 3229 1079 possum
3267 1028 3323 1066 in
3349 1025 3450 1067 nae
3474 1025 3582 1069 vita
3607 1025 3676 1069 ad
3711 1025 3827 1083 ple-

550 1094 606 1137 ut
633 1084 877 1154 gaudium
896 1091 1110 1154 vestrum
1138 1082 1425 1154 sitpleuum
1441 1078 1620 1154 _(Joan.
1648 1093 1741 1132 xv:
1762 1118 1777 1144 ,
1810 1076 1920 1154 2i).
1975 1078 2131 1131 uveni
2237 1094 2361 1154 num
2383 1119 2397 1144 ,
2431 1078 2808 1154 vel_prolicia_m
2834 1080 2902 1154 die
2919 1080 3025 1154 die
3044 1081 3095 1136 in
3117 1081 3259 1138 diem
3280 1124 3295 1150 ,
3328 1084 3627 1154 usquedum
3649 1087 3834 1140 veniat

549 1148 780 1224 namque
808 1153 1055 1224 gaudium
1082 1148 1348 1224 quoddam
1370 1220 1384 1224 _
1404 1148 1616 1224 plenum
1639 1190 1655 1216 ,
1707 1157 1761 1203 et
1810 1148 1928 1216 plus
1974 1163 2133 1224 quam
2239 1149 2365 1224 illud
2388 1150 2453 1224 ad
2480 1150 2713 1219 plenum.
2741 1150 2991 1224 Proliciat
3014 1152 3181 1224 inme
3209 1148 3295 1208 hic
3314 1148 3502 1209 notitia
3528 1156 3641 1221 tui,
3670 1165 3733 1210 ut
3756 1157 3831 1211 ibi
3868 1170 3877 1178 ’

553 1219 987 1295 plenum.Pleuo
1014 1219 1212 1293 quippe
1257 1220 1455 1285 corde,
1483 1220 1659 1345 (plena
1712 1227 1921 1284 mente,
1976 1219 2133 1286 plena
2239 1221 2331 1274 tiat
2370 1221 2563 1288 plena;
2600 1230 2807 1275 crescat
2844 1222 3003 1276 inme
3033 1222 3122 1277 hic
3147 1238 3299 1279 amor
3335 1233 3457 1279 tuus
3479 1265 3495 1291 ,
3524 1234 3584 1281 ut
3629 1219 3719 1281 ibi
3758 1228 3835 1281 sit

553 1296 725 1345 anima
744 1334 759 1345 .
789 1295 947 1345 nleno
973 1302 1083 1345 toto
1136 1293 1350 1345 homine
1377 1307 1477 1345 uau
1523 1293 1571 1345 io
1610 1290 1701 1345 illo
1722 1331 1736 1345 .
1768 1289 1943 1343 adimo
1971 1302 2133 1345 sunra
2238 1292 2460 1345 plenus:
2490 1302 2546 1345 ut
2575 1292 2659 1345 hic
2673 1291 2921 1345 gaudium
2945 1308 3122 1345 meum
3153 1294 3220 1345 sit
3248 1295 3301 1345 in
3327 1310 3425 1345 sne
3463 1311 3742 1345 mannum-
3774 1305 3832 1345 et

550 1289 725 1349 animo
744 1334 759 1360 ,
789 1295 947 1364 pleno
973 1289 1083 1348 ιοῐο
1109 1289 1350 1366 'liomine
1377 1289 1571 1366 gaudio
1610 1290 1701 1345 illo
1722 1331 1736 1352 ,
1768 1289 1943 1366 adhuc
1964 1302 2133 1366 supra
2238 1292 2460 1366 plenus;
2490 1302 2555 1366 ιιιΔ
2575 1292 2659 1345 hic
2673 1291 2921 1366 gaudium
2945 1308 3122 1349 meum
3153 1294 3220 1348 sit
3248 1295 3301 1349 in
3327 1310 3425 1366 spe
3463 1289 3743 1366 magnum,
3774 1305 3832 1352 et

550 1359 769 1437 modum
791 1359 1060 1437 supererit
1085 1364 1356 1437 gaudium.
1380 1359 1642 1437 Nouergo
1661 1369 1825 1437 totum
1852 1359 1981 1437 illud
2005 1374 2135 1428 gau—
2237 1362 2307 1416 ibi
2337 1362 2405 1437 ini
2431 1378 2489 1437 re
2508 1359 2740 1432 plenum.
2774 1363 2916 1437 Deus
2941 1378 3135 1429 verax,
3162 1374 3286 1437 peto
3308 1359 3375 1437 ut
3392 1359 3652 1437 accipiam
3676 1359 3830 1437 quod

550 1435 699 1514 dium
728 1430 1018 1514 intr-abigit:
1048 1430 1370 1514 gaudentfs,
1410 1433 1505 1514 sed
1526 1434 1618 1514 toti
1645 1430 1940 1514 gaudentes
1969 1430 2136 1514 intra-
2237 1430 2539 1514 promittis,
2565 1442 2621 1487 ut
2669 1432 2918 1503 gaudium
2963 1449 3141 1514 meum
3163 1430 3239 1490 sit
3266 1430 3832 1514 plenumfhledit'etur

552 1507 689 1578 bunt
717 1506 780 1578 in
809 1501 1243 1578 gau_dium'illud._
1267 1504 1393 1569 Dic,
1437 1501 1700 1578 Domine,
1744 1501 1830 1578 die
1858 1515 2016 1578 servo
2044 1510 2135 1578 iuo
2237 1501 2362 1558 inde
2388 1505 2599 1578 interim
2641 1501 2795 1559 mens
2820 1519 2972 1572 mea,
2996 1505 3244 1578 loquatur
3266 1501 3408 1563 inde
3440 1508 3622 1578 lingua
3658 1523 3781 1564 mea
3812 1549 3831 1575 ,

549 1577 692 1631 intus
714 1577 767 1630 in
794 1572 953 1631 c'orde
975 1590 1125 1642 meo,
1154 1575 1200 1629 si
1232 1576 1332 1629 hoc
1366 1583 1448 1629 est
1491 1572 1825 1645 gaudiumin
1855 1572 1999 1645 quod
2047 1572 2130 1645 i_n-_
2236 1583 2381 1629 amet
2419 1575 2544 1629 illud
2574 1589 2668 1629 cor
2696 1590 2872 1631 meum
2893 1614 2911 1641 ,
2941 1572 3337 1632 sermocinetur
3364 1592 3427 1632 os
3451 1572 3632 1633 meum
3652 1619 3668 1643 ,
3697 1572 3829 1633 esui-

551 1647 767 1702 trabunt
792 1648 928 1701 servi
962 1646 1075 1711 tui,
1104 1646 1192 1715 qui
1225 1642 1514 1700 intrabunt
1546 1645 1596 1698 iu
1624 1643 1871 1715 gaudium
1920 1642 2133 1715 Domini
2237 1645 2338 1699 riat
2363 1646 2491 1700 illud
2519 1646 2695 1699 anima
2723 1661 2841 1701 mea
2864 1688 2878 1711 ,
2911 1647 3202 1702 sitiatillud
3226 1661 3353 1702 caro
3380 1665 3521 1715 mea,
3553 1642 3832 1705 desideret

550 1718 653 1773 sui.
684 1717 788 1774 Sed
818 1727 961 1789 certe
985 1713 1236 1789 gaudium
1285 1715 1425 1789 illud
1465 1730 1597 1789 quo__
1620 1713 1927 1789 gaudebunt
1978 1713 2133 1789 electi
2239 1716 2506 1789 illuditota
2538 1716 2833 1789 substantia
2873 1733 2989 1772 mea
3012 1758 3026 1785 ,
3055 1717 3228 1774 donec
3263 1719 3460 1774 intrem
3490 1713 3540 1774 in
3572 1720 3828 1789 gaudium

551 1788 657 1853 tui,
688 1805 777 1842 nec
804 1788 979 1841 oculus
992 1784 1130 1842 'vidit
1154 1827 1169 1854 ,
1196 1803 1285 1841 nec
1314 1786 1451 1840 auris
1477 1785 1669 1857 audivit
1691 1827 1707 1853 ,
1736 1800 1824 1857 nec
1851 1784 2132 1857 incor‘Iw-
2238 1786 2448 1841 Domiui
2472 1787 2576 1842 mei
2608 1804 2621 1839 :
2655 1788 2743 1857 qui
2771 1799 2854 1844 est.
2884 1784 3055 1844 trinUs
3091 1797 3148 1845 et
3170 1804 3306 1846 unus
3334 1790 3476 1845 Deus
3505 1784 3826 1848 benedictus

548 1859 699 1912 minis
726 1858 950 1913 ascendit
977 1857 1132 1927 (Isai.
1166 1873 1290 1912 an
1313 1897 1329 1922 ,
1359 1858 1422 1921 4;
1452 1857 1471 1910 l
1498 1853 1615 1911 Cor.
1647 1871 1683 1909 ιι
1708 1896 1722 1921 ,
1766 1853 1845 1923 9).
1885 1853 2132 1927 Nondum
2238 1857 2293 1913 in
2319 1857 2533 1915 saecula.
2566 1853 2759 1915 Amen.

552 1942 682 1999 ergo
710 1930 936 2000 cogitavi
961 1924 1055 1984 aut
1080 1927 1190 1984 dixi
1215 1969 1230 1994 ,
1260 1928 1485 1983 Domine
1505 1967 1518 1992 ,
1549 1934 1803 1997 quantum
1828 1924 2135 1996 gaudebunt

822 2074 959 2083 77—.

1497 2206 2156 2281 ADMONITIO
2221 2209 2335 2281 IN
2397 2209 2880 2282 LIBRUM

1381 2342 1513 2407 CUI
1555 2342 1905 2406 SPECULO
1946 2341 2227 2406 NOMEN
2261 2342 2739 2406 INSCRIPTUM
2779 2344 2950 2407 EST.

615 2493 732 2552 Non
762 2510 866 2552 una
893 2504 976 2553 est
997 2496 1119 2553 libri
1141 2497 1516 2569 subsequentis
1543 2495 1817 2566 inscriptio
1840 2494 1894 2549 in
1917 2494 2148 2564 antiquis
2171 2492 2463 2551 codicibus.
2494 2493 2807 2563 Appellatur
2833 2496 2893 2572 in~
2932 2494 3199 2566 plerisque
3244 2493 3527 2565 Speculum
3564 2494 3678 2549 sive
3712 2490 3827 2549 Ma-

541 2588 702 2643 nuale
719 2628 735 2651 ,
763 2586 925 2644 ducto
950 2587 1173 2645 forsitan
1201 2589 1354 2644 titulo
1384 2603 1454 2645 ex
1478 2586 1656 2644 verbis
1681 2586 1936 2653 auctoris,
1966 2584 2033 2640 ad
2056 2586 2223 2641 Deum
2253 2585 2466 2641 circiter
2486 2586 2645 2642 ﬁnem
2673 2586 2746 2641 ita
2767 2587 3033 2658 loquentis
3061 2605 3074 2641 :
3104 2587 3239 2642 Huic
3255 2588 3688 2658 deﬂorntiuncula:
3710 2604 3832 2657 ope-

539 2693 652 2733 ram
676 2680 791 2733 dedi
815 2723 830 2748 ,
852 2688 914 2750 ,ιιι
940 2680 1080 2736 breue
1108 2688 1153 2735 et
1185 2680 1430 2735 Manuale
1454 2680 1660 2736 verbum
1679 2695 1873 2733 mecum
1903 2676 1965 2731 de
1993 2686 2039 2731 te
2064 2693 2256 2749 semper
2285 2677 2553 2743 haberem,
2583 2694 2644 2732 ea:
2673 2681 2820 2750 cujus
2851 2680 3083 2744 lectione,
3112 2685 3304 2750 quoties
3346 2689 3543 2751 tcpcsco
3564 2721 3580 2746 ,
3611 2681 3661 2734 in
3688 2689 3831 2733 luunt

538 2772 844 2825 reaccendar
872 2787 1114 2825 amorem.
1148 2771 1313 2826 Paulo
1339 2778 1461 2841 post
1489 2769 1619 2825 dicit
1647 2777 1835 2823 auctor
1854 2767 2168 2836 decerptum
2207 2782 2238 2822 a
2269 2781 2327 2822 se
2358 2766 2499 2822 hunc
2523 2769 2900 2824 sertnunculum
2924 2810 2939 2836 ,
2972 2770 3047 2824 uti
3075 2769 3142 2825 de
3182 2770 3294 2825 Deo
3318 2770 3447 2824 sicut
3474 2770 3628 2825 corde
3669 2769 3831 2824 credit

549 2862 618 2915 ad
636 2863 925 2931 justitiam,
954 2863 1027 2916 ita
1046 2879 1133 2917 ore
1161 2863 1486 2932 conﬁteretur
1514 2861 1583 2914 ad
1605 2860 1839 2916 salutem.
1870 2858 2005 2913 Hinc
2034 2872 2141 2912 non
2166 2856 2347 2929 inepte
2374 2858 2426 2913 iu
2454 2858 2819 2929 manuscripto
2859 2860 3175 2916 Parisiensis
3204 2861 3413 2931 collegii
3463 2860 3828 2919 Bernardino-

538 2966 659 3008 rum
691 2954 1026 3022 inscribitur,
1058 2954 1294 3011 Libellus
1318 2953 1595 3010 catholicae
1623 2951 1764 3007 fidei.
1791 2950 1847 3005 ln
1878 2965 1984 3021 quo
2013 2950 2173 3006 etiam
2193 2949 2646 3005 Bernardinorum
2670 2951 2855 3008 codice
2874 2952 3107 3009 alterum
3133 2952 3296 3012 habet
3341 2954 3582 3025 proxime
3635 2957 3830 3027 adjun-

545 3055 690 3103 ctum
717 3049 1029 3119 opusculum
1052 3064 1171 3105 cum
1200 3049 1367 3105 hocce
1398 3047 1571 3113 titulo,
1602 3043 1880 3101 Confessio
1905 3052 2163 3115 quantum
2190 3042 2436 3099 Christus
2463 3044 2698 3100 humano
2721 3047 2909 3116 generi
2937 3047 3224 3104 subvenire
3248 3049 3493 3119 dignatus
3520 3059 3603 3105 est
3633 3070 3646 3104 :
3674 3050 3820 3121 quod

544 3143 732 3215 incipit
783 3145 836 3199 iu
866 3144 1009 3202 hunc
1035 3145 1281 3210 modum,
1315 3143 1582 3215 Superiori
1609 3143 1931 3199 sermunculo
1957 3143 2283 3212 confessionis
2303 3142 2425 3211 ﬁdei
2454 3159 2605 3213 metu,
2633 3154 2740 3201 etc.
2772 3145 2900 3203 Haec
2927 3157 3103 3205 autem
3142 3152 3394 3220 epuscula
3424 3151 3530 3207 duo
3548 3152 3713 3209 nihilo
3740 3154 3827 3209 di-

541 3252 697 3296 versa
727 3247 853 3294 sunt
876 3254 906 3294 a
937 3240 1104 3309 prima
1126 3246 1180 3294 et
1203 3237 1437 3294 secunda
1466 3245 1617 3308 parte
1648 3235 2011 3291 Confessionis
2031 3235 2153 3290 fidei
2179 3251 2300 3307 qua:
2327 3236 2471 3292 Petri
2500 3236 2771 3295 Francisci
2822 3240 3073 3298 Chimetii
3120 3259 3244 3300 cura
3264 3286 3280 3311 ,
3326 3246 3424 3300 sub
3455 3247 3665 3302 Alcuiui
3728 3264 3827 3304 no—

537 3329 681 3385 mine
709 3338 933 3401 quatuor
958 3332 1213 3387 instructa
1245 3329 1483 3400 partibus
1513 3328 1709 3399 prodiit
1736 3344 1801 3384 ex
1827 3326 2129 3384 Boberiano
2147 3330 2458 3401 exemplari.
2492 3331 2824 3403 Scripturam
2851 3337 3171 3407 exemplaris
3200 3339 3357 3408 hujus
3386 3340 3668 3397 Boheriani
3692 3359 3824 3415 pro-

537 3422 683 3479 xime
698 3424 952 3480 accedere
980 3423 1048 3479 ad
1076 3433 1283 3493 tempus
1306 3420 1484 3477 Caroli
1508 3420 1701 3492 Magni,
1733 3435 1834 3477 nec
1861 3420 2057 3476 saeculo
2077 3435 2219 3476 nono
2238 3423 2591 3491 posteriorem
2618 3425 2808 3492 videri,
2829 3435 3093 3483 testantur
3107 3429 3206 3484 viri
3231 3430 3309 3484 rei
3337 3430 3607 3486 litterarim
3634 3433 3823 3501 peritia

543 3515 867 3583 clarissimi,
898 3515 988 3587 qui
1010 3515 1074 3571 ad
1092 3514 1384 3571 faciendam
1416 3511 1483 3567 de
1505 3513 1607 3567 hoc
1632 3514 1748 3583 ipso
1778 3512 1936 3567 fidem
1960 3554 1974 3579 ,
2009 3513 2363 3570 instrumento
2392 3516 2536 3571 edito
2557 3516 2611 3572 in
2635 3516 2885 3574 Veterum
2913 3520 3293 3576 Analectorum
3322 3531 3463 3577 tomo
3492 3522 3642 3593 [(uhi
3673 3525 3825 3594 plura

536 3608 590 3663 in
620 3607 756 3663 hanc
788 3624 900 3664 rem
924 3605 1281 3677 disseruntur)
1310 3605 1762 3675 subscripserunt.
1796 3604 2132 3675 Quapropter
2155 3619 2275 3675 quae
2301 3607 2646 3679 subsequenti
2686 3610 2917 3679 Speculo
2949 3611 3111 3682 (quod
3158 3630 3349 3684 nempe
3400 3615 3529 3669 nihil
3571 3617 3713 3671 aliud
3739 3626 3825 3674 est

536 3702 641 3757 nisi
671 3700 1035 3757 Confessionis
1084 3699 1353 3771 praedictae
1388 3712 1511 3768 pars
1538 3698 1730 3769 prima)
1762 3697 1938 3753 inesse
1977 3697 2315 3768 reperiuntur
2341 3702 2645 3756 communia
2696 3718 2815 3757 eum
2872 3705 3303 3763 Meditatiouibus
3359 3708 3445 3763 hic
3474 3710 3630 3780 paulo
3657 3727 3823 3783 supra

535 3797 749 3851 excusis
768 3835 783 3862 ,
826 3809 889 3851 ea
919 3809 1025 3849 non
1052 3807 1082 3846 a
1106 3790 1531 3847 Meditationibus
1562 3790 1615 3844 in
1644 3789 1932 3859 Speculum
1961 3830 1975 3854 ,
2006 3790 2102 3845 sed
2131 3804 2161 3844 a
2190 3788 2419 3861 Speculo
2444 3793 2619 3861 potius
2651 3794 2703 3848 in
2748 3794 3153 3866 Meditationes,
3197 3815 3329 3870 quas
3368 3800 3575 3857 decimo
3617 3805 3824 3862 saeculo

535 3887 861 3958 posteriores
892 3900 1011 3943 esse
1035 3884 1232 3955 liquet,
1275 3882 1546 3938 derivasse
1572 3882 1863 3953 putandum
1894 3891 1997 3937 est.
2029 3880 2293 3938 Caeterum
2323 3885 2480 3939 verba
2505 3895 2559 3941 et
2596 3888 2887 3942 sententias
2919 3889 3005 3945 hic
3037 3906 3144 3947 non
3174 3909 3243 3948 ex
3288 3896 3563 3966 Augustini
3610 3904 3823 3955 tantum

539 3980 690 4036 libris
714 4022 729 4049 ,
753 3988 845 4035 aut
871 3977 1115 4050 Gregorii
1144 3985 1199 4032 et
1223 3974 1407 4039 Isideri
1427 4015 1442 4041 ,
1472 3975 1565 4029 sed
1594 3975 1752 4030 etiam
1784 3990 1848 4029 cx
1880 3975 2047 4045 ipsius
2075 3975 2281 4031 Alcuini
2312 3977 2689 4046 scriptionibus
2716 3980 2834 4037 aliis
2861 3981 3142 4054 decerptas
3171 3987 3518 4043 observamus
3548 4005 3691 4059 :quo
3721 4006 3823 4061 po-

543 4071 808 4127 tissimum
850 4076 1167 4141 argumento
1195 4082 1501 4132 moramur,
1535 4067 1818 4138 quominus
1849 4067 1900 4122 id
1930 4069 2109 4137 operis
2136 4069 2345 4124 Alcuini
2369 4084 2488 4126 esse
2517 4073 2888 4130 incunctanter
2915 4077 3262 4135 afllrmemus.
3291 4080 3641 4140 Emendando
3682 4084 3818 4157 Spe-

538 4164 662 4220 culo
685 4206 700 4232 ,
729 4173 925 4234 praeter
954 4161 1286 4218 Parisienses
1310 4161 1523 4217 codices
1552 4159 1885 4216 bibliothecae
1911 4157 2234 4217 Colbertintc
2264 4171 2319 4218 et
2347 4162 2555 4234 collegii
2579 4164 3027 4223 Bernardinorum
3047 4209 3064 4237 ,
3088 4170 3428 4230 adhibuimus
3448 4177 3610 4232 etiam
3641 4177 3819 4236 Βοιω-

536 4259 673 4315 riani
694 4257 1010 4331 exemplaris
1033 4258 1416 4330 apographum.

553 4384 3814 4425 ww

1510 4476 2817 4655 SPECULUM,

1680 4701 2158 4812 LIBER
2233 4703 2350 4811 [Γ
2336 4705 2451 4813 Ν
2460 4705 2678 4820 US.
3250 4766 3251 4769 ~

2050 4884 2296 4959 θ-ειθθθθθ
3212 4924 3264 4956 ρ

602 5022 827 5083 CAPUT
866 5020 1149 5079 PRIMUM.
1201 5017 1462 5076 Invocatio
1511 5015 1578 5091 ad
1622 5022 1847 5091 sanctant
1893 5012 2117 5091 Trinita-
2224 5032 2386 5091 gnem,
2419 5031 2542 5091 qua;

1947 5014 2117 5091 vinita-
2224 5032 2386 5091 mem,
2419 5031 2576 5091 quam
2604 5015 2846 5091 decussis
2873 5018 3184 5091 ignorantia)
3206 5022 3444 5082 tenebris
3473 5027 3540 5082 ad
3566 5029 3807 5088 veritatis

532 5107 650 5153 tem.
708 5097 780 5168 (a)
830 5095 1027 5168 Adesto
1078 5093 1477 5168 mihi_,_vcrum
1522 5088 1735 5168 lumen,
1789 5085 1929 5168 Deus
1960 5084 2115 5165 Pater
2221 5084 3812 5168 intelligentiamperduxisti{quamtult:t_sa:culiamaritu1

532 5155 1119 5239 omnip‘oicnéqudqu
1149 5163 1298 5239 "lilii,
1335 5174 1523 5239 verunt
1551 5155 1849 5239 lumcn‘de
1877 5155 2110 5239 lumine,
2221 5159 2366 5239 dine,
2393 5155 2448 5239 et
2477 5155 3230 5239 tu:e__citaritatis_d‘uiced_ine
3275 5166 3529 5235 adhibita,
3564 5155 3810 5239 saporum

532 5225 989 5302 Verbum,Filius
1022 5233 1147 5300 Dei,
1177 5225 1706 5307 Detisomniptgicns.
1736 5225 2110 5307 Adagiomihi,
2218 5228 2350 5307 mihi
2394 5236 2447 5284 et
2493 5227 2802 5307 metnnuam
2842 5232 3173 5307 rgddidisti‘.
3204 5233 3418 5291 Iuvocat
3457 5225 3540 5305 ιε’,
3579 5225 3811 5296 rimatis;

529 5326 656 5365 vera
692 5294 1026 5381 illuminatic,
1052 5294 1237 5381 sancte
1266 5294 1514 5381 Spiritus,
1544 5298 1796 5381 Patris‘ct
1841 5295 1959 5381 Filii
1979 5296 2112 5381 quit-
2218 5300 2373 5381 beaia
2398 5340 2411 5380 ε
2439 5300 2711 5381 voxuciara
2740 5309 2795 5357 et
2816 5294 3059 5381 sincerus
3085 5305 3434 5381 clamormlidei
3466 5294 3620 5373 mem,
3650 5294 3809 5381 quam

532 5392 627 5453 tas,
688 5379 986 5453 sanctita§,_
1014 5365 1248 5453 charitas
1268 5414 1282 5440 ,
1308 5365 1467 5453 'Deus
1502 5365 2114 5453 omnipotens.riA'd_esto
2219 5371 2287 5424 ab
2316 5370 2443 5440 ipsis
2487 5368 2619 5425 mihi
2657 5365 2950 5429 enutriens’
2956 5376 3230 5431 cunabulis
3258 5377 3567 5437 illuminasti
3596 5365 3811 5453 semper

528 5435 687 5513 mihi,
712 5466 745 5503 o
771 5464 871 5502 una
900 5435 1129 5501 Trinitas
1147 5485 1161 5509 ,
1193 5452 1247 5499 ct
1269 5435 1407 5498 trina
1434 5442 1641 5513 unitas,
1661 5435 1831 5493 'Pater
1858 5446 1914 5513 ei
1944 5435 2114 5492 Filius
2282 5435 2385 5513 ,αξη
2407 5482 2623 5513 Mﬁmm
2640 5490 2729 5513 um
2765 5498 2790 5513 η
2831 5484 2941 5513 ,ΑΗΔ
2981 5486 3096 5513 mu
3133 5488 3277 5513 dum
3303 5490 3467 5513 Ann"

528 5483 689 5531 η,ηηὶ
712 5483 745 5532 ιξ
772 5483 871 5502 ιη...
911 5483 959 5501 ι.
976 5483 1129 5500 ιιιιιιιο
1147 5485 1161 5509 ν
1193 5483 1247 5499 νο
1272 5483 1407 5498 ιιι-ιι·
1437 5483 1641 5521 νων-ὐτ
1674 5483 1693 5493 ·
1714 5483 1819 5493 ··“ν·
1861 5483 1914 5491 “'
1946 5483 1966 5490 ·
1990 5483 2112 5492 ·“““·’
2282 5483 2385 5532 Isic
2407 5483 2542 5546 potio

527 5531 579 5603 ω
603 5521 829 5603 5.9"“.“5
852 5525 1067 5603 53.99"”
1084 5558 1097 5580 ν
1114 5602 1117 5603 ,
1132 5531 1277 5603 ειηυε.
1292 5514 1455 5603 ,Ψὲῖ
1479 5507 2115 5603 ΒῘΞΕ¹¹1ξξί3Εθὶ¹ἓμῖ¹ΞΪῖῗ³Ξ¹ί
2215 5542 2391 5596 ablata.
2409 5572 2471 5583 —
2497 5551 2542 5595 Et

2282 5483 2299 5514 ¹
2313 5483 2385 5532 sic
2407 5483 2625 5546 potiores
2640 5490 2748 5535 Mss.
2764 5498 2810 5547 a,
2974 5486 3116 5561 Alias,
3130 5488 3277 5540 stulta
3298 5490 3467 5543 seaculi
3482 5494 3807 5547 amaritudine

1947 5592 1987 5603 __
2012 5578 2078 5603 ιη,
2215 5542 2391 5596 ablata.
2409 5572 2471 5583 —
2497 5551 2571 5595 Er.
2594 5547 2739 5603 Lugd.
2759 5556 2875 5598 Ven.
2900 5557 2977 5598 δικ
2997 5550 3370 5603 exhibentbuue
3392 5553 3582 5603 locum.
3606 5571 3705 5603 ann
3730 5572 3805 5603 me

529 5567 1029 5683 ξιξμιῖξξπὶιίξξξξηίίδςξ
1046 5567 1159 5683 "is?
1166 5628 1192 5683 ς.
1202 5600 1312 5683 .‘1‘33
1319 5582 1587 5683 ’πηδξξὲἓὲίί
1608 5567 2111 5683 ἑὲἓλὶἒξῖεἰίεεκὲξίξ

527 5646 747 5718 niiatem
781 5646 922 5714 tuam
967 5657 1033 5712 ad
1080 5646 1306 5738 salutem
1358 5669 1553 5738 meum.
1586 5646 1819 5738 invocat
1849 5646 1899 5707 te
1925 5693 1940 5718 ,
1971 5650 2113 5738 Deus
2541 5646 3804 5738 «imm?

527 5683 747 5718 ιιιιίιιυιιι
781 5683 922 5714 tuam
967 5683 1033 5712 au
1080 5683 1306 5711 Sillutcul
1360 5683 1553 5709 quat".
1608 5683 1819 5707 unum“
1851 5683 1899 5707 tu
1925 5693 1940 5718 ν
1971 5683 2113 5732 unua.
2216 5683 2522 5734 parum"

527 5746 713 5800 meus,
753 5741 897 5786 easta
944 5727 1270 5784 conscientia
1293 5740 1446 5791 mea,
1478 5732 1533 5779 et
1578 5723 1755 5778 suavis
1783 5738 1934 5779 amor
1988 5721 2111 5776 fidet
2215 5731 2542 5807 ειιςηίρᾳςίξμη

1971 5683 2113 5775 lily“?
2216 5683 2491 5741 perditast:
2507 5704 2522 5725 .
2712 5683 3045 5743 stratasqacutt
3065 5683 3390 5748 amaritudine
3409 5683 3569 5749 ablata
3585 5718 3598 5739 ,
3634 5688 3681 5751 et
3706 5689 3801 5731 tua:

2009 5721 2111 5776 idet
2215 5731 2739 5807 cltaqtattsducedtne
2758 5732 3300 5807 adlnbtta,_saporosam
3320 5739 3437 5789 mtlu
3454 5747 3500 5790 et
3522 5741 3801 5807 met/illim:

2215 5793 2493 5846 reddidisti.
2518 5796 2601 5866 sic
2624 5798 2771 5846 etiam
2792 5801 2900 5847 Lov.
2933 5793 3016 5864 qui
3040 5793 3203 5852 tamen
3226 5813 3330 5865 pro,
3355 5813 3501 5866 quam
3526 5793 3700 5866 stulti,
3726 5807 3798 5860 fe-

589 5869 663 5939 (α)
696 5868 769 5922 Sic
790 5868 952 5933 incipit
976 5864 1211 5917 invocatio
1236 5860 1416 5913 Alcuini
1436 5866 1545 5926 post
1568 5859 1719 5913 libros
1739 5858 1805 5911 de
1821 5858 2071 5914 Trinitate,
2144 5937 2175 5939 _
2214 5840 2472 5926 ἧιῆζῑῂξᾶ
2483 5840 2773 5917 amni];
2792 5840 2847 5846 -ν
2864 5840 2900 5847 ·-
2936 5840 3016 5864 τ·
3042 5840 3203 5852 κ-νπ
3226 5840 3330 5865 ιι-νι
3356 5840 3501 5866 rw
3526 5840 3700 5871 mm.

2142 5937 2181 5945 ..ι
