4094 6342
310 327 414 385 975
745 369 754 377 .

379 437 603 496 CAPUT
637 438 701 492 Χ.
734 436 883 503 Quod
904 437 956 491 in
981 436 1087 489 solo
1115 432 1275 487 Verbo
1299 431 1433 487 Deus
1453 434 1621 487 omnia
1656 434 1791 504 fecit.
1818 435 1885 490 At

307 522 361 567 tu
404 513 542 564 Deus
569 520 750 563 noster
774 507 1030 561 mirabilis
1055 517 1107 560 et
1147 514 1357 574 potens,
1407 505 1493 573 qui
1526 511 1687 557 totam
1735 505 1885 559 istius

305 580 488 639 mundi
517 580 710 634 molem
748 594 871 631 cum
911 575 1055 631 omni
1096 576 1451 630 instrumento
1479 575 1882 640 elementorum,

307 666 613 722 corporum,
642 649 942 722 spirituum,
972 647 1269 722 verboqno
1293 644 1519 722 jussisti,
1554 645 1757 699 ratione
1782 660 1883 722 qua

307 715 633 793 disposuisti,
668 715 859 773 virtute
888 734 987 793 qua
1012 716 1246 793 potuisti,
1268 730 1344 793 _ex
1390 715 1553 768 nihilo
1577 716 1883 793 expressisti

306 795 356 847 in
394 784 779 845 ornamentum
815 788 1106 857 majestatis
1148 786 1484 857 gloriatum,
1535 784 1622 853 qui
1675 794 1884 857 tempus

306 866 369 916 ab
400 864 515 930 ipso
543 871 666 915 tunc
692 875 806 914 aevo
835 856 911 930 ire
943 858 1156 924 jubens,
1189 856 1498 930 stabilisque
1543 870 1762 930 manens
1785 856 1884 930 _das

306 926 495 986 cuncta
541 932 763 994 moveri,
809 928 896 998 qui
946 937 1140 998 terram
1187 926 1463 998 multiplici
1499 926 1738 998 germine
1778 926 1885 980 fru-

305 1013 505 1064 ctuum,
533 1014 586 1056 et
610 1002 801 1055 caelum
828 996 1050 1070 pulchro
1075 996 1335 1070 decorasti
1383 997 1578 1049 lumine
1626 996 1878 1061 siderum,

303 1088 531 1141 quorum
561 1082 613 1125 tu
645 1068 857 1124 nomina
887 1069 1053 1141 solus,
1104 1068 1285 1141 signa,
1319 1073 1629 1141 potestates,
1671 1082 1879 1141 cursus,

309 1137 545 1212 tempora
576 1142 735 1196 nosti.
769 1141 847 1193 'I‘u
876 1140 1038 1212 mitis,
1074 1147 1141 1212 tu
1170 1139 1414 1205 benigne,
1463 1137 1633 1201 fortis,
1684 1137 1883 1212 zelotes

306 1224 360 1266 et
378 1208 600 1267 sabaotb
633 1211 996 1271 invictissime,
1047 1210 1268 1263 visitans
1317 1216 1529 1276 peccata
1578 1216 1783 1272 patrum
1828 1208 1880 1261 in

308 1284 447 1337 ﬁlios
472 1299 640 1352 usque
669 1283 720 1335 in
751 1280 956 1352 tertiam
979 1287 1036 1352 et
1070 1278 1779 1352 quartamhgenerationem,
1828 1287 1885 1333 et

306 1354 506 1409 faciens
532 1347 947 1407 misericordiam
990 1350 1039 1403 in
1070 1347 1216 1404 mille
1242 1348 1402 1401 millia
1433 1347 1517 1401 bis
1545 1348 1633 1417 qui
1660 1347 1882 1417 diligunt

308 1433 361 1479 te
386 1422 582 1493 (Exod.
608 1440 699 1483 xx.
729 1422 809 1490 5),
855 1429 911 1475 et
950 1420 1137 1493 timent
1162 1433 1356 1493 nomen
1410 1417 1681 1493 tunm._Si
1722 1434 1879 1486 opera

308 1487 403 1549 tua
423 1494 494 1547 ita
534 1502 657 1548 sunt
702 1487 890 1561 magna
933 1500 987 1545 et
1034 1489 1415 1561 inscrutabilia,
1466 1487 1682 1561 pulchra
1725 1498 1883 1561 atque

308 1564 586 1634 stupenda,
635 1559 813 1617 dicant
838 1562 925 1630 qui
950 1561 1129 1613 volunt
1164 1559 1431 1634 quomodo
1455 1559 1572 1634 capi
1605 1559 1802 1634 poteris
1829 1570 1882 1613 tu

307 1629 700 1706 pulcherrimus
723 1642 931 1706 creator
957 1643 1163 1706 eorum.
1208 1629 1430 1683 Constat
1468 1631 1608 1682 enim
1636 1629 1880 1706 opificem

308 1701 542 1759 omnium
576 1707 730 1774 longe
752 1717 814 1774 se
834 1702 987 1774 aliter
1017 1701 1213 1754 habere
1228 1713 1381 1774 quam
1404 1713 1464 1751 ea
1481 1714 1599 1774 quae
1623 1714 1652 1752 a
1683 1714 1741 1753 se
1769 1701 1878 1761 tieri

307 1775 494 1829 voluit.
525 1777 600 1829 Ex
626 1770 1217 1842 pulchritudinetatnen
1246 1770 1662 1842 circumscripta}
1682 1778 1883 1842 natura:

308 1855 363 1899 et
386 1838 732 1900 mundialium
762 1857 939 1897 rerum
960 1840 1185 1895 mirabili
1211 1841 1386 1909 specie
1408 1838 1742 1907 pulchritudo
1772 1849 1879 1905 tua,

307 1930 426 1985 qure
452 1924 507 1970 tu
538 1917 649 1986 ipse
665 1929 745 1980 es,
775 1914 904 1986 quia
927 1911 1149 1986 simplex
1179 1925 1255 1975 es,
1285 1921 1337 1964 et
1360 1910 1882 1986 exceiientiaglorim

309 1981 413 2040 tuae
436 1981 945 2061 qure'circnmscribi
981 1998 1086 2036 non
1125 1989 1317 2061 potest,
1365 1981 1881 2061 inteliigbaliquate-

307 2071 409 2110 nus
456 2050 613 2118 valet,
658 2068 956 2123 quanquam
996 2051 1407 2123 magnitudinem
1446 2050 1738 2106 divinitatis
1778 2059 1882 2106 tua)

307 2127 566 2181 inlinitatn
596 2135 651 2182 et
677 2122 1265 2193 incompreltensibilem
1291 2122 1469 2176 nullus
1492 2123 1658 2191 possit
1695 2137 1882 2176 sensus

305 2198 586 2268 attingere,
626 2212 796 2266 neque
839 2199 979 2250 enim
1005 2196 1021 2226 ί
1053 2194 1495 2268 illornmquoqne
1532 2208 1880 2268 supernorum

306 2263 501 2322 civium
537 2287 549 2320 :
580 2269 656 2337 (a)
682 2263 819 2320 miro
858 2277 1032 2321 tamen
1080 2264 1239 2319 modo
1283 2263 1513 2317 essentia
1543 2271 1630 2317 tua
1677 2263 1878 2328 scitur,

304 2338 435 2392 dum
463 2353 581 2393 esse
605 2337 856 2392 creditur.

378 2407 604 2464 CAPUT
630 2408 721 2462 XI.
754 2406 830 2460 De
847 2404 1043 2459 duabus
1066 2402 1274 2475 syllabis
1296 2402 1408 2456 Dei.
1435 2402 1882 2473 Quotiescumque

306 2479 487 2534 recolo
514 2480 593 2532 vel
622 2475 780 2532 audio
800 2477 931 2531 duas
958 2474 1144 2530 breves
1172 2474 1422 2545 syllabas,
1450 2484 1516 2545 et
1544 2482 1769 2542 quatuor
1792 2475 1879 2527 Iit-

308 2558 472 2611 teras,
514 2549 705 2619 quibus
730 2547 978 2619 scribitur
1019 2543 1214 2619 _Deus;‘
1242 2544 1344 2598 hoc
1376 2543 1516 2597 enim
1559 2558 1753 2619 nomen
1787 2545 1878 2597 tibi

307 2620 432 2683 soli,
462 2614 827 2688 Omnipotens,
856 2614 977 2688 jure
1002 2614 1236 2688 debetur
1260 2623 1460 2688 ;_atque
1503 2628 1624 2688 cum
1674 2615 1881 2688 intueor

310 2697 417 2744 tua:
450 2684 659 2744 virtutis
692 2684 974 2758 magnalia
997 2695 1052 2740 et
1087 2684 1399 2758 mirabilem
1428 2684 1610 2738 mundi
1652 2685 1880 2758 creatio-

310 2776 455 2826 nem,
484 2760 537 2813 id
561 2769 661 2825 est,
690 2753 1027 2828 cosmopmire
1064 2755 1344 2828 considero
1360 2753 1617 2828 decorem
1650 2772 1663 2807 ε
1694 2755 1879 2809 simul-

307 2845 414 2899 que
444 2845 649 2885 mecum
683 2825 890 2883 tacitus
908 2835 1099 2895 reputo
1127 2825 1509 2899 miserationes
1552 2833 1666 2879 tuas
1703 2842 1821 2899 qua:
1850 2841 1879 2878 a

307 2894 506 2955 seicqu
543 2908 669 2955 sunt
712 2894 1009 2969 (mirentur
1054 2896 1195 2969 enim
1239 2896 1327 2969 qui
1368 2894 1553 2948 volunt
1596 2896 1879 2969 potentiam

307 2978 475 3036 tuam,
505 2971 598 3026 sed
633 2965 730 3038 ego
758 2970 873 3038 plus
902 2976 1090 3038 stupeo
1115 2965 1538 3038 animadvertens
1576 2965 1881 3038 misericor-

307 3040 423 3112 dias
464 3035 603 3112 tuas)
631 3059 642 3094 :
669 3035 909 3112 pro—lecto
950 3035 1005 3112 in
1027 3037 1109 3091 his
1135 3045 1359 3112 quatuor
1378 3035 1570 3090 litteris
1593 3044 1647 3112 et
1678 3036 1881 3112 duabus

306 3109 557 3166 brevibus
582 3105 800 3182 syllabis
825 3108 1085 3182 inﬁnitum
1106 3106 1231 3177 quid
1252 3114 1305 3182 et
1329 3105 1878 3182 incomprehensibile,

310 3177 629 3237 immensum
654 3192 707 3237 et
736 3178 1089 3235 inenarrabile
1114 3177 1307 3231 mentis
1337 3177 1547 3239 intuitu,
1573 3185 1627 3229 et
1657 3178 1882 3229 sinceris

308 3250 430 3305 lidei
456 3254 647 3317 oculis,
678 3268 772 3321 pro
800 3252 938 3305 scire
966 3259 1019 3303 et
1047 3262 1200 3317 posse
1224 3246 1521 3321 quodmibi
1550 3246 1752 3321 tantillo
1783 3248 1880 3321 bo—

307 3321 440 3376 mini
465 3315 698 3391 dignaris
726 3321 941 3390 largiri,
972 3315 1320 3387 contemplor.
1350 3316 1776 3391 Numquid‘enim
1803 3315 1880 3388 (ό)

306 3392 428 3447 dua:
448 3386 639 3447 breves
665 3386 881 3461 syllabae
912 3401 966 3444 tu
996 3391 1134 3461 Dcus
1164 3399 1343 3461 noster
1366 3402 1443 3461 es,
1472 3399 1564 3441 aut
1599 3386 1881 3461 duas__b_re-

308 3477 404 3516 ves
442 3463 669 3534 syllabas
696 3457 986 3534 adoramus
1006 3501 1018 3523 ,
1046 3460 1128 3513 vel
1167 3459 1232 3511 ad
1263 3458 1393 3511 duas
1425 3460 1627 3534 breves
1656 3457 1883 3527 syllabas

308 3528 594 3601 pervenire
621 3532 982 3587 desideramus
1005 3548 1018 3583 :
1041 3545 1160 3601 qua:
1196 3544 1330 3598 pene
1371 3528 1767 3601 antedesinunt
1798 3541 1884 3580 so-

307 3597 459 3668 nare,
487 3620 642 3671 quam
685 3604 976 3672 cmperint;
1008 3597 1106 3655 nec
1125 3597 1294 3672 _inieis
1321 3598 1566 3672 secunda:
1596 3597 1743 3651 locus
1766 3607 1878 3661 est,

308 3673 410 3726 nisi
460 3669 626 3741 prima
672 3669 793 3727 ante
841 3670 1140 3726 transierit?
1181 3670 1355 3724 Manet
1397 3669 1590 3741 quippe
1636 3683 1883 3741 magnum

308 3738 529 3814 aliquid,
558 3754 611 3798 et
636 3757 824 3813 magne
844 3756 1152 3814 summeque
1178 3748 1276 3805 est,
1303 3739 1441 3814 quod
1470 3738 1885 3814 incomparabili:

308 3822 363 3867 et
380 3808 617 3869 omnium
640 3808 1185 3884 prteccllcntissimum
1208 3819 1291 3864 est
1309 3809 1489 3884 {quod
1510 3809 1701 3884 dicitur
1722 3808 1881 3874 Deus,

308 3886 552 3954 quamvis
580 3880 684 3937 no'n
708 3892 919 3939 maneat
943 3896 1121 3945 sonus,
1152 3896 1272 3935 cum
1301 3880 1493 3934 dicitur
1518 3880 1674 3954 Deus.

379 3954 603 4010 CAPUT
633 3954 745 4009 XII.
789 3954 938 4019 Quod
974 3954 1028 4006 in
1066 3962 1248 4004 natura
1274 3967 1367 4004 sua
1396 3966 1497 4003 non
1520 3949 1712 4002 videtur
1730 3946 1883 4002 Deus.

310 4025 509 4080 Verum
538 4026 661 4096 quia
687 4040 811 4096 caro
841 4024 1009 4079 nescit
1043 4022 1309 4096 spiritum,
1338 4028 1392 4074 et
1428 4019 1707 4096 invisibilia
1748 4034 1779 4072 a
1806 4019 1887 4073 vi-

309 4089 689 4151 sibilibus'non
716 4094 994 4158 videntur;
1042 4107 1143 4162 per
1182 4091 1335 4145 Iidem
1362 4090 1501 4162 enim
1533 4089 1884 4162 ambulamus,

310 4175 366 4219 et
391 4183 496 4220 non
528 4182 620 4235 per
652 4167 881 4235 speciem
908 4181 921 4216 :
955 4163 1026 4234 (ο)
1046 4160 1564 4235 Ῑιιιηιειιιαιὲιιιηυιειιε
1591 4170 1775 4235 noster
1802 4160 1887 4212 ni-

311 4237 413 4290 mis
438 4229 611 4291 bouus
646 4229 701 4291 ei
739 4237 874 4304 pius,
914 4229 1199 4289 consulens
1229 4230 1539 4304 infirmitati,
1574 4229 1808 4304 dignaris
1839 4242 1889 4284 te

311 4307 469 4360 nobis
496 4301 782 4367 insinuare.
816 4321 920 4359 non
950 4316 1035 4359 tua
1063 4302 1521 4374 proprietate,sed
1544 4302 1644 4354 alia
1663 4301 1888 4374 quadam

312 4377 674 4431 similitudine.
707 4375 858 4431 Unde
883 4384 934 4428 ct
960 4371 1259 4429 nostrorum
1291 4373 1595 4439 qualitatem
1624 4371 1889 4424 membro-

313 4462 430 4500 rum
460 4448 651 4501 Itabere
680 4446 1013 4509 describeris,
1048 4444 1229 4499 volens
1262 4444 1563 4512 passionum
1588 4442 1795 4508 indigna
1823 4441 1890 4494 de

314 4526 365 4572 te
386 4518 502 4586 ipso
529 4518 596 4570 ad
625 4517 725 4571 hoc
750 4516 973 4585 proferri
1000 4534 1012 4568 :
1039 4524 1095 4569 ut
1121 4515 1241 4583 quia
1268 4515 1403 4565 sicut
1428 4527 1511 4586 es,
1536 4520 1587 4565 te
1614 4513 1890 4578 nequimus

314 4581 453 4642 scire
483 4589 533 4641 in
566 4581 808 4656 praesenti
846 4587 1077 4649 miseria,
1121 4581 1212 4656 per
1243 4591 1419 4656 nostra
1448 4581 1627 4656 adtua
1660 4596 1757 4633 nos
1786 4591 1895 4633 tra-

314 4657 432 4722 bas,
460 4667 517 4711 et
547 4651 663 4722 nos,
691 4657 816 4712 dum
841 4651 1223 4712 condescendis
1243 4653 1416 4715 nabis,
1446 4651 1647 4704 facilius
1672 4666 1892 4704 consur-

349 4743 501 4781 amns
529 4728 642 4781 tibi.

313 4742 501 4797 gamus
529 4742 642 4781 tum.

385 4798 612 4854 CAPUT
650 4796 787 4852 XIII.
841 4797 939 4850 De“
973 4795 1199 4865 imagine
1224 4791 1338 4865 Dei
1364 4791 1440 4865 _in
1482 4791 1707 4865 nomine
1734 4793 1888 4865 (acta.

314 4867 491 4938 Multis
520 4869 779 4938 siquidem
797 4868 966 4921 modis
986 4865 1052 4938 ad
1074 4860 1472 4938 signiﬁcandum
1499 4872 1547 4938 ie
1565 4860 1886 4924 hominibus,

316 4937 382 4992 de
408 4931 948 4993 rebus-inferioribus
978 4935 1044 4990 ad
1076 4931 1140 4988 te
1165 4934 1368 5002 species
1394 4931 1545 4985 ducis
1569 4972 1584 4995 ,
1615 4946 1772 4999 quem
1812 4946 1895 4984 re-

317 5024 439 5063 vera
458 5009 608 5077 juxta
640 5009 902 5077 propriam
935 5017 1173 5077 naturam
1202 5003 1518 5077 invisibilem
1542 5009 1749 5077 constat
1774 5014 1895 5055 esse

317 5087 379 5132 et
422 5071 835 5148 incorporeum,
886 5073 1471 5148 incomprehensibilem
1515 5080 1570 5125 et
1616 5071 1896 5148 incircum-

318 5142 589 5217 scriptum'
618 5168 630 5203 :
660 5164 724 5203 ac
748 5142 843 5218 per
868 5148 967 5201 hoc
996 5142 1262 5218 nunquam
1288 5143 1441 5218 alicui
1465 5142 1774 5218 apparuisse
1805 5154 1894 5193 se-

320 5212 550 5274 cundum
598 5212 919 5284 essentiam,
948 5217 1043 5272 sed
1084 5212 1257 5270 modis
1284 5215 1478 5283 quibus
1505 5212 1752 5284 voluisti,
1804 5226 1895 5284 per

320 5300 644 5359 as~umptam
707 5282 1075 5359 creaturarum
1134 5285 1397 5359 Speciem,
1584 5282 1897 5359 _elticientias

322 5351 609 5415 causarum
638 5360 922 5415 credimus.
972 5351 1244 5412 Falluntnr
1275 5356 1449 5422 itaque
1476 5351 1897 5421 Antbmpomor-

383 5490 820 5602 :b‘lsllagolfgraizzn’ns
842 5549 987 5609 addit,
1012 5545 1285 5609 atmctisque
1304 5539 1701 5596 dissimillimwn.

410 5616 461 5672 (ι)
498 5615 661 5664 Isidor.
690 5613 773 5661 lib.
801 5613 823 5661 1
845 5620 998 5671 seut.,
1023 5623 1128 5672 cap.
1147 5610 1195 5657 5.

412 5673 460 5738 b)
496 5684 561 5725 Ex
586 5682 740 5724 ἰι-ποι.
767 5673 1045 5738 Augustﬂt)
1069 5676 1116 5721 in
1139 5680 1276 5738 toan:
1444 5730 1455 5738 _
1519 5728 1530 5738 Ι
1604 5726 1615 5737 υ
1682 5737 1687 5738 ν
1728 5725 1735 5734 η

410 5730 457 5793 c5
493 5745 556 5787 Ex
583 5738 779 5793 Isidoro,
798 5730 881 5783 lit').
911 5735 930 5783 l
959 5739 1111 5792 SenL,
1130 5732 1295 5793 cap.5,
1320 5741 1427 5778 cum
1443 5730 1619 5791 insigni
1643 5730 1893 5776 varietate.

327 5795 423 5846 \itt.
440 5795 497 5849 et
521 5799 702 5849 Alcuin.
724 5795 815 5846 col.
840 5796 947 5844 9.75.
1382 5820 1387 5829 ι

879 5972 895 6009 ⁸
962 5946 971 5953 .

1753 318 2059 378 SPECULU
2068 320 2113 377 M
2122 362 2134 375 .

3477 325 3577 386 97t

1997 433 2261 510 pbitarum
2290 433 2557 510 ltmreseos
2581 442 2899 510 sectatores,
2924 438 3012 506 qui
3038 436 3180 510 dum,
3199 439 3377 510 legunt
3402 441 3545 497 ltomi

1994 520 2114 559 nem
2143 505 2205 558 ad
2236 505 2515 579 imaginem
2534 513 2589 559 et
2615 505 3012 579 similitudinem
3041 508 3132 562 Dei
3164 505 3353 565 factum
3377 554 3393 579 ,
3421 528 3555 568 asse-

1990 584 2119 630 runt
2157 577 2310 629 stulta
2347 580 2640 631 temeritate
2666 579 2897 644 speciem
2929 577 3214 631 humanam
3258 591 3308 636 te
3331 577 3567 639 habere:

1990 661 2110 700 cum
2158 647 2250 700 illo
2295 647 2345 700 in
2378 647 2512 720 loco
2540 646 2864 720 veldicaris
2905 648 2987 701 vel
3030 648 3264 704 credaris
3302 663 3569 720 mentem,

1991 730 2099 791 non
2123 716 2473 791 carnem_,__a_d
2502 718 2955 791 iinaginemutnam
2985 734 3213 791 creasse.
3484 776 3497 791 ⁸

2061 786 2301 859 CAPUT
2325 786 2479 859 XIV;
2499 786 2573 859 De
2603 788 2873 859 latitudine
2898 829 2912 853 ,
2938 788 3278 859 longitudine,
3304 786 3568 846 altitudine
3599 832 3609 848 .

1989 864 2036 928 et
2080 856 2424 925 profunditate
2443 855 2561 909 Dei.
2591 856 2664 927 (a)
2688 858 2973 913 Enimvero
2996 855 3125 912 nihil
3166 860 3379 928 dignum
3425 862 3494 917 de
3522 873 3571 917 te

1990 925 2249 981 humanus
2277 943 2453 982 sermo
2483 925 2880 1001 ioquitur;rquia
2925 944 3037 1001 nec,
3063 925 3354 1001 secundum
3397 933 3569 1001 quali-

1992 1006 2150 1050 tatem
2197 1006 2288 1051 aut
2315 999 2682 1066 quantitatem,
2710 1000 2867 1053 situm
2899 1000 2982 1053 vel
3026 1000 3263 1053 habitum
3311 999 3569 1056 seuimo-

1991 1075 2099 1119 tum
2130 1067 2323 1136 aliquid
2368 1069 2434 1121 de
2478 1077 2526 1121 te
2552 1067 2708 1135 digne
2746 1069 2958 1123 dicitur.
2995 1072 3058 1123 Et
3098 1079 3274 1124 tamen
3308 1072 3563 1136 latitudo,

1990 1137 2280 1209 longitudo,
2304 1138 2539 1209 altitudo
2560 1146 2615 1192 et
2646 1138 2972 1205 profunditas
3018 1141 3108 1196 tibi
3148 1141 3376 1209 quodam
3409 1143 3568 1198 modo

1988 1207 2161 1292 inesse
2200 1208 2410 1278 legitur.
2573 1209 2810 1292 _latitudo
2850 1210 3063 1292 quidem
3111 1207 3423 1292 etiaritatis,
3465 1229 3569 1292 qua

1989 1294 2086 1352 nos
2115 1279 2181 1333 ab
2206 1295 2388 1333 errore
2413 1280 2616 1352 colligis
2663 1287 2717 1333 et
2739 1279 2981 1352 contines
3010 1282 3062 1334 in
3088 1282 3346 1345 veritate;
3395 1279 3568 1352 longi-

1988 1348 2114 1402 tudo
2144 1364 2289 1419 vero,
2320 1364 2421 1419 qua
2453 1364 2550 1402 nos
2576 1349 2945 1418 longanimiter
2967 1352 3135 1404 malos
3165 1362 3364 1419 portas,
3397 1348 3569 1407 donec

1988 1418 2298 1473 emendatos
2345 1418 2532 1473 lutum
2564 1421 2744 1488 patria:
2785 1421 3066 1485 restituas;
3096 1418 3317 1475 altitudo
3346 1432 3523 1477 autem
3544 1466 3561 1487 ,

1987 1504 2089 1558 qua
2136 1505 2349 1561 omnem
2393 1505 2606 1544 sensum
2649 1498 2702 1544 et
2733 1489 3004 1545 hominum
3044 1500 3097 1546 et
3124 1494 3433 1561 angelorum
3464 1493 3568 1547 im-

1987 1560 2268 1614 mensitate
2319 1561 3011 1632 scientimsuperexcellis;
3068 1560 3398 1632 profunditas
3433 1579 3567 1632 quo-

1986 1644 2126 1703 quo,
2175 1644 2277 1699 qua
2306 1629 2898 1703 damnandnsiinferius
2930 1629 3081 1703 juxta
3121 1634 3421 1703 :equitatem
3453 1629 3569 1688 dis-

1988 1700 2158 1773 ponis,
2186 1712 2345 1773 atque
2392 1710 2542 1754 recto
2574 1701 2772 1773 judicio
2796 1700 2957 1771 jndex
2995 1702 3168 1771 justus
3188 1700 3563 1773 'przeordinas.

1986 1768 2209 1825 Omnem
2262 1768 2420 1839 igitur
2444 1768 2875 1840 supergrediatur
2915 1768 3249 1835 creaturam,
3276 1783 3329 1827 et
3373 1774 3567 1829 mentis

1989 1840 2231 1913 intuitum
2283 1841 2420 1913 ultra
2476 1843 2653 1896 omnia
2704 1842 2928 1911 dirigat,
2972 1843 3062 1911 qui
3110 1843 3306 1913 aliquid
3338 1845 3567 1899 voluerit

1986 1909 2054 1966 de
2073 1920 2169 1982 _tua
2197 1911 2475 1982 prielibare
2512 1909 2835 1982 proprietate
2859 1952 2874 1977 ,
2907 1909 3112 1967 summa
3159 1909 3295 1967 bona
3323 1913 3497 1969 deitas
3520 1916 3563 1968 ¹.

2056 1980 2282 2036 CAPUT
2351 1980 2467 2035 XV.
2514 1980 2625 2035 ’De'
2675 1983 2956 2051 cognitione
3022 1992 3210 2036 sancta:
3281 1983 3562 2039 Trinitatis.

1987 2050 2146 2127 Tunc
2187 2051 2328 2107 enim
2376 2052 2534 2109 homo
2578 2054 2760 2122 procul
2823 2053 3026 2122 positus
3070 2068 3100 2109 a
3139 2053 3403 2123 vanitate,
3455 2055 3563 2127 ple-

1989 2126 2110 2198 nius
2136 2124 2185 2178 in
2212 2127 2435 2198 veritate
2480 2133 2721 2198 tenetur,
2748 2127 2960 2198 quando
2990 2127 3039 2179 in
3070 2127 3233 2198 corde
3276 2127 3391 2196 ejus
3412 2124 3562 2198 quid-

1987 2194 2131 2265 quid
2163 2202 2244 2249 est
2269 2236 2282 2257 ,
2315 2195 2452 2249 Deus
2500 2196 2711 2265 reliquis
2736 2196 2939 2250 cunctis
2984 2198 3051 2251 ab
3098 2194 3318 2251 intuitu’
3342 2194 3560 2253 dimotis

1988 2263 2211 2335 pacilico
2238 2266 2319 2334 pie
2368 2263 2627 2330 creditur,
2653 2275 2706 2319 et
2747 2273 2929 2319 sancte
2973 2268 3256 2335 Cogitatur.
3303 2266 3407 2322 Sed
3439 2269 3563 2323 licet

1987 2349 2143 2406 nemo
2172 2334 2278 2397 sit,
2307 2336 2395 2404 qui
2439 2345 2489 2389 te
2528 2336 2577 2388 in
2612 2335 2709 2389 bac
2734 2336 2869 2389 valle
2896 2334 3247 2406 lacrymarum
3275 2338 3450 2392 valeat
3479 2342 3560 2393 ef-

1988 2405 2222 2459 ﬁcaciter
2240 2402 2695 2476 comprehendere
2722 2406 2804 2458 vel
2833 2402 3083 2476 dillinii-e,
3107 2423 3353 2476 magnum
3386 2417 3559 2464 tamen

1987 2483 2042 2529 et
2069 2476 2257 2529 mirum
2288 2475 2440 2529 valde
2467 2487 2661 2529 nostra:
2709 2476 2848 2528 artati
2893 2475 3072 2529 datum
3096 2475 3215 2542 est,
3239 2480 3377 2533 scire
3416 2479 3483 2533 de
3510 2490 3561 2534 te

1986 2560 2198 2598 summo
2238 2544 2412 2611 bono,
2445 2553 2530 2598 tua
2583 2546 2734 2598 nobis
2778 2544 3023 2598 nimirmn
3069 2548 3235 2615 gratia
3264 2549 3554 2604 revelante.

1985 2616 2115 2687 Quis
2144 2625 2267 2670 ante
2292 2629 2403 2687 nos
2422 2617 2492 2687 fin
2530 2632 2653 2685 quos
2679 2617 2803 2687 ﬁnes
2831 2618 3130 2670 swculorum
3168 2618 3465 2672 devenerunt
3494 2619 3513 2687 (
3540 2620 3559 2674 Ι

1986 2685 2105 2741 Cor.
2138 2703 2189 2752 x,
2218 2686 2338 2752 ll),
2366 2686 2486 2739 talia
2532 2689 2607 2741 sic
2633 2686 2907 2756 manifesta
2951 2687 3136 2741 audire
3162 2690 3329 2756 potuit
3358 2690 3439 2744 vel
3465 2685 3558 2744 co-

1984 2771 2241 2826 gnoscere
2265 2757 2332 2811 de
2360 2756 2617 2809 Trinitate
2643 2766 2695 2810 et
2723 2755 2941 2821 unitate,
2970 2756 3038 2812 de
3065 2755 3302 2826 personis
3327 2770 3383 2815 et
3428 2761 3558 2813 sub-

1986 2827 2216 2879 stantia?
2238 2827 2315 2880 De
2345 2835 2396 2881 te
2417 2827 2650 2895 quidem,
2686 2827 2839 2879 Pater
2864 2827 3033 2893 Dens,
3063 2827 3203 2895 quod
3232 2830 3305 2883 sis
3333 2844 3361 2883 a
3390 2830 3553 2895 nttllo,

1985 2906 2039 2950 et
2076 2898 2194 2970 ideo
2223 2898 2484 2970 ingenitus
2532 2897 2760 2961 dicaris;
2794 2897 2861 2950 de
2901 2896 3250 2970 Filioautcm
3281 2907 3407 2965 tuo,
3435 2902 3557 2970 quia

1984 2968 2192 3037 genitus
2219 2975 2272 3021 et
2291 2984 2320 3021 a
2352 2976 2403 3021 te
2433 2969 2500 3039 sit
2523 3007 2538 3030 ,
2570 2982 2673 3020 non
2702 2983 2731 3019 a
2758 2981 2848 3027 se;
2882 2966 2948 3019 de
2976 2967 3171 3039 Spiritu
3199 2984 3409 3039 quoque
3437 2966 3559 3024 san-

1985 3045 2093 3104 cto,
2121 3039 2242 3105 quia
2268 3037 2562 3106 procedens
2587 3046 2639 3107 et
2664 3052 2769 3091 non
2796 3040 2865 3090 sit
2889 3053 2918 3089 a
2948 3052 3006 3091 se
3025 3079 3039 3099 ,
3068 3038 3161 3091 sed
3189 3053 3218 3090 a
3248 3048 3298 3091 te
3323 3037 3376 3093 ct
3400 3040 3555 3107 Filio,

1986 3122 2210 3177 quorum
2231 3117 2313 3161 est
2352 3107 2588 3175 spiritus.
2620 3106 2694 3160 lta
2724 3116 2876 3177 tenus
2896 3146 2909 3169 ,
2940 3115 2997 3160 ut
3029 3108 3161 3161 sicut
3194 3116 3246 3161 tu
3272 3109 3429 3163 Pater
3457 3126 3557 3165 nec

1987 3178 2214 3245 genitus,
2246 3177 2675 3246 nec‘proccdens
2702 3176 2805 3231 dici
2836 3184 3015 3245 potes;
3042 3178 3117 3230 sic
3144 3177 3310 3232 Filius
3342 3195 3439 3233 nec
3468 3182 3554 3234 in-

1986 3249 2194 3316 genitus
2214 3287 2229 3313 ,
2257 3263 2352 3301 nec
2379 3247 2668 3316 procedens
2694 3264 2707 3311 ;
2737 3248 2814 3302 sic
2853 3262 2951 3301 nec
2979 3247 3206 3317 Spiritus
3235 3260 3449 3304 sanctus
3472 3252 3557 3304 in-

1986 3318 2215 3386 genitus,
2242 3333 2339 3372 nec
2366 3318 2573 3388 genitus
2603 3318 2706 3371 dici
2730 3317 2959 3389 debeant
2990 3326 3287 3388 :,quatenus
3317 3323 3559 3389 proprie-

1990 3397 2070 3442 tas
2096 3404 2443 3456 personarum
2473 3398 2522 3441 te
2542 3403 2701 3441 unum
2732 3388 2938 3443 Patrem
2968 3389 3122 3443 simul
3150 3404 3269 3443 cum
3292 3388 3395 3444 uno
3426 3389 3559 3445 Filio

1988 3468 2169 3529 ctnno
2197 3458 2396 3528 Spiritu
2439 3467 2623 3512 sancto
2652 3468 2893 3527 patenter
2936 3460 3088 3512 nobis
3136 3460 3399 3514 osmndat.
3430 3462 3561 3529 Quis

1989 3528 2252 3597 prioribus
2305 3529 2513 3582 seculis
2561 3529 2612 3582 in
2642 3540 2693 3583 te
2736 3545 2894 3583 unum
2940 3529 3158 3583 credere
3186 3530 3351 3584 Deum
3377 3572 3391 3593 ,
3427 3528 3479 3587 et
3511 3542 3562 3587 te

1988 3598 2227 3653 conliteri
2257 3600 2483 3666 trinum,
2515 3614 2696 3671 neque
2721 3600 3065 3671 substantiam
3093 3615 3363 3668 separatis,
3393 3618 3563 3671 neque

1993 3684 2247 3737 personas
2297 3669 2658 3733 contundens,
2707 3671 2782 3723 sic
2830 3670 3115 3737 prudenter
3155 3669 3561 3738 irttellexit,sic

1991 3740 2162 3809 palam
2206 3740 2418 3809 sapuit,
2463 3742 2540 3791 sic
2580 3755 2704 3792 vere
2748 3740 3031 3808 cognmit?
3062 3739 3224 3793 Filius
3267 3754 3395 3797 sane
3445 3752 3564 3797 tuus

1991 3811 2193 3892 missus
2335 3812 2398 3862 ad
2428 3809 2699 3892 publicani
2742 3819 2981 3892 nostrum
3000 3810 3077 3891 .de
3106 3811 3222 3892 sinu
3273 3822 3361 3865 tuo
3385 3855 3398 3876 ,
3428 3812 3565 3892 lianc

1991 3889 2136 3934 recte
2167 3879 2282 3933 lidei
2315 3895 2553 3933 normam
2584 3879 2880 3933 evidentius
2926 3881 3046 3933 huic
3092 3881 3290 3934 ultimae
3320 3884 3566 3950 patefecit

1992 3952 2152 4003 zetati.
2202 3950 2512 4019 Priusquam
2551 3960 2808 4004 creatura:
2867 3950 3175 4005 ostenderes
3230 3961 3562 4016 creatorem,

1962 4020 2045 4073 «in
2090 4021 2203 4093 sola
2227 4029 2383 4093 notus
2414 4034 2534 4075 eras
2560 4020 2739 4093 Iudaea
2765 4062 2780 4085 ,
2812 4020 2951 4093 Deus
2974 4063 2988 4085 ,
3018 4030 3071 4074 et
3103 4021 3343 4093 in_lsrael
3375 4039 3564 4093 magna

1993 4090 2223 4165 nominis
2251 4090 2479 4165 tuilama
2508 4099 2563 4165 et
2587 4091 2759 4165 cultus
2783 4091 3096 4146 audiebatur
3122 4090 3285 4163 (Psal.
3308 4090 3562 4165 Lxxvfﬂ).

1994 4160 2100 4215 Sed
2130 4162 2381 4235 numquid
2411 4162 2488 4215 sic
2532 4161 2907 4235 ιὶψιίάολιιιιε
2912 4170 3112 4235 tantum
3133 4160 3396 4233 quantum
3425 4160 3563 4235 apud

1994 4247 2092 4286 nos
2119 4232 2217 4286 sub
2231 4233 2396 4302 gratia
2421 4232 2756 4285 constitutos?
2778 4233 2848 4284 De
2867 4231 3124 4286 Trinitate
3142 4231 3269 4287 vero
3297 4231 3565 4288 individua

1996 4317 2178 4371 parum
2222 4303 2345 4369 quid
2393 4313 2515 4355 tunc
2555 4303 2799 4372 perpauci
2834 4313 3130 4356 senserunt.
3181 4304 3564 4372 Legislatorum

1995 4374 2134 4426 enim
2190 4373 2280 4425 lilii
2308 4372 2432 4441 quid
2480 4372 2546 4424 de
2594 4388 2693 4424 una
2722 4371 3012 4436 Trinitate,
3048 4374 3127 4427 vel
3174 4376 3305 4426 trina
3363 4376 3564 4430 unitate

1996 4443 2133 4496 scire
2183 4440 2446 4515 debeant,
2491 4440 2649 4509 digna
2676 4442 2905 4515 perculsi
2933 4443 3171 4515 czecitate
3213 4444 3385 4515 adhuc
3411 4446 3565 4515 igno-

1996 4521 2114 4565 rant
2140 4529 2152 4564 :
2183 4512 2325 4564 aliud
2357 4522 2547 4579 prseter
2574 4528 2732 4565 unum
2770 4512 2934 4564 Deum
2962 4513 3137 4565 mist'ri
3167 4514 3409 4568 nolentes
3432 4512 3566 4568 eon-

1996 4582 2160 4644 literi,
2189 4589 2246 4634 et
2270 4582 2563 4651 garrientes
2604 4582 2653 4634 in
2686 4596 2781 4651 nos
2806 4582 2982 4633 verbis
3008 4582 3269 4651 malignis
3290 4626 3304 4648 ,
3337 4586 3461 4637 dum
3489 4584 3571 4637 di-

1996 4652 2165 4705 cimus
2197 4660 2247 4704 te
2274 4651 2477 4703 Patrem
2512 4650 2706 4704 habere
2733 4649 2942 4703 FIIIIIIII.
2977 4650 3138 4705 Nobis
3160 4649 3343 4706 autem
3374 4653 3461 4720 qtti
3500 4669 3566 4706 ex

1997 4720 2254 4776 Gentibus
2282 4722 2546 4781 venimus,
2581 4736 2736 4789 quam
2763 4721 2923 4773 multa
2955 4731 3007 4774 et
3031 4738 3150 4775 vera
3177 4722 3245 4775 de
3273 4723 3408 4774 trino
3439 4737 3571 4774 uno-

1998 4806 2100 4859 que
2131 4792 2239 4846 Deo
2267 4791 2447 4844 datum
2490 4792 2557 4844 sit
2584 4806 2771 4859 sapere
2791 4832 2803 4852 ,
2835 4792 3056 4859 probant
3087 4790 3245 4844 corda
3284 4806 3402 4859 qua!
3449 4808 3569 4846 cre-

1997 4862 2166 4926 dunt,
2199 4877 2403 4917 necnon
2439 4872 2490 4915 et
2516 4876 2607 4914 ora
2634 4860 2781 4930 quae'
2803 4862 3149 4924 conlitcntur,
3174 4869 3332 4928 atque
3374 4861 3571 4915 nihilo-

2000 4934 2176 4987 minus
2228 4932 2433 5002 ﬂagella
2482 4932 2631 4998 ipsa,
2683 4939 2737 4983 et
2782 4944 2926 5002 mors
2978 4945 3095 4998 quae
3164 4945 3260 5002 pro
3312 4930 3569 5002 hac_ipsa

2001 5000 2335 5057 confessione
2371 5003 2513 5072 illata
2551 5010 2716 5072 sunt:
2750 5001 3003 5072 scriptum
3051 5008 3133 5053 est
3173 5000 3315 5055 enim
3338 5041 3353 5066 ,
3401 5000 3572 5072 Super

2000 5090 2141 5128 senes
2160 5074 2391 5141 intellexi
2409 5070 2578 5141 (Psal.
2608 5086 2764 5141 cxvni
2788 5111 2801 5134 ,
2838 5068 2981 5141 100).

2072 5142 2316 5197 CAPUT.
2358 5138 2475 5194 XVI
2529 5139 2677 5205 Quod
2716 5138 2947 5193 Trinitas
2974 5139 3038 5191 sit
3080 5139 3364 5192 individua.
3419 5139 3573 5193 Crea-

2002 5230 2056 5267 re
2107 5213 2265 5267 solius
2291 5210 2384 5263 Dei
2428 5220 2520 5263 est.
2562 5208 2771 5263 Verbum
2792 5209 3038 5277 quomodo
3060 5209 3110 5261 in
3153 5207 3327 5263 Patre.
3361 5210 3432 5280 (ο)
3471 5213 3576 5264 Do-

2004 5285 2146 5338 mine
2197 5283 2339 5335 Deas
2365 5289 2544 5334 noster
2574 5281 2725 5332 vivus
2756 5290 2807 5333 et
2836 5295 3011 5342 verus,
3042 5280 3141 5333 nisi
3174 5288 3227 5333 tu
3258 5281 3464 5334 trinitas
3487 5298 3571 5335 es-

2004 5368 2111 5415 ses,
2144 5368 2250 5405 non
2275 5351 2541 5421 dieerettir
2558 5365 2687 5404 voce
2716 5349 2995 5421 Veritatis:
3020 5347 3115 5421 Ite,
3141 5350 3389 5421 baptizata
3404 5368 3574 5421 onmes

2005 5434 2171 5493 gentes
2190 5424 2241 5475 in
2262 5422 2460 5474 nomine
2483 5417 2657 5473 Patris
2673 5419 2854 5489 etfilii
2874 5429 2919 5473 et
2938 5420 3162 5489 Spiritus
3176 5417 3338 5474 sancti
3362 5420 3574 5492 (Matth.

2068 5541 2085 5572 ι
2121 5538 2410 5587 nollet-ianus
2423 5541 2526 5594 Ms,
2550 5533 2636 5584 Dei
2658 5533 2852 5584 bonitas.
2877 5534 3012 5594 Editi,
3035 5533 3140 5586 boni
3162 5534 3330 5587 deitas.

2092 5600 2141 5657 (ι)
2174 5606 2241 5648 Ex
2264 5598 2425 5647 ISIdori
2448 5601 2579 5645 Sent.
2600 5595 2684 5657 lib.
2713 5597 2755 5651 l,
2780 5608 2885 5657 cap.
2914 5600 2962 5644 2.

2094 5656 2142 5720 ti)
2177 5660 2336 5709 Modus
2358 5657 2587 5720 loquendi
2606 5656 2803 5720 _Alcuino
2824 5656 3044 5706 usitatus.
3070 5659 3159 5720 sic.
3184 5658 3276 5708 col.
3300 5659 3404 5720 153,
3438 5672 3481 5708 er

2094 5718 2141 5781 ε)
2180 5718 2523 5781 Alcuiuus,'col.
2563 5718 2683 5775 148,
2730 5725 2838 5781 post
2862 5725 3060 5781 August.
3078 5719 3172 5768 lib.
3200 5721 3254 5771 10
3284 5723 3348 5771 de
3390 5718 3580 5780 inuia,

2009 5779 2211 5845 capf98.
2248 5780 2348 5829 vid.
2373 5787 2527 5830 'rraCt.
2557 5786 2751 5843 August.
2787 5779 2850 5830 29
2880 5779 3084 5829 ἰιιῖιοιω.

2122 5600 2142 5784 ξ
