4094 6342
549 326 654 384 987

546 458 650 511 que
677 439 799 497 felix
829 451 950 496 esse
975 438 1370 511 comprobatur,
1397 435 1584 505 quisic
1606 433 1814 511 cogitat
1830 434 1898 511 de
1923 437 2126 511 suppli-

545 505 633 568 cio
657 521 780 566 ante
802 505 1140 580 supplicium,
1170 517 1228 564 ut
1255 516 1437 578 postea
1468 507 1710 578 supplicii
1738 505 1952 576 effugiat
1984 505 2126 576 peri-

543 583 741 638 Culum.

616 649 841 706 CAPUT
881 647 970 704 IV.
1034 648 1381 704 Cousideratio
1433 646 1608 700 mortis
1673 659 1890 700 carnem‘
1935 646 2124 700 domat.

555 718 811 777 Heditatio
840 719 984 789 quasi
1005 722 1180 773 mentis
1199 719 1396 772 ditatio.
1421 717 1561 771 Dicis
1583 732 1709 786 ergo
1733 717 1884 780 mihi,
1909 717 2129 772 Paratus

549 807 664 846 sum
699 807 805 860 prae
832 790 1078 844 omnibus
1103 791 1440 858 acquiescere
1463 789 1910 860 divinocousiliu,
1944 795 2003 860 ut
2041 803 2128 839 sa-

546 863 686 931 piam
699 857 762 918 'et
789 861 1096 930 intelligam,
1120 857 1482 931 acinovissima
1507 857 1833 931 provideant.
1873 858 1988 931 Sed
2013 873 2131 926 qute

547 929 671 986 sunt
710 947 828 987 mea
872 929 1199 984 novissima?
1239 930 1331 984 llla
1364 931 1545 997 utique
1574 929 1639 982 de
1673 929 1863 997 quibus
1903 929 2130 994 Spiritus

547 1011 764 1058 sanctus
788 1003 881 1056 tibi
909 1017 1000 1070 per
1023 1001 1360 1055 Salomonem
1393 1000 1624 1068 loquitur
1648 999 1850 1062 dicens,
1887 999 2012 1060 Fili,
2077 1000 2130 1052 in

547 1073 775 1127 omnibus
810 1087 1084 1125 memorare
1123 1071 1392 1124 novissima
1425 1079 1510 1122 tua
1532 1113 1546 1131 ,
1590 1077 1636 1122 et
1670 1070 1720 1121 in
1759 1079 1998 1121 tetri-num
2029 1086 2130 1122 non

548 1144 795 1214 peccabis.
825 1143 939 1214 Non
968 1143 1158 1214 melius
1189 1141 1382 1210 poterit
1419 1156 1542 1192 caro
1567 1139 1845 1214 luxuriosa
1886 1140 2117 1214 domari,

546 1209 706 1283 quam
748 1213 918 1282 qualis
961 1213 1064 1283 erit
1106 1209 1313 1283 mortua
1351 1209 1705 1283 prtemeditari
1738 1227 1750 1262 :
1781 1210 2129 1283 et_s_i_hujus-

549 1280 692 1338 modi
735 1280 1003 1338 assiduam
1051 1282 1302 1336 habueris
1347 1280 1744 1334 meditationem
1773 1322 1786 1344 ,
1837 1280 2047 1334 felicem
2079 1289 2130 1334 te

551 1353 732 1409 dicent
751 1367 939 1408 omnes
967 1353 1360 1422 generationes.
1393 1350 1662 1404 Meditatio
1688 1351 1827 1404 enim
1857 1350 2124 1422 nihilest,

546 1439 705 1493 quam
731 1425 924 1478 mentis
953 1420 1159 1478 dilatio.
1190 1422 1490 1493 Peroptime
1516 1435 1642 1488 ergo
1683 1436 1832 1493 meus
1863 1429 1965 1493 tu_a_
1988 1420 2129 1493 dita-

547 1491 672 1562 titr,‘
713 1493 924 1558 quando
961 1502 1144 1548 contra
1183 1501 1371 1546 cuncta
1410 1491 1742 1544 adversantia
1765 1491 2131 1615 (providentia:

547 1565 769 1615 scientia
799 1565 1111 1615 illustratur.
1140 1562 1354 1615 Legitur
1379 1561 1430 1614 in
1460 1569 1635 1615 noeta.
1659 1574 1764 1615 uuo

547 1561 769 1620 scientia
799 1565 1111 1618 illustratur.
1140 1562 1354 1632 Legitur
1379 1561 1430 1614 in
1460 1569 1635 1631 poeta,
1659 1574 1764 1631 quo

639 1700 838 1745 Centum
859 1691 1125 1759 luminibus
1141 1692 1354 1759 cinctum
1379 1697 1522 1759 caput
1545 1689 1932 1759 Argus__hahebat
1958 1702 1972 1738 :

632 1783 653 1806 ο
1012 1753 1190 1818 (Ovidii
1211 1749 1647 1816 Metamorphoth
1668 1749 1749 1802 tib.
1776 1751 1823 1813 1,
1848 1764 1971 1802 vers.
1993 1749 2128 1815 625).

545 1898 686 1970 quod
707 1901 779 1954 ita
805 1906 979 1970 potest
1011 1898 1249 1968 intelligi,
1283 1899 1402 1966 quia
1429 1913 1491 1951 ex
1521 1897 1663 1970 omni
1698 1904 1846 1970 parte
1883 1897 1964 1951 sui
1993 1897 2130 1970 intra

548 1967 743 2024 mentis
782 1967 892 2024 suae
929 1967 1454 2038 circumspectionem
1477 1967 1814 2038 prudentiam
1836 1969 1852 2000 ¹
1884 1967 2129 2036 posside-

543 2040 655 2096 bat.
711 2039 874 2110 lgitur
909 2040 953 2094 si
991 2037 1175 2110 tantte
1207 2039 1385 2093 studio
1423 2037 1644 2094 cautela:
1679 2037 1941 2110 pollebat
1968 2048 2122 2110 poeta

548 2108 800 2180 paganus,
833 2111 1004 2164 multo
1034 2109 1222 2164 fortius
1247 2110 1514 2179 puriorem
1540 2108 1887 2178 providentia:
1916 2108 2127 2180 oculum

547 2179 710 2236 debet
747 2180 943 2235 habere
980 2181 1000 2211 ¹
1041 2181 1267 2234 clericus
1300 2180 1639 2234 Christianus.
1674 2180 1799 2234 Esto
1831 2194 1960 2247 ergo
1995 2179 2130 2234 alter

545 2251 723 2321 Argus
745 2292 760 2314 ,
789 2251 904 2321 imo
924 2251 1014 2304 illo
1041 2250 1248 2321 cautior
1268 2291 1282 2314 ,
1313 2251 1410 2304 illo
1433 2249 1738 2313 studiosior,
1773 2249 1862 2303 illo
1891 2250 2126 2321 pruden-

545 2319 651 2382 tior
681 2320 972 2444 :dutsapias
999 2330 1054 2376 et
1088 2320 1350 2391 intelligas
1369 2362 1384 2388 ,
1412 2335 1476 2375 ac
1509 2321 1796 2375 novissima
1839 2319 2128 2389 prudenter

545 2406 694 2444 nrovt
735 2406 846 2444 eas.

583 2406 846 2446 rovmeas.

545 2406 846 2460 provrueas.

575 2530 579 2531 ν
613 2459 838 2531 CAPUT
878 2459 943 2516 ν.
987 2459 1115 2528 Qum
1137 2461 1236 2514 sint
1269 2459 1555 2514 novissima.
1607 2458 1720 2526 Quo
1761 2461 1931 2531 fructu
1957 2460 2126 2531 provi-

546 2530 780 2584 deantur.
809 2530 912 2586 Sed
931 2547 1050 2601 quae
1082 2540 1206 2584 sunt
1235 2531 1521 2601 novissima
1552 2530 1810 2601 tua._qute
1843 2530 2126 2601 providere

545 2601 773 2656 sollicite
799 2599 1006 2656 summa
1031 2601 1191 2655 totius
1213 2600 1556 2670 providentiae
1571 2599 1686 2655 est?
1709 2599 1899 2670 Utique
1917 2601 2002 2654 illa
2021 2609 2127 2658 ter.-

542 2671 712 2727 ribilis
740 2671 892 2736 hora,
926 2671 976 2724 in
1007 2687 1109 2741 qua
1139 2669 1328 2725 miSera
1367 2671 1544 2725 anima
1573 2681 1660 2726 tua
1701 2684 1770 2741 εξ
1804 2669 1906 2726 hoc
1930 2685 2124 2740 corpu-

542 2743 691 2796 sculo
715 2739 1046 2810 corruptibili
1077 2742 1269 2795 timens
1295 2750 1376 2795 est
1400 2756 1698 2810 egressura.
1725 2739 1933 2806 Frater,
1964 2739 2124 2798 crede

544 2812 694 2880 mihi,
726 2811 792 2866 ad
821 2811 977 2880 hujus
1017 2810 1098 2866 rei
1141 2811 1470 2866 tremendam
1496 2811 1976 2866 considerationem
2006 2827 2122 2866 ma-

543 2879 706 2952 luisse
731 2879 993 2936 debueras
1024 2881 1405 2952 providentiam
1436 2882 1727 2952 possidere,
1765 2898 1923 2949 quatn
1954 2884 2117 2936 totius

541 2951 725 3006 mundi
751 2948 1185 3006 dominationem.
1219 2948 1456 3022 Utinam‘i
1474 2967 1602 3022 ergo
1637 2948 1853 3021 superes
1883 2967 2000 3022 qua!
2031 2953 2121 3008 Dei

541 3030 687 3088 sunt,
713 3033 766 3076 et
793 3022 1113 3090 intelligeres
1138 3038 1257 3092 qum
1301 3021 1484 3076 mundi
1529 3021 1673 3088 sunt,
1713 3031 1768 3077 et
1810 3022 2121 3091 provideres

539 3106 661 3161 quae
685 3092 874 3147 inferni
901 3101 1056 3147 sunt:
1082 3093 1320 3160 profecto
1357 3093 1522 3147 Deum
1551 3094 1786 3157 timeres,
1814 3093 2117 3160 superbiam

541 3177 646 3233 non
669 3163 1004 3233 appeteres',
1037 3163 1288 3217 mundum
1320 3173 1709 3226 contemneres,
1757 3171 1812 3217 et
1853 3164 2118 3233 internum

542 3231 809 3287 horreres.
840 3232 894 3286 In
935 3234 1022 3287 illa
1063 3235 1222 3288 nimis
1265 3234 1544 3288 metuenda
1581 3243 1816 3288 extrema
1850 3232 1978 3288 hora
2010 3245 2115 3300 tua,

541 3303 660 3370 quis
689 3305 1000 3370 amicorum,
1033 3305 1150 3372 quis
1196 3313 1472 3372 parentum
1507 3314 1713 3358 tuorum
1753 3303 1972 3358 veniens
1999 3320 2118 3358 cum

538 3372 728 3440 gladiis
747 3385 800 3426 et
821 3375 982 3428 armis
1013 3375 1204 3443 poterit
1223 3375 1476 3428 auxilium
1508 3373 1683 3429 ferre?
1710 3373 1823 3427 Non
1850 3376 1991 3427 enim
2018 3377 2120 3430 erit

541 3451 670 3513 tunc
693 3444 782 3512 qui
805 3445 1108 3498 consoletur
1133 3454 1184 3499 te
1207 3459 1274 3500 ex
1301 3445 1546 3499 omnibus
1568 3445 1747 3499 charis
1775 3445 1878 3498 tuis
1899 3443 2111 3513 (Thren.

541 3528 579 3578 t,
606 3512 696 3580 9.):
730 3514 1020 3583 reSpiciens
1041 3515 1146 3570 eris
1169 3514 1233 3568 ad
1259 3517 1509 3569 auxilium
1532 3522 1586 3570 et
1605 3512 1922 3584 adjutorium
1947 3514 2119 3570 homi-

541 3599 690 3654 num,
713 3583 805 3639 sed
829 3585 1093 3654 refugium
1118 3594 1266 3639 tuum
1285 3585 1650 3640 tantummodo
1667 3583 1901 3652 estapud
1930 3586 2114 3640 Deum.

539 3651 724 3724 Cogita
770 3653 927 3724 igitur
955 3651 1148 3720 lecum,
1177 3654 1508 3721 charissima,
1541 3669 1648 3723 quo
1689 3651 1878 3709 timore
1922 3656 2114 3710 timen-

539 3722 659 3795 dus,
689 3722 1012 3795 quo'amore
1051 3725 1372 3795 diligendus,
1412 3741 1519 3795 quo
1547 3722 1748 3780 honore
1783 3727 2116 3782 venerandus

539 3793 748 3866 sitipse
777 3794 1028 3866 Dominus
1055 3793 1210 3866 Jesus
1237 3793 1478 3850 Christus
1504 3796 1644 3849 Deus
1668 3803 1870 3860 uoster,
1907 3798 1996 3866 qui
2025 3813 2115 3851 sa-

540 3862 666 3936 l_uti_s
692 3865 996 3936 pratsidium
1039 3865 1182 3936 solus
1209 3875 1458 3934 prtestare
1484 3867 1678 3935 poterit
1719 3875 1837 3934 post
1865 3862 2111 3923 mortem.

538 3933 722 3990 Reduc
759 3950 905 4005 ergo,
933 3934 1264 4005 eltat'issime,
1305 3933 1500 4003 sacpius
1536 3936 1592 3990 in
1617 3933 1928 3992 memoriam
1969 3940 2113 3994 illum

539 4003 840 4060 extremum
855 4006 1026 4060 exitus
1053 4004 1126 4058 tui
1151 4003 1292 4058 diem
1314 4023 1328 4058 :
1349 4015 1402 4060 et
1424 4015 1703 4074 antequam
1722 4008 1911 4062 misera
1937 4009 2114 4064 anima

541 4080 632 4147 tua
661 4089 988 4147 excarcere
1027 4075 1416 4147 earnis_eveat,
1440 4129 1446 4134 ,
1472 4077 1744 4147 provideat
1786 4093 1892 4147 quo
1933 4080 2111 4134 vadat.

539 4142 618 4214 (α)
669 4143 972 4218 Istiusmodi
1043 4143 1340 4218 recordatio
1401 4142 2110 4218 contritiouem'concipit,

537 4214 788 4268 contritio
815 4215 1274 4282 compunctionetn
1304 4215 1457 4282 parit,
1489 4219 1826 4282 compunctio
1868 4214 2113 4274 contem;

537 4282 847 4353 plationent,
866 4285 1066 4338 scilicet
1089 4285 1228 4350 pium
1250 4297 1304 4339 et
1323 4285 1572 4341 lmmilem
1589 4285 1832 4342 affectum
1853 4289 1904 4342 in
1925 4291 2109 4354 Deum;

539 4355 685 4424 pium
717 4354 964 4408 videlicet
984 4371 1048 4408 ex
1078 4355 1267 4409 liducia
1286 4355 1534 4424 adjutorii
1559 4357 1752 4411 divina:
1783 4359 2034 4414 boaitatis
2060 4371 2114 4416 ct

537 4423 873 4501 clementiae,
893 4423 1142 4501 humilem
1166 4442 1238 4501 ex_
1256 4423 1680 4501 consideratione
1707 4431 1933 4501 propria:
1963 4430 2114 4501 fragi-

538 4494 704 4548 litatis
728 4503 783 4547 et
807 4495 1052 4548 miseriae.
1084 4496 1196 4560 llic,
1227 4497 1410 4560 lector,
1443 4499 1674 4552 attende.
1703 4494 1836 4564 Quid
1863 4502 2007 4554 enim
2032 4494 2116 4556 est

537 4564 590 4618 in
607 4565 766 4637 omni
791 4566 1032 4624 scientia.
1074 4567 1214 4635 quod
1245 4568 1510 4622 hominem
1540 4579 1789 4637 provocet
1820 4569 2022 4624 facilius
2045 4573 2110 4626 ad

536 4634 618 4689 sui
645 4637 960 4707 custodiam,
988 4645 1042 4690 et
1067 4634 1276 4690 omnem
1306 4634 1612 4703 injustitiam
1634 4640 2022 4707 cxpellendam,
2047 4643 2112 4696 ad

535 4706 868 4779 sanctitatem
901 4707 952 4760 iu
985 4707 1175 4779 timore
1219 4707 1311 4779 Dei
1358 4706 1753 4776 perii-ciendam,
1803 4725 1958 4779 quam
2003 4727 2112 4767 sua:

537 4777 890 4843 corruptionis
929 4777 1304 4836 consideratio,
1339 4795 1447 4832 suae
1485 4777 1989 4836 mortalitatiscerta
2018 4798 2111 4835 co--

536 4846 724 4910 gnitio,
767 4857 1033 4915 postremo
1075 4848 1361 4901 tremenda:
1403 4851 1590 4903 mortis
1628 4866 1737 4904 sua:
1779 4852 2113 4906 recordatio?

449 4978 454 4983 η
535 4916 757 4982 Quando
798 4920 938 4992 enim
969 4917 1218 4992 homolit
1263 4933 1364 4992 non
1409 4918 1587 4992 homo,
1629 4920 1731 4974 hoc
1768 4931 1868 4986 est,
1901 4923 2113 4992 quando

533 4987 856 5060 :egrotescit,
889 4989 1197 5056 aegrotando
1225 4990 1480 5052 (egritudo
1508 4993 1720 5056 crescit,
1747 4987 1992 5060 peccator
2021 5012 2114 5048 ex-

536 5058 794 5124 pavescit.
825 5073 919 5112 cor
952 5060 1335 5124 contremiscit,
1362 5070 1521 5126 caput
1550 5058 1895 5128 obstupescit,
1923 5079 2113 5120 sensus

531 5129 822 5200 evanescit,
855 5129 1022 5183 virtus
1046 5131 1329 5196 exarescit,
1365 5133 1536 5187 vultus
1565 5133 1820 5200 pallescit,
1853 5134 2010 5187 facies
2034 5137 2114 5188 ni-

532 5199 962 5272 grescittoculus
985 5201 1324 5272 teuebrescit,
1354 5204 1497 5256 auris
1521 5199 1803 5268 surdescit,
1832 5219 1992 5258 nasus
2015 5223 2112 5272 pu-

533 5271 732 5330 tresclt,
762 5269 933 5342 lingua
963 5271 1174 5336 fatiscit,
1199 5287 1260 5325 os
1286 5272 1624 5337 obmutescit,
1649 5289 1839 5342 corpus
1863 5269 2108 5342 tabescit,

533 5349 660 5391 caro
683 5341 993 5396 marcescit:
1023 5351 1145 5396 tunc
1168 5343 1347 5398 cat-nis
1369 5343 1703 5411 pulchritudo
1732 5343 1868 5398 fetor
1888 5341 2113 5400 efficitur

594 5471 848 5582 :dsietttss.
875 5481 931 5524 Αι
948 5474 1083 5535 editi,
1107 5473 1236 5538 quod
1257 5475 1427 5527 mentis
1447 5489 1550 5527 sua:
1573 5475 2042 5540 circamspcctionem
2064 5464 2112 5530 et

609 5547 622 5579 ι
662 5547 718 5582 cn
741 5547 852 5582 tam.

531 5546 852 5596 prttacmtam.

533 5596 746 5704 εὴςϐἲιξζι
765 5597 883 5646 Med.
909 5596 988 5648 hic
1009 5597 1156 5659 addit,
1183 5598 1384 5662 Populus
1406 5597 1494 5650 vel.
1519 5600 1694 5663 Regius
1726 5608 1904 5663 autem,
1945 5614 2107 5651 morta-

595 5717 616 5784 ξ
649 5715 785 5784 ᾼΙὶιιξς2
805 5732 1012 5784 sgqienta
1041 5727 1306 5784 appeteres.

596 5777 669 5843 (fl)
707 5781 804 5830 \‘id.
940 5782 1004 5833 de
1029 5777 1203 5845 spiritu
1228 5791 1276 5835 et
1295 5783 1482 5847 Anima,
1509 5796 1611 5848 cap.

2001 322 2366 381 APPENDlX.

3721 336 3828 392 95.8

2237 447 2291 519 et
2317 437 2557 506 putredo,
2583 445 2708 494 tunc
2731 438 2889 494 homo
2911 439 3132 495 solvitur
3155 442 3207 495 in
3233 442 3490 508 cinerem,
3521 454 3570 499 et
3598 452 3827 504 vertitur

2239 525 2288 562 ιιι
2319 523 2549 563 vermetn
2560 549 2572 562 .
2807 543 2809 545 ι

2239 618 2311 683 (a)
2328 627 2439 684 Post
2460 620 2702 684 hominem
2727 623 2924 681 vermis,
2947 629 3055 684 post
3078 636 3295 672 vermem
3321 623 3444 675 fetor
3465 633 3516 675 et
3539 626 3724 680 horror.

2295 683 2367 730 Sic
2388 683 2436 730 in
2455 695 2550 731 non
2567 683 2810 732 hominem
2829 683 3032 733 vertitur
3051 688 3207 735 omnis
3228 687 3386 734 homo.

2309 766 2464 830 Ecce,
2512 766 2676 821 frater
2718 768 2787 821 mi
2833 768 3160 828 charissima,
3213 786 3337 824 ecce
3391 772 3519 823 satis
3565 772 3820 828 ltorrlhife

2237 837 2620 912 Spectaculunt,
2645 838 2737 912 sed
2760 849 2847 912 est
2878 840 3033 912 nimis
3059 840 3190 894 utile
3219 841 3492 912 speculum
3516 859 3528 894 :
3561 846 3818 912 quoniam

2237 907 2377 960 nulla
2401 908 2542 982 artis
2582 909 2864 982 medicina,
2913 910 3159 982 nullaque
3201 907 3440 966 doctrina
3483 907 3820 982 sie-superat

2237 977 2560 1045 superbiam,
2594 993 2691 1032 nec
2719 979 2796 1033 sic
2821 981 2980 1032 vincit
3003 981 3281 1045 malitiam,
3304 997 3402 1034 nec
3430 983 3507 1036 sic
3532 977 3819 1045 exstinguit

2239 1047 2530 1118 libidinem,
2554 1063 2650 1101 nec
2675 1049 2752 1102 sic
2777 1050 2958 1103 tnundi
2991 1051 3160 1104 calcat
3195 1054 3501 1118 vanitatem,
3545 1055 3686 1108 sicut
3712 1047 3815 1110 hu-

2230 1117 2769 1190 jusmodi_horrend:e
2795 1121 2979 1174 mortis
3003 1122 3321 1176 recordatio.
3357 1122 3563 1176 Utinam
3591 1140 3720 1190 ergo
3735 1144 3817 1180 sa-

2237 1197 2428 1256 perent.
2453 1188 2521 1259 Et
2543 1189 2666 1259 quid
2695 1191 2816 1244 huic
2844 1191 3038 1244 mundo
3066 1200 3266 1245 tantum
3294 1193 3522 1259 vilescit,
3549 1188 3690 1248 sicut
3721 1196 3814 1250 ho-

2238 1273 2346 1320 tno,
2378 1258 2529 1333 cujus
2557 1258 2751 1333 corpus
2793 1277 2912 1333 cum
2960 1262 3028 1314 sit
3065 1264 3328 1333 exanime,
3360 1278 3465 1316 non
3494 1258 3816 1333 permittitur

2237 1343 2355 1382 esse
2373 1329 2516 1399 intra
2545 1329 2758 1384 domum
2784 1332 2956 1386 triduo
2981 1348 3089 1399 pra:
3118 1330 3317 1387 fetore:
3341 1334 3432 1387 sed
3457 1329 3512 1388 ut
3537 1335 3640 1388 vile
3675 1349 3814 1390 Ster-

2236 1413 2330 1453 cus
2358 1398 2502 1471 foras
2534 1400 2824 1467 projicitur,
2857 1403 2906 1454 in
2943 1398 3206 1471 profundo
3245 1412 3398 1456 terrae
3446 1403 3811 1469 absconditur,

2238 1469 2500 1591 pﬁlrptiill’i
2529 1472 2771 1535 traditur,
2809 1469 3072 1526 vermibus
3100 1473 3151 1524 in
3180 1489 3356 1526 escam
3381 1472 3555 1541 datur,
3579 1476 3818 1531 cadaver

2238 1554 2266 1591 e
2309 1550 2488 1591 tettur.

2236 1550 2488 1593 ClllClllll'?

2305 1608 2531 1680 CAPUT
2570 1610 2658 1664 Vl.
2701 1611 2779 1664 De
2803 1613 2980 1666 studiis
3001 1614 3159 1665 vanis.
3195 1611 3271 1666 De
3291 1613 3560 1680 disciplina
3585 1615 3667 1668 hic
3695 1617 3815 1672 sub-

2235 1679 2420 1754 eunda.
2475 1681 2763 1754 Erubescat
2803 1697 2929 1751 ergo
2955 1683 3213 1750 superbus
3255 1693 3308 1737 et
3334 1679 3513 1738 infelix
3542 1697 3809 1754 peccator.

2234 1760 2286 1826 et
2334 1751 2784 1826 tin‘tea_t_el:_ttione
2830 1766 3078 1826 emeatus,
3123 1754 3198 1826 ira
3232 1751 3606 1821 inflammatus,
3638 1757 3813 1826 impa-

2238 1819 2852 1895 tientia:_vitio_fa3datus,
2881 1825 3100 1878 scientia
3124 1823 3334 1895 ittiiatus
3358 1844 3369 1879 :
3395 1827 3476 1879 cui
3502 1819 3617 1895 plus
3639 1819 3813 1895 placet

2234 1903 2324 1964 ars
2355 1891 2674 1964 aristotelis,
2705 1909 2862 1962 quam
2895 1895 3111 1949 scicntia
3143 1893 3210 1949 de
3236 1891 3524 1964 Apostolis',
3555 1891 3673 1963 plus
3714 1913 3809 1953 co-

2233 1958 2625 2034 dex__Platonis,
2652 1958 2809 2032 quam
2841 1965 2973 2018 liber
3014 1964 3258 2020 divinus:
3283 1958 3438 2034 quem
3480 1958 3620 2021 nulla
3652 1968 3814 2023 lectio

2234 2030 2488 2107 laetificat,
2523 2030 2912 2107 nulla'scientia
2945 2035 3190 2096 :edificat,
3221 2030 3398 2107 nullus
3426 2051 3604 2091 sermo
3648 2040 3808 2107 sapit,

2233 2101 2334 2155 nisi
2358 2101 2516 2177 fuerit
2540 2105 2879 2177 grammatice
2905 2115 3212 2177 conceptus,
3240 2106 3520 2177 dialectice
3546 2101 3807 2177 itnagiitaL

2233 2179 2338 2238 tus,
2368 2171 2634 2228 rhetorice
2675 2184 3016 2248 purpuratus.
3065 2171 3270 2248 Stultus
3308 2191 3366 2230 es
3394 2177 3483 2248 qui
3511 2176 3627 2232 hate
3655 2171 3808 2248 igno-

2231 2257 2341 2316 ras,
2368 2251 2424 2297 et
2450 2258 2629 2298 erras:
2653 2245 2902 2314 quoniam
2929 2247 3017 2315 qui
3045 2246 3168 2300 talia
3211 2255 3392 2316 agunt.
3413 2245 3491 2300 'et
3532 2249 3584 2300 in
3615 2245 3810 2303 talibus

2231 2311 2346 2366 dies
2365 2327 2490 2367 suos
2510 2311 2846 2386 constituunt,
2876 2311 3150 2386 peccatum
3167 2311 3270 2372 sibi
3289 2326 3564 2386 generant,
3588 2328 3643 2372 et
3661 2335 3810 2375 mor-

2230 2389 2336 2457 tem
2361 2397 2574 2457 paraut;
2609 2385 2730 2454 quia
2755 2385 3008 2457 exisimili
3038 2386 3210 2442 studio
3241 2385 3466 2443 similem
3503 2389 3812 2457 concipiunt

2229 2453 2526 2526 scientiam,
2557 2453 2658 2510 hoc
2687 2465 2787 2522 est,
2817 2456 2935 2510 folia
2963 2458 3239 2526 colligunt,
3263 2474 3368 2513 non
3399 2458 3616 2522 fructus,
3645 2453 3697 2514 id
3718 2472 3802 2516 est

2229 2523 2410 2589 verba,
2435 2541 2540 2580 non
2562 2527 2816 2591 virtutes;
2845 2527 3004 2583 verba
3029 2523 3170 2582 enim
3198 2529 3251 2582 in
3273 2536 3485 2583 ventum
3509 2531 3804 2597 proferunt,

2228 2603 2283 2648 et
2305 2609 2483 2670 aerem
2513 2597 2688 2650 verbis
2716 2598 3040 2670 verberant,
3065 2599 3440 2670 verbositatem
3473 2611 3687 2670 sonant,
3721 2604 3807 2670 ja-

2227 2665 2484 2738 ctanthtmr
2517 2675 2815 2722 ostentant:
2843 2668 2910 2723 de
2935 2669 3127 2738 quibus
3155 2684 3252 2738 per
3294 2669 3626 2724 Psaltnistam
3672 2665 3808 2727 dici-

2229 2743 2333 2799 tur,
2365 2735 2572 2790 Turbati
2593 2747 2708 2791 sunt
2737 2748 2785 2792 et
2804 2740 2926 2792 moti
2949 2735 3065 2793 sunt
3084 2735 3211 2794 sicut
3230 2740 3412 2805 ebrius,
3441 2749 3488 2792 et
3526 2742 3690 2794 omnis
3717 2759 3804 2796 sa-

2226 2806 2415 2928 pientia
2439 2822 2613 2861 eorum
2632 2808 2869 2862 devorata
2897 2817 2967 2864 est
2996 2809 3167 2879 (Psal.
3207 2826 3316 2875 cvt,
3347 2810 3458 2881 27).
3486 2809 3635 2866 Sicut
3662 2813 3804 2870 enim

2266 2891 2387 2928 omo
2411 2877 2591 2928 ebrius
2621 2880 2788 2928 nescit
2815 2880 2939 2928 mtid
2969 2881 3094 2928 agit-
3121 2890 3212 2928 aut
3252 2897 3356 2928 mm
3376 2880 3538 2928 vadit-
3568 2897 3635 2928 on
3660 2883 3804 2928 quod

2266 2891 2387 2952 omo
2411 2877 2591 2952 ebrius
2621 2880 2788 2952 nescit
2815 2880 2939 2949 quid
2959 2877 3094 2952 agit,
3121 2890 3212 2952 aut
3252 2877 3538 2952 quovadit,
3568 2897 3635 2934 eo
3660 2883 3807 2950 quod

2225 2960 2294 3019 se
2316 2947 2498 3019 ipsum
2513 2949 2750 3013 ignorat;
2773 2947 2846 3003 ita
2871 2947 3180 3019 insipientes
3199 2951 3216 2983 ⁸
3246 2947 3423 3006 clerici
3448 2947 3736 3006 stcculares
3752 2954 3802 3007 in

2226 3016 2451 3071 bibenda
2485 3017 2788 3088 hujusmodi
2817 3016 3036 3076 scientia
3065 3037 3122 3076 se
3148 3021 3485 3087 conturbant,
3515 3021 3683 3076 libros
3707 3022 3801 3076 de-

2225 3097 2434 3162 vorant,
2464 3091 2753 3145 sententias
2777 3091 3144 3162 multiplicant,
3175 3093 3266 3146 sed
3305 3091 3430 3159 quid
3461 3103 3618 3162 agant
3650 3093 3801 3160 peni-

2225 3165 2309 3230 tus
2336 3157 2596 3227 ignorant,
2639 3162 2760 3230 quia
2801 3161 2866 3215 ad
2895 3157 3050 3230 quem
3083 3162 3239 3216 ﬂuent
3269 3157 3518 3216 miserum
3552 3157 3795 3229 tendant,

2225 3227 2402 3302 miseri
2423 3227 2841 3302 nonatteitdunt.
2862 3227 3120 3286 O'utinam
3143 3233 3274 3286 tales
3295 3233 3562 3302 saperent!
3582 3233 3638 3287 Si
3659 3227 3800 3288 enini

2224 3298 2468 3374 fugientis
2489 3301 2610 3355 vita:
2633 3319 2742 3356 sua:
2769 3302 3077 3356 brevitatem
3101 3298 3523 3374 perpendissent,
3543 3304 3586 3358 si
3603 3304 3798 3358 damna

2223 3369 2690 3443 dierum_suorum
2734 3384 2858 3428 ante
2896 3375 3079 3428 oculos
3101 3369 3531 3440 'convertissent,
3562 3376 3606 3427 si
3638 3391 3800 3443 quam

2223 3441 2500 3515 tremendo
2522 3443 2740 3515 judicio,
2769 3459 2871 3496 non
2896 3452 3095 3498 tantum
3117 3444 3184 3499 de
3210 3445 3432 3499 mortuis
3453 3441 3802 3515 corum—ope-

2221 3510 2389 3578 ribus,
2418 3513 2524 3566 imo
2549 3513 2617 3568 de
2642 3515 2785 3568 omni
2817 3515 2986 3568 verbo
3032 3515 3203 3570 otioso
3249 3530 3407 3582 quam
3435 3513 3679 3570 districte
3712 3510 3800 3570 re—

2220 3583 2475 3656 sponsuri
2510 3593 2654 3650 sunt,
2689 3585 3084 3652 prae-vidissent;
3117 3601 3238 3640 mox
3271 3595 3475 3656 terrore
3503 3585 3798 3656 perterriti,

2220 3667 2343 3724 mox
2374 3653 2552 3707 divino
2583 3670 2766 3709 amore
2813 3657 3070 3724 percussi,
3120 3671 3253 3709 vana
3284 3655 3440 3722 hujus
3473 3653 3598 3710 vita;
3623 3657 3800 3710 studia

2220 3723 2576 3792 reliquissent,
2610 3733 2665 3780 et
2693 3724 2760 3780 de
2786 3723 2960 3779 studio
2991 3727 3239 3781 vanitatis
3266 3726 3538 3780 venissent
3580 3727 3648 3780 ad
3679 3737 3796 3782 stu-

2219 3792 2364 3847 dium
2393 3795 2647 3860 veritatis,
2681 3804 2735 3850 et
2762 3795 2830 3850 de
2855 3795 3032 3850 studio
3059 3797 3297 3851 stultitia:
3325 3795 3390 3849 ad
3434 3795 3670 3852 studium
3708 3814 3797 3851 sa-

2219 3863 2454 3932 pientiae,
2503 3865 2603 3920 hoc
2647 3875 2749 3932 est,
2797 3865 2865 3921 de
2909 3867 3084 3920 studio
3114 3867 3434 3922 curiositatis
3461 3867 3526 3921 ad
3557 3868 3794 3922 studium

2218 3944 2415 4006 sancta:
2445 3934 2774 4006 humilitatis,
2803 3936 2871 3992 de
2893 3936 3075 3991 schola
3109 3938 3328 3992 luxuria:
3350 3947 3402 3992 et
3433 3939 3713 4006 pravitatis
3731 3938 3797 3990 ad

2219 4004 2456 4072 scholam
2488 4005 2759 4062 munditia:
2784 4016 2839 4062 et
2867 4009 3161 4064 sanctitatis
3185 4024 3278 4062 seu
3307 4004 3588 4070 castitatis,
3607 4007 3677 4063 de
3697 4009 3803 4062 vita

2219 4075 2511 4145 iniquitatis
2535 4077 2601 4130 ad
2629 4079 2788 4131 vitam
2818 4079 3134 4144 sanctitatis,
3166 4078 3268 4133 hoc
3307 4089 3409 4143 est,
3446 4078 3514 4132 de
3544 4080 3652 4132 vita
3685 4079 3796 4133 for-

2219 4147 2500 4201 nicationis
2528 4147 2595 4201 ad
2621 4148 2778 4202 vitam
2807 4149 2977 4204 beata:
3004 4149 3294 4216 religionis,
3323 4149 3374 4203 id
3401 4158 3500 4212 est,
3531 4149 3601 4204 de
3629 4149 3792 4202 domo

2218 4218 2638 4271 conversationis
2668 4218 2948 4273 ntundanze
2973 4219 3038 4274 ad
3069 4219 3286 4274 domum
3314 4229 3511 4273 sanctae
3550 4219 3793 4287 discipli-

2219 4303 2323 4341 nte.
2356 4287 2506 4342 Unde
2532 4288 2838 4344 benedictus
2869 4291 2980 4359 ipse
3017 4289 3246 4358 Spiritus
3283 4299 3499 4344 sanctus
3546 4305 3642 4359 per
3667 4290 3798 4344 Pro-

2218 4359 2433 4431 phetam
2469 4359 3138 4431 peecatorihnspraccipit,
3180 4360 3384 4431 dicens,
3425 4361 3798 4431 Appreltendite

2219 4429 2556 4498 disciplinam,
2603 4446 2672 4500 ne
2687 4429 2890 4498 quando
2916 4432 3166 4484 irascatur
3197 4429 3541 4492 Domimts,'et
3584 4431 3798 4500 pereatis

2218 4500 2280 4552 de
2321 4500 2399 4552 via
2429 4500 2574 4572 justa
2617 4499 2785 4573 (Paul.
2817 4516 2873 4564 tt,
2902 4501 3014 4573 12).
3035 4503 3082 4573 Ο
3113 4517 3269 4570 quam
3301 4501 3556 4573 terribilis
3578 4499 3662 4554 est
3683 4500 3798 4554 haec

2219 4570 2476 4624 sententia
2518 4579 2572 4624 et
2613 4570 2768 4624 nimis
2799 4570 3078 4626 metuenda
3108 4573 3298 4640 bisqui
3325 4571 3660 4639 disciplinam
3693 4586 3797 4624 non

2218 4641 2647 4713 apprcltendunt!
2677 4658 2740 4713 ex
2773 4641 2870 4697 hac
2898 4643 3122 4713 Spiritus
3156 4643 3321 4713 sancti
3358 4643 3622 4713 sententia
3650 4650 3798 4712 patet

2219 4715 2338 4780 quia
2361 4712 2652 4783 Aperibunt.
2683 4712 2814 4766 llinc
2843 4712 3103 4782 est’quod
3148 4712 3406 4783 Dominus
3448 4728 3541 4780 per
3578 4712 3795 4783 Moysen

2217 4784 2312 4848 ait,
2345 4781 2522 4836 Omnis
2546 4783 2714 4853 anima
2741 4799 2851 4850 quw
2875 4800 2973 4836 non
3003 4783 3150 4853 fuerit
3173 4784 3351 4852 afflicta
3373 4782 3454 4853 die
3475 4784 3590 4848 Itar,
3617 4781 3795 4850 peribit

2219 4855 2281 4906 de
2303 4853 2488 4923 populo
2517 4869 2624 4906 meo
2651 4852 2833 4924 (Leuit.
2869 4851 3018 4914 xvttt,
3046 4851 3160 4924 9.9).
3195 4851 3433 4916 Notanda
3465 4862 3591 4906 sunt
3617 4863 3795 4924 atten-

2221 4925 2324 4977 tius
2355 4922 2513 4977 verba
2547 4922 2666 4994 ista.
2695 4922 2900 4989 Anima,
2931 4922 3127 4994 inquit,
3144 4923 3342 4991 peribit,
3377 4939 3489 4988 qua:
3516 4940 3615 4976 non
3647 4923 3792 4993 fuerit

2219 4996 2418 5066 afﬂicta,
2449 4993 2690 5058 subaudi,
2722 5010 2818 5062 per
2843 4993 3196 5066 disciplinam,
3227 5009 3320 5062 per
3347 5009 3552 5047 morum
3580 5009 3779 5066 corr-ee

2221 5063 2438 5126 tionem,
2466 5082 2557 5133 per
2582 5065 2902 5132 pteniteutite
2919 5064 3354 5132 satisfactionem,
3373 5079 3468 5134 per
3487 5063 3666 5134 cordis
3682 5079 3778 5116 con

2220 5137 2506 5198 tritionem,
2538 5152 2630 5203 per
2651 5137 2987 5192 conscientia:
3012 5133 3454 5206 purificationem.
3474 5135 3540 5188 Et
3567 5133 3777 5206 dicebat

2219 5207 2300 5259 die
2343 5207 2458 5268 It'ac,
2505 5205 2554 5258 id
2597 5215 2698 5272 est,
2732 5208 2782 5260 in
2815 5203 3058 5274 prmsen'ti
3091 5218 3330 5274 tempore
3376 5206 3583 5275 gratim,
3614 5203 3669 5258 id
3694 5213 3785 5271 est,

2219 5278 2302 5331 die
2327 5276 2484 5344 hujus
2511 5277 2664 5330 vita:
2694 5279 2940 5346 quoniam
2975 5278 3062 5346 qui
3097 5292 3200 5331 non
3233 5277 3457 5346 suscipit
3483 5276 3640 5330 modo
3663 5283 3785 5330 tem-

2218 5363 2318 5416 pus
2344 5347 2684 5416 ptnnitentia»,
2719 5359 2836 5415 post
2860 5358 3086 5403 mortem
3129 5364 3232 5402 non
3257 5347 3459 5404 invenit
3496 5347 3672 5402 locum
3713 5347 3790 5399 in-

2218 5418 2518 5488 dulgentim.
2549 5417 2880 5489 Quapropter
2911 5419 3058 5484 titnc,
3091 5429 3142 5472 tu
3169 5429 3438 5489 peccator,
3469 5428 3520 5472 ιιι
3551 5432 3681 5474 Caro
3708 5432 3791 5471 su-

2219 5487 2400 5558 perba,
2429 5498 2481 5542 tu
2507 5490 2609 5542 vile
2634 5487 2880 5556 cadaver,
2909 5505 3065 5559 queat
3091 5487 3266 5543 adhuc
3292 5491 3554 5544 viventem
3579 5501 3790 5544 vermes

2281 5601 2296 5632 ι
2333 5605 2412 5648 Ms.
2434 5601 2610 5672 ttegius
2629 5599 2774 5660 addit,
2793 5576 3016 5650 nwnuchi
3037 5606 3081 5650 et
3089 5598 3246 5662 ;quod
3263 5572 3587 5662 sequentibus
3609 5600 3793 5648 videtur

2215 5676 2311 5712 non
2332 5673 2614 5712 convenire.

2279 5723 2350 5786 (υ)
2386 5727 2438 5772 ttt
2488 5735 2668 5774 versus-
2694 5724 2868 5774 absunt
2913 5736 2941 5773 a
2987 5731 3092 5774 Mss.
3139 5722 3382 5772 habentur
3425 5729 3476 5772 ct
3512 5721 3598 5771 lib.
3638 5719 3789 5771 studit.

2216 5786 2440 5838 Bernnrd.
2466 5799 2569 5849 cap.
2589 5786 2635 5836 3.
