4094 6342
524 318 631 374 ’991

531 434 803 492 derisione
830 433 1019 503 dignos
1041 433 1320 498 clamabo;
1357 440 1410 487 et
1439 447 1558 487 cum
1587 430 1798 503 irruerit
1826 446 1989 499 super
2017 446 2113 485 vos

536 508 622 562 illa
675 502 949 575 repentina
1002 504 1296 575 calamitas,
1346 503 1681 575 subsannabo,
1736 502 1785 575 id
1829 512 1938 565 est,
1988 515 2110 575 cum

536 591 714 630 amara
738 572 894 628 'mors
921 591 1015 628 vos
1059 574 1422 635 momorderit,
1456 582 1653 626 mterua
1696 572 2115 630 subsannationc

535 648 724 715 dignos
748 645 1033 699 damnabo.
1062 644 1221 709 Audi,
1250 653 1304 697 tu
1348 654 1634 715 peccatort
1654 643 1945 715 terribilem
1983 658 2110 697 sen-

536 712 779 793 tentiam,
809 732 967 793 quam
992 715 1036 769 si
1068 715 1410 781 intelligeres,
1453 714 1567 793 sine
1604 712 2114 793 dubio_cxpavesce-

538 802 645 840 res.
674 784 776 841 Sed
826 783 1124 850 Scriptum
1166 798 1344 839 sacras
1394 785 1723 853 negligenter
1769 783 1922 852 legis,
1964 792 2115 838 actus

540 860 660 909 vita:
692 868 816 916 ture.
847 856 982 908 mala
1028 870 1146 923 qua:
1178 853 1328 920 facis,
1378 865 1590 921 peccata
1633 870 1754 923 quae
1800 853 2109 919 committis,

538 930 675 982 facta
705 935 759 981 et
785 927 923 980 dicta
949 933 1004 979 et
1032 940 1190 994 opera
1224 934 1310 979 tua
1343 925 1480 978 mala
1518 940 1623 978 non
1650 924 1917 992 sapienter
1943 925 2107 991 respi.

537 999 649 1062 eis;
688 998 845 1051 velox
874 995 940 1049 ad
983 1011 1242 1061 mensam,
1271 994 1452 1049 tardus
1480 994 1545 1048 ad
1576 994 1854 1049 ecclesiam
1879 1010 1894 1059 ;
1927 1003 2114 1062 potens

538 1067 603 1120 ad
628 1067 936 1136 potandum,
966 1066 1057 1119 sed
1100 1082 1242 1136 mger
1270 1064 1333 1118 ad
1365 1064 1761 1136 psallendum;
1788 1064 2005 1136 pervigil
2047 1062 2114 1118 ad

538 1134 763 1199 fabulas,
791 1134 1248 1192 somnolentus‘ad
1271 1135 1509 1204 vigilias;
1542 1135 1768 1204 procax‘
1798 1134 1862 1188 ad
1892 1135 2113 1202 loquen-

538 1211 684 1274 dum,
729 1207 822 1261 sed
869 1206 1048 1260 tardus
1076 1215 1128 1258 et
1164 1215 1339 1260 mutus
1361 1205 1427 1260 ad
1466 1205 1802 1268 canendum;
1836 1215 2112 1273 promptus

541 1279 606 1332 ad
637 1278 767 1332 iram
795 1287 847 1332 et
899 1277 1312 1341 detractionem,
1344 1276 1490 1344 piger
1516 1291 1642 1329 vero
1668 1276 1732 1328 ad
1772 1274 2106 1341 orationem;

545 1347 756 1402 invidia:
785 1356 1008 1409 amator,
1036 1362 1321 1415 pauperum
1352 1345 1545 1400 Christi
1574 1352 1917 1416 persecutor;
1949 1344 2114 1400 festu-

541 1432 658 1471 cam
688 1419 739 1471 in
784 1418 889 1471 alio
915 1417 1070 1470 oculo
1113 1416 1422 1485 respiciens,
1465 1416 1559 1471 sed
1610 1417 1811 1469 trabem
1861 1416 1913 1469 in
1960 1416 2116 1469 oculo

542 1498 633 1541 tuo
663 1503 768 1541 non
795 1488 1019 1550 videns;
1072 1488 1291 1541 aliorum
1325 1487 1458 1540 facta
1490 1486 1871 1547 condemnans,
1904 1486 1997 1541 sed
2029 1496 2114 1540 tua

541 1573 647 1612 non
675 1558 1040 1620 considerans,
1070 1572 1168 1612 nec
1189 1556 1462 1611 deserens.
1487 1556 1722 1611 Cmteros
1744 1556 2115 1625 reprehendis,

542 1636 597 1698 te
631 1628 800 1698 ipsum
833 1644 936 1681 non
965 1628 1220 1697 corrigis;
1254 1628 1387 1698 alios
1411 1627 1705 1698 vituperas,
1741 1636 1795 1681 et
1833 1635 1885 1681 te
1914 1628 2115 1681 collau-

541 1697 637 1752 das
652 1696 677 1752 ξ
704 1698 920 1753 malitia":
946 1696 1207 1763 inventor,
1236 1696 1539 1766 disciplina!
1555 1697 1888 1762 destructor;
1912 1698 2116 1753 amicus

539 1768 810 1832 vitiorum,
838 1778 888 1821 et
934 1766 1102 1822 hostis
1130 1768 1400 1821 virtutum.
1448 1766 1571 1822 Hmc
1619 1776 1743 1821 sunt
1771 1784 1889 1837 qua:
1940 1769 2115 1822 homi-

543 1854 665 1892 nem
701 1847 989 1920 excaecant,
1018 1845 1073 1893 et
1096 1837 1261 1920 amDeo
1292 1838 1468 1920 ipsum
1509 1846 1795 1920 separant;
1842 1837 1957 1892 hare
1995 1847 2120 1893 sunt

541 1924 659 1977 qum
703 1909 1019 1963 monachum
1071 1908 1309 1963 efﬁciunt
1349 1908 1756 1972 dmmoniacum,
1799 1923 2116 1963 conversum

541 1977 782 2032 efficiunt
803 1994 1130 2048 perversum,
1149 1979 1399 2033 clericum
1423 1978 1751 2042 harreticum,
1770 1978 2116 2034 christianum

543 2048 931 2103 antichristum.
964 2050 1061 2117 Qui
1086 2050 1226 2104 enim
1253 2048 1575 2103 christianus
1600 2063 1704 2103 non
1731 2056 1832 2111 est,
1862 2050 2118 2104 antichri-

543 2127 661 2190 stus
699 2128 799 2173 est.
846 2118 961 2173 Non
1003 2128 1085 2174 est
1112 2119 1452 2186 christianos,
1496 2119 1586 2190 qui
1630 2120 1738 2173 vita
1783 2128 1839 2174 et
1880 2122 2119 2177 moribus

538 2187 752 2243 Christo
780 2198 860 2243 est
884 2191 1203 2244 contrarius.

611 2258 747 2323 Heu,
790 2258 930 2313 heu!
995 2258 1081 2314 Vir
1121 2259 1364 2330 insipiens
1406 2275 1509 2314 non
1549 2258 1833 2333 cognoscet,
1865 2269 1912 2315 et
1936 2261 2121 2316 stultus

604 2370 621 2401 ι
659 2368 795 2430 Alias,
823 2374 1038 2433 paratus.

1990 313 2349 370 AI'PENDIX.

2220 447 2321 503 non
2347 428 2586 503 intelliget
2624 429 2731 484 lucc
2760 427 2931 503 (Psal.
2966 447 3074 498 xei,
3106 430 3161 503 7)
3188 452 3202 487 :
3233 442 3289 488 et
3324 432 3466 499 ideo,
3491 433 3631 489 sicut
3676 434 3806 490 dicit

2220 502 2360 571 idem
2408 501 2709 571 propheta,
2745 501 2919 556 Simul
2952 501 3195 571 insipiens
3243 513 3293 556 et
3332 505 3517 558 stultus
3570 506 3805 571 peribant.

2219 570 2389 640 (Psal.
2420 586 2601 633 XLVIII,
2634 569 2742 643 ll).
2784 571 2889 643 Sed
2917 569 3327 642 qum'distantia
3371 584 3455 629 est
3501 569 3643 629 inter
3668 575 3806 629 insi-

2223 643 2452 712 pientem
2478 649 2535 695 et
2561 641 2820 712 stultum?
2856 641 3042 696 omnis
3068 645 3265 698 stultus
3291 654 3374 699 est
3409 644 3688 712 insipiens.
3724 645 3808 700 ln-

2219 713 2420 780 sipiens
2460 712 2603 784 enim
2643 711 2837 784 dicitur
2872 712 3021 781 quasi
3051 729 3158 768 non
3197 716 3431 784 sapiens.
3476 711 3623 768 Multi
3662 717 3806 771 enim

2221 790 2437 836 manent
2474 783 2563 850 qui
2590 782 2859 850 sapientes
2889 798 2995 837 non
3040 794 3183 849 sunt,
3211 782 3272 839 eti
3301 794 3477 839 tamen
3517 784 3669 839 stulti
3698 802 3804 840 non

2221 862 2363 906 sunt.
2396 852 2541 906 Multi
2562 853 2690 920 justi
2721 862 2864 917 sunt,
2893 861 2950 907 et
2987 854 3135 907 multi
3160 855 3288 923 justi
3328 871 3436 908 non
3468 864 3614 921 sunt,
3643 866 3699 910 et
3724 867 3807 911 ta-

2221 938 2342 976 men
2376 923 2552 995 iniqui
2578 939 2682 995 non
2709 933 2855 995 sunt.
2886 924 2975 977 Vis
3001 940 3224 979 noscere
3266 925 3385 995 quis
3425 926 3496 980 sit
3522 926 3804 993 insipiens,

2219 992 2421 1065 etquis
2448 992 2680 1065 stuitus?
2719 991 2981 1062 lnsipiens
3004 1003 3107 1056 est,
3138 996 3229 1062 qui
3272 991 3332 1050 se
3357 1011 3389 1049 a
3418 991 3647 1063 paradisi
3673 1012 3807 1065 gau-

2220 1062 2324 1135 diis
2351 1062 2685 1135 peregrinum
2715 1079 2836 1118 esse
2866 1065 3328 1135 nonconsiderat.
3354 1062 3446 1135 qui
3470 1081 3529 1121 se
3565 1062 3807 1120 exsulem

2224 1132 2276 1187 in
2304 1132 2404 1187 hoc
2428 1134 2618 1188 exsilio
2642 1149 2746 1188 non
2775 1135 3022 1188 attendit.
3054 1134 3261 1189 Stultus
3283 1132 3389 1198 est,
3415 1136 3505 1204 qui
3552 1136 3676 1189 licet
3706 1137 3805 1190 ista

2220 1204 2546 1272 cognoverit,
2581 1204 2793 1259 liberari
2824 1216 3002 1259 tamen
3029 1220 3060 1258 a
3086 1206 3266 1259 mundi
3296 1206 3512 1261 miseria
3558 1221 3655 1274 per
3685 1208 3809 1260 vita:

2223 1274 2469 1345 meritum
2508 1290 2615 1329 non
2641 1274 2884 1329 intendit.
2938 1275 3066 1331 Item
3117 1276 3372 1345 insipiens
3414 1285 3516 1340 est,
3552 1276 3643 1345 qui
3696 1291 3805 1331 non

2222 1344 2391 1416 credit
2417 1343 2590 1416 futura
2620 1345 2877 1414 supplicia
2918 1343 3265 1415 reproborum
3297 1361 3416 1400 esse
3442 1343 3723 1416 perpetua,
3754 1356 3805 1401 et

2221 1414 2411 1486 gaudia
2436 1414 2702 1484 justornm
2728 1426 2927 1470 aeterna
2952 1414 3192 1471 :stultus
3229 1427 3406 1471 autem
3434 1414 3554 1479 est;
3567 1418 3657 1486 qui
3685 1417 3807 1471 licet

2221 1484 2421 1549 credat,
2451 1495 2627 1539 tamen
2657 1495 2713 1539 ut
2743 1494 2967 1540 mortem
3013 1495 3322 1555 perpetuam
3366 1484 3663 1551 evadatfet
3687 1488 3807 1555 glo-

2222 1554 2356 1607 riam
2403 1565 2657 1609 aeternam
2705 1565 2854 1611 caste
2915 1556 3144 1611 vivendo
3202 1557 3391 1625 pieque
3440 1554 3810 1611 conversa’ndo

2221 1625 2481 1696 acquirat,
2511 1642 2617 1680 non
2647 1627 2892 1681 intendit.
2927 1626 3079 1681 Justo
3108 1626 3269 1696 igitur
3297 1628 3392 1682 Dei
3417 1626 3620 1695 judicio
3654 1628 3810 1681 simul

2225 1693 2469 1764 insipiens
2494 1706 2541 1749 et
2568 1697 2752 1750 stultus
2780 1696 3032 1764 peribunt.
3058 1693 3209 1763 Quod
3256 1693 3431 1750 tamen
3475 1712 3580 1750 non
3631 1696 3806 1759 ﬁeret,

2221 1765 2265 1836 s_i
2296 1775 2527 1836 saperent
2565 1776 2615 1821 et
2661 1767 3018 1836 intelligerent,
3044 1784 3106 1821 ac
3148 1768 3418 1821 novissima
3467 1767 3806 1836 providerent.

2222 1834 2382 1901 Ecce,
2403 1835 2566 1907 frater
2589 1838 2686 1903 mi,
2699 1837 2809 1906 jam
2826 1834 3027 1907 legisti,
3048 1838 3156 1907 jam
3181 1836 3362 1891 vidisti
3378 1838 3430 1891 in
3457 1834 3558 1892 hoc
3588 1839 3810 1906 speculo

2200 1906 2540 1979 peccatoris,
2567 1908 2692 1979 quid
2721 1906 2919 1979 sapias,
2945 1906 3070 1977 quid
3102 1908 3391 1979 intelligas,
3418 1908 3689 1977 quomodo
3713 1923 3810 1962 no-

2224 1975 2438 2059 vissima
2466 1975 3075 2059 providere—debeam“
3096 1975 3343 2059 superest
3386 1975 3545 2049 igitur
3584 1987 3642 2059 ui
3687 1979 3813 2059 dilif

2221 2055 2409 2115 genter
2449 2046 2645 2115 discas,
2680 2057 2734 2102 et
2762 2048 2813 2101 in
2838 2047 3002 2103 corde
3046 2046 3248 2113 firmes,
3276 2057 3335 2103 ut
3371 2046 3500 2103 sane
3529 2049 3728 2116 sapias,
3755 2057 3812 2103 et

2226 2124 2373 2170 recte
2400 2117 2696 2187 intelligas,
2724 2118 2995 2186 quomodo
3042 2119 3329 2173 novissima
3378 2126 3466 2172 tua
3515 2117 3811 2187 prudenter

2223 2186 2526 2254 provideas,
2549 2186 2605 2241 ut
2630 2203 2724 2258 per
2749 2188 2862 2243 haec
2882 2197 3136 2243 aeternam
3165 2186 3561 2243 damnationem
3584 2188 3807 2250 evadas,

2223 2265 2421 2311 etcum
2455 2258 2679 2312 Domino
2711 2271 2897 2316 nosuo
2937 2258 3064 2314 Jesu
3088 2259 3305 2314 Christo
3344 2259 3508 2314 vitam
3549 2266 3809 2313 aeternam

2223 2325 2519 2396 possideas.
2576 2330 2771 2383 Amen.

1002 2563 1245 2675 DE
1317 2560 2126 2677 TBIPLIGI
2174 2566 3346 2687 EABITAGULO

1724 2730 2201 2839 LIBER
2268 2733 2705 2857 UNUS,

1448 2911 1769 2976 INCERTI
1812 2912 2225 2991 AUCTOBJS,
2260 2915 2413 2979 NEC
2459 2917 2889 2983 INERUDITI.

1925 3046 2399 3102 mopse»

610 3134 838 3211 CAPUT
896 3135 1207 3211 PRlMUM._
1241 3135 1328 3211 De
1368 3138 1526 3211 {ribus
1580 3139 1913 3211 habitaculis,
1962 3157 2116 3211 regna

542 3207 655 3269 Dei,
684 3208 889 3273 mundo,
917 3208 1131 3277 inferno.
1168 3206 1329 3279 Regni
1358 3208 1449 3263 Dei
1487 3209 1635 3272 bona,
1666 3219 1713 3264 et
1742 3210 1931 3334 in{erni
1959 3206 2115 3266 mala.

542 3277 666 3333 Tria
710 3287 838 3334 sunt
892 3279 992 3333 sub
1028 3278 1408 3334 omnipotentis
1453 3280 1549 3334 Dei
1593 3295 1750 3334 mauu
1815 3282 2115 3334 iahitacula.

540 3277 666 3333 Tria
710 3287 838 3334 sunt
892 3279 992 3333 sub
1028 3277 1408 3347 omnipotentis
1453 3280 1549 3334 Dei
1593 3295 1750 3335 manu
1796 3277 2115 3347 habitacula,

542 3348 791 3470 Brimum,
818 3348 1000 3413 imum,
1025 3348 1255 3402 medium
1284 3367 1297 3403 :
1329 3364 1554 3418 quorum
1583 3365 1870 3416 summum,
1896 3366 2116 3421 regnum

592 3417 639 3470 ei
670 3417 750 3470 vel
778 3434 996 3470 reanum
1018 3419 1273 3470 caelorum
1298 3419 1527 3470 dicitur:
1577 3420 1759 3470 imum.
1795 3430 2011 3470 vocatur
2041 3422 2116 3470 in-

592 3417 639 3471 ei
670 3417 750 3472 vel
778 3434 996 3488 regnum
1018 3419 1273 3473 caelorum
1298 3417 1527 3484 dicitur;
1577 3420 1760 3484 imum,
1795 3417 2011 3476 vocatur
2040 3422 2120 3476 in-

542 3487 761 3554 fernus;
802 3487 1075 3561 medium,_
1104 3490 1330 3545 mundus
1377 3504 1615 3561 praesens
1657 3492 1737 3545 vel
1767 3491 1911 3545 orbis
1944 3500 2117 3546 terra-

544 3573 661 3611 rum
691 3560 1006 3627 appellatur.
1043 3559 1280 3625 Quorum
1320 3559 1555 3615 extrema
1584 3562 1803 3615 omnino
1841 3562 1939 3614 sibi
1982 3563 2118 3617 invi-

544 3643 662 3701 cem
692 3636 817 3701 sunt
839 3631 1124 3695 contraria,
1154 3640 1207 3685 ct
1234 3630 1374 3684 nulla
1402 3631 1501 3686 sibi
1532 3632 1787 3687 societate
1814 3632 2115 3701 conjuncta.

545 3698 675 3770 Qua;
699 3699 839 3770 enim
868 3701 1095 3754 societas
1137 3709 1309 3767 potest
1344 3715 1462 3755 esse
1492 3702 1624 3755 lucis
1665 3701 1729 3754 ad
1771 3698 2041 3770 tenebras,
2066 3713 2121 3759 et

542 3767 741 3840 Christi
762 3767 828 3823 ad
857 3770 1020 3840 Belial
1051 3770 1247 3840 (llCor.
1274 3786 1345 3837 v1,
1376 3772 1443 3826 l4
1459 3780 1505 3826 et
1536 3770 1658 3840 ιδῃ
1688 3771 1914 3827 Medium
1942 3767 2116 3828 autem

548 3839 853 3893 nonnullam
904 3839 1066 3896 habet
1108 3841 1504 3896 similitudinem
1548 3839 1614 3896 ad
1658 3852 1918 3897 extrema.
1969 3843 2120 3900 Unde

546 3908 734 3982 lucem
757 3919 810 3964 et
837 3911 1085 3966 tenebras
1115 3912 1293 3977 habet,
1326 3911 1490 3982 frigus
1518 3920 1573 3967 et
1598 3913 1854 3979 calorem,
1879 3914 2119 3970 dolorem

542 3987 597 4033 et
626 3980 927 4045 sanitatem,
958 3982 1192 4036 laetitiam
1223 3992 1277 4037 et
1317 3980 1623 4049 maerorem,
1665 3982 1843 4038 odium
1884 3994 1937 4038 et
1965 4000 2117 4040 amo-

544 4064 679 4115 rem,
705 4050 872 4103 bonos
899 4059 954 4104 et
994 4054 1181 4115 malos,
1200 4053 1389 4122 justos
1418 4062 1473 4107 et
1510 4053 1755 4122 injustos,
1780 4054 2024 4109 dominos
2067 4065 2122 4111 et

543 4132 755 4185 servos,
785 4134 1006 4190 regnum
1036 4130 1090 4175 et
1131 4121 1536 4191 subjectionem,
1566 4121 1774 4177 famem
1818 4132 1873 4179 et
1900 4126 2117 4179 satieta-

545 4198 673 4254 tem,
697 4197 923 4262 mortem
950 4198 1004 4245 et
1029 4191 1209 4257 vitam,
1228 4200 1283 4247 et
1308 4193 1580 4248 innumera
1609 4192 1765 4262 hujus
1791 4196 1954 4250 modi.
1978 4196 2120 4262 Quo-

544 4273 662 4344 rum
700 4259 1102 4344 omniumnpars
1140 4277 1243 4344 una
1290 4262 1569 4344 imaginem
1614 4259 1773 4319 habet
1810 4266 1958 4344 regni
2002 4259 2115 4344 Dei,

545 4343 669 4405 pars
695 4329 860 4405 altera
888 4330 1101 4405 inferni.
1137 4329 1457 4405 Commixtio
1497 4349 1728 4405 namque
1755 4329 2012 4391 malorum
2042 4329 2117 4390 si;

546 4399 655 4475 titul
684 4408 737 4454 et
752 4398 1025 4475 honorum
1054 4403 1105 4456 in
1147 4401 1249 4457 hoc
1268 4404 1485 4475 mundo
1510 4398 1704 4470 est;'in
1732 4420 1896 4475 regno
1939 4416 2115 4461 autem

548 4467 806 4542 Dei__nulli
838 4472 977 4542 imali
1019 4482 1157 4537 sunt,
1187 4473 1279 4528 sed
1304 4488 1491 4529 omnes
1533 4467 1688 4542 boni;
1728 4467 1875 4530 at'in
1910 4477 2119 4531 inferno

549 4538 685 4615 null_i_
725 4540 898 4615 bonis
926 4542 1018 4597 sed
1058 4558 1244 4615 omnes
1286 4545 1442 4611 mali;
1485 4554 1540 4601 et
1588 4538 1809 4615 uterque
1862 4547 2011 4601 locus
2052 4564 2119 4602 ex

544 4608 723 4687 medio
750 4611 1041 4687 suppletur.
1075 4613 1357 4687 Hominum
1387 4608 1529 4687 enim
1575 4608 1736 4687 hujus
1772 4618 1987 4683 mundi,
2028 4618 2119 4673 alii

543 4680 822 4749 elevantur
847 4682 911 4736 ad
939 4683 1153 4749 caelum,
1181 4685 1268 4739 alii
1311 4686 1590 4741 trahuntur
1614 4680 1681 4741 ad
1713 4680 1998 4742 infernum.
2031 4688 2118 4744 Si-

547 4748 701 4804 miles
726 4748 1206 4827 quippe‘similibus
1227 4756 1538 4827 junguntur,
1564 4758 1615 4811 id
1642 4768 1745 4825 est,
1780 4758 1903 4814 boni
1940 4759 2115 4826 bonis,

541 4828 597 4899 et
644 4822 769 4875 mali
828 4822 1199 4899 malis;_jus_ti
1228 4822 1498 4882 homines
1526 4822 1531 4823 ν
1554 4822 2010 4899 ,ἱυειὶβληεθιίω
2064 4822 2120 4884 et

548 4898 970 4969 transgressores
1033 4894 1284 4969 homines;
1331 4894 1812 4969 transgressoribus
1850 4894 2115 4969 'augelis;

545 4962 683 5015 servi
725 4962 816 5016 Dei
858 4963 989 5030 Deo,
1016 4966 1155 5020 servi
1184 4966 1380 5021 diaboli
1418 4962 1673 5023 diabolo:
1715 4962 1979 5024 benedicti
2023 4962 2119 5026 vo;

544 5042 736 5118 cantur
758 5033 823 5118 ad
868 5049 1102 5118 regnum
1128 5035 1229 5118 sibi
1277 5038 1625 5118 paratumab
1667 5038 1870 5118 origine
1909 5041 2113 5106 mundi,

549 5101 819 5180 maledicti
842 5101 1175 5180 expelluntur
1201 5107 1252 5180 i_n
1278 5101 1452 5180 ignem
1484 5101 1777 5180 internum:
1785 5111 1873 5180 qui
1902 5101 2114 5179 paratus

542 5152 940 5252 θειξὰᾖξρὄεῐῖςῖ
951 5152 1166 5244 nisi;
1182 5152 1774 5252 .sj_;.g°('a2;;ti;f;g:,'§t
1786 5152 1883 5236 ἒῖλ
1890 5152 1969 5252 ὕῖ

614 5240 693 5325 ia)
722 5243 863 5325 Dona
893 5240 1069 5299 autem
1096 5240 1243 5316 regni
1272 5240 1505 5325 ccclestis
1525 5240 1721 5316 dicere,
1750 5252 1830 5306 vel
1854 5240 2108 5325 cogitare,

543 5312 965 5389 vclintelligere
994 5325 1050 5389 ut
1073 5312 1217 5383 sunt,
1251 5317 1429 5389 nullus
1456 5327 1633 5389 potest
1655 5312 1816 5377 carne
1856 5312 2115 5377 vestitus}

543 5382 710 5462 multo
731 5382 873 5462 enim
912 5384 1111 5455 majora
1139 5382 1438 5462 etmeiiora
1458 5382 1602 5455 sunt,
1634 5406 1791 5460 qnam
1821 5394 2119 5462 cogitantur

541 5461 597 5531 et
617 5453 1018 5531 intelliguntur;
1058 5456 1196 5531 unde
1222 5457 1474 5531 scriptum
1512 5453 1612 5524 est,
1640 5453 1780 5529 quod
1807 5453 1980 5516 ocu7us
2017 5480 2117 5518 non

544 5521 687 5588 sidit,
716 5521 970 5580 nec—auris
1012 5527 1223 5596 audivit,
1253 5521 1345 5582 nec
1385 5530 1436 5582 in
1482 5546 1569 5585 cor
1602 5521 1827 5586 hominis
1870 5535 2114 5596 ascendit,

541 5664 890 5803 “misiliam
912 5682 1153 5735 habentur
1175 5683 1258 5735 lib.
1277 5685 1342 5737 de
1367 5686 1504 5750 Dilig.
1524 5694 1638 5749 Deo,
1658 5699 1765 5753 cap.
1791 5687 1869 5753 l8,
1893 5687 2005 5741 hinc
2025 5689 2113 5741 dc-

2224 3161 2337 3221 gfuw
2381 3147 2686 3217 prwparavit
2725 3145 2869 3221 Deus
2911 3147 3241 3221 diligentibus
3277 3167 3331 3205 se
3377 3150 3430 3219 (Ι
3468 3150 3588 3207 Cor.
3636 3168 3695 3217 tt,
3732 3152 3809 3221 9).

2224 3216 2467 3291 Regnum
2490 3216 2738 3291 namque
2781 3219 2872 3291 Dei
2900 3216 3045 3274 omni
3087 3219 3225 3275 fama
3262 3216 3449 3291 majus,
3479 3223 3627 3276 omni
3658 3216 3812 3281 laude

2223 3287 2435 3363 melius,
2465 3288 2874 3363 omni_scie_ntia
2899 3287 3385 3363 Ainnnmerabilius,
3418 3293 3563 3363 omni
3614 3294 3805 3363 gloria,

2191 3364 2197 3369 '
2222 3362 2341 3426 quia:
2367 3366 2600 3428 putatur,
2627 3355 2997 3416 exceellcntius.
3026 3361 3158 3415 Mala
3189 3363 3350 3417 etiam
3372 3355 3589 3417 'inferni
3615 3355 3811 3419 Vdicere

2222 3428 2305 3482 vel
2351 3429 2609 3505 cogitare,
2640 3440 2703 3483 ut
2748 3440 2893 3505 sunt,
2938 3441 3353 3505 nemo_potest:
3388 3432 3597 3505 pejora:
3614 3434 3811 3505 quippe

2224 3506 2347 3552 sunt
2375 3499 2528 3574 valde
2564 3515 2723 3574 quam
2748 3502 3337 3574 cogitantur._Regnum
3365 3499 3541 3574 itaque
3572 3499 3666 3558 Dei
3699 3499 3810 3573 ple-

2223 3585 2353 3643 num
2386 3579 2468 3624 est
2495 3570 2649 3643 luris,
2681 3580 2735 3626 et
2761 3572 2925 3643 pacis,
2955 3582 3011 3627 et
3047 3570 3338 3636 charitatis,
3370 3583 3423 3628 et
3452 3570 3732 3643 sapientia:
3755 3585 3808 3630 et

2222 3640 2428 3710 gloria),
2460 3648 2515 3695 et
2544 3640 2856 3707 honestatis,
2885 3652 2939 3696 et
2981 3643 3297 3710 dulcedinis,
3319 3653 3375 3698 et
3402 3640 3729 3709 dilectionis,
3759 3654 3811 3700 et

2225 3710 2491 3784 melodia},
2517 3711 2824 3784 etulartitize,
2853 3712 3275 3769 et‘beatitudinis
3304 3715 3575 3784 perennis,
3603 3725 3661 3768 et
3697 3731 3813 3770 oin-

2224 3780 2456 3855 nisgboni
2480 3780 2938 3855 ineli‘abiiis,quod
2969 3800 3068 3839 ttec
3094 3785 3197 3840 dici
3243 3780 3341 3839 nec
3367 3780 3588 3854 cogitari
3610 3795 3807 3855 potest.

2224 3851 2291 3924 Ai
2317 3851 2713 3924 locusinferni
2758 3851 2946 3919 plenus
2991 3865 3072 3909 est
3113 3851 3806 3924 tenobrarttm,discordiar,

2222 3921 2361 3995 odii,
2399 3922 2683 3995 stultitiae,
2714 3924 2973 3991 miseriae,
3012 3926 3371 3995 turpitudinis,
3415 3921 3807 3993 amaritudinis,

2223 3992 2559 4067 offensionis,
2588 3992 3213 4067 dolorispadnstionis‘,
3259 3996 3397 4062 sitis,
3444 3997 3619 4062 famis,
3675 3992 3810 4067 ignis

2224 4063 2690 4135 inexistingnibilis,
2720 4065 2965 4132 tristitiae,
2989 4066 3236 4121 vindicta:
3258 4067 3525 4135 perennis,
3549 4076 3607 4120 et
3629 4063 3809 4121 omnis

2223 4133 2520 4207 ipell‘abilis
2549 4135 2871 4207 mali,_quod
2900 4152 2999 4191 nec
3050 4136 3155 4193 dici
3198 4133 3298 4192 nec
3336 4138 3555 4207 cogitari
3607 4148 3805 4207 potest.

2222 4202 2376 4278 Cives
2403 4204 2523 4259 εωιὶ
2549 4213 2674 4278 sunt
2701 4202 2831 4273 justi
2859 4205 3103 4262 homines
3128 4214 3186 4262 et
3213 4202 3427 4278 Angeli:
3455 4202 3683 4277 quorum
3714 4223 3805 4263 rex

2222 4283 2307 4328 est
2337 4274 2481 4328 Deus
2517 4276 2874 4344 omnipotens.
2908 4280 2976 4330 At
3021 4288 3209 4333 contra
3253 4274 3398 4333 cii-es
3444 4274 3636 4332 inferni
3685 4287 3809 4332 sunt

2224 4344 2661 4418 impiihomines
2705 4355 2759 4418 et
2804 4346 3107 4412 daemones,
3159 4363 3385 4418 quorum
3433 4349 3681 4417 princeps
3727 4355 3810 4403 est

2222 4414 2486 4471 diabolus.
2527 4415 2696 4470 Satiat
2731 4417 2907 4485 jnstos
2946 4419 3079 4473 visio
3119 4414 3727 4473 sanctorum'hominum
3754 4426 3809 4472 et

2222 4485 2567 4557 Arngelorum,
2600 4494 2657 4541 et
2693 4502 2855 4556 super
2882 4489 3057 4542 omnia
3102 4489 3266 4557 ipsius
3306 4489 3420 4543 Dei.
3451 4489 3665 4544 Cruciat
3704 4490 3807 4543 im~

2225 4556 2342 4625 pios
2383 4565 2437 4610 et
2474 4567 2782 4625 peccatores
2832 4557 2967 4612 visio
3011 4556 3286 4614 hominum
3328 4559 3700 4614 damnatorum
3754 4566 3809 4612 et

2221 4627 2633 4698 dmmonﬂumtet
2677 4644 2838 4697 super
2875 4631 3050 4683 omnia
3104 4630 3269 4698 ipsius
3312 4630 3528 4683 diaboli.
3580 4629 3723 4684 Nihil
3756 4629 3808 4683 in

2223 4712 2387 4768 regno
2417 4697 2512 4752 Dei
2535 4697 2888 4769 desideratur
2923 4700 3062 4769 quod
3114 4697 3218 4754 non
3272 4701 3603 4765 inveniatur;
3652 4709 3709 4752 at
3755 4700 3812 4760 in,

2225 4768 2433 4839 inferno
2475 4767 2605 4821 nihil
2650 4769 2916 4823 invenitur
2942 4767 3095 4839 'quod
3126 4771 3480 4825 desideratur.
3536 4770 3589 4824 In
3640 4785 3809 4839 regno

2225 4838 2319 4920 Dei
2362 4838 2495 4923 nihii
2526 4839 2810 4923 invenitur,
2839 4840 2940 4923 nisi
2980 4838 3120 4922 quod
3168 4842 3358 4923 placet,
3391 4850 3445 4895 et
3469 4838 3723 4923 delectat,
3756 4848 3810 4922 et

2222 4909 2411 4981 satiat;
2445 4917 2726 4981 atrcuutra
2762 4911 2816 4963 in
2852 4910 2969 4965 lacu
3003 4909 3233 4966 miseria:
3264 4911 3513 4981 perennis
3555 4911 3686 4965 nihil
3726 4913 3807 4981 vi:

2175 5010 2181 5016 ο
2221 4978 2655 5054 detur,nihi_lque
2684 4983 2930 5054 sentitur,
2956 4982 3055 5037 nisi
3081 4983 3220 5054 quod
3246 4978 3510 5053 displicet,
3530 4983 3630 5037 nisi
3663 4980 3805 5054 quod
3862 5044 3863 5047 η

2222 5050 2462 5125 oil'endit,
2494 5051 2591 5103 nisi
2637 5050 2779 5120 quod
2815 5053 3044 5125 cruciat.
3088 5050 3160 5125 (α)
3186 5054 3240 5108 In
3284 5050 3449 5125 regno
3476 5050 3811 5125 aeternoerit

2224 5121 2327 5174 vita
2354 5121 2469 5175 sine
2495 5130 2687 5191 morte,
2717 5123 2917 5176 veritas
2933 5126 3046 5177 sine
3067 5121 3268 5187 errore,
3294 5121 3518 5178 felicitas
3543 5123 3660 5177 sine
3689 5137 3809 5191 per-

2226 5192 2543 5245 turbatione.
2569 5190 2740 5247 Omne
2783 5194 2978 5248 bonum
3026 5194 3080 5247 in
3127 5208 3289 5262 regno
3339 5193 3431 5247 Dei
3478 5190 3733 5256 abundat,
3758 5201 3810 5246 et

2225 5262 2424 5315 mtllum
2448 5262 2674 5326 malum;
2704 5278 2862 5317 omne
2888 5263 3082 5317 malum
3107 5264 3159 5316 in
3180 5263 3615 5318 carcerediaboli
3640 5263 3810 5316 abun-

2222 5331 2332 5398 dat,
2365 5342 2418 5387 et
2447 5333 2647 5387 nullum
2689 5335 2905 5387 bonum.
2936 5332 3123 5387 Nullus
3152 5332 3401 5402 indiguus
3428 5334 3478 5386 in
3519 5347 3689 5403 regno
3718 5331 3809 5386 Dei

2223 5402 2543 5471 suscipitur;
2596 5404 2771 5459 nullus
2796 5419 2924 5459 vero
2952 5403 3163 5474 dignus,
3195 5403 3372 5458 nullus
3406 5402 3599 5474 justus
3621 5402 3690 5458 ad
3721 5403 3805 5456 in-

2224 5476 2431 5529 fcrnum
2464 5474 2709 5528 trahitur.
2890 5522 2918 5557 ν

2288 5567 2310 5629 ¹Α
2341 5572 2421 5629 ns.
2452 5567 2737 5629 Victorinus,
2760 5565 2942 5629 (eloris.
3546 5626 3560 5629 _
3670 5625 3683 5629 _
3780 5584 3781 5587 ‘

2234 5640 2237 5641 ν
2290 5627 2358 5689 (α)
2397 5636 2503 5695 [nec
2523 5628 2693 5695 verba,
2706 5625 2771 5695 [ii
2793 5640 2940 5692 regno
2961 5634 3159 5695 φιεηιο,
3186 5633 3305 5683 etc.,
3322 5626 3563 5695 usquead
3582 5625 3803 5695 verbum,

2224 5684 2596 5814 angelicae,
2613 5684 2950 5743 desiderantur
2969 5684 3154 5755 inlisa;
3170 5697 3284 5741 sunt
3301 5684 3551 5752 Augustin.
