4076 6370
473 319 578 378 995
1880 307 2239 368 APPENDIX.
3625 306 3731 362 996

473 437 616 500 rari;
643 433 794 505 cujus
819 433 910 488 lux
935 440 1040 505 tam
1069 427 1239 505 solem
1264 429 1527 505 _obscurat
1547 469 1560 492 ,
1578 435 1662 505 _nt
1687 426 1803 505 ejus
1833 440 2050 505 compa-
2073 459 2086 469 ς

475 497 684 562 ratione
707 497 906 559 nullam
936 504 1125 558 habeat
1153 502 1234 555 sol
1264 501 1466 562 lucem;
1507 497 1658 564 cujus
1683 497 1911 550 dulcedo
1944 506 2048 549 tam

478 577 586 631 mel
612 583 856 644 superat,
885 583 948 644 ut
973 574 1023 644 ei
1052 580 1411 644 comparatum
1444 568 1588 622 velut
1614 567 1954 644 absynthium
1984 567 2052 644 sit

477 636 892 701 amarissimum.
927 636 1308 713 Cujusfaciem
1336 641 1380 693 si
1407 636 2052 713 omnescarcereinferni

480 717 668 772 inclusi
694 716 967 775 viderent.
1004 707 1208 766 nullam
1250 707 1726 780 prenam,_nullum
1773 707 2014 780 dolorem
2037 747 2051 770 ,

481 787 788 857 nullamque
815 783 1079 857 tristitiam
1095 776 1421 857 _sent_irent;_
1431 777 1584 857 cujus
1611 777 1890 846 prmsentia
1919 776 1962 828 si
2003 776 2054 856 in

482 858 690 914 inferno
704 845 837 910 'cum
867 853 1062 908 sanctis
1093 853 1108 883 ⁸
1144 845 1525 905 habitatoribus
1552 845 1852 916 appareret,
1883 845 2056 899 conti-

484 944 591 983 nuo
620 928 860 982 infernus
885 927 936 978 in
976 937 1246 977 amoenum
1292 926 1690 974 converteretur
1730 916 2052 984 paradisum.

482 997 649 1066 Cujus
679 999 794 1051 sine
836 1006 965 1049 nutu
1006 1008 1104 1048 nec
1121 992 1314 1066 lolium
1353 990 1418 1044 de
1462 986 1854 1066 arborem-adit:
1895 985 2058 1066 Cujus

485 1055 627 1123 oculi
651 1066 990 1122 ﬂammivomi
1017 1062 1334 1134 profundum
1359 1066 1636 1134 penetrant
1663 1056 1874 1134 inferni.
1898 1055 2060 1124 Cujus

485 1139 631 1193 auris
647 1139 856 1192 tacitam
878 1127 1054 1189 cordis
1074 1147 1261 1186 vocem
1281 1127 1446 1194 audit,
1472 1128 1522 1182 id
1541 1135 1640 1192 est,
1663 1127 2057 1196 cogitationem.

485 1208 650 1278 Cujus
678 1208 859 1278 oculus
889 1205 1200 1278 nonminus
1221 1201 1385 1262 audit.
1408 1213 1564 1278 quam
1587 1197 1763 1278 videt;
1796 1197 1945 1264 cujus
1969 1211 2064 1248 au-

487 1269 695 1333 ris'nou
727 1277 902 1331 minus
929 1273 1109 1340 videt,
1151 1288 1309 1342 quam
1335 1269 1508 1334 audit;
1553 1269 1676 1338 quia
1720 1283 1823 1342 non
1867 1280 2062 1342 corpus

489 1357 642 1413 sunt,
670 1347 764 1402 sed
794 1361 1000 1400 summa
1027 1337 1283 1414 sapientia
1323 1350 1378 1396 et
1414 1337 1854 1414 certa’cognitio.
1900 1337 2063 1414 Cujus

488 1407 697 1472 delicia:
727 1418 841 1471 sine
880 1407 1106 1470 fastidio'
1127 1413 1360 1467 satiant:
1391 1425 1512 1478 qua:
1547 1407 1684 1462 cum
1705 1424 1735 1460 a
1782 1407 1950 1478 beatis
1985 1408 2064 1460 iu-

499 1489 805 1551 veniuntur,
832 1493 1242 1555 sempertamen
1269 1476 1660 1555 desiderantur,
1687 1486 1740 1533 et
1764 1476 1992 1555 esuriem
2013 1484 2068 1555 et

490 1558 634 1612 sitim
661 1557 779 1612 sine
793 1546 964 1624 'pmna'
981 1553 1238 1617 efficiunt,
1262 1561 1316 1624 et
1339 1550 1543 1624 ardenti
1561 1563 1779 1624 semper
1801 1546 2066 1602 desiderio

492 1627 776 1684 delectant.
805 1619 968 1695 Cujus
993 1631 1198 1680 secreta
1224 1621 1502 1684 mirabilia,
1521 1619 1824 1695 videntibus
1841 1633 2068 1695 caseat-

494 1712 592 1766 per
620 1712 755 1752 nova
783 1688 907 1752 sunt
941 1703 996 1750 et
1038 1695 1204 1758 mira;
1247 1701 1300 1747 et
1337 1707 1440 1746 non
1485 1691 1603 1766 plus
1646 1703 1764 1758 cum
1813 1688 2069 1757 incipiunt

494 1760 702 1834 videri,
746 1767 956 1837 pariunt
1002 1760 1690 1837 stuporemcernentibus_,
1740 1773 1916 1837 quam.
1945 1766 2064 1837 post

495 1838 641 1893 mille
685 1827 853 1892 annos
894 1845 949 1891 et
995 1827 1186 1888 millies
1213 1833 1374 1888 mille.
1410 1833 1621 1885 Etcum
1651 1827 1837 1898 Angeli
1871 1827 1936 1882 ab
1966 1827 2068 1898 ini-

495 1908 570 1962 tio
594 1908 771 1961 mundi
801 1922 863 1962 ea
895 1905 1037 1962 soliti
1065 1905 1170 1959 sint
1195 1903 1394 1968 videre,
1426 1913 1600 1956 tamen
1631 1897 1934 1954 non’miuus
1962 1897 2062 1950 bo-

495 1977 582 2032 die
607 1975 934 2031 admirantur
962 1991 1020 2030 ea
1044 2018 1058 2042 ,
1098 1990 1253 2045 quam
1283 1975 1332 2027 in
1365 1967 1681 2045 primodie;
1709 1969 1942 2045 alioquin
1968 1967 2066 2021 du-

495 2047 621 2102 dum
651 2063 828 2102 coram
858 2047 1072 2115 Angelis
1101 2041 1315 2099 assiduo
1358 2041 1563 2115 vivendi
1601 2057 1698 2094 usu
1733 2041 2066 2115 vilescerent.

496 2115 660 2187 Cujus
687 2111 973 2187 cognitioni
1003 2116 1260 2185 praeterita
1292 2123 1344 2168 et
1369 2111 1566 2178 futura,
1597 2127 1702 2166 non
1731 2111 1996 2181 praeterita
2018 2117 2072 2161 et

496 2187 692 2249 futura,
719 2188 810 2242 ενα
835 2190 854 2219 ¹
887 2187 1162 2257 praesentia
1186 2195 1328 2238 sunt.

571 2258 796 2314 CAPUT
836 2249 901 2311 γῖ
943 2256 1050 2310 Deo
1080 2257 1248 2312 omnia
1286 2253 1551 2325 prmentia
1576 2254 1685 2325 sine
1714 2250 1951 2325 libertatis
1976 2249 2071 2301 lm-

501 2344 671 2382 mame
695 2327 1016 2398 pricejudieio.
1059 2325 1154 2379 Dei
1195 2321 1450 2398 locutioet
1477 2325 1607 2398 laus.
1640 2321 1921 2398 Egit-tentia
1959 2330 2074 2398 ante

501 2388 715 2467 tempus.
738 2388 869 2450 Lux.
895 2394 1093 2467 Maium
1122 2410 1290 2467 uerunt
1317 2395 1460 2467 pejus
1479 2393 1650 2467 falso.
1677 2392 1923 2467 ’θείμεξο
1952 2388 2074 2460 quid

497 2461 654 2522 beatis
682 2471 932 2538 conferat.
958 2464 1060 2538 ‘D‘ei
1085 2461 1741 2538 ieiunitas.'Deilscientia.
1776 2461 1928 2538 [_J_nde
1966 2473 2070 2538 non

502 2538 645 2594 diem
681 2529 864 2607 judicii
887 2535 1105 2601 videbit,
1133 2545 1186 2607 et
1219 2534 1444 2607 primum
1472 2531 1819 2607 dienrsa‘culi
1861 2546 1965 2607 non
1994 2529 2065 2582 vi-

502 2607 584 2664 dit
612 2626 624 2662 :
653 2599 744 2663 sed
771 2617 1052 2676 utrumque
1072 2599 1237 2659 videt.
1265 2605 1426 2676 Cujus
1446 2599 2071 2676 prmscientianeminem

500 2678 644 2748 cogit
687 2677 753 2731 ad
799 2669 1141 2747 peccandum,
1186 2669 1711 2748 utmulti‘errantes
1755 2669 1958 2724 dicunt.
2016 2669 2074 2722 Si

500 2742 666 2813 enim,
710 2742 972 2817 inquiunt,
1022 2745 1307 2817 prarscivit
1335 2744 1474 2817 Deus
1522 2742 1688 2796 Adam
1735 2749 2072 2817 peccaturum

502 2809 1146 2885 esse,'non'peccare'non
1170 2815 1354 2885 potuit.
1379 2813 1598 2885 Ex_quo_
1613 2825 1794 2866 errore
1805 2809 2072 2885 pascitur,

503 2878 674 2943 Deum
705 2878 914 2942 causam
940 2901 1059 2940 esse
1086 2878 1308 2954 peccati,
1336 2882 1477 2953 quod
1505 2878 1654 2935 itcfas
1678 2890 1760 2954 est
1787 2878 1984 2954 dicere.
2010 2878 2078 2954 Et

506 2958 584 3012 illi
612 2968 784 3012 tamen
815 2959 972 3012 etiam
998 2949 1108 3008 suis
1137 2949 1312 3008 verbis
1338 2949 1638 3021 alligantur.
1671 2951 1727 3005 Si
1764 2949 1905 3021 enim
1935 2950 2078 3018 quod

506 3028 836 3096 pricscientia
876 3027 969 3081 Dei
995 3025 1174 3088 habet,
1214 3019 1536 3096 necesse'est
1565 3022 1672 3096 fieri
1697 3038 1711 3084 ;
1741 3019 1860 3073 ideo
1887 3021 2076 3096 volun—

506 3090 616 3153 tate
643 3101 849 3168 propria
876 3096 1036 3168 homo
1061 3093 1315 3168 peccavit,
1341 3104 1393 3147 et
1413 3109 1515 3168 non
1539 3092 1708 3160 aliqua
1738 3090 2073 3168 necessitate,

502 3170 624 3238 quia
645 3160 700 3222 in
725 3160 1171 3238 prmscientia'Dei
1196 3165 1312 3229 fuit,
1347 3173 1402 3215 ut
1434 3163 1698 3215 voluntate
1726 3169 1778 3214 et
1807 3160 1972 3238 libero
1993 3174 2080 3212 ar-

503 3229 664 3293 bitrio
687 3280 702 3304 ,
727 3229 783 3292 ct
818 3253 920 3292 non
962 3237 1273 3290 necessitate
1309 3244 1530 3303 cogente
1559 3239 1823 3304 peccaret.
1857 3229 1911 3283 Si
1951 3243 2078 3304 ergo

504 3300 836 3377 przesci'entia
861 3307 952 3361 Dei
977 3322 1080 3360 non
1098 3315 1272 3374 potest
1288 3300 1461 3377 vitari,
1488 3300 1590 3377 non
1611 3302 1774 3377 potuit
1799 3300 1958 3354 homo
1978 3300 2078 3377 ali-

508 3370 588 3432 ier
615 3393 833 3446 peccare
859 3379 958 3430 nisi
990 3370 1278 3440 voluntate,
1307 3375 1444 3426 nulla
1466 3374 1633 3446 aliagvi
1661 3380 1883 3446 cogente
1915 3387 1927 3423 :
1958 3370 2079 3446 quia

505 3449 578 3502 ita
593 3439 730 3503 Deus
744 3448 1004 3517 praescivit
1021 3447 1164 3499 illum
1180 3439 1540 3513 peccaturum.
1556 3442 1608 3498 Si
1623 3457 1749 3510 ergo
1764 3439 2078 3517 voluntarie,

506 3533 615 3574 non
644 3511 856 3573 coactus
882 3529 982 3571 est.
1025 3517 1080 3572 Si
1105 3511 1242 3569 enim
1270 3531 1373 3568 non
1411 3523 1625 3566 coactus
1651 3523 1729 3565 est
1764 3511 1828 3564 ad
1857 3524 2082 3578 peccan-

507 3590 654 3653 dum,
679 3589 846 3659 potuit
870 3590 984 3659 sine
1009 3587 1169 3642 dubio
1188 3601 1290 3659 non
1315 3599 1534 3659 peccare
1559 3583 1603 3636 si
1639 3582 1798 3659 vellet
1821 3580 2082 3659 ;__ideo_que

547 3651 721 3714 cenant
754 3658 964 3720 meruit,
998 3659 1118 3726 qttia
1145 3673 1247 3709 non
1269 3651 1466 3726 invitus
1496 3653 1733 3726 peccavit.
1753 3667 1768 3726 ς
1791 3651 2080 3726 alioquin_a

557 3745 623 3784 eo
669 3744 876 3802 positam
917 3721 1102 3802 mortis
1146 3743 1250 3780 non
1306 3724 1620 3802 susciperet.
1672 3723 1832 3790 Cujus
1887 3721 2082 3802 locutio

509 3809 592 3854 est
621 3790 824 3853 occulta
856 3799 1130 3866 inspiratio
1151 3838 1166 3863 ,
1211 3810 1312 3865 qua
1353 3790 1534 3866 ineptit
1561 3806 1619 3847 ,ιε
1652 3807 1818 3866 ςρυειιῃΔ
1839 3790 2115 3843 νοιιιηῑειι·

506 3878 614 3924 tem
645 3881 699 3924 et
724 3885 871 3923 suam
899 3861 1588 3924 cbaritatem'invisibiliter
1615 3861 1842 3914 ostendit
1867 3877 1880 3923 ;
1923 3875 2081 3928 quam

507 3940 736 3995 videndo
764 3941 947 4008 Angeli
982 3954 1074 4006 per
1115 3937 1292 4008 omnia
1324 3936 1429 4008 Deo
1455 3931 1729 4008 obediuttt.
1770 3931 1928 3999 Cujus
1971 3931 2083 4008 laus

507 4020 590 4064 est
610 4025 709 4078 qua
737 4001 934 4064 electos
956 4001 1213 4074 laudabit,
1238 4003 1956 4078 manifestatioquasuorum
1982 4001 2084 4054 ele-

508 4071 714 4132 ctorum
763 4080 898 4132 bona
947 4071 1206 4132 omnibus
1242 4071 1609 4136 monstrabit;'
1640 4072 1848 4124 assidua
1905 4079 2080 4125 autem

507 4149 624 4202 laus
650 4165 749 4218 qua
781 4149 938 4218 electi
959 4163 1079 4200 eum
1105 4145 1413 4218 laudabunt,
1445 4153 1527 4197 est
1545 4143 1823 4196 admiratio
1846 4140 1960 4218 ejus
1989 4158 2081 4209 pc-

507 4213 710 4272 renttis.
743 4218 841 4285 Qui
873 4217 1008 4270 miro
1035 4216 1191 4269 modo
1217 4232 1320 4268 non
1356 4227 1592 4282 tempore
1621 4213 1893 4285 prcccessit
1929 4227 2080 4264 ιιιιηι-

507 4287 632 4342 dum
658 4297 713 4358 et
743 4281 948 4358 tempus
989 4285 1214 4358 (nullius
1250 4287 1391 4340 enim
1422 4281 1566 4336 hora)
1613 4283 1783 4358 spatio
1811 4281 1920 4358 fuit
1960 4290 2082 4358 ante

507 4357 804 4428 mundum)
835 4350 927 4418 [et
974 4350 1148 4410 tamen
1186 4371 1400 4424 semper
1441 4363 1553 4407 erat
1600 4352 1715 4406 sine
1753 4353 1922 4406 initio.
1966 4350 2080 4403 Non

507 4429 648 4482 enim
681 4438 795 4481 erat
827 4437 1032 4495 tempus
1063 4435 1186 4480 ante
1215 4438 1418 4494 tempus
1441 4467 1454 4488 ,
1499 4434 1705 4493 tempus
1745 4437 2079 4495 :ttttemlciun

508 4497 708 4551 mundo
735 4492 1072 4552 concreatum
1111 4505 1210 4550 est.
1264 4492 1335 4550 Si
1370 4496 1528 4566 igitur
1568 4492 1778 4566 tempus
1819 4494 1886 4544 ab
1932 4492 2082 4544 initio

509 4569 690 4622 mundi
735 4570 898 4636 coepit
943 4583 1191 4633 currere,
1249 4562 1679 4636 ante'mundutn
1731 4562 1923 4616 factum
1975 4577 2082 4614 non

506 4649 642 4693 erat.
677 4634 902 4709 Ideoque
926 4639 1071 4692 nullo
1097 4647 1354 4709 tempore.
1387 4645 1444 4709 ut
1467 4634 1826 4709 pratdiximus,
1854 4647 2082 4709 praeces-

507 4712 576 4764 sit
601 4710 738 4763 Dcus
767 4703 1003 4780 tempora
1035 4717 1088 4764 et
1117 4703 1373 4761 mundum
1401 4703 1477 4759 eis
1502 4719 1760 4766 comvum,
1795 4704 1899 4754 imo
1930 4703 2083 4780 paulo

505 4780 584 4834 eis
615 4782 842 4848 priorem
864 4771 1014 4850 {ejus
1035 4781 1176 4833 enim
1205 4786 1346 4831 motu
1369 4785 1642 4843 cmperuut
1663 4788 1897 4850 currere.
1923 4771 2084 4850 Quid:

505 4841 630 4920 quid
687 4841 970 4915 movetur',
1033 4865 1183 4904 suum
1241 4841 1768 4920 motum’praeceilit.
1827 4841 2083 4897 lncll'abili

506 4916 646 4975 énim
675 4920 971 4976 mternitate
1016 4921 1285 4989 pl‘:l‘,CCSSil
1314 4919 1458 4989 Deus
1483 4916 1768 4978 mundum,
1812 4923 2082 4989 non-telu-

504 5005 648 5058 pore.
693 4991 856 5058 Cujus
889 4983 1096 5058 tempus
1135 5004 1258 5044 ante
1302 4988 1554 5042 mundum
1599 5001 1700 5058 non
1744 4993 1877 5058 erat.
1919 4983 2083 5058 Cujus

504 5055 595 5132 lux
625 5055 870 5132 tenebras
900 5055 1118 5132 depellit
1162 5060 1492 5132 ignorantiar,
1528 5057 1677 5122 cujus
1716 5055 1888 5122 aliqua
1919 5056 2083 5120 parti--

505 5131 622 5184 cuia
652 5131 765 5185 b:cc
789 5131 986 5194 omnia,
1019 5149 1135 5199 quae
1164 5131 1415 5193 diximus,
1447 5143 1568 5180 vera
1600 5135 1655 5179 et
1679 5134 1823 5178 certa
1854 5139 1970 5177 esse
1990 5139 2084 5199 ro-

504 5203 828 5269 gnoscimus.
859 5194 1059 5256 Eadem
1084 5204 1197 5255 lucc
1224 5201 1412 5254 melius
1435 5215 1553 5252 esse
1575 5210 1778 5259 verum,
1804 5209 1960 5264 quam
1973 5194 2084 5269 lal-

503 5265 621 5324 sum
645 5311 658 5334 ,
691 5272 969 5334 videmus;
1003 5281 1055 5325 et
1083 5281 1257 5336 tamen
1305 5270 1456 5340 pejus
1499 5281 1618 5322 esse
1641 5281 1856 5340 _verutn_
1883 5265 2079 5340 malum

502 5343 582 5396 vel
614 5358 796 5397 verum
822 5353 1115 5411 peccatum,
1145 5336 1518 5412 quam’falsuut
1551 5337 1748 5412 malum
1779 5336 1857 5412 vel
1890 5336 2078 5412 falsum

503 5423 779 5482 peccatum
804 5407 836 5476 ;’
869 5429 974 5468 non
1016 5416 1136 5482 quia
1163 5407 1365 5466 'verunt
1413 5420 1534 5482 est,
1581 5407 1673 5461 sed
1715 5407 1836 5482 quia
1883 5407 2076 5459 malum

503 5478 585 5536 vel
627 5493 902 5552 peceatum
954 5478 1074 5549 est;
1121 5483 1214 5538 sed
1265 5483 1382 5536 ideo
1433 5480 1630 5533 malum
1678 5478 1759 5531 vel
1806 5485 2077 5546 peccatum

565 5678 582 5710 ι
617 5683 748 5726 Unus
767 5684 870 5737 Μελ,
891 5676 1008 5728 suis.

562 5741 581 5770 ²
615 5746 720 5788 Mss.
745 5731 989 5813 omittunt,
1013 5751 1105 5788 non
1129 5737 1372 5803 prauerita
1395 5743 1440 5788 et
1463 5737 1646 5800 fictum,
1669 5731 1776 5784 sed.

2158 433 2262 490 est,
2281 423 2402 494 quia
2431 439 2611 479 verum
2634 423 2828 478 malum
2849 422 3226 494 velpeccatum
3249 417 3382 494 esti.
3399 417 3575 494 _Aliter
3598 421 3740 473 enim

2157 509 2265 550 non
2292 491 2470 564 posset
2494 510 2613 552 esse
2643 494 2840 548 malum
2871 491 3291 564 vel’peccatum,
3312 491 3411 544 nisi
3437 504 3625 564 verum
3649 505 3743 544 es-

2158 575 2242 620 set
2284 561 2478 619 malum
2517 566 2601 618 vel
2647 561 3179 634 peceatum;falsnm
3211 563 3366 616 enim
3401 561 3604 614 malum
3635 575 3743 615 non

2159 645 2242 690 est
2268 637 2463 689 malum
2490 677 2504 700 ,
2533 645 2594 689 ut
2623 635 2814 689 falsum
2856 645 3137 704 argentum
3178 647 3283 686 non
3329 639 3613 704 argentum
3637 640 3746 687 est.

2165 707 2342 760 Potest
2367 706 2556 776 aliquis
2581 721 2611 760 a
2639 707 2862 760 veritate
2898 701 3076 760 dicere
3121 704 3317 776 malum
3348 701 3434 776 vel
3462 711 3741 769 peccatum

2160 785 2402 831 exortum
2425 773 2543 830 esse
2570 777 2650 830 vel
2681 776 2873 830 factum
2899 815 2914 840 ,
2936 784 2990 829 et
3017 774 3245 845 quodam
3285 773 3443 826 modo
3467 786 3606 840 opus
3625 786 3748 845 esse

2160 847 2396 900 veritatis
2419 845 2614 899 malum
2637 863 2650 910 ;
2675 846 2813 915 quod
2835 844 3052 900 omnino
3074 845 3263 899 falsnnt
3285 851 3385 898 est.
3409 845 3581 896 Omne
3602 844 3747 897 enim

2163 931 2346 970 verum
2372 933 2400 969 a
2422 918 2642 969 veritate
2663 925 2763 981 est,
2788 926 2840 970 et
2867 931 3023 969 onmc
3049 931 3236 970 verum
3269 915 3320 966 itt
3359 923 3618 982 quantum
3651 928 3746 967 ve-

2165 1001 2303 1051 rum,
2336 986 2531 1040 bonum
2559 996 2672 1041 est:
2701 1003 2728 1040 a
2751 987 2973 1041 veritate
2995 987 3153 1056 igitur
3179 993 3260 1039 est
3284 998 3468 1056 verum
3498 997 3622 1056 esse
3641 1022 3655 1048 ,
3685 991 3748 1038 ut

2165 1057 2236 1110 sit
2265 1057 2461 1110 malum
2493 1057 2575 1126 vel
2618 1066 2889 1126 peccatum
2912 1099 2927 1120 ,
2957 1054 3060 1110 non
3085 1057 3256 1126 ipsum
3287 1054 3482 1126 malum
3512 1054 3596 1126 vel
3622 1068 3747 1122 pec-

2165 1135 2374 1198 catum;
2403 1125 2543 1198 aliud
2565 1123 2802 1198 namque,
2822 1135 2904 1181 est
2932 1123 3119 1198 ipsum'
3142 1125 3337 1198 malum
3355 1165 3369 1190 ,
3397 1123 3538 1198 aliud
3561 1138 3750 1178 verum

2167 1211 2287 1250 esse
2318 1195 2472 1268 illud.
2503 1196 2754 1264 Quamvis
2790 1195 3150 1268 igitur‘ipsum
3191 1196 3386 1268 malum
3411 1195 3608 1268 bonum
3637 1210 3749 1268 non

2167 1275 2287 1330 est,
2316 1263 2626 1321 bonumest
2651 1263 2846 1322 tamen
2894 1263 3076 1322 verum
3107 1281 3226 1322 esse
3253 1274 3310 1319 ut
3338 1267 3404 1318 sit
3455 1263 3606 1318 illud.
3636 1264 3750 1318 Nisi

2167 1336 2308 1406 enim
2331 1337 2535 1390 bonum
2579 1345 2722 1406 esset
2745 1353 2864 1392 esse
2911 1338 3137 1401 malum,
3165 1338 3313 1391 nullo
3350 1336 3511 1389 modo
3552 1334 3755 1388 sineret

2169 1405 2470 1479 Deus_illud
2503 1407 2634 1479 fieri.
2662 1407 2820 1479 Multa
2843 1409 3036 1479 quippe
3067 1409 3203 1463 bona
3219 1408 3287 1479 de
3313 1407 3463 1460 malis
3484 1406 3752 1479 Dmnipo-

2169 1487 2288 1530 tens
2309 1476 2450 1541 facit,
2485 1488 2540 1532 ut
2565 1477 2632 1532 de
2657 1475 3228 1533 adulterio'liominum
3270 1477 3439 1530 bonos
3477 1475 3672 1528 format
3697 1482 3756 1529 et

2169 1545 2297 1618 facit
2325 1546 2588 1618 homines.
2618 1547 2674 1602 Si
2711 1557 2888 1602 autem
2913 1557 2968 1604 et
2994 1549 3220 1618 quadam
3249 1547 3406 1618 illius
3425 1545 3560 1600 lucis
3585 1545 3758 1618 parti-

2169 1617 2480 1690 culalquasi
2533 1628 2901 1690 perfangustas
2954 1615 3116 1674 rimas
3166 1619 3360 1690 infusa,
3393 1615 3507 1669 haec
3551 1615 3753 1690 ct__alia

2170 1685 2491 1760 omniaquae
2521 1685 2782 1754 novimus,
2807 1705 2932 1745 vera
2957 1705 3077 1744 esse
3103 1688 3447 1760 cognovimus
3471 1701 3486 1750 ;
3515 1685 3658 1760 quali
3697 1697 3759 1740 et

2171 1766 2365 1829 quanta
2399 1758 2515 1814 luce
2542 1759 2776 1815 scientia:
2801 1769 2855 1814 et
2879 1760 3150 1829 sapientiae
3179 1758 3285 1814 illic
3329 1758 3715 1829 illustrabimur
3734 1796 3752 1821 ,

2174 1828 2261 1909 ubi
2294 1829 2466 1909 ipsum
2494 1829 2661 1909 solem
2690 1831 2926 1885 veritatis
2944 1827 3088 1909 facie
3114 1830 3180 1884 ad
3208 1829 3396 1883 faciem
3427 1827 3754 1909 videbimus,

2173 1897 2226 1952 id
2269 1896 2353 1954 est
2376 1941 2390 1964 ,
2420 1909 2563 1954 certa
2599 1907 2654 1954 et
2691 1915 2811 1954 vera
2854 1902 3112 1970 sapientia
3141 1896 3564 1970 cognoscemus?
3598 1896 3757 1966 cujus

2175 1970 2456 2038 praasentia
2491 1971 2694 2026 similes
2729 1971 2778 2025 ei
2810 1967 2934 2024 facit
2979 1967 3287 2040 przescntes.
3314 1967 3586 2040 Quicnim
3609 1982 3758 2040 vera:

2175 2037 2470 2108 Sapientiae,
2501 2057 2642 2094 vera:
2672 2037 3070 2110 pulchritudini,
3093 2057 3237 2095 verae
3262 2039 3543 2093 aeternitati
3576 2037 3756 2110 adluu-

2174 2110 2382 2182 rﬁebitp
2423 2112 2634 2180 sapiens
2674 2109 2868 2182 ’utique
2911 2122 2966 2166 et
3008 2111 3228 2180 pulcher
3255 2121 3312 2182 et
3349 2119 3600 2182 aeternus
3629 2109 3758 2182 erit.

2175 2179 2264 2234 Sic
2303 2180 2442 2252 enim
2480 2178 2716 2236 absentia
2756 2178 2872 2252 ejus
2906 2178 3191 2236 dissimiles
3218 2181 3265 2236 ei
3306 2179 3449 2235 omni
3481 2178 3640 2232 modo
3681 2180 3762 2252 fat

2175 2252 2267 2305 cit.
2308 2249 2472 2320 Cujus
2515 2247 2801 2306 :eteruitas'
2826 2253 2942 2306 sine
2987 2253 3136 2306 initio
3169 2262 3223 2305 et
3255 2252 3368 2305 sine
3405 2252 3507 2302 fine
3537 2257 3650 2320 est_;
3686 2247 3761 2319 (si

2177 2322 2318 2392 enim
2349 2317 2490 2376 esset
2512 2331 2720 2392 tempus
2761 2323 2972 2392 quando
2999 2339 3100 2375 non
3125 2332 3286 2385 esset,
3309 2321 3428 2390 quis
3451 2334 3573 2375 eum
3607 2317 3755 2392 face-

2176 2390 2316 2472 ret?)
2366 2393 2485 2461 quia
2531 2389 2643 2472 ipse
2686 2389 2948 2447 est'solus
2986 2395 3150 2472 Deus,
3175 2403 3228 2472 et
3255 2389 3378 2472 ante
3413 2392 3592 2470 ipsum.
3614 2389 3760 2443 Deus

2176 2459 2314 2516 alius
2341 2459 2444 2515 nun
2486 2459 2630 2518 erat.
2660 2478 2758 2517 nec
2781 2473 2881 2528 est,
2911 2479 3006 2518 nec
3030 2465 3148 2517 erit.
3181 2463 3295 2517 Non
3329 2461 3465 2516 forte
3493 2476 3551 2513 se
3579 2459 3758 2525 ipsum

2176 2532 2396 2610 creavit,
2417 2547 2542 2610 cum
2572 2532 2697 2586 nihil
2727 2549 2783 2588 se
2823 2534 2994 2610 ipsum
3024 2542 3200 2610 creat;
3227 2549 3328 2602 qua
3351 2532 3490 2610 enim
3519 2529 3760 2610 potentia

2177 2603 2264 2671 qui
2289 2603 2502 2674 omnino
2529 2619 2636 2674 non
2663 2614 2807 2659 esset
2841 2601 2899 2659 Se
2934 2607 3102 2674 ipsum
3137 2601 3368 2674 faceret?
3391 2604 3569 2656 Restat
3599 2601 3761 2674 igitur

2177 2670 2317 2738 quod
2357 2673 2574 2726 otnuino
2621 2673 2786 2728 factus
2826 2690 2930 2728 non
2956 2670 3053 2728 ’est
3089 2675 3244 2741 Deus.
3285 2673 3419 2726 Cum
3449 2685 3579 2740 ergo
3609 2670 3761 2724 nullo

2180 2743 2340 2797 modo
2382 2744 2518 2798 Deus
2559 2744 2725 2798 factus
2768 2755 2875 2809 est,
2906 2745 3020 2799 sine
3061 2745 3210 2798 initio
3249 2754 3372 2798 ante
3409 2743 3585 2796 omnia
3616 2741 3757 2794 erat.

2177 2813 2610 2894 Quidquidenim
2651 2815 2848 2894 factum
2886 2827 2994 2894 est,
3028 2816 3233 2894 iuitiqm
3275 2814 3478 2894 habet;
3511 2819 3567 2865 et
3601 2810 3762 2894 quid:

2179 2885 2306 2951 quid
2345 2881 2552 2937 initium
2597 2884 2783 2950 habet,
2808 2888 2923 2941 sine
2956 2885 3118 2940 dubio
3155 2885 3350 2940 factum
3389 2891 3504 2946 est,
3543 2896 3650 2934 non
3681 2881 3763 2951 ab

2181 2950 2285 3006 alio
2315 2955 2416 3008 nisi
2446 2970 2472 3006 a
2508 2955 2618 3008 Deo
2659 2971 2762 3008 non
2792 2955 2930 3009 facto
2950 2999 2964 3021 ,
2993 2957 3086 3010 scd
3113 2957 3290 3009 omnia
3319 2954 3566 3007 faciente.
3595 2950 3762 3019 Cujus

2182 3024 2404 3096 scientia
2431 3026 2544 3079 sine
2573 3026 2675 3096 ulla
2710 3027 2962 3080 varietate
2999 3026 3316 3096 cegnitionis
3341 3027 3384 3089 ',
3419 3032 3472 3077 et
3499 3024 3619 3076 sine
3648 3021 3761 3096 ullo

2181 3109 2339 3148 cursu
2371 3095 2473 3149 huc
2493 3103 2546 3150 et
2569 3095 2691 3149 illuc
2715 3093 3149 3151 innumerabilem
3177 3097 3483 3150 varietatem
3517 3093 3758 3146 omnium

2182 3173 2568 3234 creaturarum,
2599 3167 2944 3234 Angelorum,
2971 3167 3244 3220 hominum
3265 3208 3276 3229 ,
3299 3166 3610 3227 stellarum,
3637 3178 3758 3216 are-

2184 3249 2391 3299 narum,
2421 3237 2752 3305 capillorum,
2774 3237 3076 3302 verborum,
3099 3237 3497 3306 cogitationum,
3520 3247 3762 3306 momen-

2184 3313 2356 3384 tortlm
2389 3304 2640 3384 ciuilium
2673 3347 2688 3384 ,
2729 3307 2902 3384 _sitnul
2958 3318 3034 3384 ct‘
3056 3304 3223 3362 semel
3263 3304 3675 3384 comprehendit
3708 3313 3763 3355 et

2184 3374 2447 3444 intelligit.
2491 3377 2630 3430 Fons
2674 3378 2832 3447 igitur
2863 3386 2916 3431 ct
2958 3377 3106 3447 origo
3142 3379 3318 3431 omnis
3352 3376 3590 3447 scientia:
3622 3374 3762 3447 Deus

2183 3454 2308 3517 est;
2339 3463 2494 3517 quem
2521 3445 2716 3516 quanto
2744 3447 2861 3516 plus
2889 3449 3007 3517 quis
3035 3445 3198 3516 bibet,
3232 3457 3378 3501 tanto
3401 3446 3516 3514 plus
3543 3445 3712 3498 sitiet.

2255 3515 2478 3570 CAPUT
2522 3515 2603 3570 Vl.
2641 3515 2920 3570 Beatorum‘
2958 3517 3182 3571 scientia.
3226 3517 3302 3570 De
3350 3519 3482 3569 trina
3536 3517 3761 3578 visione,

2185 3587 2458 3666 corporali,
2485 3589 2756 3666 spirituali,
2792 3588 3138 3642 intellectuali.
3165 3586 3660 3666 Inc-otnparabiliter
3678 3600 3767 3640 er-

2185 3671 2252 3723 go
2271 3658 2431 3709 totius
2460 3658 2639 3711 mundi
2667 3674 2909 3727 regnum,
2943 3669 2998 3712 ut
3027 3675 3185 3727 supra
3212 3660 3460 3720 diximus,
3481 3658 3582 3710 etsi
3605 3668 3766 3710 atter-

2187 3735 2310 3780 num
2343 3737 2502 3792 esset,
2537 3730 2812 3797 prazcellit,
2845 3731 3084 3782 societati
3113 3730 3434 3798 Angelorum
3465 3735 3763 3798 etlsaucto-

2186 3813 2302 3878 rum
2322 3837 2337 3862 ,
2372 3807 2426 3854 et
2461 3799 2706 3878 praesenti
2738 3799 2901 3878 ipsius
2933 3801 3024 3878 Dei
3064 3797 3252 3878 adesse
3282 3799 3491 3878 visioni.
3524 3797 3581 3850 In
3603 3797 3789 3877 cujus»

2186 3867 2550 3947 visionetrina
2576 3869 3056 3947 scientiaiiascitur
3081 3887 3092 3922 :
3118 3869 3168 3923 id
3196 3879 3297 3947 est,
3331 3869 3489 3923 homo
3524 3868 3617 3947 qui
3642 3882 3764 3947 cer-

2187 3941 2284 4000 nit,
2317 3947 2370 3992 ct
2402 3939 2538 3993 Deus
2564 3940 2649 4008 qui
2673 3940 2931 4004 cernitur,
2961 3949 3013 3993 et
3047 3941 3224 3993 cmtcri
3261 3954 3448 3992 omnes
3473 3939 3654 3991 omnia
3681 3938 3765 3990 vi-

2187 4009 2452 4088 debuntet
2468 4010 2779 4088 intelligent:
2800 4010 2947 4088 Sicut
2963 4011 3104 4063 enim
3131 4026 3224 4079 per
3239 4009 3513 4088 speculum
3535 4009 3762 4062 vitreum

2190 4080 2324 4132 trina
2364 4080 2515 4133 nobis
2543 4081 2675 4134 visio
2714 4080 3142 4146 administratur,
3171 4083 3292 4148 quia
3340 4093 3438 4133 nos
3485 4080 3666 4146 ipsos,
3711 4086 3766 4131 et

2190 4150 2358 4214 ipsum
2385 4151 2675 4218 speculum,
2696 4160 2749 4204 et
2773 4151 3028 4220 quidquid
3056 4165 3286 4220 praesens
3316 4150 3464 4204 adest
3487 4149 3762 4207 videmus;

2188 4220 2264 4273 sic
2291 4235 2382 4288 per
2407 4221 2680 4288 Speculum
2711 4221 2902 4275 divina:
2923 4221 3193 4284 claritatis,
3228 4231 3281 4276 et
3310 4220 3480 4289 ipsum
3516 4220 3678 4273 Deum
3709 4226 3765 4272 ut

2189 4301 2288 4353 cst,
2317 4290 2643 4371 videbimus,
2687 4299 2938 4360 quantum
2973 4292 3224 4360 possibile
3263 4295 3366 4371 erit
3401 4298 3682 4371 creatum,
3711 4299 3764 4344 et

2191 4374 2286 4412 nos
2315 4361 2479 4428 ipsos,
2504 4369 2558 4414 et
2582 4369 2805 4414 ca-teros
2835 4377 2956 4415 vera
2984 4371 3038 4416 et
3058 4371 3202 4415 certa
3229 4361 3446 4414 scientia
3472 4374 3767 4428 cognosce-

2190 4446 2327 4500 mus.
2359 4428 2507 4485 Tun'c
2535 4431 2706 4485 abdita
2735 4440 3121 4494 creaturarum,
3146 4441 3200 4485 et
3240 4431 3401 4500 ipsius
3430 4430 3643 4493 inferni,
3679 4431 3767 4482 vi-

2188 4499 2363 4554 dendo
2391 4501 2554 4554 Deum
2579 4502 2891 4555 videbimus.
2932 4504 3079 4556 Tunc
3099 4499 3615 4570 justisinanil'estum
3638 4501 3763 4564 erit.

2188 4571 2455 4652 quomodo
2489 4572 2634 4652 'Deu's
2675 4580 2755 4626 est
2804 4573 3085 4652 invisibilis
3107 4613 3120 4634 .
3156 4570 3613 4652 incomparabilis,
3647 4572 3766 4652 sine

2190 4641 2341 4695 initio
2371 4649 2425 4696 et
2459 4642 2572 4696 sine
2600 4643 2724 4708 line,
2757 4653 2880 4696 ante
2910 4643 3084 4696 omnia
3122 4652 3175 4695 et.
3206 4657 3322 4711 poSt
3351 4643 3527 4695 omnia
3559 4658 3573 4693 :
3604 4641 3767 4710 quid-

2189 4712 2314 4778 quid
2349 4713 2566 4766 interest
2590 4714 2724 4766 inter
2752 4714 2916 4778 nasci,
2952 4713 3089 4782 quod
3117 4714 3180 4766 ad
3218 4713 3404 4766 Filium
3435 4715 3682 4780 pertinet;
3713 4722 3769 4782 et

2189 4783 2500 4854 procedere,
2531 4783 2670 4853 quod
2699 4782 2763 4836 ad
2797 4781 3051 4852 Spiritum
3086 4792 3347 4854 sanctum,
3379 4781 3768 4854 exceptoquod

2190 4868 2326 4907 nitus
2352 4853 2416 4906 ei
2459 4870 2564 4905 uno
2593 4865 2742 4906 natus
2771 4854 2834 4906 sit
2858 4895 2871 4914 ,
2900 4855 3032 4908 alter
3062 4869 3125 4906 ex
3153 4853 3360 4906 duobus
3388 4853 3680 4920 processit:
3711 4863 3769 4906 et

2188 4924 2455 4992 quomodo
2493 4924 2647 4976 Pater
2675 4939 2778 4976 non
2818 4925 3088 4992 princessit
3130 4923 3318 4978 Filium
3353 4932 3623 4991 tempore,
3665 4924 3764 4976 sed

2189 4994 2426 5062 origine,
2461 5009 2559 5047 nec
2602 4995 2858 5061 Spiritum
2899 5003 3137 5047 sanctum
3170 4996 3182 5044 :‘
3216 5005 3267 5047 et
3293 4993 3560 5062 quomodo
3585 4994 3768 5046 omnia

2190 5065 2281 5116 Dei
2318 5081 2478 5117 unum
2508 5075 2629 5116 sunt
2671 5066 2719 5117 in
2756 5065 2882 5126 Deo,
2910 5073 3133 5134 excepto
3159 5065 3299 5132 quod
3345 5064 3410 5115 ad
3448 5063 3766 5116 relationem

2189 5135 2448 5202 pertinet;
2482 5150 2601 5187 nam
2651 5136 2905 5202 sapientia
2949 5136 3038 5188 Dei
3067 5143 3121 5188 et
3157 5136 3360 5187 veritas
3399 5145 3454 5188 et
3495 5142 3768 5186 :cternttas

2190 5221 2295 5258 ttott
2339 5205 2548 5259 diversa
2582 5217 2702 5257 sunt
2749 5206 2887 5260 inter
2919 5221 2996 5270 se,
3026 5205 3118 5257 sed
3146 5220 3305 5256 ttnnut
3335 5213 3458 5256 sunt
3488 5203 3624 5256 sicut
3653 5219 3765 5256 ca:-

2191 5284 2299 5328 tera
2343 5275 2552 5355 omnia;
2596 5276 2851 5344 sapientia
2879 5276 3019 5329 enim
3055 5276 3142 5355 Dei
3175 5291 3277 5327 non
3309 5275 3474 5343 magis
3503 5273 3768 5340 sapientia

2190 5361 2346 5412 quam
2384 5347 2578 5400 veritas
2597 5357 2679 5398 est
2703 5388 2714 5406 ,
2745 5356 2798 5399 et
2831 5363 2934 5398 tton
2964 5346 3129 5413 magis
3165 5347 3356 5398 \eritas
3381 5353 3463 5398 est
3490 5357 3650 5411 quam
3681 5359 3771 5396 sa-

2190 5416 2414 5484 pientia,
2457 5432 2612 5486 quam
2655 5417 2956 5478 attcrnitas,
3001 5431 3159 5485 quam
3200 5426 3392 5469 caetera
3426 5415 3518 5468 Dei
3551 5415 3768 5478 omnia;

2252 5592 2269 5624 ι
2303 5599 2412 5642 1!th
2433 5605 2529 5642 non
2543 5592 2736 5661 habent
2751 5601 3093 5661 Mss.,_nempe,
3115 5589 3200 5640 sed
3241 5588 3350 5661 ideo
3367 5590 3548 5661 malum
3566 5562 3773 5654 veipcc-

2188 5666 2347 5707 .‘(mtm
2369 5665 2454 5711 est,
2480 5654 2591 5717 (lida
2615 5666 2776 5717 verum
2797 5653 2979 5717 mstbtm
2999 5651 3071 5702 uel
3115 5660 3363 5717 peccatum
3398 5660 3484 5704 est.

2254 5718 2272 5746 ³
2307 5718 2450 5764 Abest
2467 5715 2576 5776 ver,
2601 5716 2892 5776 cognitionis,
2919 5728 2946 5764 a
2968 5721 3047 5763 Ms.
3078 5715 3330 5764 Victorino.

4034 6133 4035 6198 l

4007 6281 4036 6356 Α
