4076 6370
265 343 367 400 937

266 471 424 514 unum
465 454 609 509 enim
631 461 764 510 sunt
791 456 843 510 in
870 456 1006 519 Deo,
1037 463 1091 511 et
1118 469 1220 510 non
1263 453 1432 509 solum
1471 454 1588 510 haec
1624 457 1760 511 inter
1787 473 1846 513 se

265 526 450 581 eadem
493 534 617 579 sunt
666 527 718 580 in
765 527 910 592 Deo,
954 527 1049 580 sed
1084 540 1186 580 non
1218 525 1360 596 aliud
1388 538 1692 596 suntquam
1732 528 1844 596 ipse

265 599 441 652 Deus:
477 605 532 650 et
555 597 823 664 quomodo
845 597 1073 650 mundus
1103 597 1290 650 eratin
1323 595 1452 660 Deo,
1481 595 1768 665 antequam
1791 599 1841 652 in

263 680 321 720 se
349 667 465 735 ipso
505 674 670 731 esset,
703 682 808 720 non
836 667 1100 730 mundus,
1141 667 1234 720 sed
1266 666 1404 720 Deus
1438 683 1450 717 :
1487 677 1538 720 et
1577 671 1843 736 quomodo

265 737 463 806 ubique
491 744 632 790 totus
659 737 775 791 sine
807 738 944 801 loco,
973 752 1195 806 magnus
1226 738 1342 790 sine
1381 739 1674 806 quantitate
1693 778 1709 802 ,
1744 739 1842 790 bo-

263 805 509 860 nusâ€™sine
529 807 818 875 qualitate:
853 816 906 860 et
925 805 1193 875 quomodo
1222 808 1397 860 omnia
1430 817 1670 874 penetrat
1691 824 1843 861 mun-

262 875 329 930 da
357 886 410 931 et
456 877 724 931 immunda
754 878 871 931 sine
897 879 977 930 sui
1011 877 1318 944 pollutione.
1348 877 1403 931 Si
1433 879 1574 929 enim
1614 878 1701 931 lux
1743 879 1840 932 ista

261 947 484 1000 visibilis
499 949 678 1016 omnia
708 948 822 1002 loca
845 947 1095 1011 illustrat,
1124 957 1176 1001 et
1197 947 1528 1016 sterquilinia
1558 948 1716 1000 etiam
1747 963 1840 1016 pe.

262 1023 438 1070 netrat
466 1015 583 1072 sine
612 1019 798 1082 fetore,
824 1027 876 1071 et
902 1018 1016 1071 sine
1038 1017 1117 1070 sui
1147 1015 1432 1084 pollutione
1455 1032 1469 1079 ;
1506 1026 1702 1085 quanto
1724 1015 1840 1070 ma-

258 1087 343 1155 gis
373 1087 544 1148 Deus,
586 1088 674 1156 qui
697 1097 784 1154 .est
822 1087 1100 1142 invisibilis
1137 1096 1191 1140 et
1236 1087 1681 1142 incommutabilis
1718 1087 1837 1152 lux,

261 1156 439 1210 omnia
471 1167 742 1225 penetrat,
771 1158 938 1226 regit,
969 1158 1214 1221 sustinet,
1241 1157 1552 1220 circumdat,
1585 1158 1836 1224 illustrat,

259 1226 378 1281 sine
403 1227 506 1281 ulla
538 1229 828 1282 mutatione
854 1228 934 1282 vel
970 1228 1262 1296 pollutione
1282 1268 1296 1291 ,
1327 1243 1435 1280 non
1463 1227 1636 1284 solum
1673 1229 1839 1283 coele-

258 1296 360 1350 stia
389 1305 442 1350 et
471 1298 761 1361 terrestria,
793 1297 885 1352 sed
915 1299 1074 1352 etiam
1107 1297 1422 1351 infernalia?

332 1365 486 1420 Tunc
515 1367 617 1422 erit
642 1367 825 1422 electis
851 1367 941 1422 Dei
975 1369 1110 1422 trina
1133 1368 1286 1431 visio,
1316 1367 1366 1420 id
1388 1375 1489 1429 est,
1521 1367 1837 1436 corporalis,

1605 343 1816 400 SCALA
1863 345 2036 400 PARA
2049 346 2196 402 DlSl.

3439 353 3539 410 993

1958 460 2128 533 fallaci
2159 458 2434 533 phantasia
2465 456 2780 533 inspicient;
2807 473 2908 527 qua
2945 457 3148 516 visione
3176 461 3334 516 etiam
3365 462 3540 533 hodie,

1950 528 2202 584 fruuntur
2229 530 2446 598 spiritus
2472 529 2730 595 iustorum
2773 538 2890 597 post
2931 544 3213 598 corporum
3249 533 3478 588 claustra
3511 553 3526 588 :

1952 609 2006 673 et
2035 602 2167 673 visio
2198 599 2565 673 intellectualis
2586 640 2600 664 ,
2642 605 2742 668 qua
2770 614 2905 673 puro
2931 602 3124 654 mentis
3150 603 3302 656 oculo
3332 605 3385 658 in
3422 605 3534 673 spi-

1951 672 2057 724 ritu
2091 671 2258 724 Deum
2286 669 2562 732 videbunt,
2596 679 2650 722 et
2673 686 2794 722 suas
2822 670 3044 730 animas.
3075 679 3128 723 et
3155 673 3378 727 virtutes
3399 669 3530 728 inti-

1949 755 2081 804 mas,
2111 750 2163 794 et
2190 739 2735 821 spiritusaugeliezts.
2765 739 3179 821 Tuuedttplices
3219 743 3325 796 Deo
3355 745 3525 798 acturi

1948 820 2074 864 sunt
2105 809 2323 879 gratias,
2348 809 2593 880 videlicet.
2619 824 2712 879 pro
2748 825 2841 863 sua
2880 810 3190 864 liberatione
3216 826 3247 866 a
3275 823 3528 880 perpetua

1947 880 2287 934 damnatione
2309 921 2322 941 .
2356 889 2410 933 et
2439 893 2532 947 pro
2568 879 2826 932 bonorum
2861 880 3110 934 inelTabili
3149 879 3524 936 retributione.

1949 950 2099 1004 Tune
2138 951 2436 1004 communis
2474 949 2712 1002 omnium
2752 965 2874 1003 reus
2903 959 2957 1004 et
2997 951 3164 1003 hostis
3199 951 3442 1006 diabolus
3473 954 3526 1007 in

1946 1027 2234 1088 conspectu
2259 1021 2550 1074 electorum
2582 1020 2672 1073 Dei
2699 1019 3054 1083 damnabitur,
3078 1021 3231 1089 cujus
3256 1020 3532 1076 damnatio

1946 1102 2000 1144 et
2027 1090 2376 1144 intolerabilis
2399 1104 2552 1158 poena
2575 1089 2887 1160 delectabile
2913 1093 3274 1160 spectaculum
3307 1101 3532 1160 praesta-

1946 1161 2023 1214 bit
2076 1161 2281 1215 electis.
2343 1160 2491 1214 Tunc
2543 1159 2914 1214 ardentissimo
2947 1159 3140 1215 amore
3184 1159 3526 1216 liberatorem

1945 1245 2098 1286 suum
2129 1239 2182 1285 et
2210 1231 2444 1284 omnium
2476 1230 2732 1283 bonorum
2754 1229 2992 1284 datorem
3017 1231 3290 1296 amabunt,
3324 1239 3377 1286 et
3405 1233 3524 1286 sine

1946 1302 2052 1357 line
2089 1311 2144 1356 et
2182 1300 2296 1355 sine
2324 1299 2536 1354 fastidio
2561 1300 2794 1354 clamore
2831 1300 3009 1354 cordis
3037 1301 3327 1356 laudabunt
3356 1302 3523 1357 Deum

1945 1372 2362 1440 omnipotentem
2383 1411 2396 1436 ,
2430 1370 2714 1440 benignum
2747 1379 2801 1424 et
2843 1371 3275 1425 misericordem:
3306 1372 3388 1424 eui
3421 1371 3492 1425 bo
3513 1390 3528 1400 -

261 1451 366 1508 qua
410 1451 650 1508 corpora,
675 1446 992 1508 cernentur;
1033 1438 1382 1508 quorumdam
1424 1437 1756 1508 splendentia
1784 1447 1842 1492 ut

257 1505 743 1578 sol,7quorumdam
778 1517 834 1561 ut
862 1507 1006 1572 luna,
1037 1505 1262 1561 aliorum
1294 1505 1555 1562 utstellze.
1588 1507 1656 1561 Et
1677 1508 1838 1578 spiri-

258 1577 448 1642 tualis,
477 1593 578 1646 qua
614 1577 990 1632 similitudines
1021 1593 1306 1647 corporum
1338 1578 1391 1632 in
1433 1578 1619 1647 Spiritu
1649 1577 1840 1632 etnon

1945 1457 2047 1566 xor
2071 1451 2124 1496 et
2142 1441 2311 1512 gloria
2332 1449 2387 1496 et
2406 1455 2546 1494 nunc
2569 1448 2622 1495 et
2646 1454 2739 1510 per
2759 1442 2939 1495 omnia
2961 1441 3156 1496 saecula
3180 1441 3511 1498 szeculorum.

1997 1527 2141 1566 tuen.

1997 1527 2141 1566 men.

1097 1762 1661 1826 ADMONITIOJN
1703 1764 2006 1826 LIBRUM
2049 1760 2695 1836 SUBSEQUENTEM.

319 1927 441 1984 Hoc
476 1929 788 1998 opusculum
832 1925 1301 1982 circumit-rebatur
1341 1925 1500 1980 etiam
1545 1926 1682 1981 inter
1709 1923 1962 1981 Bernardi
1991 1939 2150 1994 opera
2171 1964 2186 1989 ,
2226 1922 2536 1992 inscriptum
2566 1920 2720 1975 Scala
2747 1921 3115 1985 claustruliatn,
3133 1921 3235 1975 sive
3258 1921 3530 1976 Tractatus

249 2019 313 2073 de
355 2020 508 2072 modo
549 2019 762 2085 orandi;
788 2019 880 2073 sed
908 2034 1006 2072 nec
1038 2018 1178 2071 illius
1203 2032 1320 2072 esse
1347 2017 1706 2071 Lovanienscs
1745 2024 2089 2082 censuerunt,
2121 2025 2173 2069 et
2203 2014 2336 2070 bene
2363 2014 2596 2084 quidem.
2627 2013 2680 2066 ln
2709 2013 2894 2068 codice
2928 2013 3069 2068 enim
3103 2013 3198 2069 Ms.
3227 2013 3522 2068 Cartltusire

249 2112 584 2166 Coloniensis
641 2111 840 2183 (sicuti
894 2111 946 2164 in
1001 2111 1180 2164 ultima
1228 2110 1460 2164 editione
1510 2109 1764 2164 Bernardi
1819 2117 2058 2163 notatum
2107 2107 2222 2178 est)
2279 2107 2547 2176 praeï¬xum
2587 2109 2745 2162 habet
2777 2109 3054 2176 epistolam
3106 2124 3226 2162 cum
3276 2108 3374 2162 ista
3411 2107 3530 2176 epi-

246 2204 456 2274 graplie
488 2221 501 2256 :
534 2201 764 2274 Epistula
808 2203 999 2256 domini
1038 2200 1281 2272 Guigonis
1313 2199 1682 2256 Carthasiensis
1710 2201 1778 2254 ad
1821 2205 2030 2271 fratrem
2070 2199 2362 2252 Gervasiunt
2421 2198 2484 2251 de
2527 2197 2642 2250 Vita
2692 2199 3096 2266 contemplativa.
3137 2195 3333 2252 Dilecto
3382 2196 3532 2265 fratri

248 2313 342 2349 suo
374 2293 618 2349 Gervasio
642 2293 736 2348 Fr.
771 2292 957 2364 Guigo,
1003 2293 1238 2346 delectari
1263 2293 1315 2346 in
1341 2291 1583 2346 Domino.
1617 2293 1802 2347 Amare
1825 2301 1873 2346 te
1903 2309 1966 2346 ex
2005 2292 2167 2345 debito
2205 2302 2392 2355 teneor,
2422 2290 2539 2360 quia
2570 2290 2707 2358 prior
2733 2306 2810 2342 me
2843 2307 3016 2344 amare
3043 2291 3326 2360 increpisti;
3359 2299 3406 2342 et
3445 2303 3531 2342 re-

245 2385 468 2440 scribere
505 2382 594 2438 tibi
612 2385 902 2454 compellor,
931 2385 1048 2455 quia
1079 2384 1258 2437 litteris
1289 2384 1386 2437 tuis
1411 2384 1478 2436 ad
1498 2382 1814 2436 scribendum
1840 2399 1918 2435 me
1939 2383 2078 2452 prius
2107 2381 2347 2435 invitasti.
2381 2380 2624 2446 Qutcdant
2649 2397 2768 2451 ergo
2791 2397 2904 2450 qua:
2927 2381 2990 2434 de
3013 2381 3266 2450 spirituali
3291 2381 3533 2435 exercitio

244 2476 603 2530 claustraliunt
630 2476 1041 2546 excogitaverunt,
1078 2474 1413 2529 transmittere
1439 2475 1718 2544 proposui;
1741 2483 1794 2526 ut
1814 2473 1902 2542 qui
1930 2473 2054 2526 talia
2083 2471 2386 2540 experiendo
2420 2471 2627 2535 melius,
2653 2487 2805 2542 quant
2843 2487 2934 2542 ego
2966 2473 3252 2536 tractando,
3283 2471 3532 2535 didicisti,

245 2582 479 2619 mearum
498 2565 666 2636 judex
689 2566 760 2619 sis
803 2565 1166 2635 cogitationum
1203 2573 1250 2618 et
1280 2572 1549 2618 corrector.
1588 2561 1656 2616 Et
1685 2565 1860 2617 merito
1889 2562 1998 2617 lucc
2038 2562 2195 2616 nostri
2231 2560 2416 2614 laboris
2444 2561 2590 2614 initia
2632 2561 2718 2614 tibi
2759 2561 2992 2631 primitus
3029 2561 3206 2629 offero,
3249 2572 3302 2615 ut
3326 2561 3535 2616 novellae

245 2658 585 2728 plantationis
618 2657 894 2728 printitivos
919 2659 1112 2727 fructus
1132 2655 1376 2727 colligas;
1405 2655 1642 2726 quoniam
1667 2656 1730 2709 de
1753 2655 1984 2708 servitute
2009 2653 2315 2719 Pharaonis,
2332 2662 2378 2706 te
2405 2652 2621 2707 delicata
2646 2653 2914 2707 solitudine
2942 2653 3185 2708 laudabili
3209 2655 3343 2724 furto
3369 2653 3532 2708 surri-

243 2749 413 2818 piens,
443 2748 496 2801 in
522 2747 756 2802 ordinata
791 2757 1073 2802 castrorum
1105 2747 1211 2801 acie
1244 2745 1500 2800 collocasti
1521 2786 1536 2812 ,
1570 2761 1768 2826 rantum
1804 2747 1867 2798 de
1902 2745 2118 2798 oleastro
2155 2743 2427 2812 artiï¬ciose
2465 2743 2684 2798 excisum
2726 2744 2996 2814 prudenter
3030 2746 3253 2799 inserens
3291 2747 3344 2799 in
3369 2745 3526 2799 oliva.

243 2840 386 2895 Tum
417 2839 553 2895 liber
581 2838 763 2910 incipit
791 2855 805 2893 :
839 2838 965 2895 Cum
994 2839 1075 2893 die
1103 2838 1346 2908 quadam,
1384 2845 1488 2892 etc.
1531 2836 1658 2891 Post
1684 2845 1924 2892 extrema
1955 2846 2130 2889 autem
2161 2834 2322 2890 verba
2355 2835 2440 2889 illa
2461 2875 2477 2901 ,
2507 2851 2680 2906 pacem
2715 2835 2769 2888 in
2795 2836 3037 2906 idipsum,
3066 2838 3142 2892 sic
3167 2837 3300 2892 liber
3324 2837 3532 2891 claudi-

244 2940 330 2985 tur
370 2948 387 2984 :
434 2929 516 2984 Tu
541 2947 661 3001 ergo
700 2933 876 3002 frater,
909 2931 980 2984 mi
1009 2929 1217 2984 Gervasi
1236 2970 1250 2994 ,
1281 2928 1324 2982 si
1367 2911 1570 2998 quando
1597 2926 1772 2998 datum
1811 2925 1898 2979 tibi
1927 2925 2078 2995 fuerit
2112 2926 2326 2996 desuper
2355 2925 2710 2995 praedictorum
2749 2927 3000 2996 graduum
3029 2928 3376 2982 celsitudinem
3407 2945 3533 2982 con-

245 3023 520 3089 scendere,
556 3033 807 3078 memento
845 3023 979 3087 mei;
1021 3030 1067 3076 et
1110 3037 1201 3075 ora
1240 3035 1332 3092 pro
1379 3035 1477 3086 me,
1524 3034 1641 3072 cum
1678 3017 1798 3072 bene
1835 3017 1987 3088 fuerit
2023 3016 2142 3084 tibi;
2181 3026 2236 3071 ut
2277 3017 2350 3072 sic
2387 3017 2582 3071 cortina
2620 3018 2866 3071 cortinam
2909 3018 3111 3084 trahat,
3145 3031 3189 3072 et
3231 3019 3316 3087 qui
3359 3019 3529 3084 audit,

253 3199 372 3214 â€â€™
676 3253 684 3261 â€™
1009 3287 1654 3460 SCALA
1753 3287 2849 3482 PARADISI,

1367 3488 1844 3597 LIBER
1939 3485 2381 3596 UNU'S.

1563 3669 2208 3724 saeuae-moote-

315 3797 553 3855 CAPUT
595 3794 874 3852 PRIMUM.
929 3792 1214 3860 Descriptio
1296 3799 1544 3862 quatuori
1577 3789 1824 3862 graduum

244 3869 670 3925 exercitationum
696 3865 1056 3935 spiritualium.
1092 3859 1282 3918 Lectio.
1308 3859 1598 3935 Meditatio.
1627 3859 1824 3935 Oratio.

243 3939 648 4009 Contemplatio.
679 3930 810 4009 Cum
831 3936 916 4009 die
941 3935 1164 4009 quadam
1191 3933 1452 4009 corporali
1484 3946 1731 4009 manuum
1757 3930 1832 4009 la-

243 4009 384 4066 bore
417 4001 706 4078 occupatus
733 4007 802 4062 de
827 4001 1114 4078 spiriiualis
1144 4004 1374 4078 hominis
1403 4002 1657 4078 exercitio
1681 4001 1827 4067 cogiÂ«

244 4090 368 4134 tare
397 4072 705 4147 ctepissetn,
736 4072 967 4148 quatuor
985 4073 1289 4148 spirituales
1315 4072 1508 4148 gradus
1539 4073 1715 4148 animo
1741 4086 1832 4148 co-

240 4150 447 4220 gitanti
473 4141 535 4202 se
557 4149 732 4202 subito
755 4141 1080 4220 obtulerunt,
1104 4144 1305 4197 scilicet
1331 4144 1507 4220 lectio.
1537 4141 1828 4220 meditatio,

244 4211 436 4274 oratio
461 4228 516 4273 et
541 4217 940 4286 contemplatio.
977 4215 1098 4286 llaec
1128 4221 1210 4269 est
1253 4212 1392 4267 scala
1427 4211 1788 4286 claustraiiunt
1816 4250 1830 4274 ,

241 4306 355 4358 qua
388 4289 462 4343 de
491 4297 629 4342 terra
659 4289 710 4341 in
750 4280 941 4342 coelum
973 4284 1334 4358 sublevantur,
1364 4282 1616 4358 gradibus
1643 4280 1826 4358 disiiu-

242 4351 336 4416 cla
385 4359 592 4429 paucis,
626 4360 900 4412 immensa:
928 4364 1101 4408 tamen
1131 4362 1186 4407 et
1216 4353 1541 4429 incredibilis
1571 4351 1834 4429 magnitu-

243 4421 426 4484 dinis.
454 4421 618 4499 Cujus
645 4436 886 4482 extrema
917 4440 1040 4495 pars
1071 4435 1226 4479 terra:
1257 4424 1434 4499 innixa
1464 4431 1564 4499 est,
1594 4421 1837 4499 superine

242 4517 388 4556 vero
427 4491 594 4552 nub'es
624 4506 884 4567 penetrat,
913 4491 967 4550 et
990 4504 1192 4549 secreta
1217 4495 1472 4547 emtorum
1507 4494 1742 4567 rimatur.
1769 4491 1835 4567 _lli

239 4572 462 4641 gradus
489 4561 635 4624 sicut"
658 4567 959 4641 nominibus
985 4577 1045 4641 e_t_
1073 4579 1318 4641 numeroâ€œ
1341 4572 1464 4616 sunt
1507 4562 1732 4641 diversi,
1767 4561 1836 4641 ita

241 4634 458 4696 ordine
486 4650 541 4694 et
567 4654 787 4693 munere
806 4639 822 4669 Â¹
851 4646 973 4690 Sunt
997 4635 1249 4689 distincti.
1283 4634 1515 4700 Quorum
1548 4634 1838 4700 proprieta-

241 4724 332 4766 tes
362 4721 431 4766 et.
458 4710 629 4764 ofï¬cia
655 4709 866 4778 quidem
898 4707 1129 4778 singula,
1151 4705 1275 4778 quid
1298 4705 1435 4757 circa
1465 4718 1561 4755 nos
1585 4702 1836 4778 etiiciant,

241 4781 538 4850 quomodo
569 4773 706 4834 inter
734 4793 792 4832 se
819 4773 1042 4850 invicem
1083 4776 1405 4850 dulei-ante}
1438 4773 1834 4850 prmetnineant,

241 4844 289 4906 si
325 4853 462 4921 quis
489 4851 767 4921 diligenter
789 4848 1062 4921 inspiciat,
1099 4844 1351 4921 quidquid
1370 4845 1584 4921 laboris
1611 4850 1698 4921 aut
1725 4849 1837 4892 stu-

239 4923 325 4976 dii
347 4911 694 4989 'impendverit
733 4921 783 4972 in
810 4911 886 4972 eis
908 4959 922 4982 ,
959 4911 1409 4989 ln'eve'repittabit
1445 4911 1496 4966 et
1529 4911 1700 4989 facile,
1735 4925 1843 4988 pri!)

241 4984 517 5047 utilitatis
536 4999 590 5044 et
608 4989 904 5044 dulcedinis
927 4985 1304 5056 magnitudine.
1339 4985 1430 5056 Est
1460 4994 1633 5056 autem
1665 4984 1840 5056 lectio,

238 5063 455 5116 Sedula
488 5061 878 5128 Scripturarnm
909 5053 1218 5112 cuuianimi
1251 5055 1541 5128 intentione
1566 5053 1849 5128 inspectio.

240 5133 544 5187 Meditatio
571 5123 652 5183 est
692 5131 926 5184 studiosa
959 5128 1150 5181 mentis
1180 5127 1336 5186 actio,
1363 5126 1583 5177 occulte
1613 5123 1846 5174 veritatis

239 5204 513 5258 notitiam
545 5201 705 5255 ductu
747 5202 974 5267 propria:
1018 5198 1237 5252 rationis
1285 5198 1636 5267 investigans.
1667 5193 1847 5244 Oratio

237 5283 333 5328 est
363 5274 568 5326 devota
605 5264 814 5325 cordisâ€™
844 5264 1066 5323 intentio
1093 5270 1141 5321 in
1181 5267 1364 5326 Deum,
1398 5281 1492 5332 pro
1519 5264 1671 5317 malis
1697 5277 1846 5314 amo-

235 5345 548 5404 vendis,et
573 5342 725 5395 bonis
749 5340 1119 5412 adipiscendis.
1140 5336 1529 5412 tlittttetnplatio
1547 5332 1849 5412 est-mentis

235 5413 300 5468 in
329 5414 516 5468 Deum
548 5427 821 5480 suspensa:
841 5403 1083 5478 quaedam
1107 5408 1351 5472 elevatio,
1379 5416 1591 5460 :eternzc
1618 5403 1853 5457 dulcedi-

234 5487 333 5539 nis
358 5483 562 5554 gaudia
593 5483 897 5554 degnstans.

318 5543 574 5609 CAPUT
605 5543 687 5606 Î™Î™á¿˜
702 5552 980 5621 Descriptio
1007 5550 1280 5621 officiorum
1320 5555 1544 5621 quatuor
1580 5543 1850 5621 gradâ€˜nmn.

239 5624 574 5694 Assignatis
627 5638 754 5694 ergo
793 5612 1344 5692 quituorï¬raduunf
1377 5612 1855 5684 descriptionibus,

313 5759 330 5790 Î¹
380 5754 519 5805 Alias
534 5789 550 5816 ,
573 5753 757 5804 merito.

309 5823 334 5853 I
378 5819 516 5867 Alias
529 5852 546 5877 ,
568 5817 712 5867 menti
723 5834 752 5864 Ï‚.

1933 3809 2927 3882 restabateorumfolliciavideatnus.
2972 3811 3148 3866 Beatte
3193 3813 3351 3882 igitur
3396 3816 3520 3871 vitm

1934 3880 2272 3934 dulcedinem
2301 3881 2460 3934 lectio
2491 3880 2736 3947 inquirit,
2772 3881 3042 3934 meditatio
3084 3880 3282 3938 invenit
3306 3927 3318 3946 ,
3347 3888 3520 3941 oratio

1936 3951 2202 4020 postulat.
2235 3951 2614 4018 contemplatio
2641 3950 2903 4018 degustat.
2938 3950 3086 4006 Unde
3133 3954 3246 4016 ipse
3272 3955 3526 4010 Dominus

1937 4020 2060 4092 dicit
2081 4061 2096 4084 ,
2115 4020 2370 4092 Quaerite,
2401 4031 2446 4073 et
2465 4021 2773 4092 invenietis:
2803 4020 2999 4092 pulsate
3027 4031 3075 4075 et
3117 4025 3370 4092 aperietur
3394 4029 3531 4081 vobis

1939 4089 2162 4160 (Matth.
2189 4106 2259 4143 vn
2277 4129 2290 4150 .
2322 4092 2396 4158 7).
2444 4090 2665 4156 Quwrite
2692 4089 2916 4160 legendo
2935 4133 2949 4156 ,
2981 4101 3028 4144 et
3057 4089 3312 4147 invenietis
3358 4097 3530 4150 medi-

1939 4160 2121 4234 tando.
2143 4159 2351 4234 Pulsate
2365 4161 2583 4234 orando,
2607 4171 2660 4234 et
2673 4159 2925 4234 aperietur
2939 4164 3074 4216 vobis
3092 4166 3524 4234 centetnplando.

1939 4230 2121 4284 Lectio
2163 4232 2312 4299 quasi
2359 4231 2585 4283 solidum
2617 4230 2794 4284 cibum
2841 4232 2918 4285 ori
2947 4235 3203 4299 apponit;
3249 4230 3530 4290 meditatio

1941 4301 2184 4372 masticat
2209 4311 2260 4353 et
2289 4300 2510 4369 frangit;
2539 4302 2706 4354 oratio
2737 4317 2979 4369 saporem
3003 4304 3262 4372 acquirit;
3288 4317 3532 4360 contem-

1943 4371 2103 4439 platio
2129 4381 2209 4424 est
2238 4373 2347 4436 ipsa
2379 4372 2601 4423 dulcedo
2623 4413 2636 4433 ,
2670 4388 2787 4439 qu:e
2809 4373 3066 4439 jucundat
3088 4371 3146 4426 et
3173 4374 3359 4428 reiicit.
3393 4376 3529 4430 Lee-

1945 4443 2017 4495 tio
2057 4442 2108 4494 in
2148 4441 2376 4503 cortice,
2406 4441 2679 4494 meditatio
2711 4441 2761 4493 in
2792 4442 2976 4509 adipe,
3005 4445 3175 4495 oratio
3199 4445 3247 4496 in
3280 4446 3530 4499 desiderii

1947 4511 2327 4576 postulatione,
2375 4511 2756 4576 contemplatio
2787 4512 2834 4563 in
2863 4512 3068 4579 adepta:
3095 4514 3392 4569 dulcedinis
3433 4517 3533 4569 de-

1945 4580 2243 4652 lectatione.
2290 4579 2439 4644 Quod
2473 4589 2528 4632 ut
2573 4581 2877 4647 expressius
2925 4583 3092 4637 videri
3139 4587 3332 4652 possit,
3365 4601 3528 4638 unum

1944 4651 2010 4702 de
2055 4650 2232 4702 multis
2279 4664 2570 4717 supponant
2600 4652 2922 4718 exemplum.
2977 4653 3031 4706 ln
3067 4650 3291 4708 lectione
3331 4655 3524 4716 audio,

1943 4719 2086 4792 Î’ÎµÎ±á¿„
2113 4719 2300 4792 mundo
2318 4719 2478 4792 corde
2496 4761 2509 4784 ,
2537 4721 2772 4792 quoniam
2817 4723 2913 4790 ipsi
2943 4721 3108 4777 Deum
3154 4725 3389 4776 videbunt
3419 4723 3528 4792 (Id.

1945 4807 2006 4854 Î³,
2041 4787 2116 4861 8).
2151 4791 2285 4861 Ecce
2316 4791 2474 4844 breve
2501 4787 2752 4861 verbum,
2805 4787 2895 4846 sed
2946 4809 3107 4846 suave
3157 4803 3210 4846 et
3258 4787 3531 4861 multiplici

1947 4859 2106 4915 sensu
2140 4859 2387 4914 refertum
2413 4901 2428 4924 ,
2457 4860 2522 4914 ad
2551 4871 2756 4929 pastum
2787 4863 2978 4916 animm
3005 4865 3153 4930 quasi
3185 4878 3340 4915 uvam
3373 4859 3533 4916 Î¹Î¹Î¹á¼±Î·á½¶-

1949 4930 2167 4990 stravit;
2199 4946 2356 5000 quam
2386 4942 2658 4999 postquam
2689 4933 2864 4985 anima
2895 4933 3172 5001 diligenter
3201 4933 3525 5002 inspexerit,

1908 5002 2077 5059 ,dicit
2110 5003 2244 5054 intra
2273 5016 2367 5066 se,
2400 5002 2579 5056 Potest
2623 5002 2820 5070 aliquid
2867 5002 2987 5054 boni
3033 5018 3187 5065 esse,
3238 5003 3419 5056 redibo
3463 5003 3530 5056 ad

1949 5087 2042 5125 cor
2073 5088 2249 5126 meum
2273 5112 2288 5135 ,
2333 5081 2386 5124 et
2413 5073 2624 5126 tentabo
2655 5073 2697 5124 si
2730 5071 2864 5124 forte
2895 5072 3188 5139 intelligere
3215 5082 3269 5126 et
3299 5074 3536 5127 invenire

1952 5152 2141 5212 potero
2186 5142 2495 5195 munditiam
2540 5141 2713 5193 hanc:
2751 5143 2974 5209 pretiosa
3008 5144 3146 5194 enim
3181 5154 3233 5196 (Î¹Î¹
3259 5143 3534 5196 desidera-

1952 5213 2072 5266 bilis
2115 5222 2200 5266 est
2249 5228 2332 5265 res
2364 5215 2457 5264 ista
2480 5252 2495 5277 ,
2523 5214 2673 5276 cujus
2701 5226 3040 5280 possessores
3073 5214 3208 5266 beati
3255 5213 3527 5276 dicuntur,

1953 5284 2144 5352 quibus
2172 5281 2306 5337 visio
2350 5281 2469 5342 Dei,
2501 5297 2630 5352 qua:
2657 5290 2738 5334 est
2764 5283 2866 5334 vita
2911 5293 3141 5346 aeterna,
3190 5284 3535 5351 promittitur,

1955 5351 2072 5421 qua:
2099 5362 2174 5406 tot
2205 5368 2371 5406 sacra:
2397 5351 2684 5421 Scriptura:
2711 5353 3026 5405 testimoniis
3047 5353 3395 5406 collaudatur.
3427 5354 3538 5408 llnc

1957 5439 2084 5494 ergo
2111 5424 2210 5477 sibi
2251 5423 2460 5492 plenius
2505 5421 2757 5494 cupiiCari
2805 5422 3147 5488 desiderans,
3194 5425 3373 5492 incipit
3404 5425 3542 5478 lianc

1960 5492 2116 5547 unam
2145 5495 2424 5548 masticare
2449 5502 2501 5544 et
2535 5492 2776 5560 frangere
2796 5508 3066 5560 ,teamque
3097 5496 3244 5562 quasi
3267 5494 3321 5547 in
3355 5504 3538 5548 torcu-

1961 5566 2055 5618 lari
2085 5564 2262 5633 ponit;
2309 5563 2498 5617 deinde
2542 5566 2742 5633 excitat
2768 5563 3024 5633 rationem
3057 5565 3121 5617 ad
3168 5565 3541 5632 inquirendum

1960 5631 2186 5706 quidsit
2205 5674 2219 5696 ,
2247 5644 2300 5706 cl.
2327 5631 2806 5706 quontodababeri
2833 5634 2995 5702 possit
3017 5632 3131 5689 haec
3156 5631 3288 5689 adeo
3317 5637 3546 5704 pretiosa

1965 5701 2017 5761 et
2045 5701 2405 5757 ilesidcrabiiis
2433 5701 2708 5755 munditia.

2033 5775 2255 5830 CAPUT
2287 5772 2368 5826 lll.
2396 5773 2448 5826 Îœ
2457 5771 2740 5826 editationis
2779 5772 3011 5844 officium.
3041 5774 3264 5830 Scientia
3285 5776 3334 5830 in
3357 5773 3504 5828 malis
3525 5812 3542 5840 ,
