4076 6370
342 374 480 436 ίοοι

338 499 547 560 tantur,
572 504 734 562 quam
758 488 917 548 dulce
940 483 1354 562 eritgaudium,
1385 486 1529 559 quod
1552 502 1620 562 ex
1638 488 1928 546 manifesta

340 565 418 620 tui
448 557 655 644 visione
693 564 933 644 capietur
946 561 985 644 ?_
1010 557 1230 644 Si'adeo
1256 557 1523 644 duice'est
1543 557 1675 644 itere
1696 576 1795 644 pro
1838 569 1927 644 ιεἐ

340 649 503 704 quam
526 633 683 705 dulce
725 629 828 689 erit
850 632 1081 705 gaudere
1106 631 1175 688 de
1197 629 1293 705 te?
1336 629 1443 705 Sed
1471 630 1597 705 quid
1619 629 1930 705 hujusmudi

339 701 549 760 secreta
569 704 829 775 colloquia
854 701 1171 775 proferimus
1194 703 1249 757 in
1274 702 1541 775 publicum
1565 701 1724 775 ?Cur_
1744 702 1931 758 ineﬂ‘a-

339 776 476 831 biles
503 786 556 831 et
584 773 968 831 inenarrabiles
994 774 1215 829 allectus
1240 773 1416 829 verbis
1440 773 1811 829 communibus
1836 788 1931 828 co-

340 862 533 902 namur
580 847 923 916 exprimere?
967 844 1235 915 Inexperti
1282 845 1407 900 talia
1448 860 1555 898 non
1592 843 1930 914 intelligunt,

339 918 444 972 nisi
474 933 538 974 ea
576 918 878 986 expressius
912 917 1091 987 legant
1120 917 1170 971 in
1202 916 1340 973 libro
1382 916 1753 985 experientiae,
1798 931 1933 986 quos

338 988 455 1057 ipsa
478 989 671 1045 doceat
693 989 891 1044 unctio.
938 989 1106 1043 Aliter
1144 995 1321 1041 autem
1366 987 1539 1041 littera
1566 987 1799 1042 exterior
1826 1003 1931 1042 non

338 1060 559 1129 prodest
587 1059 872 1129 quidquam
904 1059 1121 1131 legenti.
1152 1057 1415 1131 Modicum
1442 1057 1626 1131 sapida
1668 1066 1752 1113 est
1776 1058 1934 1114 lectio

338 1131 626 1187 exterioris
654 1131 846 1202 litterae
866 1173 883 1200 ,
912 1129 1014 1186 nisi
1040 1130 1273 1202 glossam
1301 1138 1355 1184 et
1380 1129 1689 1185 interiorem
1713 1144 1931 1185 sensum

336 1212 515 1256 sumat
543 1217 608 1257 ex
637 1201 818 1257 corde.

414 1272 642 1328 CAPUT
701 1272 806 1327 VII.
861 1271 939 1327 De
991 1273 1167 1343 gratia:
1232 1272 1585 1327 occultatione.
1637 1270 1682 1328 Ο
1732 1273 1930 1342 anima,

335 1342 433 1399 diu
479 1344 835 1414 protraximus
879 1342 1205 1414 sermonem.
1237 1343 1444 1398 Bonum
1490 1344 1634 1399 enim
1684 1353 1801 1400 erat
1830 1358 1934 1399 nos

336 1415 430 1470 hic
481 1413 635 1483 esse,
666 1429 789 1470 cum
815 1415 976 1470 Petro
1018 1422 1073 1469 et
1095 1413 1300 1470 Joanne
1324 1414 1673 1484 contemplari
1709 1416 1932 1485 gloriam

335 1486 552 1555 sponsi,
584 1495 638 1542 et
663 1486 755 1540 diu
780 1500 995 1540 manere
1020 1500 1141 1540 cum
1170 1485 1262 1540 illo
1280 1526 1294 1549 ,
1322 1486 1367 1540 si
1390 1485 1547 1540 vellet
1572 1485 1658 1540 hic
1682 1486 1797 1541 ﬁeri
1824 1501 1933 1541 non

336 1555 451 1612 duo
470 1598 483 1623 ,
515 1572 620 1612 non
667 1557 767 1612 tria
814 1556 1183 1622 tabernacula,
1213 1556 1307 1611 sed
1337 1571 1535 1627 unum,
1568 1556 1620 1627 in
1646 1572 1752 1627 quo
1783 1572 1932 1613 esse-

335 1642 462 1683 mus
489 1628 684 1689 simul.
732 1635 787 1682 et
830 1628 990 1683 simul
1035 1627 1443 1683 delectaremur.
1488 1625 1595 1683 Sed
1643 1625 1754 1697 jam
1804 1627 1933 1685 dicit

336 1713 597 1767 sponsus,
644 1698 863 1754 Dimitte
903 1714 1028 1766 me;
1072 1697 1183 1766 jam
1230 1699 1372 1753 enim
1411 1697 1652 1753 ascendit
1696 1713 1924 1765 aurora,

330 1770 444 1839 jam
487 1770 666 1825 lumen
709 1771 891 1839 gratiae
920 1777 974 1823 et
998 1769 1350 1824 visitationem
1382 1784 1541 1838 quam
1588 1768 1928 1837 desiderabas

335 1840 610 1909 accepisti.
644 1841 773 1895 Data
799 1854 927 1910 ergo
954 1840 1354 1905 benedictione,
1397 1839 1717 1910 mortiﬁcato
1761 1856 1927 1897 nervo

334 1911 555 1967 femoris
575 1954 590 1978 ,
617 1919 671 1966 et
698 1909 900 1966 mutato
944 1911 1157 1966 nomine
1184 1910 1251 1965 de
1277 1909 1442 1965 Jacob
1472 1910 1525 1965 in
1568 1910 1761 1977 Israel,
1795 1928 1925 1981 pau-

333 1982 505 2051 lisper
529 1982 730 2038 secedit
769 1996 998 2051 sponsus
1024 1981 1114 2036 diu
1165 1981 1528 2047 desideratus,
1560 1982 1667 2037 cito
1693 1984 1924 2050 elapsus.

332 2052 610 2109 Snbtrahit
639 2054 696 2107 se
726 2061 831 2107 tam
875 2068 906 2107 a
938 2052 1185 2123 prmdicta
1214 2052 1447 2120 visione,
1492 2068 1651 2123 quam
1681 2069 1710 2107 a
1749 2054 1931 2110 dulce-

331 2124 462 2179 dine
490 2124 953 2196 contemplationis
986 2142 999 2178 :
1028 2130 1209 2179 manet
1250 2131 1433 2196 tamen
1472 2138 1713 2196 praesens
1758 2141 1931 2196 quan-

333 2204 450 2250 tum
480 2196 546 2268 ad
573 2195 1039 2266 gubernationem,
1088 2204 1343 2267 quantum
1372 2194 1439 2250 ad
1467 2194 1725 2267 gloriam,
1756 2194 1931 2268 (juan-

333 2274 450 2321 tum
474 2267 539 2321 ad
571 2268 862 2321 unionem‘.

409 2338 634 2393 CAPUT
668 2336 803 2392 VIII.
860 2336 963 2391 Cur
991 2336 1063 2391 ita
1088 2336 1157 2390 ad
1183 2346 1380 2408 tempus
1408 2338 1704 2392 occultetur.
1727 2335 1835 2393 Sed
1862 2354 1929 2395 ne

331 2409 529 2464 timeas
548 2450 563 2476 ,
589 2424 624 2463 o
646 2423 843 2479 sponsa
866 2449 882 2473 ,
910 2424 978 2463 ne
1004 2408 1255 2479 desperes
1282 2448 1298 2474 ,
1332 2424 1398 2462 ne
1418 2409 1693 2464 existimes
1727 2416 1780 2479 te
1800 2424 1932 2464 con-

331 2480 502 2534 temni
530 2522 545 2546 ,
592 2482 637 2534 si
678 2477 963 2550 paulisper
1009 2477 1117 2534 tibi
1148 2479 1415 2534 subtrahit
1456 2494 1686 2550 sponsus
1734 2477 1931 2535 faciem

332 2564 510 2605 suam.
550 2550 740 2606 Omnia
769 2552 867 2606 ista
911 2558 1267 2620 cooperantur
1295 2550 1389 2605 tibi
1432 2552 1484 2604 in
1514 2551 1712 2606 bonum
1744 2591 1759 2617 ,
1789 2560 1842 2605 et
1863 2552 1931 2608 de

332 2636 558 2677 accessu
586 2631 641 2677 et
668 2637 883 2678 recessu
909 2621 1112 2676 lucrum
1141 2621 1393 2691 acquiris.
1420 2621 1537 2676 Tibi
1567 2622 1731 2689 venit,
1759 2622 1853 2677 tibi
1877 2633 1931 2680 et

332 2693 561 2748 recedit.
592 2693 749 2749 Venit
764 2691 830 2747 ad
861 2693 1302 2759 consolationem,
1322 2692 1606 2748 receditad
1626 2694 1885 2749 cautelam
1912 2713 1927 2749 :

337 2778 409 2819 ne
438 2763 749 2837 magnitudo
772 2763 1156 2837 consolationis
1182 2765 1402 2819 extollat
1430 2773 1480 2819 te
1513 2782 1525 2818 :
1560 2780 1625 2821 ne
1651 2764 1695 2837 si
1715 2778 1930 2837 semper

331 2834 479 2905 apud
511 2834 561 2889 te
586 2837 655 2890 sit
679 2850 907 2906 sponsus
927 2877 941 2899 ,
975 2835 1197 2905 incipias
1225 2844 1570 2891 contemnere
1596 2834 1805 2891 sodales
1832 2834 1851 2901 ξ
1875 2847 1931 2894 ει

332 2906 478 2961 hanc
518 2907 824 2961 continuam
872 2906 1228 2976 visitationem
1270 2920 1376 2960 non
1410 2906 1520 2975 jam
1549 2907 1732 2976 gratia:
1773 2908 1928 2963 attri-

333 2976 505 3041 buas,
532 2977 627 3032 sed
671 2986 893 3031 naturm.
916 2975 1065 3031 Hanc
1101 2984 1279 3030 autem
1314 2975 1674 3047 gratiam’cui
1725 2978 1839 3034 vult
1874 2987 1931 3036 et

334 3048 551 3117 quando
575 3049 687 3103 vult
715 3062 943 3117 sponsus
978 3047 1200 3113 tribuit,
1231 3063 1337 3102 non
1375 3049 1523 3117 quasi
1548 3049 1668 3117 jure
1695 3048 1925 3106 heeredi-

337 3120 477 3190 tario
508 3119 826 3188 possidetur.
854 3118 1081 3189 Vulgare
1103 3118 1439 3188 proverbium
1465 3128 1568 3187 est,
1592 3121 1734 3190 quod
1766 3122 1929 3178 nimia

334 3188 671 3261 familiaritas
697 3192 834 3261 parit
853 3188 1236 3260 contemptum.
1267 3190 1489 3244 Rccedit
1514 3188 1641 3260 ergo
1661 3234 1674 3255 ,
1704 3209 1769 3248 ne
1791 3193 1930 3250 forte

336 3257 498 3316 nimis
524 3257 768 3316 assiduus
793 3257 1182 3325 contemnatur,
1214 3268 1267 3315 et
1293 3261 1486 3316 absens
1507 3257 1676 3332 magis
1716 3263 1929 3321 deside-

335 3340 515 3405 retur,
560 3332 895 3388 desideratus
938 3332 1161 3405 avidius_
1189 3340 1489 3405 quaeratur,
1533 3333 1621 3387 diu
1673 3336 1929 3405 quicsitus

338 3403 552 3475 tandem
572 3405 770 3473 gratius
792 3405 1110 3475 inveniatur.
1136 3403 1397 3475 Printerea
1415 3403 1459 3456 si
1481 3403 1751 3475 nunquam
1772 3407 1929 3463 dces-

336 3482 420 3528 set
449 3473 534 3547 hic
557 3476 853 3547 consolatio
879 3474 1045 3547 (quae
1062 3483 1307 3547 respectu
1333 3473 1523 3530 futurae
1549 3473 1730 3545 gloriae
1754 3520 1768 3543 ,
1810 3496 1929 3547 qua:

333 3545 658 3622 revelabitur
687 3546 736 3600 in
759 3545 1282 3622 nobis,_aenigm_atica
1298 3553 1377 3600 εει
1393 3553 1528 3622 etex
1550 3557 1699 3618 parte
1721 3548 1740 3622 [
1764 3550 1783 3603 I
1807 3545 1924 3606 Cor.

335 3630 456 3684 xm,
473 3614 922 3688 12]),putaremus
934 3614 1069 3671 forte
1091 3616 1175 3670 hic
1198 3614 1396 3688 habere
1419 3614 1687 3688 civitatem
1710 3614 1931 3677 manen-

337 3693 471 3765 iem,
500 3686 559 3741 et
578 3688 753 3765 minus
780 3688 1168 3765 inquireremus
1195 3686 1422 3741 futuram
1449 3687 1631 3765 (Hebr.
1664 3706 1778 3765 xttt,
1812 3693 1926 3765 14).

333 3755 418 3812 Ne
442 3772 571 3835 ergo
598 3755 1191 3835 exsilium—deputemus
1221 3773 1318 3828 pro
1346 3755 1515 3828 patria
1538 3755 1801 3835 ,iarrham
1830 3755 1930 3835 pro

336 3829 497 3898 pretii
540 3844 784 3905 summa;
814 3830 960 3884 venit
1004 3844 1232 3905 sponsus
1256 3869 1271 3895 ,
1299 3839 1354 3884 et
1396 3832 1598 3905 recedit
1650 3829 1884 3890 vicissim
1908 3878 1926 3905 ,

334 3912 485 3955 nunc
527 3901 946 3955 consolationem
988 3900 1246 3969 atl‘erens,
1276 3915 1417 3955 nunc
1446 3903 1750 3960 universum
1789 3900 1928 3962 stral

336 3978 455 4025 tum
503 3981 743 4047 nostrum
788 3972 843 4025 in
897 3972 1202 4026 inﬁrmitate
1256 3982 1629 4047 commutans:
1662 3976 1930 4047 paulisper

337 4055 442 4119 nos
487 4043 744 4119 permittit
768 4050 1169 4119 gustarequam
1214 4044 1391 4119 suavis
1417 4052 1622 4119 est,‘et
1644 4043 1930 4119 antequam

337 4113 501 4183 plene
528 4112 820 4168 sentiamus
840 4129 899 4169 se
918 4112 1201 4180 subtrahit;
1231 4122 1286 4168 et
1313 4113 1386 4169 ita
1412 4116 1565 4185 quasi
1610 4117 1708 4174 alis
1730 4112 1931 4185 expan-

336 4186 416 4255 sis
461 4199 620 4254 supra
674 4200 772 4239 nos
815 4185 1063 4253 volitans,
1088 4192 1341 4255 provocat
1374 4200 1471 4240 nos
1516 4186 1584 4243 ad
1618 4185 1929 4249 velandum.

336 4254 509 4329 Quasi
537 4255 678 4329 dicat
699 4256 883 4329 ,_Ecee
908 4254 1099 4329 parum
1120 4257 1375 4327 gustaStis
1410 4273 1571 4329 quam
1600 4263 1777 4318 suavis
1810 4277 1931 4321 sum

337 4332 397 4381 et
419 4326 623 4405 dulcis;
652 4327 746 4383 sed
770 4329 816 4383 si
840 4329 1016 4405 v_ultis_
1034 4326 1192 4398 plene
1222 4326 1447 4384 saturari
1474 4330 1576 4387 hac
1602 4331 1883 4392 dulcedine
1910 4377 1928 4405 ,

337 4400 540 4477 currite
586 4408 708 4469 post
745 4415 831 4455 mc
872 4401 925 4453 in
953 4399 1169 4477 odorem
1193 4409 1601 4477 unguentorum
1646 4399 1928 4477 meorum,

337 4468 604 4541 habentes
652 4485 863 4526 sursum
910 4471 1105 4535 corda,
1156 4469 1245 4525 ubi
1291 4468 1389 4541 ego
1444 4487 1562 4527 sum
1607 4477 1659 4529 in
1708 4468 1929 4533 dextera

340 4540 441 4615 Dei
488 4540 679 4595 Patris.
729 4541 806 4615 Ibi
845 4541 1091 4615 videbitis
1134 4556 1251 4615 me,
1278 4540 1386 4597 non
1434 4558 1529 4615 per
1563 4548 1833 4615 speculum
1876 4550 1932 4604 in

337 4612 626 4682 :cnigmate
658 4653 671 4675 ,
705 4612 799 4667 sed
843 4612 974 4667 facie
1024 4611 1089 4688 ad
1134 4610 1321 4667 faciem
1355 4630 1367 4665 :
1396 4610 1450 4667 et
1478 4610 1635 4684 plene
1682 4619 1933 4688 gaudebit

338 4697 460 4809 eo;
493 4692 725 4737 vestrum
759 4726 773 4749 ,
823 4694 874 4739 et
920 4683 1171 4755 gaudium
1220 4693 1454 4739 vestrum
1500 4701 1656 4743 nemo
1685 4683 1857 4745 'tollet
1899 4705 1930 4746 a

338 4768 407 4808 vo
451 4768 513 4807 IS.

338 4768 513 4808 νουιε.

413 4824 642 4903 CAPUT
669 4823 759 4880 ΙΧ.
794 4825 957 4903 Quam
985 4835 1127 4881 caute
1166 4835 1281 4881 tunc
1322 4843 1378 4903 se
1410 4844 1581 4903 gerere
1607 4830 1816 4903 quisque
1845 4833 1932 4887 de-

340 4894 475 4949 beat.
493 4897 599 4952 Sed
618 4911 747 4974 cave
772 4898 938 4974 tibi,_o_
958 4912 1181 4974 sponsa;
1206 4894 1680 4974 quando'absetitilt
1702 4894 1760 4958 se
1781 4919 1934 4974 spon-

340 4981 455 5043 sus,
489 4981 589 5021 non
618 4967 773 5039 longe
801 4968 996 5043 abibit;
1023 4969 1124 5023 etsi
1151 4967 1256 5043 non
1279 4970 1424 5025 vides
1450 4988 1593 5038 cum,
1620 4973 1732 5043 ipse
1755 4967 1932 5031 tamen

342 5037 488 5093 videt
510 5048 559 5093 te
580 5037 809 5116 semper,
839 5039 1025 5116 plenus
1049 5040 1215 5116 oculis
1239 5050 1362 5116 ante
1384 5050 1438 5098 et
1462 5037 1931 5116 rctrofnunquam

343 5117 499 5179 potes
531 5125 655 5165 eum
697 5112 878 5166 latere.
914 5111 1082 5167 Ilabet
1113 5112 1271 5166 etiam
1302 5114 1441 5168 circa
1479 5122 1529 5170 te
1563 5111 1932 5173 nuntios-suos

342 5181 593 5254 Spiritus,
626 5183 774 5254 quasi
816 5183 1185 5254 sagacissimus
1214 5183 1610 5253 exploratores;
1639 5195 1695 5241 ut
1719 5187 1935 5244 videant

342 5252 613 5324 quomodo
643 5252 860 5309 absente
884 5252 1087 5324 sponso
1115 5254 1479 5321 converSeris;
1511 5266 1564 5312 et
1596 5252 1853 5314 accusant
1882 5270 1934 5316 te

341 5323 677 5396 cor_am_ipso
690 5366 720 5396 ,_
734 5325 778 5377 si
809 5323 980 5396 aliqua
1008 5326 1153 5396 signa
1186 5325 1413 5381 lascivia:
1436 5335 1491 5382 et
1516 5330 1850 5387 scurrilitatis
1880 5331 1933 5387 in

345 5394 885 5468 leideprelienderint.
898 5394 1195 5467 Zelotypus
1216 5404 1297 5452 est
1319 5412 1547 5468 sponsus
1569 5400 1689 5458 iste.
1713 5401 1768 5457 Si
1794 5400 1935 5458 forte

348 5464 508 5541 alium
536 5475 839 5541 amatorem;
856 5464 1148 5541 acceperis,
1178 5470 1222 5522 si
1248 5464 1365 5541 aliis
1392 5472 1559 5540 magis
1586 5473 1794 5541 placere
1822 5481 1935 5529 stu.

344 5534 560 5601 dueris;
588 5538 764 5591 statim
791 5534 1021 5593 discedet
1053 5554 1083 5593 a
1111 5534 1181 5605 te,
1212 5550 1261 5594 et
1288 5540 1407 5595 aliis
1435 5534 1730 5599 adhaerebit
1753 5544 1936 5601 adole-

343 5608 627 5679 scentulis.
653 5608 914 5663 Delicatus
942 5618 1024 5664 est
1052 5624 1277 5679 Sponsus
1308 5611 1406 5665 iste
1426 5654 1439 5678 ,
1475 5614 1663 5667 nobilis
1698 5624 1750 5670 et
1783 5617 1933 5673 dives

344 5688 462 5744 est,
488 5678 762 5750 speciosus
789 5680 958 5736 forma
987 5678 1101 5750 pne
1132 5681 1253 5737 tiliis
1278 5680 1551 5739 hominum
1580 5683 1749 5757 (Psal.
1781 5702 1934 5758 xuv,

409 5814 848 5894 LéPEdPPWd'
876 5817 985 5894 ιιτθο
1000 5830 1101 5868 "0“
1131 5824 1276 5885 sum:
1317 5825 1545 5885 ηυαηιαω
1583 5823 1650 5877 αα
1693 5822 1931 5894 θιοτίαιηι

344 5883 576 5947 quamam
597 5879 662 5931 ad
684 5879 926 5932 unionem.

627 5969 854 6039 SANGT.
902 5971 1177 6035 Αυευετ.
1221 5968 1330 6037 Vl.

1686 362 1908 427 SCALA
1944 354 2283 428 PARADISI.

3493 378 3641 446 100!

2040 487 2134 559 5);
2164 496 2230 572 et
2241 486 2365 572 ideo
2388 487 2626 572 nonnisi
2649 487 3216 572 speciosam-dignatur
3240 495 3444 556 habere
3464 516 3634 572 spon-

2038 572 2173 614 sam.
2198 559 2257 637 Si
2280 559 2543 637 videritin
2568 570 2619 617 te
2643 559 2901 637 maculam
2923 559 3262 637 sive'rugam,
3288 574 3466 628 statim
3486 559 3637 629 aver-

2040 638 2116 685 tet
2142 630 2343 686 oculos.
2369 629 2577 687 Nullam
2607 632 2750 688 enim
2776 629 3167 693 immunditiam
3196 629 3373 699 potest
3395 644 3634 699 sustine-

2038 716 2117 756 re.
2147 701 2279 756 Esto
2303 717 2431 772 ergo
2455 711 2621 767 casta,
2649 713 2768 778 esto
2790 706 3091 763 verecunda
3117 717 3173 764 et
3197 701 3444 778 humilis;
3471 723 3529 769 ut
3553 716 3635 771 sic

2038 780 2417 850 asponsotuo
2450 774 2707 850 merearis
2747 776 3052 850 frequenter
3087 779 3312 850 visitari.
3345 774 3533 840 Timeo
3563 800 3635 843 ne

2037 841 2236 925 diutius
2256 843 2543 925 detinueiit
2566 860 2664 925 nos
2690 841 2868 925 sermo
2898 849 3029 925 iste;
3058 851 3152 925 sed
3177 849 3244 906 ad
3274 851 3387 908 haec
3411 841 3637 925 compu;

2040 914 2099 968 lit
2123 930 2209 995 me
2228 917 2454 995 materia
2480 915 2670 972 fertilis
2695 919 2892 986 pariter
2910 929 2964 995 et
2988 920 3192 995 dulcis;
3214 939 3373 995 quam
3400 940 3501 995 ego
3525 914 3635 983 non

2041 985 2416 1065 protrahebam
2456 985 2779 1065 spontaneus
2797 1031 2812 1058 ,
2842 990 2939 1046 sed
2964 993 3145 1049 nescio
3171 985 3274 1064 qua
3301 994 3419 1065 ejus
3433 985 3635 1053 dulce-

2039 1054 2163 1110 dine
2192 1055 2440 1109 trahebar
2469 1054 2682 1112 invitus.

2108 1124 2336 1183 CAPUT
2362 1127 2432 1181 X.
2464 1126 2853 1208 Recapitulatio.
2883 1132 3311 1208 Quampmdictt'
3334 1138 3526 1208 gradus
3553 1141 3638 1197 in-

2041 1205 2114 1278 ter
2149 1214 2202 1280 se
2230 1201 2571 1280 concatenuti.
2600 1201 2670 1280 Dt
2706 1216 2834 1280 ergo
2870 1201 3266 1280 qugdiﬁ‘usius
3301 1201 3443 1265 dicta
3472 1220 3639 1280 sunt,

2039 1269 2195 1323 simul
2219 1272 2402 1338 juncta
2427 1271 2509 1351 vel
2538 1272 2687 1351 u_nita_
2709 1269 2903 1351 melius
2923 1275 3223 1351 videaniur,
3252 1269 3638 1351 praedictorum

2038 1353 2300 1421 summam
2327 1342 2725 1410 recapitulando
2747 1345 3077 1421 colligamus.
3105 1342 3331 1404 Sicut'in
3362 1352 3638 1421 praedictis

2040 1411 2297 1493 exemplis
2319 1421 2667 1493 prmnotatum
2690 1423 2793 1483 est,
2817 1411 2985 1493 videri
3008 1426 3187 1487 potest
3206 1411 3473 1493 quomodo
3494 1440 3641 1493 pra:-

2039 1479 2166 1536 dicti
2201 1479 2401 1559 gradus
2434 1479 2858 1559 cohaereant;:et
2893 1479 3030 1559 sicui
3060 1479 3445 1559 temporaliter,
3478 1479 3549 1549 ita
3580 1479 3638 1552 et

2038 1553 2324 1631 causaliter
2347 1568 2407 1609 se
2432 1555 2751 1631 praecedant2
2774 1557 2956 1613 Lectio
2976 1559 3119 1631 enim
3140 1553 3291 1631 quasi
3318 1553 3638 1621 fundamen-

2039 1630 2150 1677 tum
2176 1624 2345 1693 prima
2366 1628 2620 1691 occurrit,
2645 1635 2699 1681 et
2720 1628 2842 1684 data
2870 1630 3089 1685 materia
3114 1624 3279 1687 mittit
3302 1649 3401 1689 nos
3425 1636 3493 1690 ad
3520 1651 3636 1693 me-

2037 1693 2371 1772 ditationem.
2404 1695 2675 1772 Meditatio
2704 1714 2832 1772 vero
2846 1700 2985 1772 Aquid
3018 1703 3375 1772 appetendum
3413 1707 3482 1762 sit
3507 1707 3635 1763 dili-

2038 1765 2247 1848 gentius
2276 1766 2514 1848 inquirit,
2545 1778 2597 1823 et
2623 1770 2775 1839 quasi
2802 1765 3069 1848 eﬁ‘odiens
3090 1765 3398 1848 thesaurum
3431 1778 3637 1835 invenit

2038 1842 2095 1916 et
2118 1837 2383 1916 ostendit;
2412 1838 2505 1916 sed
2530 1837 2656 1894 cuni
2679 1856 2773 1916 per
2798 1856 2858 1916 s_e
2884 1842 3125 1916 obtinere
3152 1859 3257 1899 non
3284 1847 3477 1914 valeat,
3507 1850 3636 1905 mit-

2040 1907 2103 1989 iit
2127 1921 2224 1988 nos
2245 1907 2313 1963 ad
2336 1909 2652 1989 orationem.
2678 1907 2863 1989 Oratio
2884 1927 2943 1967 se
2966 1914 3088 1989 totis
3108 1916 3308 1989 viribus
3324 1907 3541 1989 erigens
3560 1920 3635 1977 ad

2038 1974 2321 2056 Dominum
2342 2020 2367 2056 ,_
2390 1980 2637 2056 impetrat
2670 1982 2977 2056 thesaurum
3014 1974 3465 2056 desiderabilem",
3495 1974 3635 2047 con:

2038 2049 2397 2130 templationis
2428 2052 2760 2130 suavitatem.
2789 2053 2915 2110 Haec
2948 2064 3130 2130 autem
3163 2049 3456 2115 adveniens.
3488 2077 3632 2130 prte-

2036 2117 2299 2193 dictOrum
2322 2121 2477 2175 trium
2500 2122 2737 2178 laborem
2756 2136 3079 2193 remunerat,
3099 2127 3227 2183 dum
3248 2117 3636 2190 caelestis-rore

2037 2188 2333 2272 dulcedinis
2359 2193 2591 2272 animam
2616 2194 2883 2272 sitientem
2912 2188 3162 2272 inebriat:
3192 2200 3371 2272 Lectio
3395 2218 3523 2272 ergo
3548 2188 3635 2260 est

2036 2261 2330 2332 secundum
2367 2263 2602 2318 exterius
2640 2267 2987 2332 exercitium;
3025 2270 3298 2325 meditatio
3335 2261 3635 2331 secundum

2036 2330 2352 2413 interiorem
2364 2333 2697 2413 intellectum
2719 2354 2733 2402 ;
2757 2337 2929 2392 oratio
2950 2330 3242 2413 secundum
3262 2330 3631 2413 desiderium

2035 2403 2415 2479 contempiatio
2452 2417 2612 2479 super
2655 2420 2869 2479 omnem
2907 2424 3146 2464 sensum.
3186 2412 3398 2467 Primus
3432 2403 3634 2479 gradus

2035 2480 2118 2527 est
2145 2473 2541 2549 incipientium;
2564 2475 2841 2549 Secundus
2866 2488 2950 2534 est
2978 2480 3388 2549 proficientium.
3416 2473 3633 2545 Tertius

2035 2552 2117 2598 est
2145 2543 2482 2599 devotorum.
2509 2545 2740 2611 Quartus
2766 2543 3064 2605 beatorum.

2105 2614 2178 2690 ili
2196 2625 2371 2690 autem
2393 2617 2588 2690 gradus
2613 2618 2684 2690 ita
2709 2623 3042 2676 concatenati
3067 2634 3208 2690 sunt,
3234 2634 3288 2680 et
3308 2626 3507 2685 vicaria
3528 2644 3561 2685 ο

2105 2645 2172 2670 ιιι
2196 2645 2371 2671 auwm
2393 2645 2588 2686 stauua
2613 2645 2684 2672 ιιίι
2709 2645 3042 2676 cuuculetlau
3067 2645 3208 2690 sunt,
3234 2645 3288 2680 ει
3308 2645 3507 2685 Ἥρω-ιιι
3528 2645 3561 2685 ο

2034 2684 2137 2741 sibi
2166 2686 2392 2761 invicem
2424 2687 2761 2753 deserviunt,
2792 2692 2934 2759 quod
2969 2695 3327 2761 prmcedentes
3353 2698 3469 2754 sine
3496 2645 3633 2756 sug‘3

2033 2758 2383 2839 sequentibus
2421 2768 2738 2839 aut_parum
2773 2758 2864 2816 aut
2898 2758 3029 2817 nihil
3073 2767 3310 2834 prosint;
3341 2780 3633 2839 sequentes

2033 2842 2162 2909 vero
2187 2828 2306 2883 sine
2325 2829 2783 2909 prmcedentibu_s,
2817 2843 2906 2887 aut
2934 2828 3090 2909 raro,
3110 2846 3205 2909 aut
3231 2828 3497 2909 nunquam
3529 2828 3632 2898 haé

2033 2897 2148 2953 beri
2198 2898 2420 2968 possint.
2469 2901 2603 2966 Quid
2648 2902 2790 2956 enim
2844 2897 3632 2972 prodest'leetione'continua

2033 2977 2243 3051 tempus
2272 2985 2552 3051 occupare,
2581 2983 2888 3051 sanctorum
2917 2986 3062 3051 gesta
3091 2987 3146 3051 et
3172 2980 3370 3047 scripta
3399 2982 3628 3051 legendo

2035 3047 2420 3120 transcurrere,
2450 3043 2551 3096 nisi
2576 3058 2639 3097 ea
2665 3046 2822 3098 etiam
2849 3043 3179 3120 masticando
3205 3059 3260 3104 et
3286 3043 3628 3120 rumiimndo,

2033 3127 2249 3189 succum
2279 3113 2580 3189 elicianuis,
2613 3124 2667 3170 et
2701 3117 3120 3189 transglutiendo
3146 3136 3311 3189 usque
3348 3123 3414 3175 ad
3451 3113 3630 3183 cordis

2034 3182 2221 3239 intima
2249 3177 2700 3250 transmiitamus;
2729 3195 2786 3240 ut
2811 3177 2886 3261 εξ
2905 3187 2988 3241 his
3014 3177 3294 3261 diligenter
3319 3177 3631 3250 considere;

2033 3270 2155 3309 mus
2180 3264 2371 3309 statum
2387 3266 2661 3335 _nostrum,
2693 3266 2746 3311 et
2771 3258 3077 3335 Studeamus
3101 3258 3285 3335 eorum
3315 3279 3477 3332 opera
3504 3282 3631 3335 age-

2033 3340 2111 3390 re,
2138 3341 2359 3402 quorum
2384 3324 2520 3381 facta
2542 3328 2785 3402 cupimus
2805 3329 3079 3385 lectitare?
3100 3332 3202 3386 Sed
3223 3324 3491 3402 quomodo
3515 3324 3630 3394 haec

2034 3395 2402 3471 cogitabimus,
2431 3408 2520 3471 au_t
2545 3399 2812 3471 quomodo
2841 3414 3033 3456 cavere
3062 3395 3372 3471 poterimus,
3403 3423 3470 3462 ne
3495 3407 3628 3465 falsa

2034 3479 2123 3549 alii
2160 3467 2333 3521 inania
2362 3468 2603 3549 quaedam
2643 3469 2947 3527 meditando
2966 3513 2981 3539 ,
3007 3467 3210 3549 limites
3237 3490 3270 3531 a
3298 3467 3496 3549 sanctis
3530 3494 3632 3549 pa-

2036 3538 2203 3619 tribus
2228 3538 2546 3619 constitutos
2564 3551 2939 3619 _trauseamus;
2968 3538 3067 3619 nisi
3098 3545 3411 3619 priusicirca
3438 3538 3628 3619 hujus-

2032 3609 2178 3663 modi
2210 3620 2332 3665 ante
2362 3625 2425 3664 ex
2458 3610 2683 3666 lectione
2710 3625 2801 3667 aut
2825 3629 2889 3669 ex
2920 3609 3388 3673 anditn’fuerimns
3424 3609 3631 3677 instru-

2034 3679 2368 3756 dti?_audi_tus
2390 3682 2532 3756 enim
2554 3682 2782 3751 quodam
2806 3685 2964 3740 modo
2986 3688 3214 3756 pertinet
3232 3688 3297 3742 ad
3320 3690 3627 3748 lectionem.

2032 3748 2188 3828 [inde
2213 3748 2677 3828 solempsdicere,
2707 3768 2812 3828 non
2837 3748 3015 3828 solum
3054 3758 3215 3814 libros
3246 3759 3390 3828 ipsos
3417 3778 3515 3817 nos
3546 3766 3632 3819 Ie-

2034 3823 2195 3893 gissc,
2214 3838 2348 3892 quos
2364 3823 2522 3897 nobis
2543 3824 2673 3897 ipsis
2689 3825 2774 3897 vel
2800 3826 2916 3897 aliis
2939 3827 3183 3897 legimus,
3206 3823 3298 3883 sed
3324 3833 3483 3886 etiam
3505 3834 3630 3893 illos

2034 3908 2167 3974 quos
2187 3909 2217 3946 a
2239 3894 2505 3974 magistris
2526 3893 2843 3950 audivimus.
2864 3893 3140 3974 Iteui'quid
3163 3900 3380 3974 prodest
3400 3902 3627 3974 homini,

2034 3963 2080 4039 si
2106 3977 2200 4039 per
2225 3963 2765 4039 meditationemqua:
2790 3968 2991 4036 agenda
3012 3963 3138 4025 sunt
3160 3963 3357 4039 videat,
3382 3974 3483 4029 nisi
3509 3963 3634 4033 ora;

2036 4033 2200 4107 tionis
2222 4035 2431 4107 auxilio
2461 4045 2511 4089 ct
2551 4036 2640 4090 Dei
2664 4033 2847 4107 gratitf
2867 4038 2932 4094 ad
2966 4055 3028 4094 ea
3058 4033 3354 4097 obtinenda
3373 4048 3632 4105 convale‘

2033 4105 2180 4160 seat?
2208 4105 2376 4180 Omne
2418 4105 2693 4176 siquidem
2710 4109 2885 4163 datum
2907 4111 3175 4180 Optimum,
3198 4122 3243 4167 et
3268 4131 3415 4171 omne
3438 4118 3633 4176 donum

2035 4180 2309 4248 perfectum
2343 4177 2605 4248 desursum
2641 4188 2739 4241 est,
2777 4177 3082 4237 descendens
3116 4177 3343 4239 a’Patre
3379 4189 3631 4246 luminum

2036 4245 2247 4330 {Jacobi
2279 4246 2465 4330 1,}.7)‘
2488 4266 2501 4303 :
2528 4248 2648 4330 sine
2675 4265 2782 4320 quo
2817 4252 2944 4307 nihil
2979 4257 3500 4330 possumusifacere;
3532 4245 3631 4318 sed

2035 4317 2152 4393 ipse
2178 4320 2234 4393 in
2260 4318 2412 4376 nobis
2433 4317 2566 4377 facit
2589 4317 2771 4393 opera,
2802 4336 2908 4379 non
2941 4317 3115 4383 tamen
3144 4328 3361 4387 omnino
3390 4317 3504 4388 sine
3530 4317 3631 4390 no-

2034 4389 2681 4475 bis:_Ci)0peraiores‘eniin
2835 4412 3009 4475 sumtus
3035 4399 3089 4469 (l
3121 4399 3237 4455 Cor.
3269 4417 3344 4469 Ill,
3376 4401 3463 4475 9),
3492 4389 3631 4462 sicut

2035 4461 2168 4543 dicit
2190 4462 2497 4543 Apos_tolus.
2531 4462 2653 4543 Vult
2680 4464 2942 4543 siquidem
2975 4461 3199 4543 Deusut
3224 4461 3343 4527 eum
3373 4461 3627 4542 orenius,

2036 4541 2091 4587 et
2116 4541 2176 4587 ut
2202 4532 2255 4613 ei
2284 4532 2586 4613 advenienti
2616 4543 2670 4613 et
2709 4532 3032 4605 praestolanti
3062 4540 3126 4595 ad
3157 4544 3381 4606 ostium,
3414 4532 3629 4613 aperia;

2036 4618 2157 4676 iuus
2198 4603 2374 4657 sinum
2412 4603 2979 4676 voluntatis'nnstrm,
3022 4619 3075 4666 et
3116 4613 3165 4667 ei
3209 4603 3628 4674 consentiamus.

2037 4672 2189 4753 Hunc
2216 4688 2535 4753 consensum
2565 4677 2809 4746 exigebat
2842 4695 2871 4733 a
2902 4672 3230 4737 Samaritana
3250 4727 3263 4749 ,
3300 4685 3513 4753 quando
3541 4672 3627 4741 di-

2036 4744 2209 4820 cebat,
2252 4743 2387 4799 Voca
2415 4747 2576 4820 uirum
2604 4743 2748 4801 tuum
2778 4767 2797 4802 :
2824 4754 2971 4820 quasi
3003 4752 3222 4819 diceret,
3250 4743 3386 4809 volo
3415 4756 3509 4811 tibi
3540 4758 3626 4813 in-

2038 4812 2259 4889 fundere
2306 4817 2549 4889 gratiam,
2577 4827 2630 4872 tu
2681 4812 2889 4889 applica
2914 4823 3137 4877 liberum
3166 4812 3461 4880 arbitrium.
3491 4812 3623 4885 Ora-

2039 4886 2237 4960 tionem
2258 4886 2500 4958 exigebat
2518 4890 2583 4943 ab
2604 4904 2687 4956 ea,
2713 4886 2832 4945 cum
2856 4893 3081 4960 dicebat,
3104 4892 3184 4948 Tu
3204 4896 3249 4948 si
3267 4898 3418 4952 scires
3436 4898 3627 4955 donum

2038 4957 2165 5039 Dei,
2200 4966 2245 5012 et
2272 4957 2382 5039 quis
2408 4968 2481 5014 est
2507 4961 2591 5030 qui
2620 4962 2740 5039 dicit
2765 4963 2850 5016 tibi
2868 5003 2884 5031 ,
2905 4962 2995 5039 Pa
3028 4957 3379 5039 ntihibibere,
3413 4972 3629 5039 forsitan

2038 5030 2243 5105 petisses
2276 5028 2432 5105 nb__eo
2456 5028 2650 5105 ianuam
2685 5028 2876 5105 vivam;
2905 5034 3016 5089 Iloc
3052 5036 3233 5091 audito
3261 5028 3423 5105 quasi.
3447 5057 3512 5095 ex
3549 5043 3630 5098 Ie-

2038 5100 2214 5155 Ctione
2237 5100 2429 5155 mulier
2454 5100 2728 5169 instructa,
2757 5103 3008 5159 meditata
3034 5116 3117 5161 est
3142 5108 3194 5163 in
3223 5100 3383 5165 corde
3408 5126 3505 5166 suo
3531 5113 3630 5168 bo-

2038 5186 2165 5227 num
2192 5171 2297 5249 sibi
2336 5171 2692 5249 foire_et_utile
2728 5176 2922 5231 habere
2961 5176 3098 5249 hanc
3130 5193 3343 5249 aquam.
3387 5184 3631 5240 Accensa

2040 5257 2166 5312 ergo
2191 5242 2419 5322 habendi
2444 5243 3015 5322 desiderio,_convertit
3038 5262 3097 5304 se
3120 5242 3196 5304 ad'
3212 5252 3526 5322 orationem,
3549 5256 3632 5310 di-

2039 5329 2187 5388 cens,
2216 5313 2453 5381 Domine,
2483 5315 2550 5388 du
2576 5316 2699 5369 milii
2724 5319 2854 5371 hanc
2878 5334 3083 5388 aquam,
3116 5328 3172 5375 ut
3199 5338 3299 5376 non
3324 5324 3493 5379 sitiam
3510 5313 3632 5381 ἀτη-

2041 5383 2181 5466 [aliud
2196 5401 2402 5466 2“iteagite
2424 5386 2617 5466 veniunt
2646 5388 2744 5441 huc
2771 5383 2974 5466 fiduiire
3000 5383 3185 5466 uquam
3213 5391 3399 5466 (Joan.
3433 5412 3507 5457 Iv.
3539 5398 3630 5465 16,

2042 5456 2130 5522 10,
2159 5454 2671 5539 15)_:_E‘cce.au.ditus
2699 5458 2845 5539 verbi
2874 5454 3101 5539 Domini,
3130 5454 3440 5539 etisequens
3469 5454 3633 5539 super

2040 5542 2106 5582 eo
2133 5527 2409 5581 meditatio
2436 5527 2786 5604 inciiaverunt
2810 5545 2929 5584 eam
2955 5531 3021 5604 ad
3048 5527 3323 5604 orandum.
3349 5527 3633 5604 Quomodo

2039 5612 2269 5679 namque
2290 5606 2431 5679 esset
2459 5596 2680 5679 sdilicita
2693 5600 2771 5679 ad
2797 5602 3193 5679 postuiundum,
3216 5606 3317 5679 nisi
3342 5596 3489 5679 prius
3509 5596 3632 5668 eam

2038 5668 2375 5747 accendisset
2384 5667 2718 5747 meditatio?
2745 5667 2853 5728 Aut
2878 5673 3005 5743 quid
3030 5674 3078 5730 ei
3114 5667 3419 5747 praecedens
3455 5667 3633 5738 medié

2040 5741 2171 5795 tatio
2198 5739 2531 5823 contuiisset,
2560 5740 2664 5796 nisi
2690 5758 2809 5812 qum
2835 5739 3133 5871 appetenda
3159 5752 3511 5819 monstrabat,
3538 5767 3632 5810 se—

2040 5826 2207 5871 quens
2245 5820 2417 5866 orauo
2457 5816 2829 5871 impetrasset?
2905 5817 2940 5871 d
2977 5817 3081 5871 hoc
3112 5835 3239 5871 emo
3274 5830 3334 5871 ut
3361 5822 3630 5871 fructuosa

2039 5826 2207 5891 quens
2245 5811 2417 5891 oratio
2457 5811 2829 5882 impetrasset?
2858 5811 2940 5872 Ad
2977 5817 3081 5875 hoc
3112 5835 3239 5891 ergo
3274 5830 3334 5877 ut
3361 5811 3633 5880 fructuosa

2040 5880 2111 5947 sit
2143 5880 2447 5959 meditatio,
2479 5880 2691 5961 oportet
2726 5894 2788 5945 ut
2822 5900 3076 5961 sequatur
3100 5880 3356 5951 orationis
3387 5893 3632 5967 devotio;

2780 5984 3325 6081 (Tremo—deum.)
