  <div class='ocr_page' id='page_1' title='image "/cluster/home/n/w/nwhite01/storage/ocr_20150623/40/hvd.32044024147290/512.png"; bbox 0 0 4076 6370; ppageno 0'>
   <div class='ocr_carea' id='block_1_1' title="bbox 354 298 1903 382">
    <p class='ocr_par' dir='ltr' id='par_1_1' title="bbox 354 302 1901 365">
     <span class='ocr_line' id='line_1_1' title="bbox 354 302 1901 365; baseline 0.001 -4"><span class='ocrx_word' id='word_1_1' title='bbox 354 303 496 363; x_wconf 71' lang='grc'><strong>1005</strong></span> <span class='ocrx_word' id='word_1_2' title='bbox 1340 302 1540 365; x_wconf 82' lang='lat' dir='ltr'><strong>LIBER</strong></span> <span class='ocrx_word' id='word_1_3' title='bbox 1576 305 1665 364; x_wconf 85' lang='lat' dir='ltr'><strong>DE</strong></span> <span class='ocrx_word' id='word_1_4' title='bbox 1704 305 1901 364; x_wconf 85' lang='lat' dir='ltr'><strong>COGNI</strong></span> 
     </span>
    </p>
   </div>
   <div class='ocr_carea' id='block_1_2' title="bbox 2012 298 3631 382">
    <p class='ocr_par' dir='ltr' id='par_1_2' title="bbox 2012 298 3631 382">
     <span class='ocr_line' id='line_1_2' title="bbox 2012 298 3631 382; baseline 0.006 -23"><span class='ocrx_word' id='word_1_5' title='bbox 2012 300 2110 364; x_wconf 69' lang='grc' dir='ltr'><strong>»ΝΕ</strong></span> <span class='ocrx_word' id='word_1_6' title='bbox 2152 306 2355 365; x_wconf 59' lang='lat' dir='ltr'><strong>VERIE</strong></span> <span class='ocrx_word' id='word_1_7' title='bbox 2391 298 2595 366; x_wconf 68' lang='grc' dir='ltr'><strong>νιΤιΕ.</strong></span> <span class='ocrx_word' id='word_1_8' title='bbox 3494 316 3631 382; x_wconf 67' lang='lat'><strong>{000</strong></span> 
     </span>
    </p>
   </div>
   <div class='ocr_carea' id='block_1_3' title="bbox 343 400 3627 498">
    <p class='ocr_par' dir='ltr' id='par_1_3' title="bbox 343 400 3627 498">
     <span class='ocr_line' id='line_1_3' title="bbox 343 400 3627 498; baseline 0.005 -27"><span class='ocrx_word' id='word_1_9' title='bbox 343 400 509 472; x_wconf 71' lang='lat' dir='ltr'><strong>toties</strong></span> <span class='ocrx_word' id='word_1_10' title='bbox 535 416 750 476; x_wconf 78' lang='lat' dir='ltr'><strong>adhibet</strong></span> <span class='ocrx_word' id='word_1_11' title='bbox 774 417 1088 489; x_wconf 83' lang='lat' dir='ltr'><strong>particulam</strong></span> <span class='ocrx_word' id='word_1_12' title='bbox 1130 419 1380 491; x_wconf 81' lang='lat' dir='ltr'><strong>amplius,</strong></span> <span class='ocrx_word' id='word_1_13' title='bbox 1409 421 1499 476; x_wconf 91' lang='lat' dir='ltr'><strong>ubi</strong></span> <span class='ocrx_word' id='word_1_14' title='bbox 1526 420 1593 477; x_wconf 89' lang='lat' dir='ltr'><strong>ad</strong></span> <span class='ocrx_word' id='word_1_15' title='bbox 1634 422 1765 476; x_wconf 85' lang='lat' dir='ltr'><strong>alias</strong></span> <span class='ocrx_word' id='word_1_16' title='bbox 1795 429 1846 477; x_wconf 89' lang='lat' dir='ltr'><strong>et</strong></span> <span class='ocrx_word' id='word_1_17' title='bbox 1874 422 2007 477; x_wconf 90' lang='lat' dir='ltr'><strong>alias</strong></span> <span class='ocrx_word' id='word_1_18' title='bbox 2032 422 2373 492; x_wconf 87' lang='lat' dir='ltr'><strong>probationes</strong></span> <span class='ocrx_word' id='word_1_19' title='bbox 2402 420 2721 493; x_wconf 90' lang='lat' dir='ltr'><strong>disputando</strong></span> <span class='ocrx_word' id='word_1_20' title='bbox 2754 420 3080 495; x_wconf 83' lang='lat' dir='ltr'><strong>pergendum</strong></span> <span class='ocrx_word' id='word_1_21' title='bbox 3104 433 3224 498; x_wconf 89' lang='lat' dir='ltr'><strong>est,</strong></span> <span class='ocrx_word' id='word_1_22' title='bbox 3254 436 3361 486; x_wconf 86' lang='lat' dir='ltr'><strong>etc.</strong></span> <span class='ocrx_word' id='word_1_23' title='bbox 3395 431 3627 490; x_wconf 87' lang='lat' dir='ltr'><strong>Eosdem</strong></span> 
     </span>
    </p>
   </div>
   <div class='ocr_carea' id='block_1_4' title="bbox 348 511 3627 591">
    <p class='ocr_par' dir='ltr' id='par_1_4' title="bbox 348 511 3627 591">
     <span class='ocr_line' id='line_1_4' title="bbox 348 511 3627 591; baseline 0.005 -26"><span class='ocrx_word' id='word_1_24' title='bbox 348 520 528 567; x_wconf 87' lang='lat' dir='ltr'><strong>autem</strong></span> <span class='ocrx_word' id='word_1_25' title='bbox 560 527 749 568; x_wconf 87' lang='lat' dir='ltr'><strong>sensus</strong></span> <span class='ocrx_word' id='word_1_26' title='bbox 777 521 833 568; x_wconf 90' lang='lat' dir='ltr'><strong>et</strong></span> <span class='ocrx_word' id='word_1_27' title='bbox 860 512 1178 583; x_wconf 67' lang='lat' dir='ltr'><strong>ipsissimam</strong></span> <span class='ocrx_word' id='word_1_28' title='bbox 1206 511 1445 567; x_wconf 82' lang='lat' dir='ltr'><strong>Anseltni</strong></span> <span class='ocrx_word' id='word_1_29' title='bbox 1470 513 1767 569; x_wconf 74' lang='lat' dir='ltr'><strong>doctrinam</strong></span> <span class='ocrx_word' id='word_1_30' title='bbox 1790 530 1854 569; x_wconf 83' lang='lat' dir='ltr'><strong>ex</strong></span> <span class='ocrx_word' id='word_1_31' title='bbox 1879 514 2042 585; x_wconf 85' lang='lat' dir='ltr'><strong>ipsius</strong></span> <span class='ocrx_word' id='word_1_32' title='bbox 2070 514 2368 585; x_wconf 86' lang='lat' dir='ltr'><strong>Monologio</strong></span> <span class='ocrx_word' id='word_1_33' title='bbox 2394 530 2699 585; x_wconf 81' lang='lat' dir='ltr'><strong>expressam</strong></span> <span class='ocrx_word' id='word_1_34' title='bbox 2721 515 2957 586; x_wconf 82' lang='lat' dir='ltr'><strong>reperies</strong></span> <span class='ocrx_word' id='word_1_35' title='bbox 2982 529 3138 591; x_wconf 89' lang='lat' dir='ltr'><strong>atque</strong></span> <span class='ocrx_word' id='word_1_36' title='bbox 3165 521 3269 578; x_wconf 92' lang='lat' dir='ltr'><strong>huc</strong></span> <span class='ocrx_word' id='word_1_37' title='bbox 3295 527 3627 583; x_wconf 89' lang='lat' dir='ltr'><strong>translatam.</strong></span> 
     </span>
    </p>
   </div>
   <div class='ocr_carea' id='block_1_5' title="bbox 350 594 3626 685">
    <p class='ocr_par' dir='ltr' id='par_1_5' title="bbox 350 594 3626 685">
     <span class='ocr_line' id='line_1_5' title="bbox 350 594 3626 685; baseline 0.004 -20"><span class='ocrx_word' id='word_1_38' title='bbox 350 607 556 665; x_wconf 90' lang='lat' dir='ltr'><strong>Deinde</strong></span> <span class='ocrx_word' id='word_1_39' title='bbox 581 610 793 665; x_wconf 82' lang='lat' dir='ltr'><strong>scholas</strong></span> <span class='ocrx_word' id='word_1_40' title='bbox 815 611 1021 665; x_wconf 82' lang='lat' dir='ltr'><strong>redolet</strong></span> <span class='ocrx_word' id='word_1_41' title='bbox 1052 610 1387 679; x_wconf 83' lang='lat' dir='ltr'><strong>opusculum,</strong></span> <span class='ocrx_word' id='word_1_42' title='bbox 1420 618 1578 680; x_wconf 88' lang='lat' dir='ltr'><strong>atque</strong></span> <span class='ocrx_word' id='word_1_43' title='bbox 1608 624 1673 664; x_wconf 92' lang='lat' dir='ltr'><strong>eo</strong></span> <span class='ocrx_word' id='word_1_44' title='bbox 1706 609 1919 664; x_wconf 87' lang='lat' dir='ltr'><strong>nomine</strong></span> <span class='ocrx_word' id='word_1_45' title='bbox 1949 623 2052 664; x_wconf 91' lang='lat' dir='ltr'><strong>non</strong></span> <span class='ocrx_word' id='word_1_46' title='bbox 2100 608 2370 679; x_wconf 87' lang='lat' dir='ltr'><strong>indignum</strong></span> <span class='ocrx_word' id='word_1_47' title='bbox 2413 617 2495 664; x_wconf 90' lang='lat' dir='ltr'><strong>est</strong></span> <span class='ocrx_word' id='word_1_48' title='bbox 2522 609 2753 666; x_wconf 81' lang='lat' dir='ltr'><strong>Honorio</strong></span> <span class='ocrx_word' id='word_1_49' title='bbox 2778 653 2792 678; x_wconf 90' lang='lat'><strong>,</strong></span> <span class='ocrx_word' id='word_1_50' title='bbox 2823 615 2909 682; x_wconf 89' lang='lat' dir='ltr'><strong>qui</strong></span> <span class='ocrx_word' id='word_1_51' title='bbox 2935 628 2995 669; x_wconf 91' lang='lat' dir='ltr'><strong>se</strong></span> <span class='ocrx_word' id='word_1_52' title='bbox 3024 617 3138 685; x_wconf 88' lang='lat' dir='ltr'><strong>ipse</strong></span> <span class='ocrx_word' id='word_1_53' title='bbox 3167 594 3543 678; x_wconf 86' lang='lat' dir='ltr'><strong>scholasticum</strong></span> <span class='ocrx_word' id='word_1_54' title='bbox 3570 624 3626 680; x_wconf 89' lang='lat' dir='ltr'><strong>in</strong></span> 
     </span>
    </p>
   </div>
   <div class='ocr_carea' id='block_1_6' title="bbox 343 700 3627 781">
    <p class='ocr_par' dir='ltr' id='par_1_6' title="bbox 343 700 3627 781">
     <span class='ocr_line' id='line_1_6' title="bbox 343 700 3627 781; baseline 0.005 -24"><span class='ocrx_word' id='word_1_55' title='bbox 343 701 490 758; x_wconf 87' lang='lat' dir='ltr'><strong>libro</strong></span> <span class='ocrx_word' id='word_1_56' title='bbox 515 704 579 757; x_wconf 85' lang='lat' dir='ltr'><strong>de</strong></span> <span class='ocrx_word' id='word_1_57' title='bbox 608 703 984 759; x_wconf 87' lang='lat' dir='ltr'><strong>Luminaribus</strong></span> <span class='ocrx_word' id='word_1_58' title='bbox 1013 703 1264 759; x_wconf 63' lang='lat' dir='ltr'><strong>Ecclesia:</strong></span> <span class='ocrx_word' id='word_1_59' title='bbox 1293 708 1466 760; x_wconf 56' lang='lat' dir='ltr'><strong>Vocat.</strong></span> <span class='ocrx_word' id='word_1_60' title='bbox 1499 704 1579 758; x_wconf 64' lang='lat' dir='ltr'><strong>Ad</strong></span> <span class='ocrx_word' id='word_1_61' title='bbox 1604 703 1717 758; x_wconf 69' lang='lat' dir='ltr'><strong>hrcc</strong></span> <span class='ocrx_word' id='word_1_62' title='bbox 1740 703 2027 758; x_wconf 87' lang='lat' dir='ltr'><strong>instructus</strong></span> <span class='ocrx_word' id='word_1_63' title='bbox 2055 700 2213 757; x_wconf 82' lang='lat' dir='ltr'><strong>etiam</strong></span> <span class='ocrx_word' id='word_1_64' title='bbox 2240 711 2322 757; x_wconf 85' lang='lat' dir='ltr'><strong>est</strong></span> <span class='ocrx_word' id='word_1_65' title='bbox 2348 701 2483 758; x_wconf 89' lang='lat' dir='ltr'><strong>liber</strong></span> <span class='ocrx_word' id='word_1_66' title='bbox 2506 703 2816 773; x_wconf 68' lang='lat' dir='ltr'><strong>prmfatione</strong></span> <span class='ocrx_word' id='word_1_67' title='bbox 2841 706 3078 776; x_wconf 89' lang='lat' dir='ltr'><strong>ejusdem</strong></span> <span class='ocrx_word' id='word_1_68' title='bbox 3112 713 3323 781; x_wconf 82' lang='lat' dir='ltr'><strong>generis</strong></span> <span class='ocrx_word' id='word_1_69' title='bbox 3348 726 3410 769; x_wconf 90' lang='lat' dir='ltr'><strong>ac</strong></span> <span class='ocrx_word' id='word_1_70' title='bbox 3442 716 3627 772; x_wconf 64' lang='lat' dir='ltr'><strong>cteteri</strong></span> 
     </span>
    </p>
   </div>
   <div class='ocr_carea' id='block_1_7' title="bbox 342 792 3618 868">
    <p class='ocr_par' dir='ltr' id='par_1_7' title="bbox 342 792 3618 868">
     <span class='ocr_line' id='line_1_7' title="bbox 342 792 3618 868; baseline 0.003 -16"><span class='ocrx_word' id='word_1_71' title='bbox 342 792 458 852; x_wconf 83' lang='lat' dir='ltr'><strong>fere</strong></span> <span class='ocrx_word' id='word_1_72' title='bbox 488 795 611 851; x_wconf 86' lang='lat' dir='ltr'><strong>libri</strong></span> <span class='ocrx_word' id='word_1_73' title='bbox 634 796 852 852; x_wconf 84' lang='lat' dir='ltr'><strong>Honorii</strong></span> <span class='ocrx_word' id='word_1_74' title='bbox 875 796 1388 868; x_wconf 86' lang='lat' dir='ltr'><strong>Augustodunensis,</strong></span> <span class='ocrx_word' id='word_1_75' title='bbox 1413 798 1495 852; x_wconf 92' lang='lat' dir='ltr'><strong>cui</strong></span> <span class='ocrx_word' id='word_1_76' title='bbox 1512 796 1782 867; x_wconf 89' lang='lat' dir='ltr'><strong>proprium</strong></span> <span class='ocrx_word' id='word_1_77' title='bbox 1811 805 1900 849; x_wconf 85' lang='lat' dir='ltr'><strong>aut</strong></span> <span class='ocrx_word' id='word_1_78' title='bbox 1923 796 2160 852; x_wconf 84' lang='lat' dir='ltr'><strong>solemne</strong></span> <span class='ocrx_word' id='word_1_79' title='bbox 2182 804 2278 861; x_wconf 90' lang='lat' dir='ltr'><strong>est,</strong></span> <span class='ocrx_word' id='word_1_80' title='bbox 2302 796 2351 849; x_wconf 89' lang='lat' dir='ltr'><strong>in</strong></span> <span class='ocrx_word' id='word_1_81' title='bbox 2375 811 2591 851; x_wconf 90' lang='lat' dir='ltr'><strong>suorum</strong></span> <span class='ocrx_word' id='word_1_82' title='bbox 2614 800 2988 868; x_wconf 87' lang='lat' dir='ltr'><strong>opusculorum</strong></span> <span class='ocrx_word' id='word_1_83' title='bbox 3010 803 3229 858; x_wconf 87' lang='lat' dir='ltr'><strong>exordio</strong></span> <span class='ocrx_word' id='word_1_84' title='bbox 3252 813 3363 860; x_wconf 88' lang='lat' dir='ltr'><strong>tum</strong></span> <span class='ocrx_word' id='word_1_85' title='bbox 3385 806 3449 861; x_wconf 92' lang='lat' dir='ltr'><strong>de</strong></span> <span class='ocrx_word' id='word_1_86' title='bbox 3476 808 3618 864; x_wconf 88' lang='lat' dir='ltr'><strong>invi-</strong></span> 
     </span>
    </p>
   </div>
   <div class='ocr_carea' id='block_1_8' title="bbox 343 876 3619 961">
    <p class='ocr_par' dir='ltr' id='par_1_8' title="bbox 343 876 3619 961">
     <span class='ocr_line' id='line_1_8' title="bbox 343 876 3619 961; baseline 0.004 -16"><span class='ocrx_word' id='word_1_87' title='bbox 343 890 429 945; x_wconf 89' lang='lat' dir='ltr'><strong>dis</strong></span> <span class='ocrx_word' id='word_1_88' title='bbox 453 890 562 944; x_wconf 90' lang='lat' dir='ltr'><strong>suis</strong></span> <span class='ocrx_word' id='word_1_89' title='bbox 590 891 843 961; x_wconf 82' lang='lat' dir='ltr'><strong>conqueri</strong></span> <span class='ocrx_word' id='word_1_90' title='bbox 865 907 878 956; x_wconf 88' lang='lat'><strong>;</strong></span> <span class='ocrx_word' id='word_1_91' title='bbox 898 876 969 945; x_wconf 15' lang='lat' dir='ltr'><strong>Aut</strong></span> <span class='ocrx_word' id='word_1_92' title='bbox 993 889 1117 945; x_wconf 80' lang='lat' dir='ltr'><strong>facit</strong></span> <span class='ocrx_word' id='word_1_93' title='bbox 1145 891 1196 945; x_wconf 90' lang='lat' dir='ltr'><strong>in</strong></span> <span class='ocrx_word' id='word_1_94' title='bbox 1224 890 1374 945; x_wconf 86' lang='lat' dir='ltr'><strong>libris</strong></span> <span class='ocrx_word' id='word_1_95' title='bbox 1403 890 1470 944; x_wconf 90' lang='lat' dir='ltr'><strong>de</strong></span> <span class='ocrx_word' id='word_1_96' title='bbox 1494 889 1729 960; x_wconf 84' lang='lat' dir='ltr'><strong>lmagine</strong></span> <span class='ocrx_word' id='word_1_97' title='bbox 1754 888 1971 955; x_wconf 89' lang='lat' dir='ltr'><strong>mundi,</strong></span> <span class='ocrx_word' id='word_1_98' title='bbox 1994 888 2061 944; x_wconf 91' lang='lat' dir='ltr'><strong>de</strong></span> <span class='ocrx_word' id='word_1_99' title='bbox 2086 888 2458 943; x_wconf 87' lang='lat' dir='ltr'><strong>Luminaribus</strong></span> <span class='ocrx_word' id='word_1_100' title='bbox 2480 891 2749 958; x_wconf 86' lang='lat' dir='ltr'><strong>Ecclesiae,</strong></span> <span class='ocrx_word' id='word_1_101' title='bbox 2781 893 2847 949; x_wconf 91' lang='lat' dir='ltr'><strong>de</strong></span> <span class='ocrx_word' id='word_1_102' title='bbox 2869 894 3339 954; x_wconf 83' lang='lat' dir='ltr'><strong>Praedcstinatione</strong></span> <span class='ocrx_word' id='word_1_103' title='bbox 3366 910 3421 955; x_wconf 91' lang='lat' dir='ltr'><strong>et</strong></span> <span class='ocrx_word' id='word_1_104' title='bbox 3449 901 3619 958; x_wconf 89' lang='lat' dir='ltr'><strong>libero</strong></span> 
     </span>
    </p>
   </div>
   <div class='ocr_carea' id='block_1_9' title="bbox 340 981 3611 1060">
    <p class='ocr_par' dir='ltr' id='par_1_9' title="bbox 340 981 3611 1060">
     <span class='ocr_line' id='line_1_9' title="bbox 340 981 3611 1060; baseline 0.005 -26"><span class='ocrx_word' id='word_1_105' title='bbox 340 981 563 1036; x_wconf 85' lang='lat' dir='ltr'><strong>arbitrio</strong></span> <span class='ocrx_word' id='word_1_106' title='bbox 588 998 602 1035; x_wconf 88' lang='lat'><strong>:</strong></span> <span class='ocrx_word' id='word_1_107' title='bbox 630 989 740 1037; x_wconf 89' lang='lat' dir='ltr'><strong>tum</strong></span> <span class='ocrx_word' id='word_1_108' title='bbox 763 982 1001 1053; x_wconf 86' lang='lat' dir='ltr'><strong>opusculi</strong></span> <span class='ocrx_word' id='word_1_109' title='bbox 1028 982 1284 1053; x_wconf 87' lang='lat' dir='ltr'><strong>cujusque</strong></span> <span class='ocrx_word' id='word_1_110' title='bbox 1304 982 1512 1036; x_wconf 83' lang='lat' dir='ltr'><strong>titulum</strong></span> <span class='ocrx_word' id='word_1_111' title='bbox 1536 996 1835 1052; x_wconf 88' lang='lat' dir='ltr'><strong>proponere</strong></span> <span class='ocrx_word' id='word_1_112' title='bbox 1859 990 1912 1036; x_wconf 92' lang='lat' dir='ltr'><strong>et</strong></span> <span class='ocrx_word' id='word_1_113' title='bbox 1937 981 2206 1051; x_wconf 86' lang='lat' dir='ltr'><strong>explicare</strong></span> <span class='ocrx_word' id='word_1_114' title='bbox 2227 999 2240 1048; x_wconf 93' lang='lat'><strong>;</strong></span> <span class='ocrx_word' id='word_1_115' title='bbox 2264 982 2706 1052; x_wconf 82' lang='lat' dir='ltr'><strong>quemadmodum</strong></span> <span class='ocrx_word' id='word_1_116' title='bbox 2731 985 2949 1042; x_wconf 73' lang='lat' dir='ltr'><strong>inlibris</strong></span> <span class='ocrx_word' id='word_1_117' title='bbox 2973 987 3039 1042; x_wconf 90' lang='lat' dir='ltr'><strong>de</strong></span> <span class='ocrx_word' id='word_1_118' title='bbox 3063 988 3282 1044; x_wconf 89' lang='lat' dir='ltr'><strong>Gemma</strong></span> <span class='ocrx_word' id='word_1_119' title='bbox 3310 992 3522 1060; x_wconf 66' lang='lat' dir='ltr'><strong>animm,</strong></span> <span class='ocrx_word' id='word_1_120' title='bbox 3540 992 3611 1050; x_wconf 81' lang='lat' dir='ltr'><strong>de</strong></span> 
     </span>
    </p>
   </div>
   <div class='ocr_carea' id='block_1_10' title="bbox 338 1073 3605 1150">
    <p class='ocr_par' dir='ltr' id='par_1_10' title="bbox 338 1073 3605 1150">
     <span class='ocr_line' id='line_1_10' title="bbox 338 1073 3605 1150; baseline 0.004 -21"><span class='ocrx_word' id='word_1_121' title='bbox 338 1073 574 1146; x_wconf 84' lang='lat' dir='ltr'><strong>Imagine</strong></span> <span class='ocrx_word' id='word_1_122' title='bbox 601 1075 803 1142; x_wconf 91' lang='lat' dir='ltr'><strong>mundi,</strong></span> <span class='ocrx_word' id='word_1_123' title='bbox 830 1085 884 1132; x_wconf 91' lang='lat' dir='ltr'><strong>et</strong></span> <span class='ocrx_word' id='word_1_124' title='bbox 907 1076 957 1130; x_wconf 95' lang='lat' dir='ltr'><strong>in</strong></span> <span class='ocrx_word' id='word_1_125' title='bbox 975 1075 1157 1147; x_wconf 89' lang='lat' dir='ltr'><strong>Sigillo</strong></span> <span class='ocrx_word' id='word_1_126' title='bbox 1182 1075 1242 1130; x_wconf 86' lang='grc' dir='ltr'><strong>Β.</strong></span> <span class='ocrx_word' id='word_1_127' title='bbox 1277 1074 1488 1141; x_wconf 76' lang='lat' dir='ltr'><strong>Mariae;</strong></span> <span class='ocrx_word' id='word_1_128' title='bbox 1521 1076 1660 1146; x_wconf 91' lang='lat' dir='ltr'><strong>quod</strong></span> <span class='ocrx_word' id='word_1_129' title='bbox 1686 1075 1896 1146; x_wconf 84' lang='lat' dir='ltr'><strong>quidem</strong></span> <span class='ocrx_word' id='word_1_130' title='bbox 1922 1074 2081 1131; x_wconf 87' lang='lat' dir='ltr'><strong>etiam</strong></span> <span class='ocrx_word' id='word_1_131' title='bbox 2103 1076 2154 1129; x_wconf 92' lang='lat' dir='ltr'><strong>in</strong></span> <span class='ocrx_word' id='word_1_132' title='bbox 2175 1075 2309 1129; x_wconf 91' lang='lat' dir='ltr'><strong>libro</strong></span> <span class='ocrx_word' id='word_1_133' title='bbox 2331 1074 2395 1131; x_wconf 76' lang='lat' dir='ltr'><strong>de</strong></span> <span class='ocrx_word' id='word_1_134' title='bbox 2418 1075 2890 1133; x_wconf 71' lang='lat' dir='ltr'><strong>Praedcstinalione</strong></span> <span class='ocrx_word' id='word_1_135' title='bbox 2908 1076 3152 1150; x_wconf 67' lang='lat' dir='ltr'><strong>prmstitit</strong></span> <span class='ocrx_word' id='word_1_136' title='bbox 3181 1084 3366 1139; x_wconf 85' lang='lat' dir='ltr'><strong>saltem</strong></span> <span class='ocrx_word' id='word_1_137' title='bbox 3396 1085 3446 1139; x_wconf 94' lang='lat' dir='ltr'><strong>in</strong></span> <span class='ocrx_word' id='word_1_138' title='bbox 3479 1084 3605 1142; x_wconf 85' lang='lat' dir='ltr'><strong>line.</strong></span> 
     </span>
    </p>
   </div>
   <div class='ocr_carea' id='block_1_11' title="bbox 343 1167 3615 1244">
    <p class='ocr_par' dir='ltr' id='par_1_11' title="bbox 343 1167 3615 1244">
     <span class='ocr_line' id='line_1_11' title="bbox 343 1167 3615 1244; baseline 0.003 -22"><span class='ocrx_word' id='word_1_139' title='bbox 343 1167 637 1223; x_wconf 85' lang='lat' dir='ltr'><strong>Fatendum</strong></span> <span class='ocrx_word' id='word_1_140' title='bbox 662 1184 822 1239; x_wconf 83' lang='lat' dir='ltr'><strong>porro</strong></span> <span class='ocrx_word' id='word_1_141' title='bbox 843 1178 941 1236; x_wconf 90' lang='lat' dir='ltr'><strong>est,</strong></span> <span class='ocrx_word' id='word_1_142' title='bbox 975 1185 1107 1239; x_wconf 90' lang='lat' dir='ltr'><strong>opus</strong></span> <span class='ocrx_word' id='word_1_143' title='bbox 1123 1169 1208 1223; x_wconf 88' lang='lat' dir='ltr'><strong>cui</strong></span> <span class='ocrx_word' id='word_1_144' title='bbox 1240 1168 1538 1223; x_wconf 82' lang='lat' dir='ltr'><strong>Elueidario</strong></span> <span class='ocrx_word' id='word_1_145' title='bbox 1568 1183 1762 1224; x_wconf 88' lang='lat' dir='ltr'><strong>nomen</strong></span> <span class='ocrx_word' id='word_1_146' title='bbox 1793 1168 1843 1222; x_wconf 88' lang='lat' dir='ltr'><strong>in</strong></span> <span class='ocrx_word' id='word_1_147' title='bbox 1871 1167 2106 1223; x_wconf 84' lang='lat' dir='ltr'><strong>Anselmi</strong></span> <span class='ocrx_word' id='word_1_148' title='bbox 2136 1167 2459 1237; x_wconf 85' lang='lat' dir='ltr'><strong>Appendice,</strong></span> <span class='ocrx_word' id='word_1_149' title='bbox 2489 1168 2673 1223; x_wconf 89' lang='lat' dir='ltr'><strong>iisdem</strong></span> <span class='ocrx_word' id='word_1_150' title='bbox 2704 1169 2912 1225; x_wconf 88' lang='lat' dir='ltr'><strong>indiciis</strong></span> <span class='ocrx_word' id='word_1_151' title='bbox 2941 1180 2994 1226; x_wconf 89' lang='lat' dir='ltr'><strong>et</strong></span> <span class='ocrx_word' id='word_1_152' title='bbox 3022 1174 3347 1244; x_wconf 80' lang='lat' dir='ltr'><strong>argumentis</strong></span> <span class='ocrx_word' id='word_1_153' title='bbox 3378 1174 3615 1232; x_wconf 82' lang='lat' dir='ltr'><strong>Honorio</strong></span> 
     </span>
    </p>
   </div>
   <div class='ocr_carea' id='block_1_12' title="bbox 336 1258 3615 1339">
    <p class='ocr_par' dir='ltr' id='par_1_12' title="bbox 336 1258 3615 1339">
     <span class='ocr_line' id='line_1_12' title="bbox 336 1258 3615 1339; baseline 0.003 -23"><span class='ocrx_word' id='word_1_154' title='bbox 336 1261 819 1334; x_wconf 85' lang='lat' dir='ltr'><strong>eidemadjudicari</strong></span> <span class='ocrx_word' id='word_1_155' title='bbox 847 1276 1033 1334; x_wconf 87' lang='lat' dir='ltr'><strong>posse;</strong></span> <span class='ocrx_word' id='word_1_156' title='bbox 1068 1264 1273 1318; x_wconf 84' lang='lat' dir='ltr'><strong>tametsi</strong></span> <span class='ocrx_word' id='word_1_157' title='bbox 1296 1271 1578 1318; x_wconf 76' lang='lat' dir='ltr'><strong>occurrant</strong></span> <span class='ocrx_word' id='word_1_158' title='bbox 1598 1263 1651 1317; x_wconf 92' lang='lat' dir='ltr'><strong>in</strong></span> <span class='ocrx_word' id='word_1_159' title='bbox 1674 1262 1775 1317; x_wconf 89' lang='lat' dir='ltr'><strong>isto</strong></span> <span class='ocrx_word' id='word_1_160' title='bbox 1794 1276 1955 1332; x_wconf 85' lang='lat' dir='ltr'><strong>opere</strong></span> <span class='ocrx_word' id='word_1_161' title='bbox 1978 1261 2225 1316; x_wconf 87' lang='lat' dir='ltr'><strong>nonnulla</strong></span> <span class='ocrx_word' id='word_1_162' title='bbox 2245 1258 2382 1314; x_wconf 85' lang='lat' dir='ltr'><strong>haud</strong></span> <span class='ocrx_word' id='word_1_163' title='bbox 2404 1262 2530 1315; x_wconf 89' lang='lat' dir='ltr'><strong>satis</strong></span> <span class='ocrx_word' id='word_1_164' title='bbox 2560 1271 2920 1319; x_wconf 83' lang='lat' dir='ltr'><strong>consentanea</strong></span> <span class='ocrx_word' id='word_1_165' title='bbox 2940 1278 3063 1321; x_wconf 89' lang='lat' dir='ltr'><strong>cum</strong></span> <span class='ocrx_word' id='word_1_166' title='bbox 3092 1267 3209 1322; x_wconf 83' lang='lat' dir='ltr'><strong>aliis</strong></span> <span class='ocrx_word' id='word_1_167' title='bbox 3230 1268 3454 1324; x_wconf 83' lang='lat' dir='ltr'><strong>Honorii</strong></span> <span class='ocrx_word' id='word_1_168' title='bbox 3475 1284 3615 1339; x_wconf 87' lang='lat' dir='ltr'><strong>opu-</strong></span> 
     </span>
    </p>
   </div>
   <div class='ocr_carea' id='block_1_13' title="bbox 337 1341 3618 1431">
    <p class='ocr_par' dir='ltr' id='par_1_13' title="bbox 337 1341 3618 1431">
     <span class='ocr_line' id='line_1_13' title="bbox 337 1341 3618 1431; baseline 0.002 -21"><span class='ocrx_word' id='word_1_169' title='bbox 337 1357 524 1421; x_wconf 88' lang='lat' dir='ltr'><strong>sculis,</strong></span> <span class='ocrx_word' id='word_1_170' title='bbox 548 1357 719 1428; x_wconf 87' lang='lat' dir='ltr'><strong>qualis</strong></span> <span class='ocrx_word' id='word_1_171' title='bbox 748 1358 832 1411; x_wconf 86' lang='lat' dir='ltr'><strong>illa</strong></span> <span class='ocrx_word' id='word_1_172' title='bbox 856 1366 937 1413; x_wconf 90' lang='lat' dir='ltr'><strong>est</strong></span> <span class='ocrx_word' id='word_1_173' title='bbox 954 1358 1123 1413; x_wconf 90' lang='lat' dir='ltr'><strong>liberii</strong></span> <span class='ocrx_word' id='word_1_174' title='bbox 1139 1355 1613 1420; x_wconf 78' lang='lat' dir='ltr'><strong>arb‘itriidelinitio,</strong></span> <span class='ocrx_word' id='word_1_175' title='bbox 1646 1355 1735 1410; x_wconf 89' lang='lat' dir='ltr'><strong>lib.</strong></span> <span class='ocrx_word' id='word_1_176' title='bbox 1763 1354 1818 1422; x_wconf 79' lang='lat'><strong>2,</strong></span> <span class='ocrx_word' id='word_1_177' title='bbox 1852 1341 1969 1423; x_wconf 82' lang='lat' dir='ltr'><strong>cap.</strong></span> <span class='ocrx_word' id='word_1_178' title='bbox 1989 1353 2045 1422; x_wconf 74' lang='lat'><strong>2,</strong></span> <span class='ocrx_word' id='word_1_179' title='bbox 2075 1354 2215 1422; x_wconf 87' lang='lat' dir='ltr'><strong>data,</strong></span> <span class='ocrx_word' id='word_1_180' title='bbox 2238 1353 2463 1408; x_wconf 82' lang='lat' dir='ltr'><strong>Libertas</strong></span> <span class='ocrx_word' id='word_1_181' title='bbox 2482 1355 2695 1425; x_wconf 76' lang='lat' dir='ltr'><strong>eligendi</strong></span> <span class='ocrx_word' id='word_1_182' title='bbox 2722 1356 2904 1411; x_wconf 89' lang='lat' dir='ltr'><strong>bonum</strong></span> <span class='ocrx_word' id='word_1_183' title='bbox 2922 1365 2967 1411; x_wconf 88' lang='lat' dir='ltr'><strong>et</strong></span> <span class='ocrx_word' id='word_1_184' title='bbox 2987 1358 3208 1413; x_wconf 85' lang='lat' dir='ltr'><strong>malum:</strong></span> <span class='ocrx_word' id='word_1_185' title='bbox 3225 1376 3383 1431; x_wconf 88' lang='lat' dir='ltr'><strong>quam</strong></span> <span class='ocrx_word' id='word_1_186' title='bbox 3407 1364 3457 1417; x_wconf 93' lang='lat' dir='ltr'><strong>in</strong></span> <span class='ocrx_word' id='word_1_187' title='bbox 3481 1363 3618 1418; x_wconf 84' lang='lat' dir='ltr'><strong>libro</strong></span> 
     </span>
    </p>
   </div>
   <div class='ocr_carea' id='block_1_14' title="bbox 334 1449 3618 1523">
    <p class='ocr_par' dir='ltr' id='par_1_14' title="bbox 334 1449 3618 1523">
     <span class='ocr_line' id='line_1_14' title="bbox 334 1449 3618 1523; baseline 0.003 -17"><span class='ocrx_word' id='word_1_188' title='bbox 334 1449 405 1506; x_wconf 87' lang='lat' dir='ltr'><strong>de</strong></span> <span class='ocrx_word' id='word_1_189' title='bbox 422 1451 891 1507; x_wconf 61' lang='lat' dir='ltr'><strong>Prasdestinatione</strong></span> <span class='ocrx_word' id='word_1_190' title='bbox 908 1461 960 1506; x_wconf 90' lang='lat' dir='ltr'><strong>et</strong></span> <span class='ocrx_word' id='word_1_191' title='bbox 984 1451 1175 1507; x_wconf 84' lang='lat' dir='ltr'><strong>Libero</strong></span> <span class='ocrx_word' id='word_1_192' title='bbox 1196 1451 1429 1507; x_wconf 83' lang='lat' dir='ltr'><strong>Arbitrio</strong></span> <span class='ocrx_word' id='word_1_193' title='bbox 1444 1452 1660 1506; x_wconf 91' lang='lat' dir='ltr'><strong>minime</strong></span> <span class='ocrx_word' id='word_1_194' title='bbox 1679 1449 1868 1522; x_wconf 87' lang='lat' dir='ltr'><strong>probat</strong></span> <span class='ocrx_word' id='word_1_195' title='bbox 1887 1450 2154 1506; x_wconf 88' lang='lat' dir='ltr'><strong>Honorius</strong></span> <span class='ocrx_word' id='word_1_196' title='bbox 2178 1469 2190 1504; x_wconf 88' lang='lat'>:</span> <span class='ocrx_word' id='word_1_197' title='bbox 2216 1452 2303 1521; x_wconf 90' lang='lat' dir='ltr'><strong>qui</strong></span> <span class='ocrx_word' id='word_1_198' title='bbox 2327 1452 2574 1507; x_wconf 91' lang='lat' dir='ltr'><strong>nimirum</strong></span> <span class='ocrx_word' id='word_1_199' title='bbox 2601 1452 2891 1523; x_wconf 83' lang='lat' dir='ltr'><strong>profecisse</strong></span> <span class='ocrx_word' id='word_1_200' title='bbox 2913 1456 3025 1512; x_wconf 85' lang='lat' dir='ltr'><strong>sive</strong></span> <span class='ocrx_word' id='word_1_201' title='bbox 3046 1458 3359 1513; x_wconf 85' lang='lat' dir='ltr'><strong>sententiam</strong></span> <span class='ocrx_word' id='word_1_202' title='bbox 3382 1470 3618 1516; x_wconf 86' lang='lat' dir='ltr'><strong>mutasse</strong></span> 
     </span>
    </p>
   </div>
   <div class='ocr_carea' id='block_1_15' title="bbox 334 1543 3618 1620">
    <p class='ocr_par' dir='ltr' id='par_1_15' title="bbox 334 1543 3618 1620">
     <span class='ocr_line' id='line_1_15' title="bbox 334 1543 3618 1620; baseline 0.002 -21"><span class='ocrx_word' id='word_1_203' title='bbox 334 1543 636 1599; x_wconf 82' lang='lat' dir='ltr'><strong>credendus</strong></span> <span class='ocrx_word' id='word_1_204' title='bbox 660 1553 742 1600; x_wconf 89' lang='lat' dir='ltr'><strong>est</strong></span> <span class='ocrx_word' id='word_1_205' title='bbox 761 1552 882 1615; x_wconf 91' lang='lat' dir='ltr'><strong>post</strong></span> <span class='ocrx_word' id='word_1_206' title='bbox 906 1545 1160 1615; x_wconf 89' lang='lat' dir='ltr'><strong>scriptum</strong></span> <span class='ocrx_word' id='word_1_207' title='bbox 1185 1543 1565 1611; x_wconf 88' lang='lat' dir='ltr'><strong>Elucidarinm,</strong></span> <span class='ocrx_word' id='word_1_208' title='bbox 1589 1543 1730 1615; x_wconf 85' lang='lat' dir='ltr'><strong>quod</strong></span> <span class='ocrx_word' id='word_1_209' title='bbox 1760 1543 1898 1599; x_wconf 89' lang='lat' dir='ltr'><strong>inter</strong></span> <span class='ocrx_word' id='word_1_210' title='bbox 1921 1543 2176 1614; x_wconf 85' lang='lat' dir='ltr'><strong>opuscula</strong></span> <span class='ocrx_word' id='word_1_211' title='bbox 2197 1557 2292 1599; x_wconf 89' lang='lat' dir='ltr'><strong>sua</strong></span> <span class='ocrx_word' id='word_1_212' title='bbox 2315 1545 2486 1613; x_wconf 90' lang='lat' dir='ltr'><strong>primo</strong></span> <span class='ocrx_word' id='word_1_213' title='bbox 2516 1546 2630 1617; x_wconf 88' lang='lat' dir='ltr'><strong>ipse</strong></span> <span class='ocrx_word' id='word_1_214' title='bbox 2661 1546 2776 1601; x_wconf 91' lang='lat' dir='ltr'><strong>loco</strong></span> <span class='ocrx_word' id='word_1_215' title='bbox 2796 1557 3056 1603; x_wconf 89' lang='lat' dir='ltr'><strong>recenset.</strong></span> <span class='ocrx_word' id='word_1_216' title='bbox 3081 1547 3343 1605; x_wconf 71' lang='lat' dir='ltr'><strong>Cancrum</strong></span> <span class='ocrx_word' id='word_1_217' title='bbox 3370 1550 3618 1620; x_wconf 84' lang='lat' dir='ltr'><strong>ipsismet</strong></span> 
     </span>
    </p>
   </div>
   <div class='ocr_carea' id='block_1_16' title="bbox 345 1635 3619 1711">
    <p class='ocr_par' dir='ltr' id='par_1_16' title="bbox 345 1635 3619 1711">
     <span class='ocr_line' id='line_1_16' title="bbox 345 1635 3619 1711; baseline 0.002 -19"><span class='ocrx_word' id='word_1_218' title='bbox 345 1635 549 1693; x_wconf 64' lang='lat' dir='ltr'><strong>Graecis</strong></span> <span class='ocrx_word' id='word_1_219' title='bbox 578 1638 820 1708; x_wconf 84' lang='lat' dir='ltr'><strong>cognitus</strong></span> <span class='ocrx_word' id='word_1_220' title='bbox 843 1637 939 1691; x_wconf 88' lang='lat' dir='ltr'><strong>fuit</strong></span> <span class='ocrx_word' id='word_1_221' title='bbox 964 1645 1217 1692; x_wconf 87' lang='lat' dir='ltr'><strong>tractatus</strong></span> <span class='ocrx_word' id='word_1_222' title='bbox 1246 1636 1345 1693; x_wconf 90' lang='lat' dir='ltr'><strong>iste</strong></span> <span class='ocrx_word' id='word_1_223' title='bbox 1369 1636 1435 1691; x_wconf 90' lang='lat' dir='ltr'><strong>de</strong></span> <span class='ocrx_word' id='word_1_224' title='bbox 1460 1636 1771 1706; x_wconf 83' lang='lat' dir='ltr'><strong>Cognitione</strong></span> <span class='ocrx_word' id='word_1_225' title='bbox 1794 1650 1937 1692; x_wconf 77' lang='lat' dir='ltr'><strong>vera:</strong></span> <span class='ocrx_word' id='word_1_226' title='bbox 1963 1635 2101 1691; x_wconf 63' lang='lat' dir='ltr'><strong>vitae.</strong></span> <span class='ocrx_word' id='word_1_227' title='bbox 2134 1635 2261 1706; x_wconf 85' lang='lat' dir='ltr'><strong>Ejus</strong></span> <span class='ocrx_word' id='word_1_228' title='bbox 2290 1636 2483 1707; x_wconf 87' lang='lat' dir='ltr'><strong>quippe</strong></span> <span class='ocrx_word' id='word_1_229' title='bbox 2515 1638 2863 1708; x_wconf 78' lang='lat' dir='ltr'><strong>fragmentum</strong></span> <span class='ocrx_word' id='word_1_230' title='bbox 2887 1653 3063 1711; x_wconf 73' lang='lat' dir='ltr'><strong>graeco</strong></span> <span class='ocrx_word' id='word_1_231' title='bbox 3087 1638 3339 1697; x_wconf 86' lang='lat' dir='ltr'><strong>ldiomate</strong></span> <span class='ocrx_word' id='word_1_232' title='bbox 3368 1657 3469 1697; x_wconf 88' lang='lat' dir='ltr'><strong>una</strong></span> <span class='ocrx_word' id='word_1_233' title='bbox 3493 1657 3619 1698; x_wconf 88' lang='lat' dir='ltr'><strong>cum</strong></span> 
     </span>
    </p>
   </div>
   <div class='ocr_carea' id='block_1_17' title="bbox 330 1717 3618 1807">
    <p class='ocr_par' dir='ltr' id='par_1_17' title="bbox 330 1717 3618 1807">
     <span class='ocr_line' id='line_1_17' title="bbox 330 1717 3618 1807; baseline 0.002 -23"><span class='ocrx_word' id='word_1_234' title='bbox 330 1717 599 1801; x_wconf 77' lang='lat' dir='ltr'><strong>excerptis</strong></span> <span class='ocrx_word' id='word_1_235' title='bbox 623 1731 739 1785; x_wconf 89' lang='lat' dir='ltr'><strong>aliis</strong></span> <span class='ocrx_word' id='word_1_236' title='bbox 768 1729 1076 1787; x_wconf 88' lang='lat' dir='ltr'><strong>Latinorum</strong></span> <span class='ocrx_word' id='word_1_237' title='bbox 1107 1730 1460 1803; x_wconf 86' lang='lat' dir='ltr'><strong>quorumdam</strong></span> <span class='ocrx_word' id='word_1_238' title='bbox 1483 1730 1827 1800; x_wconf 87' lang='lat' dir='ltr'><strong>scriptorum,</strong></span> <span class='ocrx_word' id='word_1_239' title='bbox 1860 1739 1983 1800; x_wconf 88' lang='lat' dir='ltr'><strong>puta</strong></span> <span class='ocrx_word' id='word_1_240' title='bbox 2008 1729 2206 1786; x_wconf 87' lang='lat' dir='ltr'><strong>Leonis</strong></span> <span class='ocrx_word' id='word_1_241' title='bbox 2228 1730 2397 1801; x_wconf 83' lang='lat' dir='ltr'><strong>Magni</strong></span> <span class='ocrx_word' id='word_1_242' title='bbox 2423 1741 2476 1787; x_wconf 89' lang='lat' dir='ltr'><strong>et</strong></span> <span class='ocrx_word' id='word_1_243' title='bbox 2508 1733 2692 1788; x_wconf 87' lang='lat' dir='ltr'><strong>llilarii</strong></span> <span class='ocrx_word' id='word_1_244' title='bbox 2716 1749 2889 1804; x_wconf 69' lang='lat' dir='ltr'><strong>graece</strong></span> <span class='ocrx_word' id='word_1_245' title='bbox 2915 1735 3112 1804; x_wconf 86' lang='lat' dir='ltr'><strong>pariter</strong></span> <span class='ocrx_word' id='word_1_246' title='bbox 3138 1736 3388 1802; x_wconf 88' lang='lat' dir='ltr'><strong>inventis,</strong></span> <span class='ocrx_word' id='word_1_247' title='bbox 3420 1737 3618 1807; x_wconf 88' lang='lat' dir='ltr'><strong>prodiit</strong></span> 
     </span>
    </p>
   </div>
   <div class='ocr_carea' id='block_1_18' title="bbox 331 1822 3612 1895">
    <p class='ocr_par' dir='ltr' id='par_1_18' title="bbox 331 1822 3612 1895">
     <span class='ocr_line' id='line_1_18' title="bbox 331 1822 3612 1895; baseline 0.001 -17"><span class='ocrx_word' id='word_1_248' title='bbox 331 1822 582 1891; x_wconf 72' lang='lat' dir='ltr'><strong>Basilete,</strong></span> <span class='ocrx_word' id='word_1_249' title='bbox 611 1840 752 1880; x_wconf 87' lang='lat' dir='ltr'><strong>anno</strong></span> <span class='ocrx_word' id='word_1_250' title='bbox 778 1826 937 1892; x_wconf 81' lang='grc'><strong>1578,</strong></span> <span class='ocrx_word' id='word_1_251' title='bbox 970 1839 1097 1881; x_wconf 87' lang='lat' dir='ltr'><strong>cura</strong></span> <span class='ocrx_word' id='word_1_252' title='bbox 1124 1825 1465 1889; x_wconf 76' lang='lat' dir='ltr'><strong>Leunclavii,</strong></span> <span class='ocrx_word' id='word_1_253' title='bbox 1503 1824 1591 1895; x_wconf 87' lang='lat' dir='ltr'><strong>qui</strong></span> <span class='ocrx_word' id='word_1_254' title='bbox 1621 1839 1682 1879; x_wconf 90' lang='lat' dir='ltr'><strong>ea</strong></span> <span class='ocrx_word' id='word_1_255' title='bbox 1724 1825 2015 1894; x_wconf 76' lang='lat' dir='ltr'><strong>fragmenta</strong></span> <span class='ocrx_word' id='word_1_256' title='bbox 2040 1837 2107 1877; x_wconf 81' lang='lat' dir='ltr'><strong>ex</strong></span> <span class='ocrx_word' id='word_1_257' title='bbox 2137 1822 2292 1878; x_wconf 87' lang='lat' dir='ltr'><strong>Joan.</strong></span> <span class='ocrx_word' id='word_1_258' title='bbox 2326 1822 2575 1879; x_wconf 87' lang='lat' dir='ltr'><strong>Sambuci</strong></span> <span class='ocrx_word' id='word_1_259' title='bbox 2602 1825 2919 1881; x_wconf 88' lang='lat' dir='ltr'><strong>bibliotheca</strong></span> <span class='ocrx_word' id='word_1_260' title='bbox 2961 1840 3157 1883; x_wconf 89' lang='lat' dir='ltr'><strong>eruens</strong></span> <span class='ocrx_word' id='word_1_261' title='bbox 3182 1828 3430 1883; x_wconf 85' lang='lat' dir='ltr'><strong>latinitati</strong></span> <span class='ocrx_word' id='word_1_262' title='bbox 3454 1829 3612 1885; x_wconf 84' lang='lat' dir='ltr'><strong>resti-</strong></span> 
     </span>
    </p>
   </div>
   <div class='ocr_carea' id='block_1_19' title="bbox 335 1913 3615 1989">
    <p class='ocr_par' dir='ltr' id='par_1_19' title="bbox 335 1913 3615 1989">
     <span class='ocr_line' id='line_1_19' title="bbox 335 1913 3615 1989; baseline 0.002 -20"><span class='ocrx_word' id='word_1_263' title='bbox 335 1914 459 1970; x_wconf 78' lang='lat' dir='ltr'><strong>tuit.</strong></span> <span class='ocrx_word' id='word_1_264' title='bbox 492 1916 625 1972; x_wconf 81' lang='lat' dir='ltr'><strong>illud</strong></span> <span class='ocrx_word' id='word_1_265' title='bbox 654 1918 824 1989; x_wconf 91' lang='lat' dir='ltr'><strong>ipsum</strong></span> <span class='ocrx_word' id='word_1_266' title='bbox 849 1917 914 1972; x_wconf 91' lang='lat' dir='ltr'><strong>de</strong></span> <span class='ocrx_word' id='word_1_267' title='bbox 939 1917 1243 1989; x_wconf 82' lang='lat' dir='ltr'><strong>cognitione</strong></span> <span class='ocrx_word' id='word_1_268' title='bbox 1270 1932 1409 1972; x_wconf 79' lang='lat' dir='ltr'><strong>vera:</strong></span> <span class='ocrx_word' id='word_1_269' title='bbox 1434 1918 1555 1971; x_wconf 64' lang='lat' dir='ltr'><strong>vitae</strong></span> <span class='ocrx_word' id='word_1_270' title='bbox 1581 1915 1932 1986; x_wconf 83' lang='lat' dir='ltr'><strong>fragmentum</strong></span> <span class='ocrx_word' id='word_1_271' title='bbox 1955 1922 2126 1970; x_wconf 81' lang='lat' dir='ltr'><strong>exstat</strong></span> <span class='ocrx_word' id='word_1_272' title='bbox 2155 1913 2206 1968; x_wconf 89' lang='lat' dir='ltr'><strong>in</strong></span> <span class='ocrx_word' id='word_1_273' title='bbox 2234 1914 2621 1971; x_wconf 88' lang='lat' dir='ltr'><strong>Monachiensis</strong></span> <span class='ocrx_word' id='word_1_274' title='bbox 2649 1915 2979 1973; x_wconf 74' lang='lat' dir='ltr'><strong>bibliotheca:</strong></span> <span class='ocrx_word' id='word_1_275' title='bbox 3002 1917 3187 1973; x_wconf 75' lang='lat' dir='ltr'><strong>codice</strong></span> <span class='ocrx_word' id='word_1_276' title='bbox 3216 1916 3312 1973; x_wconf 91' lang='lat' dir='ltr'><strong>Ms.</strong></span> <span class='ocrx_word' id='word_1_277' title='bbox 3342 1920 3465 1986; x_wconf 77' lang='grc'><strong>115,</strong></span> <span class='ocrx_word' id='word_1_278' title='bbox 3493 1934 3615 1975; x_wconf 88' lang='lat' dir='ltr'><strong>cum</strong></span> 
     </span>
    </p>
   </div>
   <div class='ocr_carea' id='block_1_20' title="bbox 324 1998 3614 2089">
    <p class='ocr_par' dir='ltr' id='par_1_20' title="bbox 324 1998 3614 2089">
     <span class='ocr_line' id='line_1_20' title="bbox 324 1998 3614 2089; baseline 0.001 -23"><span class='ocrx_word' id='word_1_279' title='bbox 324 1998 664 2067; x_wconf 77' lang='lat' dir='ltr'><strong>Bessarionis</strong></span> <span class='ocrx_word' id='word_1_280' title='bbox 693 2012 966 2082; x_wconf 83' lang='lat' dir='ltr'><strong>Opusculis</strong></span> <span class='ocrx_word' id='word_1_281' title='bbox 1004 2011 1341 2083; x_wconf 72' lang='lat' dir='ltr'><strong>coniunctum</strong></span> <span class='ocrx_word' id='word_1_282' title='bbox 1366 2054 1380 2079; x_wconf 91' lang='lat'><strong>,</strong></span> <span class='ocrx_word' id='word_1_283' title='bbox 1410 2011 1565 2068; x_wconf 90' lang='lat' dir='ltr'><strong>sicuti</strong></span> <span class='ocrx_word' id='word_1_284' title='bbox 1595 2011 1771 2067; x_wconf 85' lang='lat' dir='ltr'><strong>videre</strong></span> <span class='ocrx_word' id='word_1_285' title='bbox 1800 2022 1882 2067; x_wconf 88' lang='lat' dir='ltr'><strong>est</strong></span> <span class='ocrx_word' id='word_1_286' title='bbox 1908 2011 1959 2067; x_wconf 91' lang='lat' dir='ltr'><strong>in</strong></span> <span class='ocrx_word' id='word_1_287' title='bbox 2002 2012 2178 2067; x_wconf 84' lang='lat' dir='ltr'><strong>Indice</strong></span> <span class='ocrx_word' id='word_1_288' title='bbox 2206 2013 2444 2083; x_wconf 90' lang='lat' dir='ltr'><strong>ejusdem</strong></span> <span class='ocrx_word' id='word_1_289' title='bbox 2476 2013 2807 2072; x_wconf 78' lang='lat' dir='ltr'><strong>bibliotheca:</strong></span> <span class='ocrx_word' id='word_1_290' title='bbox 2837 2016 2901 2071; x_wconf 90' lang='lat' dir='ltr'><strong>ad</strong></span> <span class='ocrx_word' id='word_1_291' title='bbox 2927 2017 3126 2072; x_wconf 87' lang='lat' dir='ltr'><strong>calcem</strong></span> <span class='ocrx_word' id='word_1_292' title='bbox 3156 2018 3451 2089; x_wconf 80' lang='lat' dir='ltr'><strong>Apparatus</strong></span> <span class='ocrx_word' id='word_1_293' title='bbox 3478 2016 3614 2072; x_wconf 83' lang='lat' dir='ltr'><strong>Pos-</strong></span> 
     </span>
    </p>
   </div>
   <div class='ocr_carea' id='block_1_21' title="bbox 324 2094 1903 2183">
    <p class='ocr_par' dir='ltr' id='par_1_21' title="bbox 324 2106 1903 2179">
     <span class='ocr_line' id='line_1_21' title="bbox 324 2106 1903 2179; baseline -0.001 -18"><span class='ocrx_word' id='word_1_294' title='bbox 324 2106 499 2161; x_wconf 80' lang='lat' dir='ltr'><strong>sevini</strong></span> <span class='ocrx_word' id='word_1_295' title='bbox 539 2107 768 2178; x_wconf 86' lang='lat' dir='ltr'><strong>vulgato.</strong></span> <span class='ocrx_word' id='word_1_296' title='bbox 803 2107 992 2179; x_wconf 79' lang='lat' dir='ltr'><strong>incipit</strong></span> <span class='ocrx_word' id='word_1_297' title='bbox 1029 2117 1206 2164; x_wconf 89' lang='lat' dir='ltr'><strong>autem</strong></span> <span class='ocrx_word' id='word_1_298' title='bbox 1250 2108 1601 2179; x_wconf 75' lang='lat' dir='ltr'><strong>fragmentum</strong></span> <span class='ocrx_word' id='word_1_299' title='bbox 1650 2107 1701 2161; x_wconf 92' lang='lat' dir='ltr'><strong>in</strong></span> <span class='ocrx_word' id='word_1_300' title='bbox 1746 2106 1860 2161; x_wconf 79' lang='lat' dir='ltr'><strong>lnec</strong></span> <span class='ocrx_word' id='word_1_301' title='bbox 1901 2122 1903 2129; x_wconf 91' lang='grc'>·</span> 
     </span>
    </p>
   </div>
   <div class='ocr_carea' id='block_1_22' title="bbox 2012 2094 3615 2183">
    <p class='ocr_par' dir='ltr' id='par_1_22' title="bbox 2012 2094 3615 2183">
     <span class='ocr_line' id='line_1_22' title="bbox 2012 2094 3615 2183; baseline 0.004 -23"><span class='ocrx_word' id='word_1_302' title='bbox 2012 2119 2061 2161; x_wconf 78' lang='lat' dir='ltr'><strong>)a</strong></span> <span class='ocrx_word' id='word_1_303' title='bbox 2089 2094 2320 2181; x_wconf 69' lang='grc' dir='ltr'><strong>ΞᾸδιλφοὶ</strong></span> <span class='ocrx_word' id='word_1_304' title='bbox 2350 2115 2500 2180; x_wconf 77' lang='grc' dir='ltr'><strong>ὥσπερ</strong></span> <span class='ocrx_word' id='word_1_305' title='bbox 2530 2119 2586 2164; x_wconf 79' lang='grc' dir='ltr'><strong>τὸ</strong></span> <span class='ocrx_word' id='word_1_306' title='bbox 2626 2125 2711 2172; x_wconf 80' lang='grc' dir='ltr'><strong>τῆς</strong></span> <span class='ocrx_word' id='word_1_307' title='bbox 2759 2119 2927 2180; x_wconf 81' lang='grc' dir='ltr'><strong>σαρκὸς</strong></span> <span class='ocrx_word' id='word_1_308' title='bbox 2956 2112 3104 2183; x_wconf 66' lang='grc' dir='ltr'><strong>βάρος</strong></span> <span class='ocrx_word' id='word_1_309' title='bbox 3150 2120 3301 2176; x_wconf 74' lang='grc' dir='ltr'><strong>πιέζει</strong></span> <span class='ocrx_word' id='word_1_310' title='bbox 3329 2125 3414 2174; x_wconf 81' lang='grc' dir='ltr'>τήν</span> <span class='ocrx_word' id='word_1_311' title='bbox 3437 2120 3615 2180; x_wconf 64' lang='grc' dir='ltr'><strong>ψυχήν.</strong></span> 
     </span>
    </p>
   </div>
   <div class='ocr_carea' id='block_1_23' title="bbox 322 2196 3608 2273">
    <p class='ocr_par' dir='ltr' id='par_1_23' title="bbox 322 2196 3608 2273">
     <span class='ocr_line' id='line_1_23' title="bbox 322 2196 3608 2273; baseline 0.001 -19"><span class='ocrx_word' id='word_1_312' title='bbox 322 2196 562 2266; x_wconf 85' lang='lat' dir='ltr'><strong>Fratres,</strong></span> <span class='ocrx_word' id='word_1_313' title='bbox 577 2200 998 2270; x_wconf 83' lang='lat' dir='ltr'><strong>quemadmodum</strong></span> <span class='ocrx_word' id='word_1_314' title='bbox 1026 2201 1225 2273; x_wconf 85' lang='lat' dir='ltr'><strong>pondus</strong></span> <span class='ocrx_word' id='word_1_315' title='bbox 1250 2201 1416 2255; x_wconf 87' lang='lat' dir='ltr'><strong>carnis</strong></span> <span class='ocrx_word' id='word_1_316' title='bbox 1442 2201 1663 2254; x_wconf 77' lang='lat' dir='ltr'><strong>animum</strong></span> <span class='ocrx_word' id='word_1_317' title='bbox 1690 2208 1951 2271; x_wconf 83' lang='lat' dir='ltr'><strong>aggravat,</strong></span> <span class='ocrx_word' id='word_1_318' title='bbox 1978 2200 2070 2264; x_wconf 69' lang='lat' dir='ltr'><strong>sic,</strong></span> <span class='ocrx_word' id='word_1_319' title='bbox 2100 2209 2227 2267; x_wconf 90' lang='lat' dir='ltr'><strong>etc.,</strong></span> <span class='ocrx_word' id='word_1_320' title='bbox 2261 2200 2475 2255; x_wconf 91' lang='lat' dir='ltr'><strong>ductum</strong></span> <span class='ocrx_word' id='word_1_321' title='bbox 2501 2201 2703 2257; x_wconf 85' lang='lat' dir='ltr'><strong>scilicet</strong></span> <span class='ocrx_word' id='word_1_322' title='bbox 2730 2217 2795 2257; x_wconf 87' lang='lat' dir='ltr'><strong>ex</strong></span> <span class='ocrx_word' id='word_1_323' title='bbox 2821 2200 3196 2273; x_wconf 68' lang='lat' dir='ltr'><strong>subsequentis</strong></span> <span class='ocrx_word' id='word_1_324' title='bbox 3226 2203 3345 2258; x_wconf 89' lang='lat' dir='ltr'><strong>libri</strong></span> <span class='ocrx_word' id='word_1_325' title='bbox 3375 2216 3490 2273; x_wconf 85' lang='lat' dir='ltr'><strong>cap.</strong></span> <span class='ocrx_word' id='word_1_326' title='bbox 3518 2203 3608 2271; x_wconf 75' lang='lat'><strong>10,</strong></span> 
     </span>
    </p>
   </div>
   <div class='ocr_carea' id='block_1_24' title="bbox 320 2291 1903 2368">
    <p class='ocr_par' dir='ltr' id='par_1_24' title="bbox 320 2291 1903 2368">
     <span class='ocr_line' id='line_1_24' title="bbox 320 2291 1903 2368; baseline -0.001 -19"><span class='ocrx_word' id='word_1_327' title='bbox 320 2302 382 2349; x_wconf 85' lang='lat' dir='ltr'><strong>et</strong></span> <span class='ocrx_word' id='word_1_328' title='bbox 407 2292 543 2349; x_wconf 87' lang='lat' dir='ltr'><strong>circa</strong></span> <span class='ocrx_word' id='word_1_329' title='bbox 565 2293 722 2350; x_wconf 90' lang='lat' dir='ltr'><strong>linem</strong></span> <span class='ocrx_word' id='word_1_330' title='bbox 754 2296 942 2367; x_wconf 85' lang='lat' dir='ltr'><strong>capitis</strong></span> <span class='ocrx_word' id='word_1_331' title='bbox 972 2295 1039 2351; x_wconf 83' lang='lat' dir='ltr'><strong>l8</strong></span> <span class='ocrx_word' id='word_1_332' title='bbox 1072 2296 1295 2368; x_wconf 88' lang='lat' dir='ltr'><strong>(omisso</strong></span> <span class='ocrx_word' id='word_1_333' title='bbox 1322 2306 1498 2349; x_wconf 89' lang='lat' dir='ltr'><strong>tamen</strong></span> <span class='ocrx_word' id='word_1_334' title='bbox 1526 2294 1698 2365; x_wconf 89' lang='lat' dir='ltr'><strong>capite</strong></span> <span class='ocrx_word' id='word_1_335' title='bbox 1726 2291 1814 2365; x_wconf 81' lang='grc'><strong>15)</strong></span> <span class='ocrx_word' id='word_1_336' title='bbox 1846 2291 1903 2347; x_wconf 77' lang='lat' dir='ltr'><strong>de</strong></span> 
     </span>
    </p>
   </div>
   <div class='ocr_carea' id='block_1_25' title="bbox 2012 2291 3713 2368">
    <p class='ocr_par' dir='ltr' id='par_1_25' title="bbox 2012 2291 3713 2367">
     <span class='ocr_line' id='line_1_25' title="bbox 2012 2291 3713 2367; baseline 0.001 -20"><span class='ocrx_word' id='word_1_337' title='bbox 2012 2296 2059 2348; x_wconf 78' lang='lat' dir='ltr'><strong>it.</strong></span> <span class='ocrx_word' id='word_1_338' title='bbox 2080 2291 2399 2365; x_wconf 82' lang='lat' dir='ltr'><strong>Fragmenta</strong></span> <span class='ocrx_word' id='word_1_339' title='bbox 2429 2293 2611 2349; x_wconf 89' lang='lat' dir='ltr'><strong>titulus</strong></span> <span class='ocrx_word' id='word_1_340' title='bbox 2638 2308 2812 2364; x_wconf 64' lang='lat' dir='ltr'><strong>graece</strong></span> <span class='ocrx_word' id='word_1_341' title='bbox 2855 2303 2935 2349; x_wconf 87' lang='lat' dir='ltr'><strong>est</strong></span> <span class='ocrx_word' id='word_1_342' title='bbox 2960 2312 2973 2349; x_wconf 88' lang='lat'><strong>:</strong></span> <span class='ocrx_word' id='word_1_343' title='bbox 2998 2302 3097 2349; x_wconf 77' lang='grc' dir='ltr'><strong>Τοῦ</strong></span> <span class='ocrx_word' id='word_1_344' title='bbox 3127 2298 3263 2362; x_wconf 80' lang='grc' dir='ltr'><strong>ἁγίου</strong></span> <span class='ocrx_word' id='word_1_345' title='bbox 3302 2298 3607 2362; x_wconf 74' lang='grc' dir='ltr'><strong>Αὐγουσθίνου</strong></span> <span class='ocrx_word' id='word_1_346' title='bbox 3710 2366 3713 2367; x_wconf 16' lang='grc' dir='ltr'><em>ν</em></span> 
     </span>
    </p>
   </div>
   <div class='ocr_carea' id='block_1_26' title="bbox 319 2388 3612 2460">
    <p class='ocr_par' dir='ltr' id='par_1_26' title="bbox 319 2388 3612 2460">
     <span class='ocr_line' id='line_1_26' title="bbox 319 2388 3612 2460; baseline -0.001 -17"><span class='ocrx_word' id='word_1_347' title='bbox 319 2390 435 2457; x_wconf 61' lang='grc' dir='ltr'><strong>περὶ</strong></span> <span class='ocrx_word' id='word_1_348' title='bbox 465 2392 695 2458; x_wconf 76' lang='grc' dir='ltr'><strong>Τριάδος,</strong></span> <span class='ocrx_word' id='word_1_349' title='bbox 723 2394 773 2441; x_wconf 66' lang='grc' dir='ltr'><strong>ἐκ</strong></span> <span class='ocrx_word' id='word_1_350' title='bbox 815 2398 897 2443; x_wconf 79' lang='grc' dir='ltr'><strong>τοῦ</strong></span> <span class='ocrx_word' id='word_1_351' title='bbox 940 2394 1134 2460; x_wconf 73' lang='grc' dir='ltr'><strong>βιϐλίου</strong></span> <span class='ocrx_word' id='word_1_352' title='bbox 1161 2391 1245 2443; x_wconf 73' lang='grc' dir='ltr'>τοῦ</span> <span class='ocrx_word' id='word_1_353' title='bbox 1274 2393 1379 2458; x_wconf 68' lang='grc' dir='ltr'><strong>περὶ</strong></span> <span class='ocrx_word' id='word_1_354' title='bbox 1423 2402 1508 2449; x_wconf 77' lang='grc' dir='ltr'><strong>τῆς</strong></span> <span class='ocrx_word' id='word_1_355' title='bbox 1533 2394 1735 2453; x_wconf 67' lang='grc' dir='ltr'><strong>γνὼςεως</strong></span> <span class='ocrx_word' id='word_1_356' title='bbox 1782 2401 1867 2447; x_wconf 75' lang='grc' dir='ltr'><strong>τῆς</strong></span> <span class='ocrx_word' id='word_1_357' title='bbox 1894 2388 2093 2446; x_wconf 80' lang='grc' dir='ltr'><strong>ἀληθοῦς</strong></span> <span class='ocrx_word' id='word_1_358' title='bbox 2122 2395 2242 2449; x_wconf 78' lang='grc' dir='ltr'><strong>ζωῆς</strong></span> <span class='ocrx_word' id='word_1_359' title='bbox 2276 2390 2661 2457; x_wconf 67' lang='grc' dir='ltr'><strong>ἕπιγράφομᾶνου,</strong></span> <span class='ocrx_word' id='word_1_360' title='bbox 2685 2389 2731 2437; x_wconf 77' lang='grc' dir='ltr'><strong>ἐν</strong></span> <span class='ocrx_word' id='word_1_361' title='bbox 2767 2388 2803 2457; x_wconf 79' lang='grc' dir='ltr'>ᾧ</span> <span class='ocrx_word' id='word_1_362' title='bbox 2831 2388 2889 2447; x_wconf 80' lang='grc' dir='ltr'><strong>ὧς</strong></span> <span class='ocrx_word' id='word_1_363' title='bbox 2918 2389 2964 2438; x_wconf 75' lang='grc' dir='ltr'><strong>ιν</strong></span> <span class='ocrx_word' id='word_1_364' title='bbox 2991 2389 3196 2455; x_wconf 71' lang='grc' dir='ltr'>διαλόγῳ</span> <span class='ocrx_word' id='word_1_365' title='bbox 3221 2390 3426 2457; x_wconf 57' lang='lat' dir='ltr'><strong>(purast</strong></span> <span class='ocrx_word' id='word_1_366' title='bbox 3450 2396 3532 2453; x_wconf 69' lang='grc' dir='ltr'><strong>μιν</strong></span> <span class='ocrx_word' id='word_1_367' title='bbox 3562 2393 3612 2441; x_wconf 74' lang='grc' dir='ltr'><strong>οἱ</strong></span> 
     </span>
    </p>
   </div>
   <div class='ocr_carea' id='block_1_27' title="bbox 321 2474 1903 2552">
    <p class='ocr_par' dir='ltr' id='par_1_27' title="bbox 321 2477 1903 2552">
     <span class='ocr_line' id='line_1_27' title="bbox 321 2477 1903 2552; baseline -0.003 -18"><span class='ocrx_word' id='word_1_368' title='bbox 321 2484 543 2552; x_wconf 67' lang='grc' dir='ltr'><strong>ἀδελφοὶ,</strong></span> <span class='ocrx_word' id='word_1_369' title='bbox 578 2484 887 2552; x_wconf 72' lang='grc' dir='ltr'><strong>ἀποκρίνεται</strong></span> <span class='ocrx_word' id='word_1_370' title='bbox 919 2486 966 2535; x_wconf 70' lang='grc' dir='ltr'><strong>δὲ</strong></span> <span class='ocrx_word' id='word_1_371' title='bbox 992 2487 1017 2536; x_wconf 79' lang='grc' dir='ltr'><em>ὅ</em></span> <span class='ocrx_word' id='word_1_372' title='bbox 1046 2485 1341 2542; x_wconf 61' lang='grc' dir='ltr'><strong>διδάσκαλος.</strong></span> <span class='ocrx_word' id='word_1_373' title='bbox 1375 2478 1836 2549; x_wconf 80' lang='lat' dir='ltr'><strong>SanctiAttgustini</strong></span> <span class='ocrx_word' id='word_1_374' title='bbox 1862 2477 1903 2529; x_wconf 75' lang='lat' dir='ltr'><strong>dt</strong></span> 
     </span>
    </p>
   </div>
   <div class='ocr_carea' id='block_1_28' title="bbox 2012 2474 3609 2552">
    <p class='ocr_par' dir='ltr' id='par_1_28' title="bbox 2012 2474 3609 2547">
     <span class='ocr_line' id='line_1_28' title="bbox 2012 2474 3609 2547; baseline 0.001 -17"><span class='ocrx_word' id='word_1_375' title='bbox 2012 2476 2212 2542; x_wconf 77' lang='lat' dir='ltr'><strong>initate,</strong></span> <span class='ocrx_word' id='word_1_376' title='bbox 2240 2493 2301 2531; x_wconf 80' lang='lat' dir='ltr'><strong>ea:</strong></span> <span class='ocrx_word' id='word_1_377' title='bbox 2329 2475 2453 2530; x_wconf 86' lang='lat' dir='ltr'><strong>libro</strong></span> <span class='ocrx_word' id='word_1_378' title='bbox 2480 2476 2568 2544; x_wconf 76' lang='lat' dir='ltr'><strong>qui</strong></span> <span class='ocrx_word' id='word_1_379' title='bbox 2593 2476 2655 2529; x_wconf 86' lang='lat' dir='ltr'><strong>de</strong></span> <span class='ocrx_word' id='word_1_380' title='bbox 2682 2474 2978 2547; x_wconf 81' lang='lat' dir='ltr'><strong>Cognitione</strong></span> <span class='ocrx_word' id='word_1_381' title='bbox 3004 2480 3135 2531; x_wconf 67' lang='lat' dir='ltr'><strong>vero!</strong></span> <span class='ocrx_word' id='word_1_382' title='bbox 3158 2476 3274 2531; x_wconf 69' lang='lat' dir='ltr'><strong>vitae</strong></span> <span class='ocrx_word' id='word_1_383' title='bbox 3294 2474 3609 2546; x_wconf 73' lang='lat' dir='ltr'><strong>inscribitur,</strong></span> 
     </span>
    </p>
   </div>
   <div class='ocr_carea' id='block_1_29' title="bbox 321 2566 3612 2646">
    <p class='ocr_par' dir='ltr' id='par_1_29' title="bbox 321 2566 3612 2646">
     <span class='ocr_line' id='line_1_29' title="bbox 321 2566 3612 2646; baseline -0.001 -16"><span class='ocrx_word' id='word_1_384' title='bbox 321 2575 379 2630; x_wconf 83' lang='lat' dir='ltr'><strong>in</strong></span> <span class='ocrx_word' id='word_1_385' title='bbox 408 2590 505 2646; x_wconf 84' lang='lat' dir='ltr'><strong>quo</strong></span> <span class='ocrx_word' id='word_1_386' title='bbox 531 2584 771 2645; x_wconf 86' lang='lat' dir='ltr'><strong>tanquam</strong></span> <span class='ocrx_word' id='word_1_387' title='bbox 800 2575 853 2629; x_wconf 84' lang='lat' dir='ltr'><strong>in</strong></span> <span class='ocrx_word' id='word_1_388' title='bbox 880 2574 1083 2645; x_wconf 81' lang='lat' dir='ltr'><strong>dialogo</strong></span> <span class='ocrx_word' id='word_1_389' title='bbox 1111 2572 1320 2628; x_wconf 85' lang='lat' dir='ltr'><strong>Fratres</strong></span> <span class='ocrx_word' id='word_1_390' title='bbox 1348 2573 1679 2642; x_wconf 82' lang='lat' dir='ltr'><strong>interrogant,</strong></span> <span class='ocrx_word' id='word_1_391' title='bbox 1714 2569 1957 2641; x_wconf 79' lang='lat' dir='ltr'><strong>Magister</strong></span> <span class='ocrx_word' id='word_1_392' title='bbox 1980 2570 2269 2640; x_wconf 82' lang='lat' dir='ltr'><strong>respondet.</strong></span> <span class='ocrx_word' id='word_1_393' title='bbox 2297 2567 2458 2625; x_wconf 85' lang='lat' dir='ltr'><strong>Vides</strong></span> <span class='ocrx_word' id='word_1_394' title='bbox 2484 2566 2701 2624; x_wconf 64' lang='lat' dir='ltr'><strong>Grmcos</strong></span> <span class='ocrx_word' id='word_1_395' title='bbox 2727 2567 2977 2624; x_wconf 84' lang='lat' dir='ltr'><strong>incidisse</strong></span> <span class='ocrx_word' id='word_1_396' title='bbox 3006 2570 3059 2623; x_wconf 90' lang='lat' dir='ltr'><strong>in</strong></span> <span class='ocrx_word' id='word_1_397' title='bbox 3089 2569 3309 2624; x_wconf 88' lang='lat' dir='ltr'><strong>latinum</strong></span> <span class='ocrx_word' id='word_1_398' title='bbox 3333 2570 3612 2641; x_wconf 80' lang='lat' dir='ltr'><strong>exemplar</strong></span> 
     </span>
    </p>
   </div>
   <div class='ocr_carea' id='block_1_30' title="bbox 317 2658 3610 2737">
    <p class='ocr_par' dir='ltr' id='par_1_30' title="bbox 317 2658 3610 2737">
     <span class='ocr_line' id='line_1_30' title="bbox 317 2658 3610 2737; baseline -0.002 -16"><span class='ocrx_word' id='word_1_399' title='bbox 317 2666 432 2737; x_wconf 84' lang='lat' dir='ltr'><strong>jam</strong></span> <span class='ocrx_word' id='word_1_400' title='bbox 463 2663 842 2735; x_wconf 83' lang='lat' dir='ltr'><strong>depravatum,</strong></span> <span class='ocrx_word' id='word_1_401' title='bbox 888 2667 940 2721; x_wconf 92' lang='lat' dir='ltr'><strong>in</strong></span> <span class='ocrx_word' id='word_1_402' title='bbox 978 2680 1084 2737; x_wconf 92' lang='lat' dir='ltr'><strong>quo</strong></span> <span class='ocrx_word' id='word_1_403' title='bbox 1123 2680 1232 2720; x_wconf 90' lang='lat' dir='ltr'><strong>non</strong></span> <span class='ocrx_word' id='word_1_404' title='bbox 1273 2664 1433 2720; x_wconf 89' lang='lat' dir='ltr'><strong>modo</strong></span> <span class='ocrx_word' id='word_1_405' title='bbox 1464 2661 1863 2719; x_wconf 79' lang='lat' dir='ltr'><strong>adscribebatur</strong></span> <span class='ocrx_word' id='word_1_406' title='bbox 1890 2677 2024 2733; x_wconf 89' lang='lat' dir='ltr'><strong>opus</strong></span> <span class='ocrx_word' id='word_1_407' title='bbox 2051 2661 2382 2731; x_wconf 77' lang='lat' dir='ltr'><strong>Augustino,</strong></span> <span class='ocrx_word' id='word_1_408' title='bbox 2437 2659 2531 2715; x_wconf 90' lang='lat' dir='ltr'><strong>sed</strong></span> <span class='ocrx_word' id='word_1_409' title='bbox 2562 2667 2819 2729; x_wconf 73' lang='lat' dir='ltr'><strong>praeterea</strong></span> <span class='ocrx_word' id='word_1_410' title='bbox 2857 2658 3114 2730; x_wconf 82' lang='lat' dir='ltr'><strong>Discipuli</strong></span> <span class='ocrx_word' id='word_1_411' title='bbox 3150 2660 3338 2716; x_wconf 89' lang='lat' dir='ltr'><strong>mutati</strong></span> <span class='ocrx_word' id='word_1_412' title='bbox 3374 2670 3526 2716; x_wconf 87' lang='lat' dir='ltr'><strong>erant</strong></span> <span class='ocrx_word' id='word_1_413' title='bbox 3556 2661 3610 2716; x_wconf 89' lang='lat' dir='ltr'><strong>in</strong></span> 
     </span>
    </p>
   </div>
   <div class='ocr_carea' id='block_1_31' title="bbox 319 2752 3596 2829">
    <p class='ocr_par' dir='ltr' id='par_1_31' title="bbox 319 2752 3596 2829">
     <span class='ocr_line' id='line_1_31' title="bbox 319 2752 3596 2829; baseline -0 -18"><span class='ocrx_word' id='word_1_414' title='bbox 319 2753 555 2812; x_wconf 79' lang='lat' dir='ltr'><strong>Fratres.</strong></span> <span class='ocrx_word' id='word_1_415' title='bbox 587 2758 775 2815; x_wconf 82' lang='lat' dir='ltr'><strong>lsthaec</strong></span> <span class='ocrx_word' id='word_1_416' title='bbox 797 2772 956 2829; x_wconf 89' lang='lat' dir='ltr'><strong>porro</strong></span> <span class='ocrx_word' id='word_1_417' title='bbox 979 2760 1203 2814; x_wconf 85' lang='lat' dir='ltr'><strong>mutatio</strong></span> <span class='ocrx_word' id='word_1_418' title='bbox 1232 2758 1449 2812; x_wconf 84' lang='lat' dir='ltr'><strong>alterius</strong></span> <span class='ocrx_word' id='word_1_419' title='bbox 1479 2758 1531 2811; x_wconf 92' lang='lat' dir='ltr'><strong>in</strong></span> <span class='ocrx_word' id='word_1_420' title='bbox 1555 2758 1706 2811; x_wconf 89' lang='lat' dir='ltr'><strong>titulo</strong></span> <span class='ocrx_word' id='word_1_421' title='bbox 1728 2756 2123 2826; x_wconf 81' lang='lat' dir='ltr'><strong>depravationis</strong></span> <span class='ocrx_word' id='word_1_422' title='bbox 2154 2756 2314 2809; x_wconf 87' lang='lat' dir='ltr'><strong>causa</strong></span> <span class='ocrx_word' id='word_1_423' title='bbox 2340 2761 2394 2808; x_wconf 92' lang='lat' dir='ltr'><strong>et</strong></span> <span class='ocrx_word' id='word_1_424' title='bbox 2431 2754 2644 2809; x_wconf 87' lang='lat' dir='ltr'><strong>occasio</strong></span> <span class='ocrx_word' id='word_1_425' title='bbox 2670 2752 2770 2808; x_wconf 78' lang='lat' dir='ltr'><strong>fuit</strong></span> <span class='ocrx_word' id='word_1_426' title='bbox 2798 2754 2923 2825; x_wconf 89' lang='lat' dir='ltr'><strong>(nisi</strong></span> <span class='ocrx_word' id='word_1_427' title='bbox 2952 2754 3087 2810; x_wconf 88' lang='lat' dir='ltr'><strong>forte</strong></span> <span class='ocrx_word' id='word_1_428' title='bbox 3114 2755 3436 2811; x_wconf 88' lang='lat' dir='ltr'><strong>mutationes</strong></span> <span class='ocrx_word' id='word_1_429' title='bbox 3472 2754 3596 2810; x_wconf 84' lang='lat' dir='ltr'><strong>illas</strong></span> 
     </span>
    </p>
   </div>
   <div class='ocr_carea' id='block_1_32' title="bbox 320 2844 3604 2925">
    <p class='ocr_par' dir='ltr' id='par_1_32' title="bbox 320 2844 3604 2925">
     <span class='ocr_line' id='line_1_32' title="bbox 320 2844 3604 2925; baseline -0.001 -18"><span class='ocrx_word' id='word_1_430' title='bbox 320 2850 512 2907; x_wconf 86' lang='lat' dir='ltr'><strong>eodem</strong></span> <span class='ocrx_word' id='word_1_431' title='bbox 537 2862 777 2925; x_wconf 89' lang='lat' dir='ltr'><strong>tempore</strong></span> <span class='ocrx_word' id='word_1_432' title='bbox 800 2852 964 2910; x_wconf 87' lang='lat' dir='ltr'><strong>factas</strong></span> <span class='ocrx_word' id='word_1_433' title='bbox 987 2871 1106 2912; x_wconf 88' lang='lat' dir='ltr'><strong>esse</strong></span> <span class='ocrx_word' id='word_1_434' title='bbox 1131 2853 1284 2923; x_wconf 84' lang='lat' dir='ltr'><strong>velis)</strong></span> <span class='ocrx_word' id='word_1_435' title='bbox 1313 2872 1325 2907; x_wconf 89' lang='lat'><strong>:</strong></span> <span class='ocrx_word' id='word_1_436' title='bbox 1350 2852 1552 2908; x_wconf 84' lang='lat' dir='ltr'><strong>scilicet</strong></span> <span class='ocrx_word' id='word_1_437' title='bbox 1580 2852 1632 2906; x_wconf 94' lang='lat' dir='ltr'><strong>in</strong></span> <span class='ocrx_word' id='word_1_438' title='bbox 1655 2852 1881 2922; x_wconf 75' lang='lat' dir='ltr'><strong>quodam</strong></span> <span class='ocrx_word' id='word_1_439' title='bbox 1910 2849 2090 2921; x_wconf 64' lang='lat' dir='ltr'><strong>[legite</strong></span> <span class='ocrx_word' id='word_1_440' title='bbox 2114 2848 2453 2906; x_wconf 82' lang='lat' dir='ltr'><strong>bibliothecae</strong></span> <span class='ocrx_word' id='word_1_441' title='bbox 2482 2847 2579 2903; x_wconf 87' lang='lat' dir='ltr'><strong>Ms.</strong></span> <span class='ocrx_word' id='word_1_442' title='bbox 2600 2862 2705 2903; x_wconf 91' lang='lat' dir='ltr'><strong>non</strong></span> <span class='ocrx_word' id='word_1_443' title='bbox 2728 2844 3014 2903; x_wconf 85' lang='lat' dir='ltr'><strong>admodum</strong></span> <span class='ocrx_word' id='word_1_444' title='bbox 3038 2857 3242 2917; x_wconf 87' lang='lat' dir='ltr'><strong>vetere,</strong></span> <span class='ocrx_word' id='word_1_445' title='bbox 3272 2849 3361 2920; x_wconf 88' lang='lat' dir='ltr'><strong>qui</strong></span> <span class='ocrx_word' id='word_1_446' title='bbox 3387 2856 3604 2905; x_wconf 87' lang='lat' dir='ltr'><strong>notatur</strong></span> 
     </span>
    </p>
   </div>
   <div class='ocr_carea' id='block_1_33' title="bbox 320 2934 3587 3019">
    <p class='ocr_par' dir='ltr' id='par_1_33' title="bbox 320 2934 3587 3019">
     <span class='ocr_line' id='line_1_33' title="bbox 320 2934 3587 3019; baseline -0.002 -20"><span class='ocrx_word' id='word_1_447' title='bbox 320 2934 487 3012; x_wconf 69' lang='grc'><strong>4546,</strong></span> <span class='ocrx_word' id='word_1_448' title='bbox 518 2946 618 3004; x_wconf 88' lang='lat' dir='ltr'><strong>iste</strong></span> <span class='ocrx_word' id='word_1_449' title='bbox 646 2947 831 3003; x_wconf 90' lang='lat' dir='ltr'><strong>titulus</strong></span> <span class='ocrx_word' id='word_1_450' title='bbox 855 2947 978 3003; x_wconf 90' lang='lat' dir='ltr'><strong>huic</strong></span> <span class='ocrx_word' id='word_1_451' title='bbox 997 2948 1145 3019; x_wconf 90' lang='lat' dir='ltr'><strong>operi</strong></span> <span class='ocrx_word' id='word_1_452' title='bbox 1171 2945 1420 3017; x_wconf 74' lang='lat' dir='ltr'><strong>praeﬁxus</strong></span> <span class='ocrx_word' id='word_1_453' title='bbox 1449 2945 1639 3015; x_wconf 88' lang='lat' dir='ltr'><strong>legitur</strong></span> <span class='ocrx_word' id='word_1_454' title='bbox 1663 2963 1677 2999; x_wconf 90' lang='lat'><strong>:</strong></span> <span class='ocrx_word' id='word_1_455' title='bbox 1705 2944 1894 3016; x_wconf 80' lang='lat' dir='ltr'><strong>Incipit</strong></span> <span class='ocrx_word' id='word_1_456' title='bbox 1925 2943 2050 2999; x_wconf 85' lang='lat' dir='ltr'><strong>liber</strong></span> <span class='ocrx_word' id='word_1_457' title='bbox 2079 2944 2206 2998; x_wconf 82' lang='lat' dir='ltr'><strong>beati</strong></span> <span class='ocrx_word' id='word_1_458' title='bbox 2236 2942 2507 3014; x_wconf 81' lang='lat' dir='ltr'><strong>Augustini</strong></span> <span class='ocrx_word' id='word_1_459' title='bbox 2535 2941 2598 2997; x_wconf 83' lang='lat' dir='ltr'><strong>de</strong></span> <span class='ocrx_word' id='word_1_460' title='bbox 2624 2941 2938 3012; x_wconf 72' lang='lat' dir='ltr'><strong>Cognitionaa</strong></span> <span class='ocrx_word' id='word_1_461' title='bbox 2962 2957 3093 2996; x_wconf 74' lang='lat' dir='ltr'><strong>verte</strong></span> <span class='ocrx_word' id='word_1_462' title='bbox 3118 2942 3255 3010; x_wconf 71' lang='lat' dir='ltr'><strong>vitta,</strong></span> <span class='ocrx_word' id='word_1_463' title='bbox 3282 2958 3430 3012; x_wconf 83' lang='lat' dir='ltr'><strong>quem</strong></span> <span class='ocrx_word' id='word_1_464' title='bbox 3467 2936 3587 3011; x_wconf 74' lang='lat' dir='ltr'><strong>fecit</strong></span> 
     </span>
    </p>
   </div>
   <div class='ocr_carea' id='block_1_34' title="bbox 320 3034 3603 3117">
    <p class='ocr_par' dir='ltr' id='par_1_34' title="bbox 320 3034 3603 3117">
     <span class='ocr_line' id='line_1_34' title="bbox 320 3034 3603 3117; baseline 0.001 -25"><span class='ocrx_word' id='word_1_465' title='bbox 320 3039 561 3109; x_wconf 77' lang='lat' dir='ltr'><strong>fratribus</strong></span> <span class='ocrx_word' id='word_1_466' title='bbox 592 3041 843 3096; x_wconf 85' lang='lat' dir='ltr'><strong>heremitis</strong></span> <span class='ocrx_word' id='word_1_467' title='bbox 868 3041 922 3096; x_wconf 89' lang='lat' dir='ltr'><strong>in</strong></span> <span class='ocrx_word' id='word_1_468' title='bbox 950 3050 1116 3096; x_wconf 85' lang='lat' dir='ltr'><strong>monte</strong></span> <span class='ocrx_word' id='word_1_469' title='bbox 1142 3039 1365 3112; x_wconf 80' lang='lat' dir='ltr'><strong>Pysano,</strong></span> <span class='ocrx_word' id='word_1_470' title='bbox 1395 3040 1505 3111; x_wconf 85' lang='lat' dir='ltr'><strong>ipso</strong></span> <span class='ocrx_word' id='word_1_471' title='bbox 1526 3040 1764 3093; x_wconf 76' lang='lat' dir='ltr'><strong>existente</strong></span> <span class='ocrx_word' id='word_1_472' title='bbox 1792 3040 1968 3117; x_wconf 74' lang='lat' dir='ltr'><strong>fratre,</strong></span> <span class='ocrx_word' id='word_1_473' title='bbox 1998 3046 2132 3093; x_wconf 81' lang='lat' dir='ltr'><strong>anno</strong></span> <span class='ocrx_word' id='word_1_474' title='bbox 2158 3038 2321 3094; x_wconf 70' lang='lat' dir='ltr'><strong>(etatis</strong></span> <span class='ocrx_word' id='word_1_475' title='bbox 2348 3052 2455 3093; x_wconf 82' lang='lat' dir='ltr'><strong>sua:</strong></span> <span class='ocrx_word' id='word_1_476' title='bbox 2481 3050 2631 3093; x_wconf 79' lang='lat' dir='ltr'><strong>xm.</strong></span> <span class='ocrx_word' id='word_1_477' title='bbox 2662 3035 2732 3093; x_wconf 81' lang='lat' dir='ltr'><strong>Et</strong></span> <span class='ocrx_word' id='word_1_478' title='bbox 2758 3036 2895 3093; x_wconf 72' lang='lat' dir='ltr'><strong>sicut</strong></span> <span class='ocrx_word' id='word_1_479' title='bbox 2920 3036 3179 3107; x_wconf 62' lang='grc' dir='ltr'><strong>ει]Μῆ</strong></span> <span class='ocrx_word' id='word_1_480' title='bbox 3205 3042 3353 3105; x_wconf 82' lang='lat' dir='ltr'><strong>sunt,</strong></span> <span class='ocrx_word' id='word_1_481' title='bbox 3391 3034 3603 3094; x_wconf 65' lang='lat' dir='ltr'><strong>Fratres</strong></span> 
     </span>
    </p>
   </div>
   <div class='ocr_carea' id='block_1_35' title="bbox 317 3131 2191 3207">
    <p class='ocr_par' dir='ltr' id='par_1_35' title="bbox 317 3131 2191 3207">
     <span class='ocr_line' id='line_1_35' title="bbox 317 3131 2191 3207; baseline -0.002 -16"><span class='ocrx_word' id='word_1_482' title='bbox 317 3131 441 3191; x_wconf 87' lang='lat' dir='ltr'><strong>loco</strong></span> <span class='ocrx_word' id='word_1_483' title='bbox 468 3132 760 3207; x_wconf 83' lang='lat' dir='ltr'><strong>Discipuli;</strong></span> <span class='ocrx_word' id='word_1_484' title='bbox 787 3136 856 3192; x_wconf 88' lang='lat' dir='ltr'><strong>ita</strong></span> <span class='ocrx_word' id='word_1_485' title='bbox 886 3135 1002 3191; x_wconf 91' lang='lat' dir='ltr'><strong>loco</strong></span> <span class='ocrx_word' id='word_1_486' title='bbox 1032 3134 1277 3207; x_wconf 78' lang='lat' dir='ltr'><strong>Magister</strong></span> <span class='ocrx_word' id='word_1_487' title='bbox 1306 3134 1502 3203; x_wconf 90' lang='lat' dir='ltr'><strong>ubique</strong></span> <span class='ocrx_word' id='word_1_488' title='bbox 1525 3131 1829 3204; x_wconf 88' lang='lat' dir='ltr'><strong>suppositus</strong></span> <span class='ocrx_word' id='word_1_489' title='bbox 1858 3131 2191 3204; x_wconf 78' lang='lat' dir='ltr'><strong>Augustinus.</strong></span> 
     </span>
    </p>
   </div>
   <div class='ocr_carea' id='block_1_36' title="bbox 328 3280 1891 3307">
    <p class='ocr_par' dir='ltr' id='par_1_36' title="bbox 328 3280 1891 3307">
     <span class='ocr_line' id='line_1_36' title="bbox 328 3280 1891 3307; baseline -0.001 -4"><span class='ocrx_word' id='word_1_490' title='bbox 328 3280 1891 3307; x_wconf 55' lang='lat' dir='ltr'><em>W</em></span> 
     </span>
    </p>
   </div>
   <div class='ocr_carea' id='block_1_37' title="bbox 1897 3284 3603 3320">
    <p class='ocr_par' dir='ltr' id='par_1_37' title="bbox 1897 3284 3603 3320">
     <span class='ocr_line' id='line_1_37' title="bbox 1897 3284 3603 3320; baseline -0.001 -9"><span class='ocrx_word' id='word_1_491' title='bbox 1897 3284 3603 3320; x_wconf 51' lang='lat' dir='ltr'><strong>mw</strong></span> 
     </span>
    </p>
   </div>
   <div class='ocr_carea' id='block_1_38' title="bbox 1244 3408 2633 3566">
    <p class='ocr_par' dir='ltr' id='par_1_38' title="bbox 1244 3408 2633 3566">
     <span class='ocr_line' id='line_1_38' title="bbox 1244 3408 2633 3566; baseline 0.002 -38"><span class='ocrx_word' id='word_1_492' title='bbox 1244 3408 1993 3528; x_wconf 81' lang='lat' dir='ltr'><strong>GOGNITIO</strong></span> <span class='ocrx_word' id='word_1_493' title='bbox 2121 3412 2633 3566; x_wconf 68' lang='lat' dir='ltr'><strong>VITfE,</strong></span> 
     </span>
    </p>
   </div>
   <div class='ocr_carea' id='block_1_39' title="bbox 1887 3616 2037 3684">
    <p class='ocr_par' dir='ltr' id='par_1_39' title="bbox 1887 3616 2037 3684">
     <span class='ocr_line' id='line_1_39' title="bbox 1887 3616 2037 3684; baseline 0.013 -3"><span class='ocrx_word' id='word_1_494' title='bbox 1887 3616 2037 3684; x_wconf 82' lang='lat' dir='ltr'><strong>SEU</strong></span> 
     </span>
    </p>
   </div>
   <div class='ocr_carea' id='block_1_40' title="bbox 674 3762 3260 3903">
    <p class='ocr_par' dir='ltr' id='par_1_40' title="bbox 674 3762 3260 3903">
     <span class='ocr_line' id='line_1_40' title="bbox 674 3762 3260 3903; baseline -0.002 -1"><span class='ocrx_word' id='word_1_495' title='bbox 674 3786 912 3902; x_wconf 75' lang='lat' dir='ltr'><strong>nn</strong></span> <span class='ocrx_word' id='word_1_496' title='bbox 977 3764 2093 3903; x_wconf 71' lang='lat' dir='ltr'><strong>COGNITIONE</strong></span> <span class='ocrx_word' id='word_1_497' title='bbox 2150 3764 2701 3899; x_wconf 62' lang='lat' dir='ltr'><strong>vana:</strong></span> <span class='ocrx_word' id='word_1_498' title='bbox 2763 3764 3260 3900; x_wconf 64' lang='lat' dir='ltr'><strong>vum</strong></span> 
     </span>
    </p>
   </div>
   <div class='ocr_carea' id='block_1_41' title="bbox 1474 3962 2511 4082">
    <p class='ocr_par' dir='ltr' id='par_1_41' title="bbox 1474 3962 2511 4082">
     <span class='ocr_line' id='line_1_41' title="bbox 1474 3962 2511 4082; baseline 0.004 -3"><span class='ocrx_word' id='word_1_499' title='bbox 1474 3964 1940 4079; x_wconf 85' lang='lat' dir='ltr'><strong>LIBER</strong></span> <span class='ocrx_word' id='word_1_500' title='bbox 2042 3962 2159 4075; x_wconf 69' lang='grc' dir='ltr'><strong>[Γ</strong></span> <span class='ocrx_word' id='word_1_501' title='bbox 2140 3969 2290 4079; x_wconf 80' lang='grc' dir='ltr'><em>Ν</em></span> <span class='ocrx_word' id='word_1_502' title='bbox 2296 3969 2511 4082; x_wconf 82' lang='lat' dir='ltr'><strong>US.</strong></span> 
     </span>
    </p>
   </div>
   <div class='ocr_carea' id='block_1_42' title="bbox 1775 4167 2144 4226">
    <p class='ocr_par' dir='ltr' id='par_1_42' title="bbox 1775 4167 2144 4226">
     <span class='ocr_line' id='line_1_42' title="bbox 1775 4167 2144 4226; baseline 0 -1"><span class='ocrx_word' id='word_1_503' title='bbox 1775 4167 2144 4226; x_wconf 56' lang='lat' dir='ltr'><strong>6W</strong></span> 
     </span>
    </p>
   </div>
   <div class='ocr_carea' id='block_1_43' title="bbox 386 4309 1897 4384">
    <p class='ocr_par' dir='ltr' id='par_1_43' title="bbox 386 4309 1897 4384">
     <span class='ocr_line' id='line_1_43' title="bbox 386 4309 1897 4384; baseline -0.011 -2"><span class='ocrx_word' id='word_1_504' title='bbox 386 4321 618 4382; x_wconf 79' lang='lat' dir='ltr'><strong>CAPUT</strong></span> <span class='ocrx_word' id='word_1_505' title='bbox 656 4319 942 4379; x_wconf 83' lang='lat' dir='ltr'><strong>PRIMUM.</strong></span> <span class='ocrx_word' id='word_1_506' title='bbox 986 4315 1267 4373; x_wconf 82' lang='lat' dir='ltr'><strong>Rationalis</strong></span> <span class='ocrx_word' id='word_1_507' title='bbox 1294 4321 1474 4367; x_wconf 80' lang='lat' dir='ltr'><strong>natura</strong></span> <span class='ocrx_word' id='word_1_508' title='bbox 1499 4312 1567 4384; x_wconf 85' lang='lat' dir='ltr'><strong>ad</strong></span> <span class='ocrx_word' id='word_1_509' title='bbox 1592 4310 1715 4384; x_wconf 77' lang='lat' dir='ltr'><strong>quid</strong></span> <span class='ocrx_word' id='word_1_510' title='bbox 1738 4309 1897 4382; x_wconf 82' lang='lat' dir='ltr'><strong>facta.</strong></span> 
     </span>
    </p>
   </div>
   <div class='ocr_carea' id='block_1_44' title="bbox 317 4382 1904 4469">
    <p class='ocr_par' dir='ltr' id='par_1_44' title="bbox 317 4382 1904 4469">
     <span class='ocr_line' id='line_1_44' title="bbox 317 4382 1904 4469; baseline -0.009 -16"><span class='ocrx_word' id='word_1_511' title='bbox 317 4397 502 4469; x_wconf 81' lang='lat' dir='ltr'><strong>Operis</strong></span> <span class='ocrx_word' id='word_1_512' title='bbox 531 4394 748 4469; x_wconf 75' lang='lat' dir='ltr'><strong>suscepti</strong></span> <span class='ocrx_word' id='word_1_513' title='bbox 774 4393 924 4469; x_wconf 70' lang='lat' dir='ltr'><strong>ratio.</strong></span> <span class='ocrx_word' id='word_1_514' title='bbox 946 4389 1076 4469; x_wconf 64' lang='lat' dir='ltr'><strong>Ejus</strong></span> <span class='ocrx_word' id='word_1_515' title='bbox 1104 4404 1302 4469; x_wconf 69' lang='lat' dir='ltr'><strong>n_o_oien.</strong></span> <span class='ocrx_word' id='word_1_516' title='bbox 1330 4382 1904 4469; x_wconf 45' lang='lat' dir='ltr'><strong>Sapientia&#39;pei,nqu:e</strong></span> 
     </span>
    </p>
   </div>
   <div class='ocr_carea' id='block_1_45' title="bbox 315 4454 1903 4535">
    <p class='ocr_par' dir='ltr' id='par_1_45' title="bbox 315 4454 1903 4535">
     <span class='ocr_line' id='line_1_45' title="bbox 315 4454 1903 4535; baseline -0.012 -8"><span class='ocrx_word' id='word_1_517' title='bbox 315 4454 380 4526; x_wconf 79' lang='lat' dir='ltr'><strong>os&#39;</strong></span> <span class='ocrx_word' id='word_1_518' title='bbox 397 4468 531 4524; x_wconf 79' lang='lat' dir='ltr'><strong>muti</strong></span> <span class='ocrx_word' id='word_1_519' title='bbox 560 4454 768 4535; x_wconf 75' lang='lat' dir='ltr'><strong>aperuit</strong></span> <span class='ocrx_word' id='word_1_520' title='bbox 796 4454 1005 4532; x_wconf 78' lang='lat' dir='ltr'><strong>(Match</strong></span> <span class='ocrx_word' id='word_1_521' title='bbox 1034 4477 1107 4535; x_wconf 52' lang='grc' dir='ltr'><strong>ιχ,</strong></span> <span class='ocrx_word' id='word_1_522' title='bbox 1124 4457 1236 4535; x_wconf 72' lang='lat' dir='ltr'><strong>aa),</strong></span> <span class='ocrx_word' id='word_1_523' title='bbox 1254 4466 1308 4535; x_wconf 68' lang='lat' dir='ltr'><strong>et</strong></span> <span class='ocrx_word' id='word_1_524' title='bbox 1335 4454 1547 4510; x_wconf 87' lang='lat' dir='ltr'><strong>rudibili</strong></span> <span class='ocrx_word' id='word_1_525' title='bbox 1566 4454 1781 4535; x_wconf 42' lang='lat' dir='ltr'><strong>aninnla‘li</strong></span> <span class='ocrx_word' id='word_1_526' title='bbox 1799 4454 1903 4509; x_wconf 91' lang='lat' dir='ltr'><strong>hu-</strong></span> 
     </span>
    </p>
   </div>
   <div class='ocr_carea' id='block_1_46' title="bbox 316 4523 1905 4607">
    <p class='ocr_par' dir='ltr' id='par_1_46' title="bbox 316 4523 1905 4607">
     <span class='ocr_line' id='line_1_46' title="bbox 316 4523 1905 4607; baseline -0.009 -12"><span class='ocrx_word' id='word_1_527' title='bbox 316 4523 476 4595; x_wconf 76' lang='lat' dir='ltr'><strong>mana</strong></span> <span class='ocrx_word' id='word_1_528' title='bbox 518 4523 681 4592; x_wconf 57' lang='lat' dir='ltr'><strong>veiba</strong></span> <span class='ocrx_word' id='word_1_529' title='bbox 726 4523 957 4607; x_wconf 78' lang='lat' dir='ltr'><strong>formare</strong></span> <span class='ocrx_word' id='word_1_530' title='bbox 998 4523 1409 4607; x_wconf 62' lang='lat' dir='ltr'><strong>tribuit&#39;l</strong></span> <span class='ocrx_word' id='word_1_531' title='bbox 1454 4541 1599 4607; x_wconf 71' lang='lat' dir='ltr'><strong>nit.</strong></span> <span class='ocrx_word' id='word_1_532' title='bbox 1644 4523 1788 4607; x_wconf 52' lang='lat' dir='ltr'><strong>g8),</strong></span> <span class='ocrx_word' id='word_1_533' title='bbox 1818 4538 1905 4580; x_wconf 88' lang='lat' dir='ltr'><strong>me</strong></span> 
     </span>
    </p>
   </div>
   <div class='ocr_carea' id='block_1_47' title="bbox 315 4598 1907 4681">
    <p class='ocr_par' dir='ltr' id='par_1_47' title="bbox 315 4598 1907 4681">
     <span class='ocr_line' id='line_1_47' title="bbox 315 4598 1907 4681; baseline -0.011 -16"><span class='ocrx_word' id='word_1_534' title='bbox 315 4624 532 4681; x_wconf 84' lang='lat' dir='ltr'><strong>quoque</strong></span> <span class='ocrx_word' id='word_1_535' title='bbox 552 4622 657 4681; x_wconf 83' lang='lat' dir='ltr'><strong>non</strong></span> <span class='ocrx_word' id='word_1_536' title='bbox 684 4606 1154 4681; x_wconf 66' lang='lat' dir='ltr'><strong>solumsermone,</strong></span> <span class='ocrx_word' id='word_1_537' title='bbox 1183 4599 1275 4655; x_wconf 89' lang='lat' dir='ltr'><strong>sed</strong></span> <span class='ocrx_word' id='word_1_538' title='bbox 1307 4598 1465 4652; x_wconf 89' lang='lat' dir='ltr'><strong>etiam</strong></span> <span class='ocrx_word' id='word_1_539' title='bbox 1493 4598 1711 4681; x_wconf 67' lang='lat' dir='ltr'><strong>scicntia</strong></span> <span class='ocrx_word' id='word_1_540' title='bbox 1740 4598 1907 4681; x_wconf 81' lang='lat' dir='ltr'><strong>impe-</strong></span> 
     </span>
    </p>
   </div>
   <div class='ocr_carea' id='block_1_48' title="bbox 316 4666 1907 4747">
    <p class='ocr_par' dir='ltr' id='par_1_48' title="bbox 316 4666 1907 4747">
     <span class='ocr_line' id='line_1_48' title="bbox 316 4666 1907 4747; baseline -0.012 -11"><span class='ocrx_word' id='word_1_541' title='bbox 316 4666 480 4737; x_wconf 60' lang='lat' dir='ltr'><strong>ritum</strong></span> <span class='ocrx_word' id='word_1_542' title='bbox 507 4680 572 4734; x_wconf 89' lang='lat' dir='ltr'><strong>ad</strong></span> <span class='ocrx_word' id='word_1_543' title='bbox 603 4679 816 4732; x_wconf 79' lang='lat' dir='ltr'><strong>landum</strong></span> <span class='ocrx_word' id='word_1_544' title='bbox 863 4674 1113 4745; x_wconf 89' lang='lat' dir='ltr'><strong>impellit,</strong></span> <span class='ocrx_word' id='word_1_545' title='bbox 1140 4666 1305 4741; x_wconf 82' lang='lat' dir='ltr'><strong>atque</strong></span> <span class='ocrx_word' id='word_1_546' title='bbox 1330 4682 1510 4747; x_wconf 83' lang='lat' dir='ltr'><strong>per__s_e</strong></span> <span class='ocrx_word' id='word_1_547' title='bbox 1549 4681 1613 4747; x_wconf 49' lang='lat' dir='ltr'><strong>a&#39;c‘</strong></span> <span class='ocrx_word' id='word_1_548' title='bbox 1638 4666 1704 4747; x_wconf 81' lang='lat' dir='ltr'><strong>de</strong></span> <span class='ocrx_word' id='word_1_549' title='bbox 1735 4680 1792 4719; x_wconf 91' lang='lat' dir='ltr'><strong>se</strong></span> <span class='ocrx_word' id='word_1_550' title='bbox 1825 4666 1907 4719; x_wconf 89' lang='lat' dir='ltr'><strong>in-</strong></span> 
     </span>
    </p>
   </div>
   <div class='ocr_carea' id='block_1_49' title="bbox 318 4736 1905 4821">
    <p class='ocr_par' dir='ltr' id='par_1_49' title="bbox 318 4736 1905 4821">
     <span class='ocr_line' id='line_1_49' title="bbox 318 4736 1905 4821; baseline -0.01 -14"><span class='ocrx_word' id='word_1_551' title='bbox 318 4736 530 4808; x_wconf 69' lang='lat' dir='ltr'><strong>tellecta</strong></span> <span class='ocrx_word' id='word_1_552' title='bbox 577 4751 696 4803; x_wconf 89' lang='lat' dir='ltr'><strong>aliis</strong></span> <span class='ocrx_word' id='word_1_553' title='bbox 738 4750 821 4821; x_wconf 86' lang='lat' dir='ltr'><strong>pie</strong></span> <span class='ocrx_word' id='word_1_554' title='bbox 862 4736 1195 4800; x_wconf 80' lang='lat' dir='ltr'><strong>innotescere</strong></span> <span class='ocrx_word' id='word_1_555' title='bbox 1219 4736 1525 4821; x_wconf 62' lang='lat' dir='ltr'><strong>&#39;conipellit.</strong></span> <span class='ocrx_word' id='word_1_556' title='bbox 1572 4736 1743 4821; x_wconf 71' lang='lat' dir='ltr'><strong>Hujus</strong></span> <span class='ocrx_word' id='word_1_557' title='bbox 1775 4750 1905 4806; x_wconf 84' lang='lat' dir='ltr'><strong>ergo</strong></span> 
     </span>
    </p>
   </div>
   <div class='ocr_carea' id='block_1_50' title="bbox 318 4812 1904 4891">
    <p class='ocr_par' dir='ltr' id='par_1_50' title="bbox 318 4812 1904 4891">
     <span class='ocr_line' id='line_1_50' title="bbox 318 4812 1904 4891; baseline -0.013 -12"><span class='ocrx_word' id='word_1_558' title='bbox 318 4824 572 4879; x_wconf 85' lang='lat' dir='ltr'><strong>instinctu</strong></span> <span class='ocrx_word' id='word_1_559' title='bbox 599 4821 665 4875; x_wconf 88' lang='lat' dir='ltr'><strong>ad</strong></span> <span class='ocrx_word' id='word_1_560' title='bbox 693 4812 990 4891; x_wconf 80' lang='lat' dir='ltr'><strong>utilitatem,</strong></span> <span class='ocrx_word' id='word_1_561' title='bbox 1020 4824 1077 4891; x_wconf 81' lang='lat' dir='ltr'><strong>ut</strong></span> <span class='ocrx_word' id='word_1_562' title='bbox 1101 4827 1277 4891; x_wconf 72' lang='lat' dir='ltr'><strong>spero,</strong></span> <span class='ocrx_word' id='word_1_563' title='bbox 1308 4812 1679 4891; x_wconf 75' lang='lat' dir='ltr'><strong>plurimorum,</strong></span> <span class='ocrx_word' id='word_1_564' title='bbox 1712 4812 1904 4891; x_wconf 77' lang='lat' dir='ltr'><strong>iterum</strong></span> 
     </span>
    </p>
   </div>
   <div class='ocr_carea' id='block_1_51' title="bbox 319 4878 1904 4949">
    <p class='ocr_par' dir='ltr' id='par_1_51' title="bbox 319 4878 1904 4949">
     <span class='ocr_line' id='line_1_51' title="bbox 319 4878 1904 4949; baseline -0.01 0"><span class='ocrx_word' id='word_1_565' title='bbox 319 4878 598 4949; x_wconf 79' lang='lat' dir='ltr'><strong>committo</strong></span> <span class='ocrx_word' id='word_1_566' title='bbox 641 4906 727 4947; x_wconf 90' lang='lat' dir='ltr'><strong>me</strong></span> <span class='ocrx_word' id='word_1_567' title='bbox 758 4878 1147 4945; x_wconf 80' lang='lat' dir='ltr'><strong>corradenduui</strong></span> <span class='ocrx_word' id='word_1_568' title='bbox 1189 4878 1437 4937; x_wconf 76' lang='lat' dir='ltr'><strong>dentibus</strong></span> <span class='ocrx_word' id='word_1_569' title='bbox 1482 4878 1781 4933; x_wconf 76' lang='lat' dir='ltr'><strong>invidorum</strong></span> <span class='ocrx_word' id='word_1_570' title='bbox 1807 4919 1822 4943; x_wconf 90' lang='lat'><strong>,</strong></span> <span class='ocrx_word' id='word_1_571' title='bbox 1852 4885 1904 4933; x_wconf 88' lang='lat' dir='ltr'><strong>et</strong></span> 
     </span>
    </p>
   </div>
   <div class='ocr_carea' id='block_1_52' title="bbox 320 4949 1900 5019">
    <p class='ocr_par' dir='ltr' id='par_1_52' title="bbox 320 4949 1900 5019">
     <span class='ocr_line' id='line_1_52' title="bbox 320 4949 1900 5019; baseline -0.01 1"><span class='ocrx_word' id='word_1_572' title='bbox 320 4966 543 5019; x_wconf 83' lang='lat' dir='ltr'><strong>forsitan</strong></span> <span class='ocrx_word' id='word_1_573' title='bbox 601 4960 988 5017; x_wconf 83' lang='lat' dir='ltr'><strong>confovendum</strong></span> <span class='ocrx_word' id='word_1_574' title='bbox 1019 4959 1035 4989; x_wconf 73' lang='grc' dir='ltr'>ί</span> <span class='ocrx_word' id='word_1_575' title='bbox 1079 4955 1327 5011; x_wconf 86' lang='lat' dir='ltr'><strong>cordibus</strong></span> <span class='ocrx_word' id='word_1_576' title='bbox 1381 4951 1502 5005; x_wconf 77' lang='lat' dir='ltr'><strong>vita:</strong></span> <span class='ocrx_word' id='word_1_577' title='bbox 1548 4949 1900 5005; x_wconf 81' lang='lat' dir='ltr'><strong>dilectornm:</strong></span> 
     </span>
    </p>
   </div>
   <div class='ocr_carea' id='block_1_53' title="bbox 318 5021 1901 5092">
    <p class='ocr_par' dir='ltr' id='par_1_53' title="bbox 318 5021 1901 5092">
     <span class='ocr_line' id='line_1_53' title="bbox 318 5021 1901 5092; baseline -0.011 -3"><span class='ocrx_word' id='word_1_578' title='bbox 318 5052 442 5090; x_wconf 81' lang='lat' dir='ltr'><strong>cum</strong></span> <span class='ocrx_word' id='word_1_579' title='bbox 472 5036 719 5092; x_wconf 87' lang='lat' dir='ltr'><strong>Christus</strong></span> <span class='ocrx_word' id='word_1_580' title='bbox 748 5032 944 5087; x_wconf 87' lang='lat' dir='ltr'><strong>veritas</strong></span> <span class='ocrx_word' id='word_1_581' title='bbox 969 5037 1024 5085; x_wconf 88' lang='lat' dir='ltr'><strong>et</strong></span> <span class='ocrx_word' id='word_1_582' title='bbox 1048 5028 1151 5082; x_wconf 87' lang='lat' dir='ltr'><strong>vita</strong></span> <span class='ocrx_word' id='word_1_583' title='bbox 1182 5025 1344 5087; x_wconf 89' lang='lat' dir='ltr'><strong>dicat,</strong></span> <span class='ocrx_word' id='word_1_584' title='bbox 1382 5021 1504 5076; x_wconf 76' lang='lat' dir='ltr'><strong>ch</strong></span> <span class='ocrx_word' id='word_1_585' title='bbox 1530 5029 1602 5076; x_wconf 84' lang='lat' dir='ltr'><strong>est</strong></span> <span class='ocrx_word' id='word_1_586' title='bbox 1626 5021 1726 5074; x_wconf 85' lang='lat' dir='ltr'><strong>vita</strong></span> <span class='ocrx_word' id='word_1_587' title='bbox 1751 5030 1901 5092; x_wconf 71' lang='lat' dir='ltr'><strong>teter-</strong></span> 
     </span>
    </p>
   </div>
   <div class='ocr_carea' id='block_1_54' title="bbox 320 5087 1900 5171">
    <p class='ocr_par' dir='ltr' id='par_1_54' title="bbox 320 5087 1900 5171">
     <span class='ocr_line' id='line_1_54' title="bbox 320 5087 1900 5171; baseline -0.011 -10"><span class='ocrx_word' id='word_1_588' title='bbox 320 5087 567 5171; x_wconf 38' lang='lat' dir='ltr'><strong>alia}</strong></span> <span class='ocrx_word' id='word_1_589' title='bbox 579 5087 742 5161; x_wconf 78' lang='lat' dir='ltr'><strong>solum</strong></span> <span class='ocrx_word' id='word_1_590' title='bbox 767 5114 938 5157; x_wconf 78' lang='lat' dir='ltr'><strong>verum</strong></span> <span class='ocrx_word' id='word_1_591' title='bbox 959 5100 1121 5154; x_wconf 84' lang='lat' dir='ltr'><strong>Deum</strong></span> <span class='ocrx_word' id='word_1_592' title='bbox 1144 5104 1447 5171; x_wconf 69' lang='lat' dir='ltr'><strong>cognoscant</strong></span> <span class='ocrx_word' id='word_1_593' title='bbox 1467 5093 1646 5171; x_wconf 71' lang='lat' dir='ltr'><strong>(Joan.</strong></span> <span class='ocrx_word' id='word_1_594' title='bbox 1668 5106 1807 5171; x_wconf 81' lang='lat' dir='ltr'><strong>xvn,_</strong></span> <span class='ocrx_word' id='word_1_595' title='bbox 1824 5087 1900 5162; x_wconf 75' lang='grc' dir='ltr'><strong>ὅ).</strong></span> 
     </span>
    </p>
   </div>
   <div class='ocr_carea' id='block_1_55' title="bbox 321 5161 1903 5247">
    <p class='ocr_par' dir='ltr' id='par_1_55' title="bbox 321 5161 1903 5247">
     <span class='ocr_line' id='line_1_55' title="bbox 321 5161 1903 5247; baseline -0.01 -15"><span class='ocrx_word' id='word_1_596' title='bbox 321 5161 543 5233; x_wconf 79' lang='lat' dir='ltr'><strong>Constat</strong></span> <span class='ocrx_word' id='word_1_597' title='bbox 584 5175 823 5245; x_wconf 89' lang='lat' dir='ltr'><strong>profecto</strong></span> <span class='ocrx_word' id='word_1_598' title='bbox 853 5183 1094 5227; x_wconf 87' lang='lat' dir='ltr'><strong>naturam</strong></span> <span class='ocrx_word' id='word_1_599' title='bbox 1134 5161 1443 5247; x_wconf 71' lang='lat' dir='ltr'><strong>rationalem</strong></span> <span class='ocrx_word' id='word_1_600' title='bbox 1480 5161 1549 5247; x_wconf 80' lang='lat' dir='ltr'><strong>ad</strong></span> <span class='ocrx_word' id='word_1_601' title='bbox 1576 5162 1691 5247; x_wconf 68' lang='lat' dir='ltr'><strong>hoc</strong></span> <span class='ocrx_word' id='word_1_602' title='bbox 1732 5161 1903 5247; x_wconf 79' lang='lat' dir='ltr'><strong>solum</strong></span> 
     </span>
    </p>
   </div>
   <div class='ocr_carea' id='block_1_56' title="bbox 322 5235 1905 5318">
    <p class='ocr_par' dir='ltr' id='par_1_56' title="bbox 322 5235 1905 5318">
     <span class='ocr_line' id='line_1_56' title="bbox 322 5235 1905 5318; baseline -0.012 -14"><span class='ocrx_word' id='word_1_603' title='bbox 322 5250 536 5315; x_wconf 79' lang='lat' dir='ltr'><strong>factam,</strong></span> <span class='ocrx_word' id='word_1_604' title='bbox 569 5235 627 5302; x_wconf 77' lang='lat' dir='ltr'><strong>ut</strong></span> <span class='ocrx_word' id='word_1_605' title='bbox 656 5248 1085 5318; x_wconf 74' lang='lat' dir='ltr'><strong>factoremsuum</strong></span> <span class='ocrx_word' id='word_1_606' title='bbox 1106 5255 1288 5318; x_wconf 80' lang='lat' dir='ltr'><strong>verum</strong></span> <span class='ocrx_word' id='word_1_607' title='bbox 1318 5238 1484 5318; x_wconf 77' lang='lat' dir='ltr'><strong>Deum</strong></span> <span class='ocrx_word' id='word_1_608' title='bbox 1513 5235 1789 5318; x_wconf 84' lang='lat' dir='ltr'><strong>intelligat,</strong></span> <span class='ocrx_word' id='word_1_609' title='bbox 1810 5235 1905 5318; x_wconf 40' lang='grc' dir='ltr'><strong>,ξη-</strong></span> 
     </span>
    </p>
   </div>
   <div class='ocr_carea' id='block_1_57' title="bbox 325 5311 1903 5392">
    <p class='ocr_par' dir='ltr' id='par_1_57' title="bbox 325 5311 1903 5392">
     <span class='ocr_line' id='line_1_57' title="bbox 325 5311 1903 5392; baseline -0.013 -16"><span class='ocrx_word' id='word_1_610' title='bbox 325 5311 611 5392; x_wconf 77' lang='lat' dir='ltr'><strong>telligendo</strong></span> <span class='ocrx_word' id='word_1_611' title='bbox 633 5319 833 5392; x_wconf 81' lang='lat' dir='ltr'><strong>diligat,</strong></span> <span class='ocrx_word' id='word_1_612' title='bbox 857 5315 1137 5392; x_wconf 64' lang='lat' dir='ltr'><strong>diligendo</strong></span> <span class='ocrx_word' id='word_1_613' title='bbox 1229 5324 1315 5392; x_wconf 75' lang='lat' dir='ltr'><strong>eo,</strong></span> <span class='ocrx_word' id='word_1_614' title='bbox 1337 5311 1427 5390; x_wconf 83' lang='lat' dir='ltr'><strong>qui</strong></span> <span class='ocrx_word' id='word_1_615' title='bbox 1452 5316 1533 5361; x_wconf 84' lang='lat' dir='ltr'><strong>est</strong></span> <span class='ocrx_word' id='word_1_616' title='bbox 1557 5314 1753 5392; x_wconf 70' lang='lat' dir='ltr'><strong>mterna</strong></span> <span class='ocrx_word' id='word_1_617' title='bbox 1774 5311 1903 5392; x_wconf 70' lang='lat' dir='ltr'><strong>vita,</strong></span> 
     </span>
    </p>
   </div>
   <div class='ocr_carea' id='block_1_58' title="bbox 322 5380 1906 5455">
    <p class='ocr_par' dir='ltr' id='par_1_58' title="bbox 322 5380 1906 5455">
     <span class='ocr_line' id='line_1_58' title="bbox 322 5380 1906 5455; baseline -0.013 -8"><span class='ocrx_word' id='word_1_618' title='bbox 322 5380 647 5446; x_wconf 60' lang='lat' dir='ltr'><strong>az‘tanaliter</strong></span> <span class='ocrx_word' id='word_1_619' title='bbox 687 5380 841 5443; x_wconf 63' lang='lat' dir='ltr'><strong>bEate</strong></span> <span class='ocrx_word' id='word_1_620' title='bbox 897 5380 1057 5439; x_wconf 75' lang='lat' dir='ltr'><strong>vivat.</strong></span> <span class='ocrx_word' id='word_1_621' title='bbox 1102 5380 1400 5455; x_wconf 73' lang='lat' dir='ltr'><strong>Divinitatis</strong></span> <span class='ocrx_word' id='word_1_622' title='bbox 1446 5392 1572 5447; x_wconf 90' lang='lat' dir='ltr'><strong>ergo</strong></span> <span class='ocrx_word' id='word_1_623' title='bbox 1618 5380 1906 5455; x_wconf 58' lang='lat' dir='ltr'><strong>essentiam</strong></span> 
     </span>
    </p>
   </div>
   <div class='ocr_carea' id='block_1_59' title="bbox 321 5445 1909 5528">
    <p class='ocr_par' dir='ltr' id='par_1_59' title="bbox 321 5445 1909 5528">
     <span class='ocr_line' id='line_1_59' title="bbox 321 5445 1909 5528; baseline -0.013 -10"><span class='ocrx_word' id='word_1_624' title='bbox 321 5445 709 5518; x_wconf 74' lang='lat' dir='ltr'><strong>rationabiliter</strong></span> <span class='ocrx_word' id='word_1_625' title='bbox 736 5459 1073 5527; x_wconf 85' lang='lat' dir='ltr'><strong>investigare,</strong></span> <span class='ocrx_word' id='word_1_626' title='bbox 1098 5462 1179 5528; x_wconf 82' lang='lat' dir='ltr'><strong>est</strong></span> <span class='ocrx_word' id='word_1_627' title='bbox 1206 5452 1271 5528; x_wconf 78' lang='lat' dir='ltr'><strong>ad</strong></span> <span class='ocrx_word' id='word_1_628' title='bbox 1299 5451 1457 5504; x_wconf 86' lang='lat' dir='ltr'><strong>vitam</strong></span> <span class='ocrx_word' id='word_1_629' title='bbox 1487 5445 1739 5528; x_wconf 49' lang='lat' dir='ltr'><strong>aeternam</strong></span> <span class='ocrx_word' id='word_1_630' title='bbox 1760 5445 1909 5528; x_wconf 46' lang='lat' dir='ltr'><strong>festi-‘-</strong></span> 
     </span>
    </p>
   </div>
   <div class='ocr_carea' id='block_1_60' title="bbox 324 5515 1905 5603">
    <p class='ocr_par' dir='ltr' id='par_1_60' title="bbox 324 5515 1905 5603">
     <span class='ocr_line' id='line_1_60' title="bbox 324 5515 1905 5603; baseline -0.013 -15"><span class='ocrx_word' id='word_1_631' title='bbox 324 5515 490 5590; x_wconf 48' lang='lat' dir='ltr'><strong>itala}</strong></span> <span class='ocrx_word' id='word_1_632' title='bbox 514 5515 652 5587; x_wconf 84' lang='lat' dir='ltr'><strong>hanc</strong></span> <span class='ocrx_word' id='word_1_633' title='bbox 672 5544 810 5603; x_wconf 85' lang='lat' dir='ltr'><strong>vero</strong></span> <span class='ocrx_word' id='word_1_634' title='bbox 848 5515 1163 5598; x_wconf 65' lang='lat' dir='ltr'><strong>negligenda</strong></span> <span class='ocrx_word' id='word_1_635' title='bbox 1206 5523 1486 5603; x_wconf 76' lang='lat' dir='ltr'><strong>ignorare,</strong></span> <span class='ocrx_word' id='word_1_636' title='bbox 1517 5528 1599 5601; x_wconf 77' lang='lat' dir='ltr'><strong>est</strong></span> <span class='ocrx_word' id='word_1_637' title='bbox 1630 5515 1905 5603; x_wconf 53' lang='lat' dir='ltr'><strong>utiquelad</strong></span> 
     </span>
    </p>
   </div>
   <div class='ocr_carea' id='block_1_61' title="bbox 322 5585 1907 5668">
    <p class='ocr_par' dir='ltr' id='par_1_61' title="bbox 322 5585 1907 5668">
     <span class='ocr_line' id='line_1_61' title="bbox 322 5585 1907 5668; baseline -0.012 -7"><span class='ocrx_word' id='word_1_638' title='bbox 322 5585 552 5660; x_wconf 41' lang='lat' dir='ltr'><strong>illam;</strong></span> <span class='ocrx_word' id='word_1_639' title='bbox 588 5585 1317 5668; x_wconf 16' lang='lat' dir='ltr'><strong>Vindetleiente‘invproperare</strong></span> <span class='ocrx_word' id='word_1_640' title='bbox 1338 5610 1351 5646; x_wconf 92' lang='lat'><strong>:</strong></span> <span class='ocrx_word' id='word_1_641' title='bbox 1375 5585 1498 5663; x_wconf 86' lang='lat' dir='ltr'><strong>quia</strong></span> <span class='ocrx_word' id='word_1_642' title='bbox 1526 5585 1776 5643; x_wconf 89' lang='lat' dir='ltr'><strong>nimiruin</strong></span> <span class='ocrx_word' id='word_1_643' title='bbox 1819 5585 1907 5642; x_wconf 87' lang='lat' dir='ltr'><strong>hic</strong></span> 
     </span>
    </p>
   </div>
   <div class='ocr_carea' id='block_1_62' title="bbox 336 5710 1905 5788">
    <p class='ocr_par' dir='ltr' id='par_1_62' title="bbox 336 5710 1905 5788">
     <span class='ocr_line' id='line_1_62' title="bbox 336 5710 1905 5788; baseline -0.011 -1"><span class='ocrx_word' id='word_1_644' title='bbox 336 5710 339 5711; x_wconf 13' lang='grc' dir='ltr'><em>ν</em></span> <span class='ocrx_word' id='word_1_645' title='bbox 386 5739 405 5770; x_wconf 74' lang='grc' dir='ltr'><strong><em>ι</em></strong></span> <span class='ocrx_word' id='word_1_646' title='bbox 438 5737 513 5787; x_wconf 86' lang='lat' dir='ltr'><strong>sic</strong></span> <span class='ocrx_word' id='word_1_647' title='bbox 555 5742 639 5784; x_wconf 80' lang='lat' dir='ltr'><strong>Ms.</strong></span> <span class='ocrx_word' id='word_1_648' title='bbox 684 5731 1032 5784; x_wconf 79' lang='lat' dir='ltr'><strong>Audoenensis.</strong></span> <span class='ocrx_word' id='word_1_649' title='bbox 1054 5734 1111 5783; x_wconf 77' lang='lat' dir='ltr'><strong>At</strong></span> <span class='ocrx_word' id='word_1_650' title='bbox 1129 5724 1478 5788; x_wconf 68' lang='lat' dir='ltr'><strong>Medati-densis,</strong></span> <span class='ocrx_word' id='word_1_651' title='bbox 1513 5714 1905 5775; x_wconf 80' lang='lat' dir='ltr'><strong>construendum.</strong></span> 
     </span>
    </p>
   </div>
   <div class='ocr_carea' id='block_1_63' title="bbox 321 5792 873 5865">
    <p class='ocr_par' dir='ltr' id='par_1_63' title="bbox 321 5792 873 5865">
     <span class='ocr_line' id='line_1_63' title="bbox 321 5792 873 5865; baseline -0.007 -15"><span class='ocrx_word' id='word_1_652' title='bbox 321 5797 459 5865; x_wconf 80' lang='lat' dir='ltr'><strong>lditi,</strong></span> <span class='ocrx_word' id='word_1_653' title='bbox 482 5792 873 5863; x_wconf 78' lang='lat' dir='ltr'><strong>confodiendum.</strong></span> 
     </span>
    </p>
   </div>
   <div class='ocr_carea' id='block_1_64' title="bbox 1616 5923 1749 5951">
    <p class='ocr_par' dir='ltr' id='par_1_64' title="bbox 1616 5923 1749 5951">
     <span class='ocr_line' id='line_1_64' title="bbox 1616 5923 1749 5951; baseline 0 0"><span class='ocrx_word' id='word_1_654' title='bbox 1616 5923 1749 5951; x_wconf 62' lang='lat' dir='ltr'><strong>,el&#39;</strong></span> 
     </span>
    </p>
   </div>
   <div class='ocr_carea' id='block_1_65' title="bbox 2010 4314 3595 4387">
    <p class='ocr_par' dir='ltr' id='par_1_65' title="bbox 2010 4314 3595 4387">
     <span class='ocr_line' id='line_1_65' title="bbox 2010 4314 3595 4387; baseline 0.004 -17"><span class='ocrx_word' id='word_1_655' title='bbox 2010 4314 2079 4370; x_wconf 89' lang='lat' dir='ltr'><strong>ab</strong></span> <span class='ocrx_word' id='word_1_656' title='bbox 2103 4328 2165 4371; x_wconf 89' lang='lat' dir='ltr'><strong>ea</strong></span> <span class='ocrx_word' id='word_1_657' title='bbox 2210 4314 2557 4387; x_wconf 77' lang='lat' dir='ltr'><strong>ignorabitur,</strong></span> <span class='ocrx_word' id='word_1_658' title='bbox 2590 4314 2717 4371; x_wconf 92' lang='lat' dir='ltr'><strong>dum</strong></span> <span class='ocrx_word' id='word_1_659' title='bbox 2756 4314 3075 4387; x_wconf 90' lang='lat' dir='ltr'><strong>quandoque</strong></span> <span class='ocrx_word' id='word_1_660' title='bbox 3114 4330 3143 4371; x_wconf 88' lang='lat' dir='ltr'><strong>a</strong></span> <span class='ocrx_word' id='word_1_661' title='bbox 3172 4314 3328 4374; x_wconf 89' lang='lat' dir='ltr'><strong>beata</strong></span> <span class='ocrx_word' id='word_1_662' title='bbox 3356 4318 3462 4375; x_wconf 86' lang='lat' dir='ltr'><strong>vita</strong></span> <span class='ocrx_word' id='word_1_663' title='bbox 3502 4334 3595 4379; x_wconf 80' lang='lat' dir='ltr'><strong>se-</strong></span> 
     </span>
    </p>
   </div>
   <div class='ocr_carea' id='block_1_66' title="bbox 2012 4386 3588 4458">
    <p class='ocr_par' dir='ltr' id='par_1_66' title="bbox 2012 4386 3588 4458">
     <span class='ocr_line' id='line_1_66' title="bbox 2012 4386 3588 4458; baseline 0.005 -19"><span class='ocrx_word' id='word_1_664' title='bbox 2012 4389 2388 4455; x_wconf 85' lang='lat' dir='ltr'><strong>questrabitur.</strong></span> <span class='ocrx_word' id='word_1_665' title='bbox 2420 4386 2777 4455; x_wconf 86' lang='lat' dir='ltr'><strong>Quamobrem</strong></span> <span class='ocrx_word' id='word_1_666' title='bbox 2804 4403 2923 4442; x_wconf 91' lang='lat' dir='ltr'><strong>cum</strong></span> <span class='ocrx_word' id='word_1_667' title='bbox 2953 4386 3021 4443; x_wconf 82' lang='lat' dir='ltr'><strong>de</strong></span> <span class='ocrx_word' id='word_1_668' title='bbox 3049 4388 3146 4443; x_wconf 78' lang='lat' dir='ltr'><strong>hac</strong></span> <span class='ocrx_word' id='word_1_669' title='bbox 3174 4389 3429 4458; x_wconf 81' lang='lat' dir='ltr'><strong>praeclara</strong></span> <span class='ocrx_word' id='word_1_670' title='bbox 3469 4406 3588 4447; x_wconf 81' lang='lat' dir='ltr'><strong>ma-</strong></span> 
     </span>
    </p>
   </div>
   <div class='ocr_carea' id='block_1_67' title="bbox 2011 4458 3601 4530">
    <p class='ocr_par' dir='ltr' id='par_1_67' title="bbox 2011 4458 3601 4530">
     <span class='ocr_line' id='line_1_67' title="bbox 2011 4458 3601 4530; baseline 0.006 -20"><span class='ocrx_word' id='word_1_671' title='bbox 2011 4458 2142 4511; x_wconf 82' lang='lat' dir='ltr'><strong>teria</strong></span> <span class='ocrx_word' id='word_1_672' title='bbox 2174 4458 2382 4530; x_wconf 89' lang='lat' dir='ltr'><strong>plurimi</strong></span> <span class='ocrx_word' id='word_1_673' title='bbox 2414 4468 2718 4512; x_wconf 88' lang='lat' dir='ltr'><strong>sanctorum</strong></span> <span class='ocrx_word' id='word_1_674' title='bbox 2760 4458 2975 4530; x_wconf 89' lang='lat' dir='ltr'><strong>Patrum</strong></span> <span class='ocrx_word' id='word_1_675' title='bbox 3007 4460 3172 4530; x_wconf 88' lang='lat' dir='ltr'><strong>multa</strong></span> <span class='ocrx_word' id='word_1_676' title='bbox 3213 4461 3441 4530; x_wconf 88' lang='lat' dir='ltr'><strong>gloriosa</strong></span> <span class='ocrx_word' id='word_1_677' title='bbox 3468 4476 3601 4519; x_wconf 91' lang='lat' dir='ltr'><strong>con-</strong></span> 
     </span>
    </p>
   </div>
   <div class='ocr_carea' id='block_1_68' title="bbox 2010 4529 3595 4598">
    <p class='ocr_par' dir='ltr' id='par_1_68' title="bbox 2010 4529 3595 4598">
     <span class='ocr_line' id='line_1_68' title="bbox 2010 4529 3595 4598; baseline 0.004 -17"><span class='ocrx_word' id='word_1_678' title='bbox 2010 4529 2340 4596; x_wconf 86' lang='lat' dir='ltr'><strong>scripserint,</strong></span> <span class='ocrx_word' id='word_1_679' title='bbox 2369 4529 2642 4596; x_wconf 87' lang='lat' dir='ltr'><strong>ipsamque</strong></span> <span class='ocrx_word' id='word_1_680' title='bbox 2664 4536 2775 4582; x_wconf 89' lang='lat' dir='ltr'><strong>rem</strong></span> <span class='ocrx_word' id='word_1_681' title='bbox 2798 4529 3214 4598; x_wconf 88' lang='lat' dir='ltr'><strong>simplicioribus</strong></span> <span class='ocrx_word' id='word_1_682' title='bbox 3229 4529 3595 4587; x_wconf 82' lang='lat' dir='ltr'><strong>Obscuriorem</strong></span> 
     </span>
    </p>
   </div>
   <div class='ocr_carea' id='block_1_69' title="bbox 2012 4598 3590 4669">
    <p class='ocr_par' dir='ltr' id='par_1_69' title="bbox 2012 4598 3590 4669">
     <span class='ocr_line' id='line_1_69' title="bbox 2012 4598 3590 4669; baseline 0.004 -18"><span class='ocrx_word' id='word_1_683' title='bbox 2012 4599 2244 4669; x_wconf 84' lang='lat' dir='ltr'><strong>quodam</strong></span> <span class='ocrx_word' id='word_1_684' title='bbox 2291 4599 2449 4653; x_wconf 92' lang='lat' dir='ltr'><strong>modo</strong></span> <span class='ocrx_word' id='word_1_685' title='bbox 2497 4598 2861 4665; x_wconf 89' lang='lat' dir='ltr'><strong>reddiderint;</strong></span> <span class='ocrx_word' id='word_1_686' title='bbox 2895 4599 3023 4654; x_wconf 91' lang='lat' dir='ltr'><strong>libet</strong></span> <span class='ocrx_word' id='word_1_687' title='bbox 3061 4616 3147 4656; x_wconf 87' lang='lat' dir='ltr'><strong>me</strong></span> <span class='ocrx_word' id='word_1_688' title='bbox 3180 4617 3275 4669; x_wconf 87' lang='lat' dir='ltr'><strong>per</strong></span> <span class='ocrx_word' id='word_1_689' title='bbox 3314 4602 3427 4657; x_wconf 73' lang='lat' dir='ltr'><strong>hmo</strong></span> <span class='ocrx_word' id='word_1_690' title='bbox 3459 4616 3590 4657; x_wconf 90' lang='lat' dir='ltr'><strong>con-</strong></span> 
     </span>
    </p>
   </div>
   <div class='ocr_carea' id='block_1_70' title="bbox 2012 4667 3595 4743">
    <p class='ocr_par' dir='ltr' id='par_1_70' title="bbox 2012 4667 3595 4743">
     <span class='ocr_line' id='line_1_70' title="bbox 2012 4667 3595 4743; baseline 0.004 -22"><span class='ocrx_word' id='word_1_691' title='bbox 2012 4667 2173 4743; x_wconf 66' lang='lat' dir='ltr'><strong>tlensa</strong></span> <span class='ocrx_word' id='word_1_692' title='bbox 2195 4669 2349 4743; x_wconf 83' lang='lat' dir='ltr'><strong>quasi</strong></span> <span class='ocrx_word' id='word_1_693' title='bbox 2379 4669 2661 4743; x_wconf 79' lang='lat' dir='ltr'><strong>quamdam</strong></span> <span class='ocrx_word' id='word_1_694' title='bbox 2690 4670 2933 4743; x_wconf 84' lang='lat' dir='ltr'><strong>semitam</strong></span> <span class='ocrx_word' id='word_1_695' title='bbox 2961 4672 3083 4743; x_wconf 88' lang='lat' dir='ltr'><strong>stilo</strong></span> <span class='ocrx_word' id='word_1_696' title='bbox 3108 4667 3466 4740; x_wconf 87' lang='lat' dir='ltr'><strong>complanare,</strong></span> <span class='ocrx_word' id='word_1_697' title='bbox 3491 4674 3595 4743; x_wconf 84' lang='lat' dir='ltr'><strong>qua</strong></span> 
     </span>
    </p>
   </div>
   <div class='ocr_carea' id='block_1_71' title="bbox 2014 4740 3593 4813">
    <p class='ocr_par' dir='ltr' id='par_1_71' title="bbox 2014 4740 3593 4813">
     <span class='ocr_line' id='line_1_71' title="bbox 2014 4740 3593 4813; baseline 0.004 -20"><span class='ocrx_word' id='word_1_698' title='bbox 2014 4740 2236 4813; x_wconf 70' lang='lat' dir='ltr'><strong>inﬁrmis</strong></span> <span class='ocrx_word' id='word_1_699' title='bbox 2266 4740 2623 4813; x_wconf 85' lang='lat' dir='ltr'><strong>intellectibus</strong></span> <span class='ocrx_word' id='word_1_700' title='bbox 2644 4741 2829 4797; x_wconf 90' lang='lat' dir='ltr'><strong>relicto</strong></span> <span class='ocrx_word' id='word_1_701' title='bbox 2846 4742 3042 4796; x_wconf 88' lang='lat' dir='ltr'><strong>erroris</strong></span> <span class='ocrx_word' id='word_1_702' title='bbox 3063 4743 3236 4809; x_wconf 81' lang='lat' dir='ltr'><strong>devio,</strong></span> <span class='ocrx_word' id='word_1_703' title='bbox 3263 4756 3360 4813; x_wconf 87' lang='lat' dir='ltr'><strong>per</strong></span> <span class='ocrx_word' id='word_1_704' title='bbox 3377 4740 3593 4811; x_wconf 80' lang='lat' dir='ltr'><strong>planum</strong></span> 
     </span>
    </p>
   </div>
   <div class='ocr_carea' id='block_1_72' title="bbox 2012 4811 3585 4882">
    <p class='ocr_par' dir='ltr' id='par_1_72' title="bbox 2012 4811 3585 4882">
     <span class='ocr_line' id='line_1_72' title="bbox 2012 4811 3585 4882; baseline 0.002 -17"><span class='ocrx_word' id='word_1_705' title='bbox 2012 4811 2252 4866; x_wconf 83' lang='lat' dir='ltr'><strong>veritatis</strong></span> <span class='ocrx_word' id='word_1_706' title='bbox 2278 4811 2433 4867; x_wconf 85' lang='lat' dir='ltr'><strong>liceat</strong></span> <span class='ocrx_word' id='word_1_707' title='bbox 2462 4813 2627 4868; x_wconf 87' lang='lat' dir='ltr'><strong>libere</strong></span> <span class='ocrx_word' id='word_1_708' title='bbox 2653 4813 2943 4868; x_wconf 88' lang='lat' dir='ltr'><strong>ambulare.</strong></span> <span class='ocrx_word' id='word_1_709' title='bbox 2976 4812 3079 4868; x_wconf 90' lang='lat' dir='ltr'><strong>Sed</strong></span> <span class='ocrx_word' id='word_1_710' title='bbox 3123 4813 3209 4866; x_wconf 90' lang='lat' dir='ltr'><strong>hic</strong></span> <span class='ocrx_word' id='word_1_711' title='bbox 3242 4811 3467 4882; x_wconf 81' lang='lat' dir='ltr'><strong>quilibet</strong></span> <span class='ocrx_word' id='word_1_712' title='bbox 3497 4814 3585 4868; x_wconf 87' lang='lat' dir='ltr'><strong>in-</strong></span> 
     </span>
    </p>
   </div>
   <div class='ocr_carea' id='block_1_73' title="bbox 2012 4882 3595 4948">
    <p class='ocr_par' dir='ltr' id='par_1_73' title="bbox 2012 4882 3595 4948">
     <span class='ocr_line' id='line_1_73' title="bbox 2012 4882 3595 4948; baseline 0.002 -11"><span class='ocrx_word' id='word_1_713' title='bbox 2012 4882 2164 4937; x_wconf 88' lang='lat' dir='ltr'><strong>vidus</strong></span> <span class='ocrx_word' id='word_1_714' title='bbox 2190 4883 2447 4937; x_wconf 88' lang='lat' dir='ltr'><strong>nebulosa</strong></span> <span class='ocrx_word' id='word_1_715' title='bbox 2487 4884 2619 4939; x_wconf 84' lang='lat' dir='ltr'><strong>facie</strong></span> <span class='ocrx_word' id='word_1_716' title='bbox 2643 4882 2771 4939; x_wconf 83' lang='lat' dir='ltr'><strong>mihi</strong></span> <span class='ocrx_word' id='word_1_717' title='bbox 2804 4883 3041 4939; x_wconf 82' lang='lat' dir='ltr'><strong>fertassis</strong></span> <span class='ocrx_word' id='word_1_718' title='bbox 3072 4883 3333 4948; x_wconf 85' lang='lat' dir='ltr'><strong>occurrit,</strong></span> <span class='ocrx_word' id='word_1_719' title='bbox 3367 4894 3422 4937; x_wconf 88' lang='lat' dir='ltr'><strong>et</strong></span> <span class='ocrx_word' id='word_1_720' title='bbox 3446 4884 3595 4940; x_wconf 88' lang='lat' dir='ltr'><strong>virus</strong></span> 
     </span>
    </p>
   </div>
   <div class='ocr_carea' id='block_1_74' title="bbox 2014 4954 3594 5010">
    <p class='ocr_par' dir='ltr' id='par_1_74' title="bbox 2014 4954 3594 5010">
     <span class='ocr_line' id='line_1_74' title="bbox 2014 4954 3594 5010; baseline 0.001 -1"><span class='ocrx_word' id='word_1_721' title='bbox 2014 4955 2103 5009; x_wconf 89' lang='lat' dir='ltr'><strong>diu</strong></span> <span class='ocrx_word' id='word_1_722' title='bbox 2131 4954 2230 5008; x_wconf 82' lang='lat' dir='ltr'><strong>sub</strong></span> <span class='ocrx_word' id='word_1_723' title='bbox 2256 4954 2415 5008; x_wconf 84' lang='lat' dir='ltr'><strong>livido</strong></span> <span class='ocrx_word' id='word_1_724' title='bbox 2443 4955 2604 5009; x_wconf 85' lang='lat' dir='ltr'><strong>corde</strong></span> <span class='ocrx_word' id='word_1_725' title='bbox 2629 4964 2937 5010; x_wconf 91' lang='lat' dir='ltr'><strong>concretum</strong></span> <span class='ocrx_word' id='word_1_726' title='bbox 2967 4954 3018 5007; x_wconf 92' lang='lat' dir='ltr'><strong>in</strong></span> <span class='ocrx_word' id='word_1_727' title='bbox 3060 4968 3145 5008; x_wconf 93' lang='lat' dir='ltr'><strong>me</strong></span> <span class='ocrx_word' id='word_1_728' title='bbox 3170 4955 3433 5009; x_wconf 88' lang='lat' dir='ltr'><strong>acerbiter</strong></span> <span class='ocrx_word' id='word_1_729' title='bbox 3460 4970 3594 5010; x_wconf 80' lang='lat' dir='ltr'><strong>evo-</strong></span> 
     </span>
    </p>
   </div>
   <div class='ocr_carea' id='block_1_75' title="bbox 2015 5024 3593 5106">
    <p class='ocr_par' dir='ltr' id='par_1_75' title="bbox 2015 5024 3593 5106">
     <span class='ocr_line' id='line_1_75' title="bbox 2015 5024 3593 5106; baseline 0.001 -26"><span class='ocrx_word' id='word_1_730' title='bbox 2015 5026 2128 5080; x_wconf 90' lang='lat' dir='ltr'><strong>mit.</strong></span> <span class='ocrx_word' id='word_1_731' title='bbox 2156 5024 2291 5106; x_wconf 80' lang='lat' dir='ltr'><strong>Quid</strong></span> <span class='ocrx_word' id='word_1_732' title='bbox 2317 5035 2390 5106; x_wconf 72' lang='lat' dir='ltr'><strong>tu,</strong></span> <span class='ocrx_word' id='word_1_733' title='bbox 2419 5026 2663 5106; x_wconf 77' lang='lat' dir='ltr'><strong>inquiens</strong></span> <span class='ocrx_word' id='word_1_734' title='bbox 2686 5068 2701 5093; x_wconf 94' lang='lat'><strong>,</strong></span> <span class='ocrx_word' id='word_1_735' title='bbox 2732 5032 2906 5106; x_wconf 59' lang='lat' dir='ltr'><strong>lentas</strong></span> <span class='ocrx_word' id='word_1_736' title='bbox 2932 5025 3068 5106; x_wconf 66' lang='lat' dir='ltr'><strong>ligna</strong></span> <span class='ocrx_word' id='word_1_737' title='bbox 3100 5025 3245 5080; x_wconf 85' lang='lat' dir='ltr'><strong>silvis</strong></span> <span class='ocrx_word' id='word_1_738' title='bbox 3270 5025 3593 5106; x_wconf 70' lang='lat' dir='ltr'><strong>importare,</strong></span> 
     </span>
    </p>
   </div>
   <div class='ocr_carea' id='block_1_76' title="bbox 2012 5095 3598 5165">
    <p class='ocr_par' dir='ltr' id='par_1_76' title="bbox 2012 5095 3598 5165">
     <span class='ocr_line' id='line_1_76' title="bbox 2012 5095 3598 5165; baseline 0.001 -15"><span class='ocrx_word' id='word_1_739' title='bbox 2012 5107 2101 5152; x_wconf 87' lang='lat' dir='ltr'><strong>aut</strong></span> <span class='ocrx_word' id='word_1_740' title='bbox 2129 5095 2445 5150; x_wconf 86' lang='lat' dir='ltr'><strong>redundanti</strong></span> <span class='ocrx_word' id='word_1_741' title='bbox 2474 5095 2606 5150; x_wconf 83' lang='lat' dir='ltr'><strong>mari</strong></span> <span class='ocrx_word' id='word_1_742' title='bbox 2644 5096 2838 5151; x_wconf 85' lang='lat' dir='ltr'><strong>undam</strong></span> <span class='ocrx_word' id='word_1_743' title='bbox 2872 5095 3128 5150; x_wconf 83' lang='lat' dir='ltr'><strong>instillare</strong></span> <span class='ocrx_word' id='word_1_744' title='bbox 3152 5097 3401 5151; x_wconf 76' lang='lat' dir='ltr'><strong>conaris?</strong></span> <span class='ocrx_word' id='word_1_745' title='bbox 3426 5095 3598 5165; x_wconf 82' lang='lat' dir='ltr'><strong>Hujus</strong></span> 
     </span>
    </p>
   </div>
   <div class='ocr_carea' id='block_1_77' title="bbox 2013 5165 3591 5236">
    <p class='ocr_par' dir='ltr' id='par_1_77' title="bbox 2013 5165 3591 5236">
     <span class='ocr_line' id='line_1_77' title="bbox 2013 5165 3591 5236; baseline 0 -14"><span class='ocrx_word' id='word_1_746' title='bbox 2013 5176 2119 5222; x_wconf 90' lang='lat' dir='ltr'><strong>tam</strong></span> <span class='ocrx_word' id='word_1_747' title='bbox 2147 5167 2406 5221; x_wconf 87' lang='lat' dir='ltr'><strong>mordacis</strong></span> <span class='ocrx_word' id='word_1_748' title='bbox 2431 5167 2734 5221; x_wconf 89' lang='lat' dir='ltr'><strong>mordacem</strong></span> <span class='ocrx_word' id='word_1_749' title='bbox 2759 5165 2969 5221; x_wconf 90' lang='lat' dir='ltr'><strong>dentem</strong></span> <span class='ocrx_word' id='word_1_750' title='bbox 2999 5165 3113 5220; x_wconf 63' lang='lat' dir='ltr'><strong>hinc</strong></span> <span class='ocrx_word' id='word_1_751' title='bbox 3136 5174 3285 5236; x_wconf 84' lang='lat' dir='ltr'><strong>petra</strong></span> <span class='ocrx_word' id='word_1_752' title='bbox 3322 5168 3591 5236; x_wconf 88' lang='lat' dir='ltr'><strong>retundat,</strong></span> 
     </span>
    </p>
   </div>
   <div class='ocr_carea' id='block_1_78' title="bbox 2012 5237 3594 5307">
    <p class='ocr_par' dir='ltr' id='par_1_78' title="bbox 2012 5237 3594 5307">
     <span class='ocr_line' id='line_1_78' title="bbox 2012 5237 3594 5307; baseline -0.001 -14"><span class='ocrx_word' id='word_1_753' title='bbox 2012 5246 2067 5294; x_wconf 90' lang='lat' dir='ltr'><strong>et</strong></span> <span class='ocrx_word' id='word_1_754' title='bbox 2093 5253 2351 5292; x_wconf 85' lang='lat' dir='ltr'><strong>venenum</strong></span> <span class='ocrx_word' id='word_1_755' title='bbox 2382 5238 2646 5293; x_wconf 87' lang='lat' dir='ltr'><strong>malitiose</strong></span> <span class='ocrx_word' id='word_1_756' title='bbox 2671 5238 2961 5307; x_wconf 83' lang='lat' dir='ltr'><strong>evomitum</strong></span> <span class='ocrx_word' id='word_1_757' title='bbox 2992 5237 3043 5291; x_wconf 87' lang='lat' dir='ltr'><strong>in</strong></span> <span class='ocrx_word' id='word_1_758' title='bbox 3071 5237 3270 5292; x_wconf 88' lang='lat' dir='ltr'><strong>viscera</strong></span> <span class='ocrx_word' id='word_1_759' title='bbox 3298 5239 3464 5307; x_wconf 90' lang='lat' dir='ltr'><strong>ipsius</strong></span> <span class='ocrx_word' id='word_1_760' title='bbox 3493 5237 3594 5292; x_wconf 90' lang='lat' dir='ltr'><strong>de-</strong></span> 
     </span>
    </p>
   </div>
   <div class='ocr_carea' id='block_1_79' title="bbox 2012 5306 3597 5379">
    <p class='ocr_par' dir='ltr' id='par_1_79' title="bbox 2012 5306 3597 5379">
     <span class='ocr_line' id='line_1_79' title="bbox 2012 5306 3597 5379; baseline -0.001 -15"><span class='ocrx_word' id='word_1_761' title='bbox 2012 5324 2119 5365; x_wconf 90' lang='lat' dir='ltr'><strong>nuo</strong></span> <span class='ocrx_word' id='word_1_762' title='bbox 2147 5308 2439 5379; x_wconf 87' lang='lat' dir='ltr'><strong>torquenda</strong></span> <span class='ocrx_word' id='word_1_763' title='bbox 2463 5309 2478 5340; x_wconf 76' lang='grc' dir='ltr'>ί</span> <span class='ocrx_word' id='word_1_764' title='bbox 2502 5308 2766 5364; x_wconf 85' lang='lat' dir='ltr'><strong>relundat.</strong></span> <span class='ocrx_word' id='word_1_765' title='bbox 2798 5306 2999 5361; x_wconf 78' lang='lat' dir='ltr'><strong>Invidia</strong></span> <span class='ocrx_word' id='word_1_766' title='bbox 3025 5307 3212 5362; x_wconf 83' lang='lat' dir='ltr'><strong>diaboli</strong></span> <span class='ocrx_word' id='word_1_767' title='bbox 3233 5306 3437 5362; x_wconf 78' lang='lat' dir='ltr'><strong>intravit</strong></span> <span class='ocrx_word' id='word_1_768' title='bbox 3457 5324 3597 5364; x_wconf 80' lang='lat' dir='ltr'><strong>mors</strong></span> 
     </span>
    </p>
   </div>
   <div class='ocr_carea' id='block_1_80' title="bbox 2012 5379 3595 5449">
    <p class='ocr_par' dir='ltr' id='par_1_80' title="bbox 2012 5379 3595 5449">
     <span class='ocr_line' id='line_1_80' title="bbox 2012 5379 3595 5449; baseline -0.001 -14"><span class='ocrx_word' id='word_1_769' title='bbox 2012 5383 2064 5435; x_wconf 88' lang='lat' dir='ltr'><strong>in</strong></span> <span class='ocrx_word' id='word_1_770' title='bbox 2093 5381 2262 5435; x_wconf 87' lang='lat' dir='ltr'><strong>orbem</strong></span> <span class='ocrx_word' id='word_1_771' title='bbox 2305 5390 2549 5435; x_wconf 86' lang='lat' dir='ltr'><strong>terrarum</strong></span> <span class='ocrx_word' id='word_1_772' title='bbox 2574 5380 2872 5433; x_wconf 82' lang='lat' dir='ltr'><strong>:imitantur</strong></span> <span class='ocrx_word' id='word_1_773' title='bbox 2898 5379 3044 5449; x_wconf 76' lang='lat' dir='ltr'><strong>illum</strong></span> <span class='ocrx_word' id='word_1_774' title='bbox 3080 5380 3165 5449; x_wconf 81' lang='lat' dir='ltr'><strong>qui</strong></span> <span class='ocrx_word' id='word_1_775' title='bbox 3201 5389 3317 5434; x_wconf 79' lang='lat' dir='ltr'><strong>sunt</strong></span> <span class='ocrx_word' id='word_1_776' title='bbox 3359 5396 3425 5441; x_wconf 74' lang='lat' dir='ltr'><strong>ea;</strong></span> <span class='ocrx_word' id='word_1_777' title='bbox 3448 5389 3595 5448; x_wconf 78' lang='lat' dir='ltr'><strong>parte</strong></span> 
     </span>
    </p>
   </div>
   <div class='ocr_carea' id='block_1_81' title="bbox 2011 5447 3590 5523">
    <p class='ocr_par' dir='ltr' id='par_1_81' title="bbox 2011 5447 3590 5523">
     <span class='ocr_line' id='line_1_81' title="bbox 2011 5447 3590 5523; baseline 0 -18"><span class='ocrx_word' id='word_1_778' title='bbox 2011 5452 2149 5507; x_wconf 87' lang='lat' dir='ltr'><strong>illius</strong></span> <span class='ocrx_word' id='word_1_779' title='bbox 2176 5450 2330 5523; x_wconf 76' lang='lat' dir='ltr'><strong>(Sep.</strong></span> <span class='ocrx_word' id='word_1_780' title='bbox 2362 5466 2420 5517; x_wconf 86' lang='lat' dir='ltr'><strong>ll,</strong></span> <span class='ocrx_word' id='word_1_781' title='bbox 2440 5450 2529 5516; x_wconf 67' lang='grc'><strong>24,</strong></span> <span class='ocrx_word' id='word_1_782' title='bbox 2552 5450 2668 5523; x_wconf 76' lang='grc'><strong>25).</strong></span> <span class='ocrx_word' id='word_1_783' title='bbox 2695 5449 2740 5506; x_wconf 93' lang='grc' dir='ltr'>Ο</span> <span class='ocrx_word' id='word_1_784' title='bbox 2766 5448 2943 5523; x_wconf 84' lang='lat' dir='ltr'><strong>invide</strong></span> <span class='ocrx_word' id='word_1_785' title='bbox 2969 5447 3172 5523; x_wconf 76' lang='lat' dir='ltr'><strong>infelix,</strong></span> <span class='ocrx_word' id='word_1_786' title='bbox 3200 5451 3291 5523; x_wconf 89' lang='lat' dir='ltr'><strong>qni</strong></span> <span class='ocrx_word' id='word_1_787' title='bbox 3316 5447 3485 5523; x_wconf 82' lang='lat' dir='ltr'><strong>aliena</strong></span> <span class='ocrx_word' id='word_1_788' title='bbox 3515 5449 3590 5506; x_wconf 86' lang='lat' dir='ltr'><strong>fe-</strong></span> 
     </span>
    </p>
   </div>
   <div class='ocr_carea' id='block_1_82' title="bbox 2012 5518 3589 5593">
    <p class='ocr_par' dir='ltr' id='par_1_82' title="bbox 2012 5518 3589 5593">
     <span class='ocr_line' id='line_1_82' title="bbox 2012 5518 3589 5593; baseline 0 -16"><span class='ocrx_word' id='word_1_789' title='bbox 2012 5518 2209 5579; x_wconf 87' lang='lat' dir='ltr'><strong>licitate</strong></span> <span class='ocrx_word' id='word_1_790' title='bbox 2239 5518 2527 5593; x_wconf 82' lang='lat' dir='ltr'><strong>torqueris,</strong></span> <span class='ocrx_word' id='word_1_791' title='bbox 2559 5518 2734 5577; x_wconf 81' lang='lat' dir='ltr'><strong>alieno</strong></span> <span class='ocrx_word' id='word_1_792' title='bbox 2762 5521 2954 5593; x_wconf 84' lang='lat' dir='ltr'><strong>damno</strong></span> <span class='ocrx_word' id='word_1_793' title='bbox 2980 5518 3311 5591; x_wconf 75' lang='lat' dir='ltr'><strong>deposceris,</strong></span> <span class='ocrx_word' id='word_1_794' title='bbox 3341 5520 3471 5593; x_wconf 85' lang='lat' dir='ltr'><strong>ipsis</strong></span> <span class='ocrx_word' id='word_1_795' title='bbox 3496 5536 3589 5593; x_wconf 84' lang='lat' dir='ltr'><strong>re-</strong></span> 
     </span>
    </p>
   </div>
   <div class='ocr_carea' id='block_1_83' title="bbox 2010 5592 3589 5665">
    <p class='ocr_par' dir='ltr' id='par_1_83' title="bbox 2010 5592 3589 5665">
     <span class='ocr_line' id='line_1_83' title="bbox 2010 5592 3589 5665; baseline -0.003 -13"><span class='ocrx_word' id='word_1_796' title='bbox 2010 5594 2112 5653; x_wconf 87' lang='lat' dir='ltr'><strong>bus</strong></span> <span class='ocrx_word' id='word_1_797' title='bbox 2146 5592 2353 5665; x_wconf 40' lang='lat' dir='ltr'><strong>probas’</strong></span> <span class='ocrx_word' id='word_1_798' title='bbox 2373 5603 2422 5648; x_wconf 91' lang='lat' dir='ltr'><strong>te</strong></span> <span class='ocrx_word' id='word_1_799' title='bbox 2460 5607 2527 5648; x_wconf 83' lang='lat' dir='ltr'><strong>ex</strong></span> <span class='ocrx_word' id='word_1_800' title='bbox 2570 5602 2719 5664; x_wconf 85' lang='lat' dir='ltr'><strong>parte</strong></span> <span class='ocrx_word' id='word_1_801' title='bbox 2764 5592 2880 5664; x_wconf 84' lang='lat' dir='ltr'><strong>ejus</strong></span> <span class='ocrx_word' id='word_1_802' title='bbox 2908 5600 3028 5649; x_wconf 85' lang='lat' dir='ltr'><strong>esse</strong></span> <span class='ocrx_word' id='word_1_803' title='bbox 3051 5633 3069 5665; x_wconf 88' lang='lat'><strong>,</strong></span> <span class='ocrx_word' id='word_1_804' title='bbox 3096 5594 3187 5665; x_wconf 85' lang='lat' dir='ltr'><strong>qui</strong></span> <span class='ocrx_word' id='word_1_805' title='bbox 3226 5592 3433 5652; x_wconf 82' lang='lat' dir='ltr'><strong>invides</strong></span> <span class='ocrx_word' id='word_1_806' title='bbox 3468 5592 3589 5651; x_wconf 76' lang='lat' dir='ltr'><strong>aliis</strong></span> 
     </span>
    </p>
   </div>
   <div class='ocr_carea' id='block_1_84' title="bbox 2075 5769 2626 5834">
    <p class='ocr_par' dir='ltr' id='par_1_84' title="bbox 2075 5769 2626 5834">
     <span class='ocr_line' id='line_1_84' title="bbox 2075 5769 2626 5834; baseline -0.004 -11"><span class='ocrx_word' id='word_1_807' title='bbox 2075 5775 2096 5811; x_wconf 77' lang='grc' dir='ltr'><strong><em>ι</em></strong></span> <span class='ocrx_word' id='word_1_808' title='bbox 2128 5772 2268 5834; x_wconf 69' lang='lat' dir='ltr'><strong>aditi,</strong></span> <span class='ocrx_word' id='word_1_809' title='bbox 2289 5769 2626 5834; x_wconf 69' lang='lat' dir='ltr'><strong>remouenda.</strong></span> 
     </span>
    </p>
   </div>
  </div>
