4076 6370
322 416 473 479 1009

324 531 528 587 etenim
564 543 684 601 quae
714 527 800 584 vel
841 526 1231 601 oppositionem
1250 524 1794 601 vel_contrariet_atem
1820 521 1906 577 vel

325 596 595 659 accidens
608 596 931 671 suscipiunt,
954 600 1092 654 nulla
1116 598 1323 653 ratione
1347 597 1456 651 Deo
1481 596 1695 671 proprie
1712 608 1911 671 _eon_ve-

325 677 504 730 niunt.
552 666 866 743 lgiturrcum
907 666 1115 726 ratione
1153 666 1495 743 repugnante
1521 667 1649 743 nihil
1692 666 1758 720 de
1799 666 1911 720 Deo

330 746 549 815 proprie
575 738 742 815 'loqui
788 744 1096 815 valeamus,
1148 738 1339 794 saltem
1383 738 1672 808 improprie
1717 745 1773 792 et
1816 751 1911 805 per

327 813 703 885 auiigmamde
734 813 968 885 eo_l_oqui
994 822 1314 885 satagamus.

403 879 629 941 CVAPUT
669 883 755 937 ιν.
790 879 937 938 Mens
972 879 1157 937 animo:
1197 880 1475 951 speculum.
1507 880 1733 936 Scientia
1758 879 1912 951 funde

329 957 495 1013 nobis.
562 955 868 1023 Spiritualia
917 954 1018 1023 [ide
1075 950 1293 1023 attingi,
1340 969 1443 1007 non
1484 953 1697 1023 ratione.
1744 950 1913 1023 Spiri-

330 1038 415 1082 tus
442 1043 530 1081 sea:
557 1020 717 1079 modis
753 1026 806 1078 in
847 1020 1116 1094 Scriptura
1142 1020 1347 1078 dicitur.
1384 1024 1501 1077 Aer.
1537 1021 1766 1094 Ventus.
1801 1020 1912 1073 Vita

330 1098 613 1156 brutorum.
658 1097 797 1150 DISC.
842 1093 1072 1150 Evidens
1108 1094 1321 1165 quidem
1366 1096 1504 1149 ratio
1541 1093 1699 1148 docet
1746 1093 1911 1147 Deum

332 1169 586 1223 humanis
611 1167 789 1220 verbis
816 1167 1165 1221 inedicibilem
1188 1206 1203 1231 ,
1237 1166 1331 1221 sed
1362 1165 1733 1219 intellectualis
1759 1177 1912 1216 mens

332 1239 604 1295 inhianter
624 1236 890 1292 desiderat
908 1252 1029 1291 eum
1051 1237 1150 1292 sibi
1179 1246 1465 1306 utcumque
1492 1235 1604 1289 fieri
1630 1234 1909 1306 cognosci-

331 1310 529 1375 bilem;
565 1322 685 1379 qua:
723 1323 875 1362 mens
913 1308 1079 1363 instar
1116 1308 1317 1377 speculi
1355 1305 1545 1360 animae
1586 1306 1827 1379 videtur,
1860 1305 1913 1359 in

333 1397 454 1452 quo?
473 1377 641 1452 ipsajn
668 1379 955 1452 imaginem
980 1379 1247 1452 Creatoris
1274 1379 1353 1432 sui
1375 1377 1785 1452 contempletur.

411 1451 551 1506 MAG.
584 1449 835 1506 Universa
862 1466 980 1519 qua“;
1019 1450 1071 1503 in
1099 1450 1260 1504 rebus
1285 1450 1477 1503 creatis
1505 1449 1751 1501 novimus
1774 1488 1789 1513 ,
1818 1460 1915 1516 per

331 1536 628 1590 corporeos
652 1536 840 1575 sensus
866 1521 1231 1589 cognovimus.
1262 1521 1327 1574 Et
1352 1535 1414 1575 ea
1441 1519 1653 1589 quidem
1676 1532 1795 1590 qua:
1817 1532 1915 1571 nec

334 1588 460 1646 visu
500 1607 602 1646 nec
646 1588 973 1661 experientia
1014 1591 1329 1654 didicimus,
1360 1588 1469 1660 per
1490 1588 1915 1661 comparationes

332 1664 575 1743 visorum
601 1662 691 1743 .ve_l
719 1659 1065 1743 expertornm
1093 1659 1373 1743 discimus,
1407 1669 1464 1714 ut
1489 1676 1607 1730 qua:
1634 1661 1699 1714 de
1716 1659 1916 1743 Iliestiis

333 1734 425 1788 vel
451 1733 646 1803 ignotis
672 1730 976 1787 hominibus
1005 1733 1264 1801 legimus;
1287 1747 1407 1801 qua:
1436 1741 1611 1785 autem
1644 1730 1796 1784 nobis
1825 1745 1915 1803 pe-

338 1801 493 1860 nitus
508 1804 795 1872 incognita,
824 1819 918 1873 per
946 1804 1369 1872 comparationes
1392 1812 1544 1856 notas
1575 1817 1679 1855 non
1712 1801 1912 1868 signiﬁ-

336 1885 563 1941 cantur,
593 1872 860 1943 nunquam
893 1890 1112 1943 prorsus
1149 1874 1385 1927 scientite
1413 1882 1608 1927 nostra:
1639 1872 1918 1925 notilican-

339 1954 450 1999 tur.
495 1946 562 2000 Et
604 1945 725 2001 ideo
752 1946 874 2015 quia
916 1945 1211 2015 spiritualia
1242 1945 1395 1999 nobis
1425 1954 1551 1998 sunt
1592 1943 1875 1998 invisibilia
1901 1984 1916 2008 ,

337 2026 506 2087 atquc
534 2018 805 2084 corporeis
848 2018 1093 2071 sensibus
1136 2015 1608 2085 incomparabilia,
1650 2029 1918 2087 nunquam

326 2085 507 2142 .ertmt
532 2087 686 2142 nobis
710 2087 887 2156 aliqua
917 2089 1125 2141 ratione
1157 2087 1467 2156 probabilia.
1493 2086 1625 2151 Quia
1653 2100 1782 2156 vero
1808 2085 1922 2139 lnrc

338 2167 554 2213 constat
572 2173 712 2224 esse,
740 2155 836 2213 sed
867 2174 960 2228 per
980 2158 1172 2212 similia
1200 2158 1412 2213 edoceri
1436 2164 1738 2227 nequeunt,
1761 2155 1920 2210 ﬁdem

339 2235 546 2283 tantum
572 2230 900 2285 credentium
926 2231 1161 2299 exigunt.

420 2300 563 2354 DISC.
596 2298 725 2367 Quae
752 2301 889 2371 ratio
913 2297 1240 2369 argumentis
1278 2300 1500 2371 probat,
1532 2312 1835 2371 quanquam
1860 2297 1923 2371 in

338 2374 744 2441 comparatione
792 2370 1079 2437 deﬁciant,
1136 2370 1357 2427 necesse
1410 2382 1494 2425 est
1544 2380 1600 2423 ut
1649 2370 1924 2441 rationalis

340 2439 573 2568 quisque
602 2442 967 2497 credere‘non
1007 2452 1197 2497 renuat
1234 2461 1246 2497 :
1281 2452 1333 2496 tu
1364 2450 1568 2495 tantum
1596 2441 1774 2509 profer
1798 2439 1924 2511 quid

387 2530 416 2568 e
447 2513 718 2568 spiritibus
743 2513 1018 2568 sciendum
1047 2514 1137 2567 tibi
1165 2515 1300 2568 ratio
1330 2514 1532 2567 innuat.

387 2530 416 2568 e
447 2513 718 2582 spiritibus
743 2513 1018 2568 sciendum
1047 2514 1137 2567 tibi
1165 2515 1300 2568 ratio
1330 2514 1532 2567 innuat.

421 2583 561 2640 MAG.
592 2584 698 2637 Sex
724 2584 898 2638 modis
922 2583 974 2637 iu
1000 2584 1288 2653 Scripturis
1314 2585 1533 2653 spiritus
1559 2582 1924 2637 substantiali-

343 2662 433 2709 ter
453 2654 579 2719 dici,
603 2669 708 2709 non
738 2655 920 2709 nescio
943 2670 973 2708 a
995 2657 1146 2711 vobis
1168 2656 1310 2710 sciri.
1341 2655 1521 2709 Primo
1546 2669 1789 2708 summus
1811 2669 1926 2707 om-

346 2726 499 2797 nium
541 2725 680 2780 Deus
711 2725 928 2797 spiritus
963 2726 1286 2797 appellatur,
1330 2734 1389 2780 ut
1431 2725 1502 2780 ibi
1546 2743 1560 2779 :
1604 2724 1829 2797 Spiritus
1854 2734 1927 2779 est

344 2795 527 2866 Deus;
556 2805 601 2849 et
624 2796 710 2866 qui
739 2796 953 2866 adorant
980 2795 1091 2851 eum
1115 2839 1131 2863 ,
1166 2799 1221 2850 in
1258 2797 1441 2866 spiritu
1479 2804 1673 2866 oportet
1713 2796 1929 2849 adorare

347 2864 534 2937 (Joan.
564 2864 655 2932 tv,
685 2867 799 2936 24).
831 2865 1079 2923 Secundo
1108 2864 1803 2937 angelispiritusidicuutur
1822 2906 1835 2930 ,
1871 2873 1929 2937 ut

347 2936 426 3008 ibi
472 2955 486 2991 :
529 2937 628 3002 Qui
671 2934 792 3008 facit
836 2937 1043 3007 angelos
1082 2934 1199 2992 suos
1237 2934 1446 3007 spiritus
1487 2936 1661 3006 (Psal.
1689 2951 1818 3008 cut,
1847 2934 1925 3008 4).

347 3006 537 3079 Tertio
572 3006 763 3064 animae
801 3006 1018 3079 spiritus
1063 3006 1434 3079 nuncupantur
1457 3048 1473 3073 ,
1514 3018 1571 3062 ut
1588 3008 1676 3079 _ibi
1698 3025 1723 3079 7:
1756 3007 1929 3059 Exibit

345 3078 562 3151 spiritus
581 3079 713 3151 ejus,
730 3091 789 3151 ret
816 3076 935 3134 caro
958 3088 1227 3133 revertetur
1245 3076 1307 3133 in
1342 3088 1526 3151 terram
1554 3076 1724 3151 (Psal.
1757 3092 1926 3144 CXLV,

352 3149 436 3221 4).
462 3149 661 3221 Quarto
691 3150 793 3205 vita
820 3151 1094 3205 brutorum
1117 3151 1421 3205 animalium
1446 3149 1664 3218 Spiritus
1686 3158 1925 3221 vocatur,

348 3218 417 3274 ut
457 3220 528 3274 ibi
577 3237 590 3273 :
640 3220 764 3285 Quis
805 3222 898 3276 scit
944 3223 988 3275 si
1025 3222 1234 3290 spiritus
1268 3223 1617 3291 jumentorum
1660 3218 1930 3291 descendat

350 3290 593 3345 deorsum
620 3290 812 3364 (Eccle.
847 3308 925 3357 ut,
955 3289 1083 3364 2i)?
1108 3289 1304 3359 Quinto
1323 3291 1464 3364 venti
1495 3290 1743 3364 dicuntur
1769 3289 1929 3364 spiri-

352 3370 445 3416 tus
469 3402 485 3427 ,
524 3370 580 3416 ut
619 3360 689 3417 ibi
727 3379 740 3415 :
770 3362 995 3432 Spiritus
1027 3360 1359 3432 procellarum
1387 3361 1561 3431 (Psal.
1587 3376 1779 3414 CXLVIII
1806 3401 1819 3423 ,
1851 3360 1927 3429 8).

355 3433 523 3487 Sexto
552 3448 647 3487 aer
670 3431 886 3503 spiritus
912 3434 1179 3500 scribitur,
1211 3442 1266 3487 ut
1288 3434 1357 3487 ibi
1386 3450 1415 3503 :7
1433 3432 1502 3485 0s
1524 3448 1689 3484 meum
1716 3431 1893 3503 aperui
1912 3472 1927 3495 ,

354 3513 407 3558 et
433 3505 622 3558 attraxi
649 3502 883 3573 spiritum
905 3503 1273 3573 (Psal.cxvm,
1306 3502 1450 3575 151).
1471 3504 1707 3570 Quorum
1738 3502 1933 3575 delini-

356 3574 435 3629 tio
455 3575 574 3629 talis
601 3585 684 3629 est
716 3594 730 3629 :
760 3578 867 3630 Aer
886 3572 967 3630 est
991 3576 1208 3643 spiritus
1234 3572 1460 3635 sensili’s,
1490 3589 1597 3627 non
1619 3572 1885 3627 sensibilis
1916 3591 1929 3626 :

356 3644 413 3699 id
452 3654 571 3709 est,
613 3661 768 3715 quem
814 3660 910 3700 nos
954 3646 1268 3700 attrahendo
1310 3646 1609 3709 sentimus,
1654 3644 1766 3715 ipse
1800 3644 1930 3698 nihil

357 3716 618 3782 sentiens,
634 3714 848 3770 cunctis
868 3725 1044 3771 tamen
1071 3717 1170 3771 sub
1190 3718 1327 3772 etelo
1347 3715 1641 3769 viventibus
1663 3714 1931 3783 spiramen

357 3786 637 3841 exhibens.
669 3787 869 3841 Ventus
906 3788 1124 3857 spiritus
1151 3798 1235 3843 est
1273 3803 1366 3843 aer
1388 3828 1403 3852 ,
1439 3787 1529 3840 Dei
1558 3794 1685 3838 nutu
1712 3827 1726 3851 ,
1755 3786 1933 3854 aliquo

358 3858 765 3929 motuagitatus
790 3900 802 3921 ,
838 3860 1083 3925 procellis
1108 3874 1365 3929 aquarum
1399 3864 1772 3929 augmentatus
1796 3871 1933 3929 ,Aper

357 3928 596 3997 angelica
623 3928 913 3982 ministeria
943 3927 1200 3983 excitatus
1224 3970 1239 3995 ,
1276 3945 1370 3998 per
1399 3928 1583 3983 eadem
1626 3927 1933 3995 tranquilla-

360 4006 467 4053 tus.
499 3999 615 4071 Vita
636 4000 911 4053 brutorum
933 4001 1237 4071 animzﬂium
1264 4010 1347 4053 est
1369 3998 1594 4071 spiritus
1607 3998 1780 4071 vitalis
1805 4012 1932 4071 conf

358 4078 508 4125 stans
533 4070 601 4125 de
629 4086 752 4125 acre
778 4079 831 4124 et
858 4066 1123 4140 sanguine
1136 4112 1151 4139 ,
1180 4066 1425 4124 animalis
1448 4108 1465 4133 ,
1491 4068 1769 4140 invisibilis
1791 4107 1806 4132 ,
1840 4066 1932 4120 sed

361 4141 652 4207 sensibilis,
674 4139 985 4196 memoriam
1016 4142 1215 4197 habens
1238 4183 1253 4208 ,
1285 4141 1378 4196 sed
1406 4139 1678 4196 intellectu
1703 4152 1892 4200 carens
1914 4177 1929 4203 ,

361 4226 484 4265 cum
516 4226 676 4266 carne
701 4212 957 4278 moriens,
986 4214 1038 4266 in
1066 4228 1186 4266 aera
1214 4228 1557 4267 evanescens.

432 4281 658 4337 CAPUT
702 4283 763 4337 V.
818 4284 1000 4336 Anima
1052 4284 1333 4354 intelligens
1389 4284 1509 4354 quid
1560 4281 1644 4354 sit.
1692 4279 1786 4334 Est
1833 4281 1935 4334 vita

362 4354 648 4418 sensibilis,
686 4355 967 4418 mutabilis,
997 4353 1246 4421 illocalis’,
1281 4354 1562 4424 passibilis;
1596 4353 1704 4406 sine
1730 4354 1933 4421 quanti-

362 4434 483 4489 tate,
517 4424 682 4494 ﬁgura
706 4425 781 4477 vel
817 4426 1001 4478 colore.
1043 4426 1233 4479 Anima
1276 4440 1403 4480 vero
1443 4426 1657 4495 spiritus
1686 4430 1773 4495 est
1812 4423 1937 4477 sub-

362 4496 553 4547 stantia
581 4495 909 4563 incorporea.
940 4498 1179 4564 corporis
1207 4497 1286 4549 sui
1314 4497 1439 4562 vita,
1472 4494 1747 4548 invisibilis
1767 4534 1781 4557 ,
1811 4509 1934 4548 sen-

362 4565 550 4631 sibilis,
576 4566 859 4631 mutabilis,
886 4568 1125 4631 illocalis,
1150 4566 1433 4634 passibilis,
1464 4580 1562 4620 nec
1581 4566 1933 4632 quantitatum

362 4650 652 4702 mensurae,
678 4652 775 4690 nec
798 4638 1106 4705 qualitatum
1133 4636 1318 4690 formze
1344 4638 1425 4690 vel
1452 4635 1647 4690 coloris
1672 4635 1934 4703 suscepti-

360 4705 485 4762 bilis
518 4708 533 4738 ¹
568 4724 581 4759 :
612 4709 957 4776 memorialis,
981 4707 1275 4769 rationalis,
1300 4705 1689 4769 intellectualis,
1719 4706 1937 4758 immor-

363 4778 505 4832 talis.
540 4777 609 4832 Et
646 4792 713 4832 ne
754 4778 867 4833 haec
894 4780 1105 4833 vacillet
1130 4777 1404 4839 deﬁnitio,
1434 4777 1568 4831 ratio
1597 4791 1714 4830 eam
1745 4776 1934 4843 proba-

365 4848 597 4903 tionibus
637 4849 872 4903 roboret.
918 4851 1107 4904 Anima
1149 4857 1232 4901 est
1274 4848 1564 4917 spiritualis
1607 4846 1932 4913 substantia;

361 4933 522 4973 onine
570 4919 712 4973 enim
757 4920 896 4989 quod
948 4921 1036 4973 alii
1090 4920 1251 4972 vitam
1301 4919 1709 4981 subministrat,
1763 4917 1933 4984 ipsum

361 5004 586 5043 necesse.
628 4999 712 5044 est
747 5001 804 5043 ut
837 4991 1089 5045 subsistat
1128 5009 1140 5045 :
1177 4989 1269 5043 sed
1313 4990 1485 5043 anima
1527 4990 1686 5041 vitam
1727 4989 1935 5056 corpori

362 5061 549 5114 tribuit
589 5079 602 5115 :
644 5061 801 5130 igitur
836 5063 1008 5115 anima
1055 5060 1269 5114 realiter
1314 5061 1571 5115 subsistit.
1620 5058 1767 5112 lianc
1807 5073 1937 5112 vero

360 5131 523 5202 vitam
547 5146 665 5185 esse
692 5133 915 5200 ipsamet
947 5132 1152 5202 probat,
1176 5131 1299 5184 dum
1330 5131 1605 5202 prtesentia
1626 5145 1723 5202 sua
1743 5144 1937 5198 corpus

365 5201 637 5267 viviﬁeat,
681 5203 917 5255 absentia
948 5200 1054 5256 sua
1102 5203 1239 5254 idem
1280 5201 1582 5254 mortiﬁcat.
1623 5200 1746 5253 llaec
1786 5202 1937 5255 nobis

362 5274 577 5341 quidem
601 5280 681 5327 est
705 5272 1004 5337 invisibilis,
1024 5272 1117 5327 sed
1141 5271 1413 5339 spiritibus
1434 5282 1517 5326 est
1538 5270 1939 5327 visibilis.llanc

359 5344 521 5398 etiam
552 5343 858 5397 sensibilem
897 5359 1016 5398 esse
1044 5350 1287 5407 constat,
1319 5343 1445 5396 dum
1485 5344 1652 5396 oculis
1690 5343 1895 5395 colores
1919 5383 1934 5408 ,

361 5415 581 5467 auribus
602 5428 785 5479 sonos,
808 5416 1024 5468 naribus
1053 5413 1268 5477 odores,
1303 5414 1476 5482 palato
1502 5428 1739 5482 sapores,
1770 5413 1942 5465 mani-

358 5483 461 5538 bus
503 5500 698 5552 aspcra
742 5486 827 5539 vel
873 5487 1010 5539 leuia
1056 5484 1257 5539 sentire
1301 5493 1537 5552 praestat.
1589 5483 1682 5536 Est
1728 5497 1940 5552 quoque

360 5554 637 5609 mutabilis
666 5570 681 5611 :
707 5570 866 5611 omne
890 5557 1033 5610 enim
1062 5555 1203 5625 quod
1235 5556 1503 5624 pejoratur
1528 5563 1581 5609 et
1610 5554 1937 5625 melioratur,

359 5625 619 5681 mutabile
648 5634 763 5690 est;
794 5627 887 5681 sed
927 5624 1101 5681 anima
1142 5626 1283 5680 vitiis
1323 5627 1590 5694 pejoratur
1612 5663 1628 5689 ,
1657 5624 1939 5679 virtutibus

356 5696 711 5762 melioratur;
742 5696 899 5767 igitur
921 5696 1191 5751 mutabilis
1226 5705 1328 5751 est.
1360 5694 1457 5767 Est
1481 5697 1638 5767 etiam
1667 5694 1889 5767 illocalis
1924 5713 1936 5749 :

358 5780 524 5822 omne
563 5768 705 5821 enim
741 5765 883 5837 quod
908 5768 1027 5823 loco
1052 5767 1339 5822 includitur
1362 5807 1378 5834 ,
1406 5765 1684 5821 altitudine
1709 5806 1725 5833 ,
1754 5765 1935 5821 latitu-

429 5910 447 5942 ι
480 5915 533 5959 tn
554 5914 685 5971 Mss,
1416 5904 1574 5958 colore
1611 5904 1941 5961 susceptibilis.

1343 402 1550 463 LIBER
1587 404 1677 462 DE
1713 400 2122 464 COGNITIONE
2162 403 2372 462 VERE
2401 405 2605 464 VITIE.

3332 356 3345 359 μ
3424 460 3427 461 ν
3459 408 3605 471 1010

2016 521 2140 600 dine
2161 566 2176 590 ,
2206 524 2534 600 longitudine
2562 524 2702 600 aeris
2726 525 3181 600 circumscribitur
3200 568 3216 597 ,
3253 541 3455 600 corpus
3475 534 3597 595 est;

2016 593 2108 648 sed
2144 597 2280 649 ratio
2302 593 2496 651 'doenit
2537 597 2768 683 animam
2797 599 3163 683 incorpoream
3200 593 3323 683 esse
3347 593 3367 666 ξ
3391 602 3451 683 id
3470 593 3599 683 est,
3654 640 3691 683 ο

2015 679 2117 719 nec
2155 681 2349 736 corpus
2392 683 2492 722 nec
2532 669 2747 741 aliquod
2794 669 3090 725 membrum
3145 671 3385 736 habere;
3439 672 3601 741 igitur

2015 746 2226 791 constat
2255 754 2371 792 eam
2394 754 2514 795 esse
2546 740 2827 796 illocalem.
2856 742 2971 795 Non
3002 744 3142 797 enim
3167 742 3395 811 spatium
3420 740 3561 797 aeris
3583 781 3601 807 ,

2016 815 2075 883 u_t
2105 824 2328 883 corpus,
2354 818 2616 883 occupat,
2652 828 2748 867 nec
2773 827 2967 883 corpus
2986 856 3001 879 ,
3025 821 3083 867 ut
3108 828 3241 883 aqua
3273 821 3467 877 utrem,
3497 813 3602 867 im-

2017 878 2160 947 plet;
2190 880 2282 934 sed
2311 888 2366 935 ut
2392 878 2537 935 calor
2561 892 2671 937 toto
2693 884 2799 952 igni
2824 878 3106 940 illoealiter
3133 878 3290 947 inest,
3321 887 3392 937 ita
3419 883 3603 938 anima

2020 957 2185 1025 totum
2214 966 2421 1025 corpus
2437 952 2716 1025 illocaliter
2744 954 2943 1023 implet.
2980 955 3117 1025 Ignis
3156 955 3371 1025 quidem
3398 954 3601 1025 estivi-

2017 1020 2318 1096 sibilis,sed
2344 1023 2494 1096 calor
2529 1020 2897 1096 invisibilis—et
2940 1020 3206 1081 sensibilis
3229 1069 3242 1093 ,
3281 1034 3335 1080 et
3369 1024 3601 1096 quodam

2017 1092 2179 1145 modo
2227 1095 2401 1160 ignem
2451 1093 2725 1150 viviﬁcans
2766 1114 2779 1149 :
2822 1096 2891 1149 ita
2935 1097 3111 1151 anima
3156 1092 3476 1160 invisibilis,
3503 1094 3603 1150 sed

2017 1163 2319 1236 sensibilis,
2366 1166 2574 1236 visibile
2612 1180 2807 1235 corpus
2846 1169 3072 1236 quadam
3101 1170 3306 1223 occulta
3344 1168 3397 1221 vi
3427 1166 3604 1220 sensi-

2019 1232 2143 1314 ﬁcat
2181 1245 2235 1288 et
2273 1235 2520 1314 viviﬁcat.
2564 1237 2687 1314 "ree
2711 1232 2810 1314 ’ρει
2848 1232 3410 1314 quoqueupassibilis;
3439 1251 3603 1314 omne

2018 1306 2158 1380 enim
2182 1306 2321 1375 quod
2343 1322 2573 1361 maerore
2600 1307 2847 1372 afﬁcitur,
2866 1306 3130 1380 possibile
3154 1321 3236 1365 est
3262 1326 3276 1362 :
3304 1308 3398 1364 sed
3419 1308 3603 1380 anima

2017 1377 2142 1428 dum
2192 1394 2302 1431 stuc
2349 1379 2633 1434 voluntatis
2676 1377 2898 1449 compos
2941 1397 3045 1434 non
3094 1381 3359 1443 efficitur,
3411 1379 3604 1434 dolore

2019 1448 2288 1520 [ll_(I‘Slill:B
2315 1449 2573 1515 afﬁcitur;
2612 1451 2773 1520 igitur
2804 1448 3077 1520 passibilis
3103 1466 3222 1507 esse
3248 1450 3605 1506 convincitur.

2018 1516 2101 1589 Ab
2128 1518 2226 1572 hac
2254 1522 2520 1589 quantitas
2553 1516 2849 1576 excluditur
2878 1540 2893 1577 :
2924 1523 3052 1577 dum
3091 1538 3191 1577 nec
3216 1520 3495 1576 altitudine
3518 1520 3606 1576 vel

2020 1587 2298 1644 latitudine
2338 1601 2429 1646 aut
2468 1591 2797 1662 longitudine
2822 1594 3041 1647 metitur
3063 1636 3077 1659 ,
3111 1609 3211 1648 nec
3250 1609 3347 1648 sex
3376 1592 3608 1645 circum-

2020 1662 2262 1727 stantias,
2292 1664 2497 1718 scilicet
2525 1672 2647 1717 ante
2670 1673 2723 1718 et
2749 1674 2917 1728 retro,
2952 1666 3198 1719 dextrum
3227 1673 3281 1718 et
3306 1663 3602 1727 sinistrum,

2020 1742 2229 1805 sursum
2272 1743 2325 1788 et
2368 1734 2617 1790 deorsum
2644 1776 2658 1801 ,
2705 1750 2763 1789 se
2805 1736 3080 1791 includere
3118 1735 3335 1805 patitur.
3367 1733 3609 1805 Qualitas

2021 1803 2180 1871 etiam
2211 1803 2397 1859 formae
2426 1815 2479 1859 et
2502 1807 2692 1861 coloris
2724 1806 2790 1860 ab
2816 1805 2915 1861 hac
2941 1803 3269 1871 secernitur,
3304 1805 3431 1859 dum
3460 1803 3607 1858 nulla

2024 1870 2192 1953 forma
2222 1877 2313 1953 vel
2339 1877 2558 1953 humani
2600 1878 2870 1947 corporis,
2913 1879 3002 1953 vel
3036 1878 3193 1953 ullius
3237 1876 3488 1953 colorata:
3528 1875 3611 1953 rei

2023 1944 2095 1997 illi
2123 1946 2460 2002 adscribitur.
2504 1949 2627 2002 llaec
2664 1944 2743 2002 est
2782 1949 3108 2004 memorialis
3132 1991 3145 2013 ,
3178 1948 3297 2017 quia
3341 1945 3608 2017 prazlerita

2022 2018 2273 2074 recolit‘.
2304 2018 2398 2072 Est
2424 2019 2720 2085 rationalis,
2740 2021 2861 2089 quia
2892 2020 3173 2089 prmsentia
3198 2016 3477 2072 discernit.
3499 2016 3611 2089 Est

2024 2089 2418 2157 intellectualis,
2447 2091 2570 2159 quia
2593 2086 2771 2152 futura
2786 2086 3051 2159 intelligit.
3075 2091 3224 2144 Hanc
3248 2086 3605 2159 immortalem

2023 2159 2150 2214 hinc
2173 2174 2295 2215 esse
2322 2157 2551 2227 constat,
2579 2162 2720 2230 quod
2744 2157 3057 2216 memoriam
3082 2162 3163 2216 sui
3193 2157 3335 2230 apud
3360 2166 3608 2229 posteros

2023 2232 2333 2301 perenniter
2357 2232 2551 2286 durare
2580 2232 2802 2286 laborat.

2095 2301 2321 2357 CAPUT
2362 2302 2446 2357 Vl.
2479 2303 2660 2373 Angeli
2700 2303 2822 2369 quid
2850 2302 2966 2356 sint.
2996 2303 3075 2357 An
3102 2304 3221 2358 sint.
3255 2301 3390 2369 Quid
3432 2307 3608 2373 agant.

2031 2371 2244 2427 Notitite
2259 2390 2431 2426 eorum
2450 2383 2497 2426 et
2518 2370 2703 2427 nostra:
2715 2374 3002 2427 discrimen.
3018 2373 3251 2443 Angelus
3266 2382 3441 2426 autem
3457 2370 3613 2443 spiri-

2027 2452 2111 2499 tus
2147 2454 2229 2498 est
2268 2445 2559 2498 substantia
2600 2440 3273 2513 incorporea,invisibilis,
3316 2440 3607 2513 sensibilis,

2026 2515 2329 2577 rationalis,
2356 2511 3117 2581 intellectualis,immortalis;
3142 2514 3403 2569 bonortnn
3436 2511 3611 2566 lucida

2028 2593 2083 2640 et
2101 2586 2460 2655 impassibilis,
2478 2586 2737 2641 malorum
2760 2595 2891 2641 tetra
2915 2596 2969 2641 et
2989 2585 3277 2657 passibilis.
3296 2583 3402 2640 Sed
3422 2582 3612 2657 viden—

2028 2657 2153 2711 dtnn
2196 2666 2370 2710 utrum
2410 2658 2585 2726 aliqua
2626 2658 2914 2712 substantia
2966 2654 3083 2712 talis
3122 2658 3175 2711 in
3215 2657 3377 2711 rebus
3418 2654 3613 2726 creatis

2029 2742 2149 2783 esse
2170 2727 2438 2793 credatur,
2467 2724 2587 2781 cum
2610 2744 2639 2781 a
2666 2730 2820 2784 nobis
2846 2728 3065 2783 minime
3085 2728 3347 2782 videatur.
3376 2724 3612 2794 Angelos

2029 2814 2149 2853 esse
2187 2800 2299 2867 ipsa
2339 2799 2663 2853 insensibilia
2703 2800 2964 2869 probant,
3007 2815 3125 2868 qua:
3165 2809 3271 2853 tam
3301 2805 3500 2869 certam
3527 2795 3613 2849 sui

2030 2880 2204 2923 .notus
2227 2871 2394 2938 legem
2422 2868 2731 2924 observant.
2756 2870 2927 2924 Omne
2950 2872 3145 2940 quippe
3173 2868 3315 2938 quod
3342 2874 3610 2940 movetur,

2030 2950 2121 2994 aut
2148 2935 2349 2993 motum
2381 2955 2409 2992 a
2438 2955 2497 2994 se
2536 2940 2694 2994 habet
2729 2949 2822 2994 aut
2860 2935 3113 2995 aliunde:
3146 2935 3240 2994 sed
3275 2952 3436 2993 omne
3470 2935 3614 3006 quod

2030 3019 2235 3064 motum
2274 3026 2303 3063 a
2345 3025 2403 3064 se
2433 3010 2631 3077 habet,
2671 3021 2755 3065 est
2792 3010 3042 3066 sensibile
3066 3052 3080 3077 ,
3124 3021 3180 3064 ut
3216 3010 3427 3069 anima;
3468 3005 3614 3077 quod

2031 3081 2273 3145 aliunde,
2307 3080 2646 3147 insensibile,
2679 3091 2739 3135 ut
2775 3096 2989 3151 corpus.
3013 3081 3165 3149 Quod
3190 3080 3233 3133 si
3261 3079 3371 3146 sol,
3404 3078 3529 3131 luna
3559 3083 3616 3151 et

2032 3152 2205 3205 sidera
2236 3166 2333 3221 per
2358 3166 2415 3205 se
2446 3162 2756 3217 moventur,
2792 3147 2953 3206 sensu
2983 3147 3069 3206 vel
3099 3152 3305 3206 ratione
3329 3151 3508 3217 vigere
3534 3147 3618 3221 vi-

2033 3218 2263 3277 dentur}
2287 3238 2404 3291 quae
2427 3229 2532 3275 tam
2554 3232 2698 3277 certa
2723 3232 2981 3292 tempora,
3004 3231 3109 3276 tam
3134 3229 3276 3276 certa
3300 3221 3421 3277 coeli
3443 3218 3615 3292 spatia

2033 3289 2373 3357 custodiunt,
2408 3302 2460 3346 et
2488 3294 2719 3362 quodam
2750 3289 2909 3348 modo
2938 3308 3093 3347 suum
3132 3291 3459 3347 intellectum
3491 3289 3616 3362 huic

2036 3364 2237 3418 mundo
2276 3364 2475 3418 lumine
2509 3361 2595 3419 vel
2635 3366 2798 3433 signis
2834 3365 3077 3419 innuunt.
3104 3364 3210 3419 Sed
3239 3363 3329 3433 qui
3360 3377 3421 3416 ea
3449 3361 3617 3415 ratio-

2037 3437 2174 3489 nalia
2215 3436 2298 3488 vel
2337 3436 2522 3489 saltem
2552 3436 2819 3490 sensibilia
2859 3451 3084 3504 corpora
3125 3434 3415 3489 arbitratur
3439 3473 3455 3498 ,
3490 3434 3615 3504 iure

2035 3520 2196 3561 sensu
2230 3521 2417 3560 carens
2441 3548 2454 3570 ,
2502 3507 2640 3561 inter
2681 3507 3054 3561 irrationabilia
3096 3512 3451 3574 computatur.
3480 3507 3617 3574 Cum

2033 3587 2211 3631 autem
2235 3591 2362 3631 vere
2389 3576 2495 3629 sint
2515 3591 2740 3646 corpora
2768 3578 3011 3641 visibilia,
3043 3576 3135 3631 sed
3166 3572 3311 3629 motu
3336 3572 3571 3628 carentia
3596 3612 3613 3638 ,

2033 3656 2216 3717 utputa
2244 3648 2590 3711 insensibilia,
2620 3659 2672 3702 ct
2698 3659 2872 3702 tamen
2896 3656 3237 3712 moveantur;
3261 3652 3468 3700 constat
3489 3658 3617 3712 pro-

2033 3717 2173 3772 fecto
2210 3718 2349 3789 quod
2385 3717 2601 3773 aliunde
2638 3727 2972 3789 moveantur.
3016 3719 3200 3772 Resuit
3238 3718 3396 3786 igitur
3424 3729 3491 3789 ea
3516 3728 3619 3789 per

2034 3786 2269 3859 angelica
2295 3789 2585 3843 ministeria
2615 3792 2839 3845 moveri.
2867 3788 3121 3845 Similiter
3148 3798 3355 3852 ventos,
3387 3786 3615 3859 pluvias,

2072 3856 2338 3924 randines,
2364 3858 2590 3929 fulgura,
2620 3861 2871 3925 tonitrua,
2900 3868 3265 3929 tempestates,
3290 3856 3619 3929 aurasjussu

2083 3930 2131 3983 ei
2156 3946 2248 3999 per
2270 3931 2386 3983 illos
2409 3924 2516 4000 regi
2547 3924 2633 4000 qui
2657 3931 2880 3995 dubitat,
2911 3947 2970 3985 ea
3002 3924 3266 3984 sensibilia
3298 3924 3489 4000 putat:
3522 3924 3619 3979 sed

2034 3997 2177 4054 hunc
2208 4001 2341 4054 ratio
2362 3997 2579 4054 stultum
2602 4017 2723 4055 eum
2752 4001 3147 4056 insensibilibus
3167 3997 3357 4072 probat
3381 3999 3423 4072 ξ.
3457 3997 3624 4051 Bruta

2034 4087 2245 4197 quoque
2283 4072 2530 4124 animalia
2561 4072 2745 4126 usibus
2785 4073 3030 4127 humanis
3065 4069 3312 4141 per—illos
3350 4069 3619 4123 obsecuti..-

2075 4159 2162 4197 are
2188 4143 2271 4196 vel
2302 4142 2572 4196 adversari
2596 4144 2684 4197 aui
2707 4158 2812 4197 non
2840 4144 3082 4197 credunt.
3107 4150 3197 4197 aut
3222 4141 3307 4196 illa
3338 4155 3434 4197 Der
3452 4139 3619 4193 ratio-

2075 4139 2169 4197 are‘
2188 4143 2271 4196 vel
2302 4142 2572 4196 adversari
2596 4144 2684 4212 qui
2707 4158 2812 4197 non
2840 4139 3082 4205 credunt,
3107 4150 3197 4197 aut
3222 4141 3307 4196 illa
3338 4155 3434 4209 per
3452 4139 3622 4212 ratio-

2036 4214 2119 4267 nis
2158 4213 2484 4267 intellectum
2518 4211 2632 4268 hinc
2660 4216 2833 4269 facere
2862 4214 3121 4278 credunt,
3161 4215 3316 4282 longe
3352 4226 3383 4265 a
3411 4211 3621 4265 ratione

2034 4285 2312 4338 recedunt.
2346 4284 2451 4337 Sed
2473 4293 2526 4338 et
2554 4294 2742 4339 cuncta
2772 4302 2889 4355 quae
2914 4286 2965 4340 in
2990 4285 3148 4339 rebus
3183 4282 3583 4355 insensibilibus
3602 4319 3618 4344 ,

2034 4356 2116 4410 vel
2146 4355 2409 4410 creaturis
2437 4350 3079 4426 sensibilibus'geruntur,
3112 4370 3209 4426 per
3237 4354 3356 4426 illos
3386 4350 3619 4426 admini-

2036 4427 2193 4480 strari
2225 4426 2312 4494 qui
2339 4425 2559 4493 ambigit
2585 4466 2600 4491 ,
2641 4421 2863 4479 muttuin
2903 4442 2932 4478 a
2974 4426 3091 4479 luce
3112 4421 3368 4479 ’vcritatis
3402 4421 3620 4491 desipit.

2036 4496 2199 4565 Igitur
2223 4503 2433 4550 constat
2462 4496 2679 4563 angelos
2703 4511 2827 4549 vere
2857 4511 2976 4549 esse
2995 4537 3007 4557 ,
3036 4505 3089 4550 et
3119 4505 3309 4551 cuncta
3340 4495 3493 4548 nobis
3524 4506 3620 4545 oc-

2036 4568 2178 4621 culta
2208 4574 2450 4635 patenter
2483 4579 2660 4618 nosse.
2691 4565 2795 4620 Sed
2825 4566 2925 4621 hoc
2952 4566 3127 4621 diﬁ‘crt
3154 4569 3291 4621 inter
3323 4565 3535 4618 illorum
3569 4570 3624 4616 et

2036 4648 2274 4692 nostram
2319 4635 2593 4689 scientiam
2621 4677 2636 4701 ,
2678 4637 2818 4706 quod
2863 4638 2962 4706 ipsi
2994 4652 3181 4692 omnes
3223 4650 3411 4691 causas
3438 4647 3621 4687 rerum

2037 4718 2321 4777 antequam
2349 4708 2599 4760 eveniant
2620 4710 2942 4776 prtesciunt;
2972 4722 3070 4761 nos
3099 4716 3274 4762 autem
3301 4706 3387 4758 vix
3414 4711 3469 4777 et
3495 4717 3619 4757 cum

2037 4775 2231 4849 magno
2253 4776 2434 4832 labore
2460 4777 2839 4849 investigamus
2862 4794 2973 4846 eas,
3006 4788 3282 4849 postquam
3306 4790 3391 4830 res
3417 4775 3470 4828 in
3497 4782 3621 4827 actu

2037 4857 2301 4906 constant.

2108 4919 2333 4978 CAPUT
2374 4917 2483 4973 VII.
2516 4918 2653 4974 Deus
2691 4921 2812 4992 quid
2839 4922 2924 4975 sit.
2970 4918 3119 4983 Quod
3136 4918 3226 4992 sit.
3262 4915 3410 4992 Quod
3448 4915 3513 4970 sit
3541 4930 3628 4968 ve-

2038 4994 2182 5059 ritas,
2206 4995 2328 5055 vita,
2352 4992 2621 5065 sapientia,
2640 4990 2844 5065 justitia
2889 5000 2933 5065 et
2971 4991 3243 5065 aeternitas.
3277 4990 3441 5065 Porro
3477 5001 3625 5065 sum-

2039 5057 2176 5121 mus
2200 5057 2446 5135 spiritus,
2476 5057 2694 5135 sicut'a
2737 5063 2880 5116 nullo
2920 5062 3190 5135 intellectu
3230 5057 3624 5135 valet_propri_e

2040 5128 2282 5207 cogitari,
2308 5138 2378 5189 ita
2403 5132 2546 5207 nulla
2576 5134 2891 5207 deﬁnitione
2913 5132 3105 5201 poterit
3130 5130 3341 5200 pr0prie
3370 5128 3628 5184 determi-

2040 5203 2176 5263 nari.
2227 5206 2332 5261 Sed
2378 5203 2499 5274 quia
2550 5204 2924 5259 intellectualis
2969 5217 3123 5256 mens
3168 5217 3305 5274 eum
3340 5208 3628 5274 utcumque

2041 5293 2329 5347 agnoscere
2358 5271 2590 5347 anhelat,
2628 5276 2743 5329 lnec
2784 5274 3115 5344 retiigmatiea
3151 5271 3631 5347 delini_tio_e_i‘inte-

2041 5342 2142 5405 rint
2181 5348 2427 5403 sufliciat.
2472 5343 2610 5400 Dens
2655 5347 2871 5415 spiritus
2896 5342 2992 5398 'est
3032 5344 3259 5399 essentia
3303 5342 3586 5415 invisibilis
3611 5382 3627 5406 ,

2042 5421 2186 5476 omni
2214 5430 2470 5476 creatura:
2496 5414 3050 5487 incomprehensibilis
3076 5457 3089 5480 ,
3124 5424 3286 5468 totam
3305 5414 3470 5487 vitam
3497 5456 3511 5477 ,
3543 5422 3625 5487 to~

2042 5499 2149 5546 tam
2182 5492 2491 5559 sapientiam
2518 5530 2532 5553 ,
2569 5485 2730 5543 totam
2772 5488 3122 5559 teternitatem
3163 5485 3325 5559 simul
3365 5485 3598 5559 essentia

2042 5563 2164 5617 liter
2204 5556 2482 5631 possidens
2521 5579 2532 5613 :
2572 5560 2655 5613 vel
2697 5561 2811 5630 ipsa
2850 5557 2958 5612 vita
2984 5599 3002 5631 ,
3030 5558 3141 5630 ipsa
3174 5556 3431 5631 sapientia
3457 5597 3473 5622 ,
3506 5556 3623 5628 ipsa

2042 5630 2263 5695 veritas,
2294 5634 2407 5703 ipsa
2428 5631 2653 5703 justitia,
2680 5633 2791 5698 ipsa
2821 5630 3091 5703 aeternitas
3120 5630 3375 5693 existens,
3408 5641 3623 5683 omnem

2042 5701 2341 5762 creaturam
2370 5701 2536 5758 inetar
2558 5703 2741 5771 puncti
2766 5703 2823 5757 in
2847 5714 2907 5759 se
2933 5701 3235 5757 continens.

2107 5842 2125 5873 ί
2159 5847 2264 5890 Mss.
2288 5837 2402 5898 duo,
2427 5833 2679 5899 recolligit.

2109 5905 2130 5936 ³
2163 5910 2271 5954 Mss.
2302 5897 2416 5962 duo,
2442 5897 2637 5960 refutat.
