4076 6370
361 405 510 467 υ)ίὸ

370 529 505 588 inim
534 525 721 585 videns
746 532 803 585 et
826 537 1001 583 caecus
1028 524 1082 581 in
1111 521 1223 581 sole
1253 527 1474 585 stantes,
1498 518 1683 574 videns
1709 516 1951 574 claritate

367 601 491 655 )olis
512 598 747 657 videndo
772 599 962 671 fruitur
980 610 1201 671 ,_ca2cus
1225 592 1423 648 lumine
1450 591 1571 671 ejus
1595 589 1830 661 privatur
1853 606 1884 671 ;.
1900 597 1956 643 et

361 672 606 741 quamvis
624 670 904 741 praesentia
922 662 1049 743 solis
1066 667 1275 734 utrique
1296 677 1445 733 aeque
1463 662 1821 743 adsit,_tanien
1839 662 1953 743 ejus

358 731 700 810 praesentiam
725 756 830 795 non
852 739 1125 809 mqualiter
1143 731 1372 810 uterque
1385 734 1572 799 sentit;
1598 733 1673 810 sic
1695 732 1833 810 Deus
1857 731 1954 810 hos

357 801 567 869 iantum
597 811 891 868 inhabitare
914 801 1137 883 dicitur,
1159 808 1247 878 qui
1275 801 1391 875 ejus
1418 801 1861 883 prmsentia_fa_cie
1887 801 1954 857 ad

356 883 553 939 faciem
580 882 808 956 videndo
834 924 845 956 ρ
874 891 925 934 nt
943 880 1139 956 ‘A_ng_e|i
1159 874 1429 956 {nutiper
1452 874 1953 956 contemplationem

356 954 688 1023 speculando
708 996 723 1020 ,
757 951 955 1022 utjusti
982 944 1167 1023 in'ltac
1187 944 1637 1023 vim,:fruuntur;
1670 944 1719 998 in
1748 944 1952 1023 hisalt-

357 1014 470 1080 tem
497 1043 601 1087 non
622 1014 749 1083 esse
777 1014 990 1089 dicitur,
1006 1021 1097 1092 qui
1120 1020 1234 1090 ejus
1250 1019 1456 1074 visione
1485 1017 1777 1092 privamur.
1802 1014 1953 1092 Unde

356 1106 417 1150 et
459 1086 680 1167 regnum
710 1084 1275 1167 ctelorum'iutra'nos
1292 1103 1411 1144 esse
1455 1084 1771 1167 praedicatur
1800 1084 1949 1159 (Luc.

357 1182 469 1222 xvu
488 1160 629 1237 ,'2l)
651 1208 666 1234 ,
699 1166 822 1237 quia
850 1166 984 1237 visio
1012 1163 1104 1219 Dei
1133 1160 1514 1237 omnipotentis
1534 1201 1549 1227 ,
1574 1175 1697 1237 quae
1732 1173 1952 1237 regnum

356 1230 662 1301 cmloruni,
689 1230 741 1291 id
767 1247 884 1301 est,
909 1236 1176 1306 iustorum
1204 1230 1541 1306 nominatur,
1574 1231 1625 1285 in
1660 1230 1873 1306 Angelis
1901 1238 1953 1284 et

352 1308 516 1377 justis
535 1299 943 1378 contemplatur.
960 1304 1096 1378 Hinc
1109 1305 1269 1378 etiam
1286 1303 1393 1378 vita
1416 1310 1615 1378 aeterna
1634 1299 1948 1378 appellatur,

402 1381 486 1435 uia
516 1382 656 1436 beati
688 1371 969 1449 praesentia
1010 1374 1364 1432 indeficicntis
1392 1373 1515 1425 vita:
1552 1372 1707 1495 plene
1736 1371 1951 1441 perfun-

402 1460 561 1495 nmnr
581 1492 591 1495 -
643 1461 697 1495 et
725 1464 990 1495 nnnmmm
1037 1463 1133 1495 nec
1163 1446 1357 1495 morti.
1389 1458 1489 1495 nec
1519 1459 1549 1495 u
1576 1444 1637 1495 lis
1679 1441 1951 1495 doloribus

402 1396 486 1435 una
516 1395 656 1436 Deatl
688 1395 969 1449 praesentia
1010 1395 1364 1432 tuueucrcnus
1395 1395 1515 1425 vna:
1590 1395 1707 1426 teut:
1736 1395 1951 1441 pertuu-

355 1395 595 1517 ﬂuntur,
643 1461 697 1505 et
724 1464 990 1520 nunquam
1037 1463 1133 1502 nec
1163 1446 1357 1520 morti,
1389 1458 1489 1498 nec
1519 1395 1645 1520 ui’lis
1674 1441 1952 1520 _doloribus

356 1513 622 1577 ministris
642 1522 830 1594 mortis
850 1513 1127 1589 subiacere
1145 1517 1542 1594 permittuntur.
1567 1513 1654 1594 Ad
1674 1513 1775 1567 hoc
1795 1528 1949 1594 nant-

356 1609 467 1660 que
494 1591 655 1648 creati
683 1602 824 1655 sunt,
857 1600 915 1646 ut
942 1584 1263 1660 {eternaliter
1288 1584 1487 1653 vivant,
1516 1594 1569 1639 et
1594 1593 1847 1660 (eternam
1875 1584 1954 1660 vi-

356 1654 470 1716 tam
516 1654 839 1720 aeternaliter
867 1660 1146 1732 aspiciant.
1180 1658 1304 1732 llmc
1338 1671 1552 1732 quoque
1590 1654 1950 1732 cmlesti_s_ci-

357 1734 498 1788 vitas
545 1725 1079 1803 ntuicupatur,'quia
1128 1725 1451 1803 unanimitas
1500 1726 1712 1781 illorum
1756 1725 1950 1781 civium

357 1803 426 1859 ad
469 1797 752 1862 videndum
798 1797 994 1873 ltegeui
1032 1801 1215 1873 gloriae
1256 1797 1545 1873 indecore
1584 1812 1681 1852 suo
1722 1812 1949 1873 congre-

356 1883 533 1944 gatur.
595 1877 720 1931 llaec
766 1869 1107 1930 nihilominus
1145 1870 1442 1944 Jerusalem
1504 1869 1947 1944 cognominatur,

356 1939 484 2015 quia
525 1948 729 2001 visione
772 1960 984 2015 semper
1014 1943 1280 1998 manentis
1312 1940 1458 2015 pacis
1501 1942 1778 2015 satiantur.
1826 1939 1951 2015 iltnc

356 2010 638 2085 paradisus
674 2010 970 2083 vocitatur,
1013 2015 1137 2085 quia
1172 2011 1486 2085 omnimodo
1531 2014 1770 2065 oumium
1814 2010 1950 2065 deli-

356 2082 562 2143 ciarum
615 2082 1365 2162 abundantia'jucundantur.
1422 2082 1546 2137 Παῖς)
1596 2097 1826 2162 quoque
1857 2096 1950 2135 su-

355 2174 527 2229 perna
583 2160 748 2230 patria
802 2152 1153 2230 nominatur,
1211 2154 1335 2230 quia
1377 2167 1578 2230 _omnes
1630 2152 1951 2230 jus_ti__hanc

353 2223 655 2297 visionem,
701 2239 884 2300 utputa
915 2228 1007 2281 lilii
1052 2228 1182 2300 Dei,
1213 2223 1534 2300 barretditare.
1564 2238 1666 2278 non
1698 2223 1949 2300 dubitan-

356 2309 464 2355 tur.
515 2294 648 2355 Cum
697 2294 823 2369 ergo
871 2306 1085 2355 sanctos
1133 2299 1187 2353 in
1234 2295 1474 2369 oratione
1522 2294 1822 2369 invocatis,
1873 2295 1951 2349 sic

354 2381 571 2439 Oportet
613 2371 679 2427 de
708 2365 785 2426 eis
834 2371 1067 2441 cogitare
1094 2367 1480 2441 constitutisin
1519 2365 1689 2441 gloria
1735 2374 1951 2420 aeterna:

355 2436 648 2507 claritatis,
683 2436 1356 2510 scilicet'spleudidissima
1404 2437 1603 2510 lumina
1654 2436 1808 2510 tonge
1838 2451 1950 2510 pra:

355 2514 491 2567 solis
520 2506 723 2583 fulgore
770 2506 1033 2576 lucentia,
1066 2510 1155 2581 qui
1205 2508 1383 2583 omnia
1433 2507 1568 2583 bona
1621 2506 1849 2583 pleniter
1898 2508 1949 2562 in

356 2584 455 2639 Dei
500 2577 703 2640 visiime
731 2584 993 2651 habeant,
1024 2577 1098 2637 et'
1120 2578 1325 2637 cunctis
1350 2593 1409 2633 se
1451 2577 1823 2633 invocantibus
1850 2592 1949 2648 po-

355 2662 535 2709 tenter
562 2655 897 2710 subveniant.

436 2726 579 2781 DISC.
633 2725 723 2781 Sol
773 2736 1003 2780 aeternus
1048 2722 1117 2778 ad
1166 2735 1322 2793 quem
1371 2717 1662 2793 videndum
1712 2733 1811 2793 nos
1860 2726 1951 2775 tua

354 2794 534 2851 dulcis
578 2798 749 2851 oratio
792 2796 1068 2865 perduxit,
1101 2802 1157 2850 et
1183 2791 1566 2865 *cujus‘serena
1611 2791 1782 2865 lnx_in
1826 2805 1951 2845 cor-

356 2866 515 2923 dibus
560 2868 756 2923 nostris
786 2860 878 2937 per
910 2878 997 2921 tua
1026 2862 1436 2937 verbailluxit,
1472 2862 1585 2937 ipse
1613 2871 1663 2916 te
1688 2860 1755 2916 de
1797 2870 1951 2937 tene-

354 2937 472 3008 bris
500 2932 805 3008 exemptum
848 2938 901 2992 in
933 2937 1063 2992 lucis
1106 2935 1324 3008 regione
1362 2933 1683 3008 constituat;
1715 2941 1768 2985 et
1812 2932 1954 3008 inter

357 3006 509 3062 luces
536 3002 674 3077 quas
713 3009 1005 3077 praedicas,
1040 3016 1092 3060 te
1136 3002 1401 3060 lucentem
1432 3003 1449 3033 ¹
1482 3002 1598 3059 luce
1628 3017 1739 3057 suae
1783 3002 1949 3058 visio-

355 3079 443 3133 nis
477 3080 780 3147 perenniter
809 3079 911 3133 frui
943 3078 1158 3133 tribuat.
1258 3147 1269 3149 _
1582 3143 1599 3149 _
1672 3144 1675 3149 ,

431 3143 569 3231 tiae.
620 3150 846 3231 Siquid
891 3164 1113 3231 perhme
1156 3145 1431 3231 probabile
1477 3143 1780 3231 profertur,
1827 3145 1951 3231 nnlo

354 3227 420 3274 ut
464 3221 587 3274 inde
629 3216 794 3287 mihi,
842 3216 937 3275 sed
984 3218 1124 3283 Deo,
1160 3216 1327 3287 “cuius
1373 3216 1570 3271 donum
1617 3223 1731 3287 est,
1782 3216 1950 3285 gratia

355 3289 655 3357 referatur;
703 3284 792 3361 qui
823 3306 965 3361 saepe
1004 3306 1099 3361 per
1124 3284 1359 3358 abiectos
1401 3301 1587 3341 servos
1624 3284 1690 3341 ad
1720 3284 1951 3361 haeredi-

356 3369 521 3417 tatem
567 3377 679 3416 suae
708 3357 925 3416 visionis
957 3357 1093 3414 filios
1121 3357 1245 3413 sues
1289 3366 1578 3422 convocat,
1624 3365 1675 3411 et
1707 3373 1803 3426 per
1848 3357 1949 3412 ho-

274 3450 277 3453 ‘
355 3440 471 3488 stes
514 3432 583 3489 de
629 3433 824 3489 exsilio
853 3432 919 3486 ad
965 3432 1189 3499 patriam
1235 3431 1334 3485 iter
1363 3429 1549 3483 salutis
1578 3428 1763 3499 amicis
1809 3443 1949 3497 prte-

355 3511 541 3583 notat._
577 3503 644 3558 Et
670 3505 807 3583 bene
847 3498 1016 3558 nostis
1056 3500 1341 3583 aliquando
1372 3500 1683 3583 deformem
1712 3498 1950 3581 formoso

356 3574 639 3642 specnlum
660 3615 675 3640 ,
708 3576 815 3629 imo
864 3589 1064 3628 caecum
1112 3569 1639 3642 videntibusilumen
1672 3572 1905 3625 tenuisse
1929 3610 1946 3637 ,

356 3641 425 3699 ac
445 3645 699 3715 claudum,
716 3645 860 3700 sanis
879 3660 1064 3715 gressu
1085 3644 1225 3715 viam
1246 3641 1562 3715 ostendisse.

432 3715 657 3771 CAPUT
685 3714 754 3770 Χ.
800 3713 948 3779 Quod
992 3716 1043 3769 in
1084 3713 1190 3768 Deo
1230 3713 1510 3768 necessaria
1538 3721 1585 3765 et
1624 3727 1952 3781 personarum

358 3785 562 3841 trinitas
592 3796 638 3840 et
664 3788 891 3841 essentia:
920 3787 1104 3840 unitas.
1158 3784 1301 3839 Dtsc.
1332 3783 1440 3838 Nos
1481 3798 1693 3853 quoque
1732 3792 1951 3854 propter

359 3870 425 3927 ea
450 3873 569 3925 quae
591 3857 910 3924 audivimus,
940 3856 1157 3927 perenni
1187 3856 1296 3911 Deo
1322 3864 1498 3927 grates
1529 3855 1828 3927 referimus,
1854 3870 1950 3909 cu-

355 3926 447 3997 jus
470 3924 608 3983 visio
634 3944 729 3997 per
758 3938 811 3983 te
854 3924 1006 3981 nobis
1032 3927 1294 3990 innotuit,
1325 3924 1379 3979 et
1405 3924 1495 3993 qui
1540 3925 1700 3997 talem
1732 3924 1949 3985 thesau-

358 3995 483 4059 rum
520 3995 822 4057 carnalibus
863 3998 1234 4052 absconditum
1278 4010 1372 4065 per
1416 4004 1469 4051 te
1513 3995 1667 4051 nobis
1710 3997 1947 4064 protulit.

360 4069 471 4124 Sed
502 4067 580 4141 (α)
610 4072 731 4139 quia
778 4068 982 4139 pondus
1021 4067 1200 4141 carnis
1241 4066 1481 4141 animam
1514 4076 1795 4136 aggravat,
1828 4082 1952 4141 ecce

360 4135 570 4196 iterum
585 4135 814 4197 carnalis
842 4140 1091 4210 cogitatio
1119 4146 1351 4210 mentem
1379 4135 1562 4210 divina
1585 4138 1953 4210 contemplan-

361 4218 473 4268 tem
501 4211 697 4279 pulsat.
724 4212 855 4267 Cum
884 4207 1025 4266 enim
1051 4208 1293 4280 superius
1316 4207 1453 4280 ratio
1480 4223 1643 4280 unum
1672 4208 1837 4263 Deum
1862 4223 1955 4264 ve-

361 4278 578 4338 rissime
602 4297 721 4351 esse
757 4278 1235 4351 demonstraverit,
1265 4286 1323 4335 et
1349 4279 1520 4351 ipsum
1560 4278 1732 4351 solum
1763 4287 1953 4351 cuncta

361 4366 430 4409 ex
460 4351 629 4408 nihilo
654 4350 845 4411 fecisse
870 4350 1200 4423 probaverit;
1224 4349 1492 4423 quomodo
1518 4349 1667 4423 quasi
1694 4357 1804 4405 tres
1824 4350 1953 4423 dgos

362 4422 592 4493 adorare
619 4420 892 4490 docemur}
924 4424 1051 4479 dum
1078 4420 1293 4478 Patrem
1320 4421 1613 4493 perlectum
1641 4420 1831 4493 Deum,
1861 4420 1953 4476 Fi-

315 4531 335 4548 .
361 4492 494 4551 lium
540 4495 828 4563 perfectum
858 4495 1026 4551 Deum
1046 4535 1061 4562 ,
1092 4490 1348 4563 Spiritum
1391 4501 1631 4563 sanctum
1663 4490 1955 4560 perfectum

365 4560 801 4623 Deum-confiteri
822 4560 1289 4621 monemur?’Dum
1309 4565 1451 4618 enim
1473 4563 1551 4617 sic
1566 4560 1830 4617 distincta:
1848 4571 1955 4619 tres

439 4652 649 4693 rsonnre
670 4636 1082 4705 distinguuntur,
1100 4633 1224 4704 quid
1242 4633 1383 4688 aliud
1406 4648 1565 4704 quam
1588 4640 1696 4687 tres
1717 4633 1787 4689 dii
1808 4648 1837 4688 a
1859 4649 1956 4689 no-

402 4707 450 4761 is
481 4707 883 4777 intelliguntur?

436 4777 577 4860 Hac.
612 4774 726 4860 ipsa
754 4778 977 4860 veritate
1004 4792 1066 4859 _se
1094 4775 1572 4856 demonstranteet
1592 4774 1803 4830 ratione
1831 4788 1957 4860 pro-

365 4845 561 4913 bante,
594 4845 753 4905 citius
802 4848 1049 4904 videbitis
1090 4847 1447 4902 necessariam
1494 4846 1547 4900 in
1593 4861 1695 4900 una
1726 4848 1957 4902 essentia

368 4933 716 4987 personarum
759 4920 1082 4987 trinitatem,
1115 4927 1168 4973 et
1212 4919 1335 4975 item
1367 4932 1459 4987 per
1498 4918 1679 4987 omnia
1710 4933 1958 4973 necessa-

367 4986 502 5044 riam
540 4990 600 5061 in
635 4991 801 5045 tribus
842 4986 1085 5061 personis
1116 4986 1400 5061 individuum
1429 4986 1740 5061 substantia:
1784 4990 1957 5044 unita-

369 5069 499 5119 tem.
525 5060 657 5117 Ctnn
683 5061 791 5131 jam
817 5057 1064 5131 superius
1088 5060 1154 5115 de
1179 5059 1288 5115 Deo
1309 5060 1561 5131 loquerer
1584 5057 1914 5131 mtiigtnatice
1938 5102 1954 5126 ,

368 5132 492 5199 quia
507 5148 642 5255 ?uon
670 5129 910 5203 poteram
956 5131 1168 5202 proprie
1187 5171 1201 5197 ,
1230 5129 1357 5201 quid
1387 5129 1508 5186 ’dixi
1536 5129 1822 5186 essentiam
1862 5132 1958 5187 Dei

368 5215 487 5255 esse

366 5215 487 5259 0398

443 5274 589 5329 Disc.
621 5273 838 5329 Lucem.

443 5344 581 5415 litae.
611 5345 685 5399 De
717 5345 835 5399 luce
861 5341 986 5414 quid
1012 5341 1242 5415 gignitur
1267 5341 1291 5396 ‘l

448 5414 588 5486 Disc.
619 5415 902 5486 Splendor.

444 5485 582 5595 tua.
628 5481 770 5555 Quid
804 5481 866 5542 in
905 5484 1027 5542 luce
1069 5492 1124 5541 et
1150 5481 1434 5557 splendore
1468 5481 1626 5541 simul
1654 5484 1959 5542 considera-

374 5564 459 5609 tur
486 5564 501 5609 't

451 5626 592 5683 DISC.
625 5626 799 5683 Calor.

444 5848 461 5879 ³
495 5852 577 5894 Ms.
601 5857 744 5905 unus,
770 5844 927 5895 lucem
946 5847 1121 5895 cutem.

443 5906 518 5973 (a)
553 5909 622 5968 Ab
642 5907 718 5960 his
738 5908 906 5972 incipit
925 5907 1087 5960 versio
1106 5916 1282 5972 greca.

1362 400 1571 458 LIBER
1608 397 1697 455 DE
1735 394 2153 456 COGNlTiONE
2196 398 2408 457 VERE
2448 400 2654 459 VITA'J.

3510 408 3648 473 1014

2132 514 2269 591 MAG.
2298 515 2623 591 (a)iNtnn_uin
2652 514 2948 591 substantia
2976 518 3110 577 lucis
3128 558 3145 586 ,
3180 517 3480 591 splendoris
3502 561 3519 589 ,
3549 534 3648 578 ολ-

2060 586 2192 642 loris
2223 586 2486 644 invenitur
2514 588 2841 644 diversitas?

2135 660 2277 713 Dtsc.
2309 660 2446 725 Non,
2472 659 2564 715 sed
2596 659 2864 715 identatis.

2064 729 2311 855 mellitas
2326 731 2459 841 [ξυτη
2528 732 2580 785 in
2628 731 2898 788 vocabulis
2951 731 3039 788 vel
3084 730 3274 793 Oﬁciis
3326 734 3648 804 praedicatur

2061 810 2311 856 identitas
2330 810 2353 855 Υ
2890 846 2897 853 .

2136 872 2276 927 Disc.
2308 873 2553 934 Minime,
2596 871 2690 928 sed
2725 872 3047 939 diversitas;
3096 889 3221 930 nam
3259 875 3389 931 lucis
3414 878 3648 934 vocabu-

2062 942 2170 997 lum
2204 944 2369 1013 ipsam
2406 944 2791 1011 substantiam,
2822 945 3122 1014 splendoris
3160 946 3479 1013 vocabulum
3511 947 3648 1009 lucis

2061 1015 2323 1139 gratiam,
2362 1015 2558 1070 caloris
2580 1031 2709 1071 vero
2749 1017 3066 1073 vocabulum
3105 1017 3314 1074 videtur
3344 1019 3648 1088 exprimere

2086 1085 2198 1139 ocis
2225 1086 2535 1139 efﬁcaciam.

2086 1085 2198 1139 ocis
2225 1086 2535 1143 efﬁcaciam.

2132 1156 2271 1239 Mite.
2305 1158 2466 1241 igitur
2492 1165 2637 1229 patet
2662 1159 3048 1241 tria.vocabula
3086 1159 3295 1217 diversa
3325 1176 3485 1217 unam
3512 1175 3648 1219 con-

2061 1236 2204 1283 stare
2241 1229 2564 1284 individuam
2591 1230 2897 1286 essentiam.

2134 1300 2276 1354 Dtsc.
2309 1301 2409 1356 Per
2432 1302 2609 1354 omnia
2638 1310 2802 1370 patet.

2131 1370 2269 1446 _Mae.
2311 1371 2875 1446 _Summum_spiritnm
2914 1372 3124 1446 Patrem
3168 1374 3339 1431 lucem
3392 1374 3651 1446 appellari

2061 1441 2268 1496 habetis
2308 1443 2361 1497 in
2406 1443 2661 1513 Apostolo
2690 1461 2704 1496 :
2734 1442 2872 1498 Deus
2902 1444 2993 1499 hu:
3030 1455 3102 1499 est
3129 1484 3145 1510 ,
3186 1447 3314 1503 etin
3352 1441 3652 1502 eo'ténebra

2061 1529 2161 1567 non
2186 1524 2302 1587 sunt
2330 1515 2449 1569 ulla:
2477 1514 2532 1587 (tl
2557 1514 2713 1587 Joan.
2743 1531 2790 1582 1,
2814 1513 2903 1583 5).
2937 1516 3213 1571 Summum
3248 1532 3459 1587 quoque
3485 1519 3648 1587 spiri-

2062 1583 2397 1657 tumﬂFilium
2441 1583 2779 1655 splendorem
2822 1587 3119 1657 nuncupari
3154 1583 3411 1657 ApOStolb
3435 1583 3647 1645 habetis

2061 1654 2115 1731 i_n
2143 1656 2246 1709 alio
2280 1674 2291 1709 :
2326 1654 2523 1731 Quiest
2550 1657 2790 1731 splendor
2818 1654 3110 1731 substantiae
3132 1654 3242 1729 ejus
3270 1656 3453 1729 (Hebr.
3478 1676 3496 1731 t
3519 1702 3533 1727 ,
3564 1658 3646 1731 3).

2060 1724 2337 1781 Summum
2385 1728 2552 1782 nihilo
2577 1724 2781 1782 minus
2822 1728 3080 1798 Spiritum
3123 1724 3368 1785 sanctum
3411 1724 3647 1786 calorem

2060 1797 2322 1873 nominari
2354 1798 2599 1873 habetis__
2626 1799 2766 1873 apud
2809 1797 3085 1873 Moysen:
3144 1798 3284 1873 Deus
3318 1811 3485 1873 noster
3516 1801 3650 1873 ignis

2060 1878 2133 1950 est
2173 1867 2363 1940 (Deut.
2407 1886 2478 1936 ιν,
2507 1868 2629 1950 24).
2656 1870 2795 1950 _Cutn
2832 1867 3011 1950 itaque
3040 1871 3163 1950 ηιξ,
3197 1871 3470 1950 splendor,
3501 1867 3650 1928 calor

2061 1941 2130 1993 sit
2157 1955 2258 1994 una
2286 1951 2471 1995 natura
2501 1950 2555 1995 et
2582 1941 2851 1996 individua
2872 1943 3191 2001 substantia.
3226 1942 3487 1998 vocabulo
3515 1958 3650 1998 vero

2059 2009 2269 2065 diversa
2304 2028 2316 2075 ;
2348 2020 2557 2066 constat
2600 2011 2840 2082 profecto
2882 2013 3055 2068 Patris
3095 2021 3149 2068 et
3178 2012 3299 2067 Filii
3329 2022 3383 2068 et
3418 2012 3652 2082 Spiritus

2059 2082 2229 2153 sancti
2271 2097 2428 2137 unam
2455 2093 2696 2138 naturam
2727 2084 3156 2153 individuamque
3178 2084 3488 2150 essentiam,
3519 2084 3651 2140 dum

2060 2152 2114 2206 in
2145 2168 2208 2225 eo
2235 2154 2374 2223 quod
2401 2154 2663 2225 significat
2693 2154 2822 2225 quid
2858 2156 2964 2223 sit,
2990 2152 3407 2211 substantialiter
3431 2156 3651 2225 spiritus

2059 2224 2405 2288 nominatur;
2437 2224 2490 2279 et
2526 2226 2652 2279 item
2682 2224 2733 2280 in
2778 2227 3022 2296 personis
3060 2226 3419 2283 diversitatem
3459 2224 3649 2283 ueces-

2062 2295 2255 2349 sariam
2288 2338 2303 2361 ,
2335 2297 2460 2351 dum
2502 2296 2658 2350 Pater
2683 2295 2907 2367 gignens
2935 2338 2950 2365 ,
2991 2296 3157 2352 Filius
3180 2312 3439 2368 nascens,
3476 2296 3652 2368 Spiri-

2062 2374 2144 2420 tus
2167 2375 2380 2438 sanctus
2408 2370 2475 2421 ab
2496 2376 2720 2436 utroque
2748 2368 3040 2438 procedens
3068 2367 3409 2438 praedicatur.

2133 2438 2275 2492 DISC.
2312 2437 2475 2492 Plane
2498 2437 2787 2509 trinitatem
2814 2440 2867 2509 in
2892 2437 3137 2509 personis
3176 2439 3457 2508 perspicue
3494 2439 3651 2499 vide-

2059 2522 2199 2574 mus,
2228 2517 2283 2563 et
2309 2508 2664 2564 necessariam
2691 2509 2743 2563 in
2769 2508 3064 2564 substantia
3085 2510 3345 2565 unitatem
3371 2508 3651 2567 evidenter

2060 2586 2322 2633 tenemus.

2129 2650 2358 2706 CAPUT
2394 2649 2487 2705 XI.
2528 2649 2633 2723 Cu!
2658 2651 2949 2706 substantia:
2984 2660 3033 2707 et
3057 2666 3285 2723 persona:
3312 2651 3519 2706 nomina
3539 2650 3652 2709 Deo

2059 2731 2234 2793 aptata
2287 2725 2534 2793 ferantur.
2592 2720 2750 2793 Pater
2818 2738 2909 2776 cur
2960 2720 3261 2793 sic—dictus,
3307 2738 3435 2793 non,
3465 2732 3651 2777 mater.

2104 2808 2165 2864 ttr
2204 2792 2432 2864 gignens.
2472 2792 2609 2864 Mat}.
2654 2792 2780 2848 Ideo
2816 2793 3221 2863 vigilantissime
3250 2792 3364 2848 haec
3407 2792 3513 2848 duo
3541 2809 3650 2848 no-

2060 2863 2226 2928 mina,
2259 2864 2460 2918 scilicet
2486 2863 2780 2919 substantia
2811 2872 2867 2919 et
2891 2879 3141 2933 persona,
3172 2864 3366 2920 divina:
3395 2865 3649 2921 essentia)

2060 2942 2409 3002 coaptantur,
2441 2934 2563 3004 quia
2594 2949 2808 3005 semper
2847 2935 3143 2990 substantia
3169 2935 3236 2990 de
3274 2935 3558 2991 ihdividuis
3596 2936 3653 2991 in

2060 3005 2362 3075 pluralitate
2386 3007 2831 3069 consistentibus,
2872 3020 3100 3075 persona
3126 3013 3305 3061 autem
3346 3005 3413 3060 de
3456 3006 3650 3061 indivi-

2061 3074 2165 3130 dua
2197 3076 2437 3131 rationali
2490 3084 2676 3129 natura
2714 3074 3075 3147 praedicatur;
3103 3092 3223 3131 cum
3257 3091 3352 3131 nos
3381 3076 3653 3147 soleamus

2059 3147 2305 3215 personis
2351 3146 2745 3215 pluralitatem,
2790 3146 3099 3203 substantia:
3146 3153 3324 3201 autem
3366 3146 3652 3217 designare

2060 3219 2310 3272 essentia:
2339 3218 2611 3271 unitatem.

2134 3288 2277 3343 DISC.
2320 3288 2431 3355 Qua
2463 3287 2806 3343 similitudine
2836 3296 3059 3344 vocatur
3081 3296 3281 3343 aeterna
3313 3288 3403 3343 lux
3431 3288 3589 3345 Pater
3624 3288 3649 3341 ’ἲ

2133 3359 2272 3431 tilio.
2313 3359 2445 3431 Quia
2472 3375 2538 3415 ex
2568 3374 2626 3431 se
2656 3360 2859 3429 prolem
2884 3361 2900 3392 ⁸
2929 3361 3188 3431 mqualcm
3220 3360 3319 3415 sibi
3344 3360 3547 3430 genuit.

2098 3429 2279 3555 .thsc.
2320 3430 2506 3555 Nronne
2547 3430 2649 3485 sibi
2687 3432 2856 3502 magis
2891 3429 3076 3487 matris
3113 3446 3311 3487 nomen
3359 3429 3652 3491 Conveniro

2098 3517 2114 3555 ι
2152 3512 2333 3555 eretur

2058 3512 2333 3556 Videretnr

2132 3571 2271 3647 Mne.
2330 3572 2409 3647 (lg)
2448 3572 2502 3626 In
2554 3581 2961 3647 patretsemper
3006 3574 3451 3647 est_principalis
3488 3587 3653 3641 causa

2060 3643 2246 3716 prolis,
2280 3643 2480 3716 et'ideo
2505 3658 2533 3697 a
2564 3644 2839 3716 principali
2866 3643 3012 3700 'sexu
3040 3644 3222 3700 debuit
3259 3644 3378 3715 jure
3407 3644 3510 3702 hoc
3550 3659 3654 3701 no—

2060 3715 2205 3768 mine
2229 3714 2503 3785 appellari.

2135 3785 2278 3858 Dtsc.
2311 3788 2423 3858 Qua
2452 3785 2797 3842 similitudine
2820 3787 3016 3842 dicitur
3042 3787 3309 3858 gignens?

2134 3856 2274 3911 MAG.
2303 3857 2519 3912 Certum
2549 3867 2631 3912 est
2672 3858 2815 3928 quod
2842 3874 2996 3914 mens
3032 3856 3197 3930 gignit
3221 3858 3645 3930 cogitationem;

2062 3935 2390 4001 comantem
2416 3943 2567 3983 mens
2604 3942 2663 4001 se
2697 3931 2866 3998 ipsam
2914 3930 3140 3997 cogitat,
3170 3930 3323 4001 quasi
3350 3931 3508 3983 aliam
3546 3929 3650 3985 sibi

2061 3997 2291 4054 similem
2330 4007 2568 4068 generat.
2598 3999 2687 4055 Sic
2713 3997 2954 4056 Summus
2982 4002 3120 4056 Deus
3139 3997 3261 4063 cum
3286 4017 3346 4056 se
3373 4001 3546 4070 ipsum
3570 4008 3651 4055 ta-

2062 4070 2167 4125 lem
2196 4071 2367 4141 qualis
2393 4079 2473 4125 est
2498 4112 2512 4137 ,
2542 4071 2792 4140 cogitavit
2818 4113 2831 4137 ,
2861 4073 3040 4141 procul
3080 4071 3242 4127 dubio
3286 4071 3512 4126 similem
3538 4071 3651 4141 sibi

2101 4156 2159 4195 er
2186 4140 2362 4195 omnia
2392 4142 2672 4212 imaginem
2703 4140 2995 4213 generavit.
3025 4143 3090 4197 Et
3114 4144 3250 4198 sicut
3277 4144 3502 4213 gignens
3526 4140 3651 4211 jure

2107 4220 2226 4267 ater
2258 4220 2513 4279 vocatur,
2562 4214 2633 4268 ita
2672 4215 2969 4270 rectissime
3011 4215 3221 4285 genitus
3268 4213 3435 4269 Filius
3476 4213 3650 4269 uomi-

2063 4291 2239 4338 natur.

2135 4353 2361 4429 CAPUT
2410 4355 2733 4429 Xll_.u__Quod
2779 4372 3036 4429 nunquam
3077 4353 3380 4429 sinehFilio
3407 4355 3646 4429 Δ«λτέςιᾷιὸι.

2065 4424 2212 4481 Drsc.
2240 4426 2293 4481 Si
2324 4426 2459 4480 Deus
2490 4427 2681 4481 Filium
2706 4424 2907 4496 genuit,
2939 4426 3151 4483 videtur
3176 4425 3458 4496 aliquando
3484 4425 3648 4496 fuisse

2105 4497 2204 4551 nod
2244 4496 2433 4550 Filium
2466 4513 2568 4550 non
2613 4495 2855 4551 habuerit
2884 4537 2899 4562 ,
2932 4504 2988 4551 et
3024 4498 3127 4552 hoc
3166 4495 3361 4551 nomen
3391 4511 3457 4551 ex
3501 4495 3647 4551 acci-

2104 4568 2211 4637 enti
2234 4566 2551 4637 possederit.
2581 4567 2732 4633 Quod
2750 4568 2794 4621 si
2825 4566 2925 4621 hoc
2948 4568 3016 4622 ita
3047 4575 3130 4623 est
3154 4609 3168 4634 ,
3197 4569 3440 4637 superior
3463 4565 3644 4637 prola-

2067 4581 2211 4623 uenn
2234 4581 2551 4689 possederit.
2581 4581 2732 4633 uuou
2750 4583 2794 4621 St
2826 4581 2925 4621 Ioc
2948 4581 3016 4622 ita
3047 4581 3130 4623 est
3154 4609 3168 4634 ,
3197 4583 3440 4637 superior
3463 4581 3644 4635 prom-

2067 4638 2140 4692 tio
2184 4636 2230 4690 la
2272 4635 2530 4691 efactatnr
2552 4677 2566 4703 ,
2594 4654 2694 4708 qna
2728 4638 2835 4692 Deo
2874 4638 3004 4694 nihil
3033 4638 3396 4701 accidentale,
3438 4636 3535 4692 sed
3565 4645 3647 4691 to-

2064 4715 2174 4762 tum
2206 4707 2486 4778 essentiale
2509 4707 2911 4778 praedicabatur.

2136 4778 2271 4834 MAG.
2302 4777 2416 4833 Jam
2446 4777 2624 4835 docuit
2665 4780 2802 4836 ratio
2827 4823 2840 4847 ,
2880 4781 2973 4837 Dei
3017 4779 3302 4836 essentiam
3332 4791 3452 4832 esse
3488 4785 3645 4833 teter-

2066 4864 2189 4905 nam
2217 4848 2375 4904 vitam
2397 4893 2411 4918 ,
2446 4850 2579 4906 initii
2620 4862 2672 4906 et
2700 4851 2819 4906 finis
2859 4852 3111 4907 nesciam.
3140 4849 3290 4917 Quod
3316 4848 3361 4903 si
3386 4848 3500 4903 haec
3534 4849 3646 4904 sin-

2064 4921 2265 4993 gularis
2297 4938 2418 4977 vera
2451 4924 2556 4977 vita
2586 4924 2785 4994 absque
2814 4923 2965 4976 initio
3014 4936 3229 4994 semper
3269 4918 3404 4994 fuit,
3436 4926 3649 4994 onustat

2106 4993 2209 5065 uod
2246 5002 2297 5065 et
2341 4994 2539 5065 absque
2583 4990 2732 5049 initio
2777 5006 3096 5065 semperse
3134 4992 3313 5065 vivere
3363 4990 3645 5065 intelleait.

2106 5009 2206 5049 nou
2246 5009 2297 5048 et
2341 5009 2539 5065 absque
2583 5009 2732 5049 mtuo
2777 5009 2989 5062 semper
3038 5009 3096 5045 se
3134 5009 3313 5045 Vivere
3363 5009 3645 5046 mreuexts.

2064 5009 2218 5132 δυοά
2256 5064 2298 5119 si
2326 5079 2385 5119 se
2410 5067 2586 5119 vivere
2630 5079 2735 5119 non
2778 5063 3041 5118 intellexit
3067 5104 3081 5128 ,
3125 5063 3337 5132 sapiens
3366 5077 3472 5117 non
3500 5060 3644 5117 fuit:
3704 5062 3715 5071 ’

2066 5136 2206 5206 quod
2238 5134 2387 5206 nefas
2415 5146 2498 5190 est
2524 5136 2592 5190 de
2623 5136 2734 5189 Deo
2762 5133 2959 5206 dicere.
2992 5133 3145 5206 Quod
3175 5134 3219 5187 si
3249 5132 3534 5206 aliquando
3558 5146 3648 5206 sa:

2067 5201 2317 5278 pientiam
2346 5205 2557 5278 aliunde
2585 5205 2789 5275 accepit
2813 5248 2827 5272 ,
2858 5204 2978 5273 quia
3007 5205 3153 5278 prius
3192 5201 3399 5278 caruit,
3436 5214 3568 5278 tunc
3592 5201 3647 5257 id

2066 5274 2097 5332 a
2136 5293 2243 5348 quo
2264 5285 2485 5348 tantum
2517 5274 2725 5331 bonum
2755 5278 2989 5348 accepit,
3022 5275 3131 5330 Deo
3175 5274 3365 5348 melius
3394 5275 3597 5348 exstitit
3624 5290 3642 5339 ;

2064 5346 2208 5419 quod
2228 5347 2666 5419 absurdissimum
2690 5355 2791 5402 est.
2821 5347 2930 5419 _Sed
2950 5347 2995 5419 si
3020 5347 3340 5419 sempiterna
3363 5346 3469 5400 vita
3487 5359 3649 5419 _sern-

2066 5416 2162 5491 per
2200 5418 2468 5491 servivere
2497 5418 2798 5491 intellexit,
2830 5416 2944 5491 hme
2985 5416 3345 5491 intelligentim
3388 5416 3650 5491 sapientia

2066 5486 2175 5546 non
2220 5489 2433 5543 aliunde
2471 5489 2521 5544 ei
2569 5487 2800 5561 accidit,
2841 5489 2935 5545 sed
2966 5486 3177 5561 sempef
3205 5489 3253 5544 ei
3280 5486 3652 5561 coessentialis

2063 5561 2201 5629 fuit,
2249 5576 2551 5631 quanquam
2593 5560 2730 5619 hanc
2757 5575 2824 5617 ex
2852 5575 2948 5628 se,
2979 5569 3038 5615 ut
3064 5556 3266 5633 prolem
3297 5573 3471 5628 suam,
3508 5556 3650 5613 inef-

2130 5780 2153 5852 ξ
2352 5776 2545 5852 ιεβιιιμξν
2568 5776 2890 5852 splenem.

2154 5855 2184 5890 α
2242 5840 2345 5890 vid.
2368 5840 2705 5913 Elucidarium,
2732 5840 2817 5892 lib.
2846 5843 2891 5902 1,
2915 5854 2971 5891 ca
3009 5877 3021 5890 .
3050 5842 3096 5892 i.

2131 5840 2208 5966 ibi
2241 5908 2309 5953 Ex
2332 5901 2542 5954 Anselmi
2560 5902 2795 5969 MO'tolog.
2819 5915 2927 5969 cap.
2950 5855 3031 5955 ὅ.
