4076 6370
480 373 623 435 1015

475 490 712 547 Iabiliter
749 486 1011 561 genuerit.
1046 484 1212 559 Igitur
1245 482 1407 543 Pater
1446 494 1721 556 nunquam
1760 478 1877 540 sine
1924 477 2065 537 Filio

476 563 700 617 exstitit.

551 632 779 688 CAPUT
805 630 944 686 Xlll.
978 630 1082 686 Cur
1104 629 1185 684 hic
1211 628 1396 691 Filius,
1443 644 1543 683 non
1567 626 1698 694 ﬁlia.
1755 626 1900 682 Dlsc.
1950 623 2065 694 Qua

476 703 828 759 similitudine
854 701 1107 773 splendor
1143 709 1357 756 aeterna:
1384 699 1518 755 lucis
1544 699 1708 754 Filius
1738 706 1981 765 vocatur,
2007 703 2065 751 et

477 789 584 829 non
614 775 717 829 tilia
745 775 770 829 ?

551 846 687 902 ΜΑο.
732 846 864 914 Quia
893 859 989 915 per
1030 844 1207 898 omnia
1245 839 1539 915 similitudo
1578 840 1753 915 Patris
1782 839 1836 915 in
1879 854 2064 915 eaex;

471 911 929 994 pritniturfund'e
974 923 1029 971 et
1075 913 1365 994 similitudo
1418 912 1534 984 eius
1571 911 2063 994 dicitur..(o)_.Nil_iil

475 983 620 1042 enim
669 988 721 1041 in
768 989 930 1043 rebus
957 987 1150 1042 creatis
1190 984 1257 1039 ad
1290 983 1551 1054 integrum
1599 984 1715 1053 ejus
1758 983 2063 1038 similitudi-

475 1073 601 1114 nem
633 1068 812 1115 servat
853 1074 883 1112 a
914 1073 1017 1127 quo
1048 1058 1302 1112 nascitur.
1335 1054 1520 1124 Capilli
1549 1070 1777 1127 namque
1798 1069 1848 1127 7a
1891 1054 2063 1122 capite

475 1128 589 1184 nati
633 1139 758 1207 sunt
795 1125 953 1207 capiti
981 1129 1266 1207 dissimiles
1295 1168 1311 1194 ,
1342 1126 1606 1207 pomaab
1632 1125 1912 1207 arbprihus
1928 1134 2061 1207 pata

473 1210 602 1278 sunt
649 1201 750 1278 illis
797 1194 1279 1278 dissimilia,mlan_a
1324 1194 1596 1278 dissimilis
1644 1197 1877 1261 ovibus;
1925 1194 2063 1278 fctus

473 1272 813 1337 animalium,
844 1271 927 1325 vel
952 1270 1069 1341 .ipsi
1118 1269 1210 1323 lilii
1242 1269 1514 1341 hominum
1535 1309 1551 1333 ,
1583 1282 1689 1322 non
1739 1282 1834 1336 per
1882 1269 2061 1341 omnia

474 1342 682 1419 similes
710 1338 1304 1419 qualitatigenitorum:
1327 1339 1429 1419 llic
1453 1347 1633 1419 autem
1657 1353 1753 1407 per
1777 1338 2061 1419 omni-angi-

472 1414 654 1480 gnenti
695 1409 778 1467 est
808 1409 1109 1467 simillimus
1139 1426 1155 1476 ;
1197 1418 1253 1467 et
1288 1410 1412 1466 ideo
1441 1410 1716 1465 verissime
1767 1424 1873 1464 non
1913 1409 2019 1463 tilia
2041 1450 2057 1475 ,

472 1483 568 1535 sed
599 1484 756 1537 ﬁlius.

547 1554 773 1610 CAPUT
820 1554 959 1609 XIV.
999 1554 1168 1621 Quare
1215 1552 1455 1609 Verbum.
1487 1551 1637 1606 Verbi
1661 1560 1883 1622 etymon.
1912 1551 2055 1606 Dtsc.

471 1623 595 1705 Qua
614 1636 789 1705 autem
818 1626 1121 1705 lElDillidille
1148 1624 1315 1705 Filius
1342 1624 1574 1705 Verbum
1605 1633 1824 1705 vocatur
1858 1622 1922 1705 .

547 1695 685 1751 MAG.
718 1698 795 1765 (b)
827 1697 868 1749 Τ
873 1697 1127 1765 ripliciter
1150 1697 1370 1751 verbum
1398 1694 1730 1765 intelligitur.
1759 1693 1922 1749 Verbi
1945 1708 2061 1763 gra-

473 1765 567 1829 tia,
591 1781 712 1821 cum
736 1767 835 1821 hoc
861 1768 1111 1833 verbum,
1137 1768 1331 1833 Homo,
1359 1782 1453 1821 ore
1480 1765 1748 1835 prolertur
1780 1782 1794 1830 ;
1822 1774 1912 1818 aut
1936 1780 2057 1818 cum

472 1836 613 1915 idem
658 1842 907 1905 verbum,
954 1839 1125 1893 Homo
1151 1882 1164 1903 ,
1194 1838 1394 1915 absque
1424 1846 1569 1891 motu
1597 1837 1791 1915 linguai
1820 1836 1870 1889 in
1897 1836 2059 1915 corde

468 1907 732 1988 formatur
761 1920 913 1988 ;__aut
959 1925 1081 1965 cum
1112 1925 1199 1988 res
1245 1906 1379 1988 ipsa,
1426 1906 2058 1988 quamnsigniﬁcat‘illud

467 1980 690 2059 verbum
723 2022 741 2059 ,_
786 1981 988 2059 llonio,
1026 1982 1332 2059 qualis_sit_
1366 1981 1417 2033 in
1468 1979 1735 2034 intellectu
1775 1979 2053 2059 cogitatur.

467 2048 585 2105 Hoc
620 2052 779 2106 tertio
826 2052 985 2105 modo
1025 2048 1164 2107 Deus
1212 2050 1443 2105 Verbum
1482 2065 1636 2105 suum
1676 2050 1902 2121 genuit,
1934 2064 2056 2121 cum

469 2134 531 2175 se
576 2121 749 2193 ipsum
781 2122 1063 2193 cogitando
1087 2122 1237 2177 dixit.
1271 2123 1338 2176 Et
1377 2122 1692 2193 quiatotatn
1722 2120 1902 2193 mundi
1946 2120 2057 2193 for:

466 2205 615 2271 mani
647 2191 833 2271 eadem
854 2190 1181 2271 cogitatione
1209 2194 1341 2271 dixit
1366 2190 1420 2260 ι’,
1477 2192 1597 2271 ideo
1633 2191 1825 2271 dicitur
1852 2232 1866 2255 ,
1916 2190 2057 2271 quod

468 2262 651 2317 omnia
701 2264 752 2317 in
786 2262 961 2318 Verbo
994 2280 1092 2318 suo
1140 2265 1322 2320 fecerit
1365 2281 1379 2316 :
1427 2263 1567 2317 unde
1603 2271 1657 2318 et
1693 2263 1760 2317 de
1787 2262 2056 2317 creatione

466 2332 667 2414 [umidi
692 2333 884 2414 legitur
901 2376 916 2401 ,
941 2334 1330 2414 Ipse-disignet
1360 2338 1638 2414 [θεία-111111
1666 2333 1685 2403 (
1708 2333 1848 2414 Psal:
1872 2348 2021 2386 χχχιι
2037 2373 2052 2397 ,

468 2400 560 2471 9).
584 2402 723 2457 Nihil
746 2400 886 2458 enim
918 2400 1000 2460 est
1024 2407 1163 2459 aliud
1191 2400 1368 2460 Filius
1382 2404 1467 2459 vel
1495 2400 1726 2459 Verbum
1750 2404 1863 2469 Dei,
1895 2418 2053 2473 quam

469 2473 722 2541 cogitatio
751 2475 833 2527 vel
870 2489 966 2528 ars'
982 2477 1063 2529 vel
1091 2477 1352 2544 sapientia
1380 2476 1516 2544 ejus.
1563 2474 1766 2543 Nempe
1808 2489 1927 2528 eum
1957 2488 2054 2528 nos

465 2544 698 2612 aliquam
728 2560 841 2599 rem
868 2547 1158 2614 cogitamus
1182 2587 1197 2610 ,
1226 2546 1390 2614 ipsius
1415 2546 1493 2599 rei
1522 2545 1802 2614 imaginem
1831 2546 1881 2597 in
1909 2545 2054 2614 cogi-

464 2614 667 2669 tatione
690 2624 870 2669 nostra
902 2615 1191 2671 formamus
1217 2634 1230 2670 :
1263 2617 1339 2670 sic
1362 2617 1500 2670 Dens
1526 2630 1643 2669 cum
1676 2630 1732 2670 sc
1760 2617 1930 2684 ipsum
1959 2631 2053 2669 co-

465 2686 654 2753 gitavit
680 2728 694 2752 ,
737 2686 963 2741 similem
1004 2689 1083 2740 sui
1112 2702 1205 2755 per
1231 2688 1408 2741 omnia
1446 2687 1728 2755 imaginem
1761 2686 2004 2739 formavit
2034 2702 2049 2752 ;

464 2763 521 2808 et
547 2755 671 2828 ideo
698 2756 805 2828 hoc
826 2756 1059 2811 Verbum
1085 2758 1259 2828 imago
1287 2758 1366 2811 vel
1394 2757 1684 2811 similitudo
1714 2757 1807 2810 Dei
1836 2757 2049 2828 dicitur,

463 2826 561 2897 sed
595 2828 723 2880 nihil
761 2827 903 2881 aliud
934 2828 1033 2881 nisi
1060 2826 1244 2883 eadem
1275 2828 1505 2883 essentia
1534 2829 1867 2897 exprimitur.
1900 2827 2054 2883 Unde

464 2903 522 2950 et
547 2896 653 2969 hoc
672 2897 907 2969 verbum
926 2899 1118 2969 dicitur
1143 2900 1291 2969 quasi
1322 2915 1447 2954 vere
1470 2896 1690 2953 bonum.

535 2964 763 3022 CAPUT
814 2967 930 3022 XV.
984 2968 1085 3036 Qui
1132 2964 1213 3024 res
1250 2971 1411 3023 omnis
1440 2980 1608 3023 creata
1652 2971 1705 3023 in
1740 2967 1900 3023 Verbo
1926 2970 2048 3023 vita.

462 3036 611 3110 Dtsc.
643 3037 921 3110 Quomodo
962 3040 1187 3110 dicitur,
1236 3039 1408 3095 Omne
1434 3040 1576 3110 quod
1625 3039 1818 3094 factum
1857 3041 1961 3105 sit,
1999 3042 2050 3094 in

458 3106 580 3181 ipso
622 3108 967 3181 vitatuerit'
997 3109 1021 3162 ‘I
1063 3106 1200 3165 Num
1246 3106 1569 3181 lapides'qui
1600 3110 1779 3167 stolidi
1813 3120 1969 3177 sunt,
1997 3111 2051 3168 in

460 3179 627 3233 verbo
661 3180 750 3234 Dei
780 3181 961 3235 vivunt
982 3181 1005 3234 ?

533 3249 674 3306 Mtte.
725 3249 913 3307 Omnis
955 3259 1198 3307 creatura
1241 3252 1440 3307 trifarie
1470 3252 1761 3308 subsistere
1805 3252 1997 3307 dicitur
2033 3272 2048 3309 :

459 3316 618 3446 (ityn
650 3320 759 3378 Deo
781 3362 796 3390 ,
826 3322 878 3378 in
908 3337 968 3380 se
994 3324 1105 3395 ipsa
1135 3365 1151 3392 ,
1189 3323 1240 3380 in
1273 3324 1446 3381 nobis.
1488 3324 1545 3378 In
1579 3325 1688 3379 Deo
1716 3323 1823 3377 vita
1849 3325 2044 3405 immu-

460 3401 516 3446 ta
559 3393 673 3446 ilis.
714 3394 766 3446 in
801 3409 860 3446 se
889 3395 1000 3446 iusa
1031 3396 1322 3446 substantia
1351 3394 1743 3446 commutabilis
1767 3436 1781 3446 .
1815 3395 1869 3446 in
1898 3396 2044 3446 nobis

460 3393 673 3457 tabilis,
714 3394 766 3448 in
801 3409 860 3449 se
889 3395 1000 3462 ipsa
1019 3393 1323 3451 substantia
1351 3394 1743 3451 commutabilis
1767 3436 1781 3463 ,
1815 3395 1869 3450 in
1898 3395 2052 3451 nobis

459 3464 759 3547 similitudo
788 3480 964 3548 rerum
1002 3467 1372 3548 imaginabilis.
1403 3465 1564 3548 Verbi
1591 3467 1759 3548 gratia
1780 3508 1794 3531 ,
1829 3468 1961 3536 lapis
1997 3467 2050 3521 in

459 3548 521 3589 se
549 3536 664 3603 ipso
691 3544 773 3590 est
797 3537 1091 3593 substantia
1118 3536 1409 3604 mutabilis,
1438 3538 1559 3606 quia
1598 3536 1651 3590 in
1680 3538 1883 3592 calcem
1917 3552 2050 3592 con-

458 3606 723 3678 vertibilis
753 3646 769 3671 ,
812 3607 864 3660 in
908 3617 1088 3662 nostra
1128 3608 1449 3678 cogitatione
1488 3607 1780 3662 similitudo
1820 3608 2046 3677 lapidis,

459 3674 516 3730 in
573 3686 688 3731 artc
746 3678 839 3733 Dei
880 3680 1112 3734 essentia
1157 3674 1560 3733 interminabilis
1603 3678 1725 3733 vitae
1770 3674 2047 3744 durabilis.

460 3744 596 3818 Cum
628 3748 770 3802 enim
794 3748 984 3804 artifex
1008 3750 1224 3804 domum
1255 3749 1426 3803 facere
1457 3750 1689 3818 cogitat,
1721 3749 1831 3818 jam
1858 3748 2051 3804 domus

458 3817 515 3890 in
553 3818 667 3890 ipsa
692 3828 808 3874 arte
836 3820 965 3873 vivit
992 3861 1006 3884 ,
1033 3836 1190 3890 quam
1223 3817 1557 3888 postmodum
1588 3834 1776 3873 manus
1801 3818 2046 3874 aediﬁcat.

457 3888 566 3961 _Sed
594 3888 680 3943 illa
722 3905 881 3959 quam
911 3888 1102 3945 manus
1129 3890 1320 3961 erigit,
1346 3898 1577 3961 corruet
1601 3905 1615 3953 ;
1660 3890 1746 3944 illa
1776 3905 1903 3961 vero
1931 3906 2050 3960 qua:

455 3958 515 4013 in
559 3968 673 4015 arte
719 3962 885 4026 vivit,
933 3958 1233 4031 permanet:
1270 3960 1413 4031 Nihil
1453 3962 1648 4031 quippe
1684 3960 1825 4014 aliud
1856 3958 2051 4016 est'ars

455 4044 619 4101 quam
646 4032 821 4086 anima
847 4072 863 4097 ,
905 4030 959 4085 et
985 4033 1160 4086 anima
1208 4030 1336 4086 nihil
1382 4030 1525 4085 aliud
1557 4046 1713 4101 quam
1741 4032 1846 4085 vita
1878 4031 1899 4061 ³
1930 4050 1942 4085 :
1971 4032 2051 4087 sic

458 4098 696 4171 Verbum
730 4102 821 4156 Dei
852 4101 982 4156 nihil
1010 4102 1151 4157 aliud
1181 4112 1264 4157 est
1293 4116 1450 4171 quam
1491 4098 1591 4155 ars
1607 4101 1741 4171 ejus,
1772 4109 1827 4156 et
1852 4118 1939 4157 ars
1969 4104 2050 4156 ni—

462 4168 541 4241 hil
572 4170 711 4241 aliud
736 4180 817 4224 est
844 4187 1001 4239 quam
1027 4173 1142 4241 ipsa
1171 4174 1276 4227 vita
1310 4168 1402 4233 iet
1426 4173 1480 4226 in
1507 4172 1605 4225 hac
1631 4168 1819 4226 cuncta
1859 4173 2053 4227 immu-

460 4240 707 4313 tabiliter_
740 4240 1143 4313 permanebunt,
1196 4257 1316 4313 qua:
1346 4243 1399 4297 in
1454 4242 1747 4297 substantia
1798 4245 1879 4299 sui
1929 4260 2048 4299 mu-

460 4310 646 4365 tabilia
676 4310 945 4365 deficiunt.

529 4380 753 4455 CAPUT
794 4382 931 4455 XVi.
969 4381 1071 4448 Qui
1109 4382 1273 4455 solum
1316 4382 1533 4453 Verbum
1568 4382 1828 4438 incaraari
1867 4386 2045 4455 potuit.

455 4450 603 4508 Disc.
632 4450 764 4505 Cum
793 4452 1011 4508 evidens
1035 4454 1172 4507 ratio
1213 4454 1352 4510 idem
1378 4450 1611 4510 Verbum
1646 4470 1765 4509 cum
1808 4450 1967 4511 Patre
1996 4466 2051 4512 et

456 4522 661 4594 Spiritu
698 4532 892 4594 sancto
914 4566 929 4588 ,
963 4539 1123 4579 unam
1154 4524 1475 4580 individuam
1522 4526 1869 4581 substantiam
1902 4528 2051 4582 inex-

454 4592 817 4667 pugnabiliter
847 4596 1168 4664 probaverit,
1193 4597 1458 4665 quomodo
1479 4596 1926 4651 solumincarnari
1957 4614 2051 4667 po-

457 4666 558 4718 tuit
584 4667 607 4718 ?
635 4665 687 4719 Si
716 4667 855 4721 enim
883 4680 913 4720 a
943 4666 1113 4721 Patris
1138 4674 1192 4719 et
1234 4667 1461 4735 Spiritus
1499 4666 1669 4722 sancti
1707 4668 1940 4722 essentia
1959 4665 2052 4723 est

455 4745 759 4805 separatum
786 4779 801 4802 ,
841 4745 896 4791 et
930 4738 1009 4792 sic
1051 4737 1392 4807 singulariter
1426 4738 1828 4792 inhumanatum
1859 4755 1874 4805 ;
1914 4752 2047 4793 con-

454 4815 562 4878 stat
601 4808 841 4875 profecto
876 4808 1017 4878 quod
1056 4807 1229 4863 Patris
1277 4816 1333 4863 et
1358 4807 1477 4863 Filii
1516 4818 1570 4864 et
1612 4808 1841 4877 Spiritus
1878 4810 2048 4864 sancti

455 4877 752 4951 substantia
785 4877 900 4951 non
919 4880 989 4934 sit
1016 4878 1315 4946 individua,
1343 4894 1462 4951 qua:
1489 4880 1663 4951 potuit
1687 4880 1796 4950 pati
1825 4893 2048 4950 separa-

354 5008 369 5017 .
454 4948 616 5002 tionis
645 4949 971 5003 discrimina.

527 5019 663 5075 MAG.
702 5020 851 5074 Sicut
875 5022 1198 5091 sempiterna
1224 5020 1391 5076 virtus
1410 5019 1697 5092 divinitatis
1725 5035 1821 5089 per
1844 5035 1908 5077 ea
1929 5036 2049 5092 quae

453 5087 594 5165 facta
639 5087 1071 5165 conspiciuntur,
1116 5100 1293 5165 potest
1337 5091 1571 5165 intelligi
1601 5087 1793 5162 (Roin.
1819 5107 1857 5154 1.
1890 5087 1996 5165 26)
2029 5112 2044 5160 ;

453 5162 532 5214 sic
569 5162 673 5234 hoc
720 5162 1036 5231 profundum
1081 5163 1238 5217 nimis
1264 5161 1528 5219 occultum
1559 5161 1582 5193 ⁸
1610 5161 1708 5233 per
1734 5176 1797 5234 ea
1826 5178 1945 5234 qua:
1977 5161 2047 5220 ’111

453 5232 609 5286 nobis
647 5242 903 5302 geruntur
933 5274 948 5298 ,
978 5234 1184 5290 ratione
1221 5242 1585 5305 perscrutante
1609 5232 1805 5305 p0terit
1832 5232 2045 5305 inspici.

516 5364 533 5393 ι
571 5365 642 5412 sic
660 5370 765 5412 Mss.
792 5369 849 5412 At
880 5363 1029 5425 editi,
1054 5364 1251 5416 creavit.

516 5425 535 5455 ³
571 5431 645 5473 Er.
672 5425 819 5495 Lugd.
848 5433 968 5498 ven:
1004 5435 1134 5477 bov.:
1167 5438 1325 5523 Quare
1361 5424 1574 5490 dicitur,
1615 5435 1763 5478 Omne
1803 5429 1934 5495 quod
1966 5431 2043 5495 fa-

516 5499 581 5523 ηπ
611 5492 693 5523 ρει
722 5500 772 5523 an
794 5500 899 5523 1mm
922 5495 1017 5523 min
1036 5494 1142 5523 om!
1253 5497 1287 5523 Μ

450 5490 582 5535 ctum
611 5492 697 5545 est,
722 5490 773 5537 in
794 5490 899 5551 ipso
922 5490 1017 5538 vita
1036 5494 1142 5539 erat
1164 5490 1189 5539 Ρ
1253 5497 1308 5538 Μ,
1816 5490 1825 5495 ’
1966 5490 1976 5495 ⁷

461 5548 538 5624 ω’
566 5549 643 5624 sic
667 5557 779 5624 _tuss.
811 5556 867 5597 At
891 5551 1233 5624 “editinquam
1274 5564 1359 5601 ars
1404 5551 1539 5616 ejus,
1591 5558 1637 5604 et
1675 5567 1757 5606 ars
1780 5555 1884 5616 ejus
1924 5554 2050 5608 nihil

449 5608 586 5676 aliud
610 5616 681 5676 est
717 5624 862 5670 quam
883 5614 991 5676 ipsa
1014 5608 1123 5662 vita.

521 5674 541 5738 ξ
571 5672 692 5738 1111111
707 5709 719 5731 ,
744 5672 1041 5738 profundunt
1070 5674 1351 5738 mysterium
1373 5682 1421 5729 et
1442 5677 1702 5731 occultum.

539 5736 589 5801 ᾳ)
627 5736 839 5801 anselmi
866 5736 1103 5801 Monolog.
1122 5736 1233 5801 cap.
1257 5739 1338 5790 39.

541 5796 591 5860 b)
625 5797 744 5860 Ibid.
767 5810 873 5860 cap.
903 5798 977 5847 10.

538 5859 585 5920 c)
619 5859 734 5910 Ibid.
760 5859 866 5923 cap.
890 5859 1057 5911 54-36.

1971 357 2339 422 APPENDIX.

3624 370 3768 432 1016

2174 479 2493 557 Notumest
2526 479 2680 557 enim
2708 483 2852 557 quod
2892 484 3122 543 humana
3150 499 3305 544 mens
3342 488 3565 547 verbum
3610 504 3765 548 com-

2171 555 2349 632 munis
2377 554 2655 611 locutionis
2696 554 2762 632 ei
2782 571 2841 613 se
2864 559 3144 632 cogitando
3168 561 3364 632 gignit,
3396 573 3451 618 et
3479 562 3619 618 idem
3647 580 3769 620 ver-

2171 623 2298 680 bum
2326 626 2379 680 in
2406 636 2585 683 mente
2614 636 2668 683 et
2694 628 2748 682 in
2784 623 3039 684 memoria
3070 623 3361 687 simul'una
3391 636 3621 689 essentia
3649 638 3768 690 exi-

2171 697 2283 751 stit.
2312 695 2445 752 Cum
2472 713 2600 753 vero
2628 714 2780 755 mens
2818 700 3037 756 verbum
3080 718 3231 757 suum
3262 704 3380 759 aliis
3423 705 3765 763 innotescere

2169 769 2353 837 cupit,
2384 783 2504 845 cum
2535 770 2719 825 eadem
2762 772 3079 842 cogitatione
3103 815 3118 840 ,
3163 790 3284 845 quae
3321 776 3450 830 nihil
3492 779 3637 832 aliud
3679 789 3765 833 est

2169 852 2329 916 quam
2354 841 2572 916 verbum
2599 857 2752 896 suum
2770 883 2784 908 ,
2809 841 2863 896 et
2888 858 3007 916 cum
3041 841 3307 916 memoria
3324 847 3578 916 disponit,
3611 850 3759 916 quod

2169 907 2312 965 idem
2337 911 2557 986 verbum
2576 907 2785 986 corpus:
2798 913 2941 968 vocis
2968 915 3157 986 induit,
3181 926 3237 971 et
3256 907 3475 971 auribus
3499 907 3759 986 audibile,

2170 990 2226 1056 et
2268 981 2517 1056 cordibus
2557 983 2882 1056 audientium
2929 981 3149 1040 visibile'
3178 988 3451 1056 procedit,
3498 998 3554 1044 et
3596 981 3761 1045 etiam

2168 1050 2359 1128 litteris
2395 1068 2588 1128 corpus
2615 1062 2769 1108 sdum
2800 1055 2946 1128 ligari
2977 1065 3030 1111 et
3058 1050 3224 1112 videri
3262 1050 3521 1128 permittit
3552 1079 3567 1127 ;
3598 1069 3655 1115 et
3680 1070 3763 1116 ta-

2168 1137 2291 1178 men
2323 1124 2581 1178 invisibile
2607 1124 2862 1191 manens,
2895 1125 2961 1181 de
2986 1128 3216 1182 essentia
3247 1124 3441 1186 mentis
3461 1143 3515 1186 et
3548 1124 3762 1188 memo-

2168 1194 2261 1271 ria:
2290 1210 2396 1248 non
2422 1195 2641 1271 recedit.
2662 1196 2776 1271 Non
2798 1212 2929 1271 ergo
2955 1213 3106 1253 mens
3134 1215 3307 1271 neque
3332 1204 3589 1257 memoria
3610 1244 3627 1270 ,
3660 1204 3758 1259 sed

2167 1264 2597 1343 solum__verbum
2638 1264 2978 1343 singulariter
3020 1271 3196 1343 sonuit
3222 1264 3336 1341 'per
3375 1288 3570 1343 corpus
3612 1264 3760 1330 Vocis

2165 1336 2417 1390 sensibile
2445 1353 2459 1401 ;
2485 1345 2539 1392 et
2566 1336 2745 1393 tamen
2779 1339 3202 1406 inseparabiliter
3228 1336 3425 1397 mansit
3451 1336 3501 1397 in
3520 1346 3755 1399 essentia

2165 1408 2360 1483 mentis
2381 1417 2436 1462 et
2454 1410 2723 1483 memoriae
2750 1410 3038 1483 invisibile.
3061 1409 3149 1466 Sic
3177 1427 3418 1483 summus
3441 1414 3600 1469 Pater
3620 1414 3759 1469 Ver-

2164 1474 2290 1554 bum
2324 1492 2567 1554 5111111180
2596 1480 3077 1554 ipsumgcogitando
3120 1476 3514 1554 genuit,‘quod
3566 1486 3618 1539 in
3651 1485 3754 1539 Pa-

2164 1548 2262 1601 tris
2287 1558 2340 1603 et
2370 1548 2598 1619 Spiritus
2622 1548 2791 1605 Sancti
2817 1548 3047 1606 essentia
3073 1548 3230 1608 simul
3250 1548 3603 1611 coessentiale
3627 1556 3756 1612 sub-

2164 1619 2304 1694 sistit
2335 1636 2366 1694 ;_
2393 1620 2716 1694 sed__tatnen
2763 1637 2862 1677 nec
2890 1622 3067 1694 Pater
3096 1639 3192 1679 nec
3230 1625 3456 1693 Spiritus
3495 1636 3711 1681 sanctus
3735 1670 3753 1694 ,

2164 1689 2461 1768 scd_solum
2502 1692 2732 1747 Verbum
2763 1692 2910 1768 quod
2935 1702 3017 1768 est
3060 1694 3233 1768 Patris
3267 1689 3434 1752 Filius
3472 1689 3757 1768 singulari;

2163 1767 2246 1833 ter
2273 1760 2558 1833 humanum
2592 1760 2795 1833 corpus
2825 1764 3029 1831 induit,
3066 1767 3319 1822 sensibile
3347 1760 3650 1822 hominibus
3692 1784 3757 1824 se

2163 1831 2431 1909 exhibuit,
2492 1831 2995 1909 corpus-sumptum
3046 1835 3258 1907 indigna
3307 1839 3413 1907 pati
3461 1840 3750 1909 permisit;

2164 1901 2806 1980 ipsumiinsepar‘abiliter
2849 1901 2900 1959 in
2928 1901 3185 1980 essentia
3220 1901 3393 1963 Patris
3421 1901 3476 1964 et
3517 1901 3752 1980 Spiritus

2161 1975 2328 2027 sancti
2356 1972 2616 2029 invisibile
2646 1986 2700 2030 et
2726 1976 3030 2045 impassible
3056 1981 3368 2045 permansit.

2232 2044 2458 2119 CAPUT
2510 2045 2675 2119 XVII.
2726 2044 2829 2100 Cur
2876 2064 3022 2119 amor
3049 2044 3141 2102 Dei
3169 2049 3394 2119 Spiritus
3439 2059 3484 2105 et
3512 2068 3605 2105 cur
3631 2069 3755 2107 san-

2158 2122 2304 2193 ctus._
2322 2116 2463 2170 DISC.
2493 2117 2606 2193 Qua
2641 2126 2815 2172 autem
2843 2117 3192 2175 similitudine
3215 2116 3377 2177 amor
3401 2122 3495 2179 Dei
3518 2123 3753 2193 Spiritus

2159 2187 2467 2241 nominatur
2491 2192 2515 2240 Υ

2230 2257 2368 2313 MAG.
2401 2259 2492 2313 Dei
2530 2260 2816 2314 essentiam
2855 2258 2963 2315 dixi
3008 2275 3128 2317 esse
3170 2262 3355 2319 vitam.
3392 2263 3529 2319 Vera
3564 2272 3746 2321 autem

2158 2327 2266 2403 vita
2295 2344 2353 2383 se
2381 2328 2847 2403 _v_ivere_intelligit
2875 2348 2890 2397 ;
2936 2339 2991 2386 et
3018 2332 3062 2387 si
3092 2347 3150 2388 se
3178 2333 3341 2388 vitam
3372 2335 3655 2403 intelligit,
3685 2351 3747 2392 se

2159 2399 2339 2479 utique
2364 2399 2553 2479 diligit.
2579 2401 2680 2479 _Dei
2703 2399 2879 2457 autem
2901 2402 3085 2479 vivere
3107 2404 3475 2479 ,‘intelligere,
3502 2399 3745 2479 diligere,

2158 2467 2291 2544 nihil
2331 2479 2413 2526 est
2452 2467 2595 2526 aliud
2632 2486 2793 2542 quam
2830 2471 3082 2528 existere.
3108 2467 3348 2531 'Dilectio'
3375 2467 3503 2544 ergo
3535 2467 3629 2532 Dei
3666 2467 3750 2533 est

2156 2541 2263 2594 vita
2283 2582 2297 2606 ,
2346 2551 2399 2597 et
2424 2544 2529 2618 vita
2566 2541 2665 2598 est
2692 2543 2928 2618 spiritus.
2971 2545 3035 2599 Et
3063 2545 3186 2618 quia
3212 2545 3351 2618 Deus
3376 2541 3473 2618 per
3499 2546 3747 2602 dilectio-

2157 2625 2279 2664 nem
2310 2614 2513 2668 cunctis
2542 2629 2661 2687 esse
2688 2616 2771 2669 vel
2809 2616 2990 2671 vivere
3034 2614 3252 2681 tribuit,
3284 2614 3501 2687 idcirco
3528 2618 3746 2687 spiritus

2156 2692 2506 2753 nuncupatur.
2554 2683 2679 2740 Ideo
2716 2695 2908 2759 autem
2943 2695 3158 2742 sanctus
3193 2686 3435 2755 additur,
3479 2683 3599 2759 quia
3620 2704 3749 2744 cun-

2156 2761 2240 2807 cta
2280 2769 2373 2820 per
2402 2771 2521 2809 etim
2562 2757 2974 2811 sanetilicantur.

2227 2822 2454 2880 CAPUT
2496 2826 2680 2881 XVIII.
2726 2826 2952 2897 Spiritus
2973 2838 3178 2883 sanctus

2157 2891 2313 2946 Filio.
2340 2896 2600 2946 Quatenus
2634 2898 2687 2946 in
2708 2900 2873 2946 specie
2891 2899 3133 2946 columbo:
3151 2917 3178 2946 v

2211 2910 2313 2947 mo.

3274 2829 3424 2884 aliter
3459 2846 3491 2883 a
3520 2829 3675 2885 Patre
3698 2838 3745 2885 et

2340 2896 2611 2972 Quatenus
2634 2898 2687 2972 in
2708 2900 2873 2972 specie
2891 2899 3133 2972 columba
3151 2896 3230 2954 vel
3247 2901 3411 2972 ignis:
3424 2901 3569 2957 Dtsc.
3602 2903 3743 2968 Qua-

2313 2967 2570 3076 probatur
2600 2968 2685 3023 hic
2728 2964 2955 3039 Spiritus
2998 2985 3029 3024 a
3070 2970 3225 3026 Patre
3266 2964 3323 3027 Et
3373 2971 3509 3027 Filio
3549 2964 3744 3044 proce-

2195 3050 2284 3090 ere
2314 3050 2329 3090 ἶ

2228 3106 2371 3184 Mite:
2406 3107 2549 3163 Nihil
2580 3109 2723 3184 aliud
2748 3109 2975 3184 Spiritus
3003 3121 3215 3184 sanctus
3236 3156 3251 3181 ,
3280 3128 3439 3184 quam
3474 3128 3630 3170 amor
3650 3114 3745 3171 Dei

2156 3177 2496 3255 intelligitur,
2541 3180 2679 3235 unde
2709 3191 2761 3235 et
2790 3177 2943 3236 Deus
2969 3182 3201 3255 charitas
3238 3177 3435 3255 dicitur
3495 3186 3549 3255 (I
3583 3186 3743 3242 Joan.

2156 3263 2233 3311 IV,
2424 3250 2647 3326 Constat
2692 3261 2876 3326 autem,
2897 3253 3018 3326 quia
3048 3254 3205 3308 Pater
3246 3254 3439 3309 Filium
3484 3249 3542 3310 ut
3571 3272 3632 3311 se
3662 3258 3741 3326 ip-

2155 3332 2273 3396 sum
2294 3319 2464 3396 diligit
2489 3362 2506 3396 _,
2534 3331 2589 3377 et
2628 3323 2753 3396 item
2782 3319 2947 3377 Filius
2985 3324 3194 3396 Patrem
3236 3335 3486 3396 tanquam
3544 3319 3747 3382 semet-

2154 3387 2331 3466 ipsum
2359 3387 2532 3466 diligit
2558 3409 2585 3466 ;_
2603 3394 2707 3447 vita
2743 3408 2972 3466 namque
2999 3394 3171 3465 diligit
3200 3411 3259 3450 se
3287 3387 3508 3466 sapere,
3532 3408 3587 3453 et
3618 3399 3744 3453 item

2154 3462 2414 3539 sapientia
2443 3462 2614 3534 diligit
2656 3478 2716 3519 se
2752 3462 2929 3539 vivere
2962 3482 2976 3519 :
3004 3462 3126 3520 vita:
3155 3462 3430 3539 autem—et
3456 3462 3745 3539 sapientia:

2154 3532 2509 3606 probataest
2548 3532 2655 3589 una
2700 3535 2937 3597 essentia
2984 3549 3124 3592 esse.
3182 3536 3346 3606 Igitur
3392 3532 3611 3595 dilec'tio
3658 3539 3744 3595 vel

2154 3614 2313 3688 amor.
2333 3604 2414 3688 vel
2436 3604 2876 3688 charitasﬁtquod
2900 3615 2986 3662 est
3007 3604 3235 3688 Spiritus
3259 3616 3473 3688 sanctus
3488 3650 3503 3675 ,
3530 3611 3590 3688 in
3614 3610 3742 3688 sub;

2155 3674 2347 3727 stantia
2370 3675 2543 3729 Patris
2567 3686 2621 3731 et
2648 3674 2771 3731 Filii
2793 3674 3159 3733 coessentialis
3191 3679 3372 3734 existit
3399 3697 3413 3747 ;
3443 3674 3499 3736 et
3528 3681 3651 3737 ideo
3676 3679 3744 3736 ab

2156 3754 2382 3817 utroque
2408 3747 2683 3817 aequaliter
2711 3749 2969 3817 procedit.

2229 3816 2372 3869 DISC.
2405 3816 2460 3871 Si
2491 3816 2719 3885 Spiritus
2755 3828 2972 3874 sanctus
3001 3819 3144 3876 Patri
3174 3829 3229 3876 et
3256 3820 3393 3877 Filio
3414 3821 3742 3877 coessentia-

2154 3884 2221 3940 lis
2246 3888 2425 3962 existit
2452 3927 2467 3953 ,
2497 3884 2764 3962 quomodo
2789 3889 2857 3962 ab
2886 3890 3157 3946 individua
3186 3892 3479 3947 substantia
3505 3893 3742 3962 separari

2194 3959 2368 4035 otnit,
2420 3972 2555 4035 cum
2578 3961 2642 4035 in
2705 3961 3199 4035 specieAcolumbae
3247 3978 3407 4035 super
3459 3959 3741 4035 Dominum

2202 4027 2387 4105 illattli.
2422 4044 2500 4105 111,
2534 4027 2788 4105 16),_vel
2816 4030 3067 4087 informa
3094 4034 3230 4105 ignis
3255 4027 3418 4104 super
3455 4034 3742 4104 Apostolos

2153 4099 2400 4169 apparuit
2424 4096 2567 4169 (Act.
2591 4096 2766 4169 ",5).

2224 4168 2364 4224 MAG.
2411 4168 2638 4240 Spiritus
2664 4168 2832 4226 sancti
2860 4173 3153 4228 substantia
3182 4189 3288 4230 non
3315 4182 3399 4230 est
3452 4175 3507 4229 in
3538 4176 3743 4231 colum-

2152 4239 2276 4293 bam
2297 4240 2382 4311 vel
2406 4240 2577 4311 ignem
2601 4251 2970 4309 transmutata,
2994 4245 3125 4299 sicut
3146 4261 3245 4301 nec
3270 4244 3432 4300 Verbi
3451 4246 3502 4300 in
3524 4261 3740 4302 carnem

2155 4309 2528 4387 transformata
2554 4329 2579 4387 Δ1
2623 4313 2717 4368 sed
2743 4313 2977 4387 Spiritus
3002 4324 3215 4370 sanctus
3252 4316 3519 4372 columbae
3544 4331 3741 4387 corpus

2154 4381 2523 4457 condiditlo),
2552 4382 2739 4457 in‘qno
2767 4381 2825 4438 se
2855 4384 2920 4457 ad
2952 4385 3326 4457 horamsuper
3354 4403 3550 4456 corpus
3579 4381 3741 4443 Verbi

2156 4448 2581 4520 inseparabiliter
2611 4454 2627 4484 ³
2652 4448 2720 4508 ad
2748 4455 3109 4510 testimonium
3141 4448 3741 4514 hominibus'visibilem

2194 4522 2381 4575 rrebuit
2411 4563 2425 4585 ,
2468 4524 2581 4592 ipse
2627 4540 2754 4579 vero
2798 4527 3075 4581 invisibilis
3117 4527 3168 4581 in
3213 4530 3445 4584 essentia
3476 4528 3650 4584 Patris
3686 4536 3743 4584 et

2154 4536 2381 4645 Vrebant
2411 4563 2425 4585 ,
2468 4538 2581 4592 Ipse
2627 4540 2754 4579 vero
2798 4536 3075 4581 invtstmlts
3117 4536 3168 4581 in
3213 4536 3445 4584 essentia
3478 4536 3650 4584 Patris
3686 4536 3741 4584 et

2205 4592 2318 4672 orbi
2355 4593 2778 4672 inseparabiliter
2806 4596 3019 4672 mansit.
3066 4597 3285 4672 animus
3326 4614 3540 4672 quoque
3575 4600 3741 4672 discit-

2154 4663 2401 4741 pulorum
2453 4666 2673 4741 interius
2721 4667 3195 4741 possidens,foris
3221 4663 3470 4741 speciem'
3496 4671 3634 4741 ignis
3658 4670 3743 4725 vel

2154 4733 2371 4809 luminis
2396 4733 2871 4809 oculis_hominum
2898 4754 2994 4809 pro
3014 4733 3165 4809 Signo
3190 4733 3448 4807 exhibuit,
3476 4733 3543 4795 et'
3561 4750 3741 4795 tamen

2154 4754 2371 4789 IUIIlIIIIS
2396 4754 2565 4789 ocuns
2598 4754 2871 4792 nominum
2935 4754 2994 4792 ro
3014 4755 3165 4809 srgno
3190 4754 3448 4807 exninutt,
3476 4754 3532 4795 et
3561 4754 3739 4795 tamen

2153 4818 2186 4881 ξι
2237 4805 2528 4881 substantia
2570 4807 2744 4881 Patris
2788 4818 2841 4863 et
2881 4754 3001 4881 gilii
3045 4825 3153 4865 non
3183 4815 3403 4866 recessit
3436 4828 3452 4877 ;
3492 4811 3739 4881 profecto

2154 4873 2428 4931 insinuans
2456 4877 2596 4952 quod
2627 4878 2785 4934 Pater
2814 4887 2867 4933 et
2895 4879 3060 4934 Filius
3087 4896 3181 4952 per
3213 4896 3333 4937 eum
3363 4873 3580 4952 peccata
3611 4897 3743 4938 con-

2154 4956 2370 5023 sumunt
2398 4988 2413 5014 ,
2460 4957 2513 5002 et
2539 4950 2608 5023 _in
2654 4964 2839 5003 eorum
2869 4964 3106 5023 amorem
3138 4950 3411 5007 hominum
3439 4953 3601 5008 corda
3645 4969 3742 5023 per

2155 5017 2655 5094 ipsumaccendunt
2687 5037 2701 5086 ;
2731 5028 2786 5075 et
2810 5020 2951 5094 quod
2978 5022 3169 5092 impios
3192 5038 3287 5093 per
3309 5038 3430 5077 cum
3460 5024 3527 5078 ad
3560 5017 3736 5094 ignem

2156 5087 2461 5165 iudicabunt
2487 5130 2503 5157 ,
2522 5090 2696 5161 justos
2716 5087 2843 5145 vero
2873 5087 3073 5147 lumine
3093 5087 3213 5147 vitae
3239 5095 3293 5147 in
3322 5096 3438 5163 ipso
3467 5087 3740 5165 glorifica-

2191 5168 2302 5214 unt.

2222 5230 2449 5304 CAPUT
2476 5230 2725 5304 XlX.ADe
2748 5233 3038 5300 aequalitate
3066 5250 3416 5304 personarum.
3444 5234 3549 5290 Cur
3579 5236 3743 5291 deitas

2151 5301 2389 5374 virtutum
2430 5302 2683 5357 vocabulis
2713 5320 2812 5358 non
2854 5301 3074 5358 colatur.
3116 5306 3259 5360 Dtsc.
3292 5306 3572 5374 Quomodo
3612 5321 3743 5362 con-

2150 5380 2272 5449 sta_t_
2286 5372 2379 5427 has
2409 5388 2665 5449 personas
2694 5390 2814 5430 esse
2845 5376 3075 5449 mquales
3114 5376 3138 5428 ?
3318 5372 3335 5374 ⁷
3422 5440 3429 5449 ,

2222 5443 2361 5500 MAG.
2410 5443 2578 5521 '_I_)_eus_
2613 5454 2712 5521 est
2745 5443 2951 5501 summa
2998 5448 3136 5511 vita,
3181 5443 3740 5521 summa_'sapientia,

2151 5530 2358 5572 summa
2402 5515 2635 5573 dilectio.
2678 5517 2945 5585 Quantum
2987 5532 3115 5589 ergo
3159 5520 3264 5574 vita
3305 5518 3474 5588 vivit,
3510 5515 3737 5576 'tantum

2216 5740 2249 5817 ξ.
2268 5741 2404 5801 Editi,
2427 5754 2514 5805 per
2557 5755 2731 5817 corpus
2763 5742 2876 5817 sibi
2897 5743 3278 5812 inseparabiliter
3300 5752 3488 5801 tantum
3508 5749 3597 5814 ad,
3640 5755 3740 5804 οω.

2150 5811 2367 5868 Fortasse
2384 5839 2400 5863 ,
2424 5805 2752 5868 δέρω-1111111161·
2776 5807 2979 5858 unitum.

2217 5866 2291 5931 (a)
2326 5869 2408 5917 uie
2423 5866 2603 5920 desinit
2620 5870 2783 5921 versio
2804 5884 2984 5935 graeca.
