4076 6370
288 349 435 416 1017

290 484 355 527 se
374 466 622 540 intelligit
653 472 709 525 et
730 460 1021 523 tantum'se
1040 462 1230 540 diligit.
1264 460 1322 520 Si
1345 462 1489 519 enim
1515 477 1623 519 non
1666 468 1874 519 tantum

288 552 354 597 se
389 538 636 609 intelligit
674 548 927 610 quantum
966 538 1124 601 vivit,
1164 548 1494 610 nequaquam
1544 548 1748 588 summa
1790 548 1878 589 sa-

330 612 490 667 ientia
520 605 623 666 erit
651 626 665 674 ;
691 605 765 665 'et
791 612 836 664 si
865 624 971 663 non
1000 617 1202 662 tantum
1244 620 1303 660 se
1329 605 1502 675 diligit
1529 615 1784 675 quantum
1817 620 1877 661 se

309 682 566 753 ntelligit,
616 695 822 753 summa
864 680 1078 753 dilectio
1117 676 1336 732 minime
1379 677 1577 753 existit.
1609 675 1712 731 Sed
1753 690 1875 753 cum

244 794 249 800 .
285 746 491 823 ἱρεὶυε’
508 746 805 823 substantia
847 750 1124 805 verissime
1172 762 1438 823 summum
1468 747 1691 823 _bonum
1741 746 1810 800 sit
1856 764 1871 813 ;

240 829 244 835 '
281 819 496 878 summa
535 831 712 877 autem
759 822 865 876 vita
887 864 902 889 ,
933 830 986 875 et
1011 834 1218 875 summa
1258 819 1515 887 sapientia
1542 858 1556 882 ,
1583 827 1637 872 et
1664 832 1871 889 summa

283 893 506 950 dilectio
533 909 638 949 non
670 893 771 947 nisi
800 894 852 946 in
879 888 1088 947 Summo
1114 892 1254 945 bono
1277 890 1500 944 inveniri
1532 888 1698 958 possit
1725 904 1739 953 ;
1775 903 1873 942 ne«

280 968 522 1021 cessario
545 965 783 1033 sequitur
807 973 915 1018 tres
941 977 1229 1033 personas,
1249 961 1421 1033 Patris
1449 960 1712 1033 gignentis
1736 1000 1751 1025 ,
1786 958 1873 1013 Fi-

282 1036 341 1091 lii
374 1038 557 1107 geniti,
588 1031 815 1105 Spiritus
843 1031 1019 1107 sancti_
1041 1031 1523 1107 procede_nti_s,per
1551 1031 1726 1107 omnia
1752 1045 1872 1107 esse

280 1102 562 1176 aequales,
607 1102 741 1161 etin
788 1120 891 1159 una
926 1102 1217 1175 eademque
1261 1102 1530 1158 individua
1576 1102 1868 1156 substantia

278 1191 555 1234 summum
582 1178 779 1232 bonum
807 1177 1116 1231 existentes.

358 1250 502 1305 DISC.
545 1248 653 1303 Cur
679 1249 729 1302 in
748 1247 833 1301 his
860 1247 1131 1301 vocabulis
1158 1244 1324 1314 magis
1344 1244 1513 1300 deitas
1535 1244 1890 1307 veneratur‘,’

280 1334 412 1375 cum
442 1319 808 1375 misericordia
847 1326 901 1372 et
936 1317 1138 1385 justitia
1178 1325 1233 1371 et
1253 1325 1461 1371 exterae
1490 1316 1712 1370 virtutes
1756 1314 1871 1385 ejus

278 1391 535 1446 essentia:
563 1389 947 1460 assignentur?

356 1462 494 1517 MAG.
537 1456 787 1529 Quia'illa
832 1467 955 1513 sunt
974 1459 1025 1514 ei
1075 1458 1287 1528 proprie
1313 1456 1603 1513 secundum
1632 1469 1705 1529 se
1736 1456 1867 1529 sub-

280 1527 574 1598 Stantialia,
628 1533 727 1586 ista
781 1546 909 1585 vero
951 1527 1241 1583 secundum
1282 1543 1379 1583 nos
1409 1529 1457 1583 ei
1498 1527 1865 1582 occidentalia.

280 1602 589 1658 Misericors
628 1617 856 1671 namque
894 1600 1014 1655 inde
1052 1600 1265 1661 dicitur,
1298 1615 1404 1653 non
1431 1599 1573 1668 quod
1612 1598 1865 1671 miserum

281 1688 381 1727 cor
406 1674 630 1737 habeat;
664 1669 1011 1728 sed'omnem
1041 1671 1309 1724 miseriam
1337 1670 1494 1738 longe
1545 1685 1574 1723 a
1610 1669 1717 1723 Deo
1747 1684 1867 1723 esse

202 1756 205 1757 '
280 1746 423 1799 ratio
447 1746 654 1814 probat.
688 1744 893 1799 Justum
922 1749 1099 1814 autem
1123 1740 1349 1794 humana
1375 1740 1571 1814 locutio
1598 1739 1861 1814 nominat,

282 1816 373 1882 qui
403 1810 555 1871 bonis
582 1816 741 1879 bona,
764 1814 917 1869 malis
938 1812 1076 1866 mala
1101 1820 1490 1881 recompensat.
1518 1811 1712 1865 Verum
1740 1810 1865 1879 quia

281 1885 427 1942 Deus
459 1886 666 1941 miseris
696 1886 747 1938 in
775 1884 1004 1938 miseriis
1030 1883 1296 1947 subvenit,
1330 1896 1525 1937 nomen
1566 1882 1867 1936 miscricor-

281 1955 369 2010 dis
393 1957 477 2012 vel
520 1956 899 2011 misericordia:
937 1954 1139 2023 accepit
1170 1970 1182 2005 :
1234 1952 1476 2023 quamvis
1514 1953 1557 2006 si
1596 1966 1865 2020 nunquam

279 2028 472 2097 aliquis
502 2029 663 2082 miser
694 2027 896 2090 fuisset,
928 2025 1011 2097 cui
1054 2023 1471 2097 misericordiam
1514 2023 1860 2097 impenderet,

280 2092 392 2153 non
422 2100 601 2153 minus
627 2107 804 2153 tamen
849 2098 901 2151 in
930 2096 1222 2150 substantia
1251 2095 1329 2148 sui
1364 2095 1473 2165 ipsa
1502 2092 1863 2149 misericordia

279 2171 555 2246 existeret.
586 2169 717 2236 Quia
743 2184 896 2246 vero
916 2167 1072 2246 justis
1102 2166 1323 2236 largitur
1368 2166 1605 2245 prmmia,
1657 2165 1865 2246 injustis

273 2237 422 2309 justa
452 2234 652 2310 irrogat
678 2234 964 2309 supplicia;
989 2238 1134 2310 juste
1160 2234 1379 2310 vocatur
1398 2235 1573 2310 justus
1601 2234 1686 2289 vel
1702 2234 1864 2310 justi-

279 2306 356 2365 tia
399 2328 413 2364 :
456 2306 630 2365 tamen
684 2306 952 2365 si’nullus
993 2307 1130 2362 foret
1162 2308 1245 2363 cui
1275 2308 1358 2361 vel
1383 2306 1606 2375 gloriam
1634 2306 1717 2360 vel
1753 2320 1867 2375 poe-

280 2396 407 2451 nam
434 2382 783 2451 impenderet,
815 2396 920 2435 non
953 2379 1128 2433 minus
1157 2378 1494 2451 ipscjustitia
1520 2377 1858 2432 subsisteret.

276 2450 375 2506 Sic
404 2453 471 2507 de
500 2448 707 2507 cancris
735 2452 1016 2505 virtutibus
1047 2448 1403 2503 sentiendum.

351 2523 577 2578 CAPUT
616 2520 1127 2603 XX.__Aiinonlaliqui
1161 2519 1438 2602 necessario
1461 2518 1653 2603 _ntiseri
1682 2535 1701 2583 ;
1729 2516 1865 2600 _Deus

275 2609 397 2647 vero
436 2605 611 2647 auctor
646 2594 791 2647 mali.
823 2592 971 2659 Quod
1022 2590 1128 2644 sine
1152 2591 1343 2644 miseris
1360 2590 1563 2659 justitia
1598 2598 1645 2642 et
1672 2590 1864 2643 miseri-

275 2609 397 2647 vero
436 2609 611 2647 auctor
646 2609 791 2647 man.
823 2609 969 2659 υυοα
1022 2609 1128 2644 Nile
1152 2609 1343 2644 tmserts
1392 2609 1563 2643 υδιιιια
1598 2609 1645 2642 ει
1672 2609 1859 2643 ηιιδίινι-

275 2664 457 2717 cordia
479 2664 570 2718 Dei
596 2665 912 2734 manifestari
939 2671 1141 2734 queant.
1166 2663 1318 2734 Disp.
1348 2609 1481 2734 ἧψε
1505 2661 1753 2734 ⁸ωςιχὶηιςι
1782 2660 1859 2713 vi-

279 2735 440 2790 detur
467 2737 691 2805 quaastio
732 2731 1066 2805 suboririrSi
1108 2731 1733 2805 misericordia_Dei»_non
1760 2744 1861 2805 pot

275 2808 384 2860 tnit
407 2800 642 2876 dignosci
678 2805 778 2859 nisi
809 2819 905 2876 per
934 2803 1177 2876 miseros,
1209 2816 1309 2876 nec
1325 2802 1537 2876 justitia
1572 2800 1689 2869 ejus
1736 2800 1862 2876 sciri

274 2877 384 2930 nisi
434 2872 528 2945 per
572 2872 930 2940 damnandos;
982 2874 1190 2945 videtur
1252 2872 1629 2927 inevitabiliter
1670 2872 1859 2945 sequi,

275 2943 541 3016 quosdam
566 2947 870 3003 necessario
900 2945 1124 3000 miseros
1150 2944 1335 3016 factos,
1370 2958 1463 3012 per
1492 2957 1627 3011 quos
1652 2943 1863 3016 miseri-

272 3012 461 3072 cordia
492 3018 582 3073 Dei
621 3018 974 3081 revelaretur,
1017 3024 1072 3069 et
1105 3012 1362 3085 quosdam
1420 3014 1723 3085 necessario
1767 3012 1862 3085 da:

276 3088 565 3154 mnabiles,
594 3105 690 3156 per
714 3087 1055 3158 quosjustitia
1073 3083 1790 3158 Deimanifestaretnr.Quod
1816 3083 1863 3138 si

274 3161 351 3214 ita
396 3168 495 3223 est,
530 3154 639 3227 jam
671 3154 869 3213 frustra
908 3156 1275 3227 pra-dicabitur
1304 3154 1500 3209 malum
1543 3154 1671 3207 nihil
1706 3168 1858 3227 esse,

271 3243 400 3302 cum
468 3225 597 3285 nihil
654 3225 1031 3302 pejus_possit
1087 3226 1372 3302 excogitari
1438 3225 1861 3302 qua_m_miseria

273 3310 332 3355 et
354 3300 626 3356 damnatio
650 3294 674 3354 ἶ
692 3294 745 3355 οἱ
762 3301 804 3355 si
830 3294 930 3354 hoc
964 3314 1061 3368 per
1087 3297 1410 3368 validissima
1446 3294 1666 3349 rationis
1704 3311 1862 3365 argu-

274 3379 459 3426 menta
521 3387 627 3427 non
680 3367 1063 3435 infirmabitur,
1112 3367 1223 3438 jam
1271 3368 1408 3421 Dcus
1448 3381 1713 3438 summum
1766 3369 1862 3421 bo-

274 3458 407 3495 num
438 3442 655 3497 minime
684 3442 1041 3511 cognoscitur,
1076 3437 1181 3493 imo
1210 3446 1392 3493 auctor
1422 3438 1551 3511 tanti
1580 3437 1704 3490 mali
1733 3452 1862 3511 eon-

269 3513 525 3568 vincitur.
574 3507 838 3568 Porro—si
888 3511 1167 3565 noluitvel
1219 3524 1323 3562 non
1360 3510 1541 3579 potuit
1578 3507 1861 3564 ostendere

275 3598 432 3638 suam
458 3583 876 3639 misericordiam
904 3581 1004 3636 nisi
1030 3582 1082 3634 in
1113 3580 1343 3644 miseris,
1373 3578 1635 3648 justitiam
1679 3580 1777 3632 nisi
1808 3580 1861 3633 in

273 3653 629 3719 damnandis;
670 3655 789 3723 quis
835 3668 939 3707 non
982 3652 1161 3723 videat
1187 3651 1358 3723 sequi,
1393 3664 1513 3723 eum
1542 3650 1859 3723 malevolum

182 3728 191 3736 “
272 3726 363 3780 vel
392 3720 767 3795 impotentem;
798 3724 850 3777 in
869 3739 993 3787 uno,
1016 3722 1159 3795 quod
1186 3721 1380 3795 bonum
1403 3720 1513 3795 nisi
1545 3734 1637 3795 per
1663 3720 1859 3774 malum

274 3789 563 3905 omenderf
591 3795 850 3859 noluerit;
884 3794 939 3848 in
981 3789 1170 3861 altero,
1201 3791 1343 3862 quod
1370 3791 1523 3846 aliter
1555 3789 1731 3846 facere
1753 3806 1863 3845 non

274 3876 509 3905 nnlnnnl

317 3882 514 3919 eluerit
529 3882 545 3919 Ξ

477 3876 485 3878 _
528 3876 552 3905 ν

272 3876 649 4006 Ρθὲῗῗέἷιρηἰε
671 3937 753 3991 vel
793 3937 1013 3991 demens
1048 3934 1166 3990 bmc
1194 3940 1481 4006 praesumat
1508 3931 1705 3995 dicere,
1762 3931 1864 4006 mi-

279 4002 632 4063 sericordiam
659 4017 712 4063 et
732 4008 988 4077 justitiam
1014 4006 1104 4059 Dei
1138 4002 1249 4077 nisi
1270 4019 1364 4073 per
1390 4002 1615 4057 miseros
1660 4003 1863 4077 etdda-

184 4090 193 4095 '
274 4079 545 4134 mnandos
596 4072 920 4134 manifestari
972 4091 1079 4130 non
1110 4072 1378 4144 potuiSse,
1411 4089 1530 4128 cum
1583 4072 1862 4128 manifeste

276 4158 494 4205 constet
522 4165 621 4205 nos
650 4150 886 4204 occultas
916 4147 1127 4201 divitias
1166 4160 1270 4200 non
1298 4145 1468 4199 solum
1500 4159 1595 4214 per
1621 4154 1859 4213 egentes,

273 4220 373 4275 sed
400 4221 558 4275 etiam
584 4236 675 4289 per
694 4220 1026 4275 abundantes
1050 4218 1418 4289 demonstrare
1437 4214 1626 4286 posse?
1643 4214 1696 4271 Si
1719 4216 1863 4269 enim

274 4293 542 4345 occultam
585 4286 824 4345 habuero
867 4289 1168 4359 pecuniam,
1208 4302 1313 4342 non
1359 4286 1479 4359 ideo
1505 4301 1723 4359 necesse
1762 4289 1864 4341 erit

275 4377 599 4431 quemquam
630 4357 911 4432 pauperem
940 4363 1192 4432 existere,
1220 4357 1592 4432 _cuilargiendo
1609 4372 1728 4432 eam
1746 4372 1865 4411 ma-

273 4428 526 4487 nifestam
556 4428 763 4498 faciam,
791 4447 913 4487 cum
943 4431 1171 4500 idipsum
1201 4429 1351 4484 diviti
1378 4428 1658 4483 tribuendo
1688 4429 1865 4500 facere

277 4518 508 4573 queam;
541 4505 633 4559 sed
662 4503 837 4573 potius
866 4503 909 4557 si
936 4499 1390 4573 panpertquilibet
1417 4500 1651 4573 existens
1680 4499 1746 4552 ad
1777 4513 1864 4573 me

275 4568 512 4637 venerit,
545 4575 612 4628 de
642 4568 847 4628 occulta
872 4568 1091 4644 pecunia
1109 4572 1158 4644 ei
1184 4568 1605 4644 miscricordiam
1628 4568 1862 4644 impendi

278 4645 571 4714 oportebit.
603 4644 797 4715 Sicque
823 4639 939 4714 ejus
977 4641 1309 4715 experientia
1334 4654 1419 4715 me
1446 4640 1651 4715 largum
1687 4648 1740 4692 et
1756 4639 1863 4715 _lo-_

274 4709 542 4783 cupietem
571 4709 917 4785 comprobat;
951 4709 1090 4784 quod
1132 4712 1269 4785 idem
1291 4711 1351 4785 in
1372 4710 1533 4785 divite
1566 4723 1723 4785 posse
1749 4709 1865 4764 ﬁeri

275 4781 510 4852 constat,
543 4781 783 4857 quamvis
812 4781 1060 4857 pauperis
1081 4783 1168 4857 _vel
1198 4781 1377 4836 divitis
1402 4781 1622 4857 scientia
1647 4788 1738 4834 aut
1765 4795 1863 4857 ex-

347 4850 538 4911 rientia
560 4850 697 4911 nihil
728 4850 858 4910 mihi
882 4850 1142 4919 utilitatis,
1183 4861 1369 4923 utputa
1392 4852 1568 4905 omnia
1598 4850 1733 4923 bona
1765 4850 1862 4903 ha-

349 4929 447 4995 nti,
472 4927 742 4992 confcrat;
769 4927 897 4997 ipsis
925 4935 1100 4979 autem
1128 4921 1429 4997 utilia,_imo
1452 4921 1752 4997 necessaria
1777 4934 1864 4997 me

278 4991 500 5064 habere,
551 5000 629 5054 eis
672 4991 813 5055 scire
850 5005 905 5051 et
951 4996 1180 5066 experiri
1214 4994 1439 5066 multum
1490 4991 1754 5066 expediat.
1803 4991 1859 5066 In

275 5067 423 5140 hunc
461 5063 656 5140 quippe
700 5070 915 5123 modum
967 5063 1216 5140 si'nullus
1259 5063 1540 5140 aliquando
1577 5063 1862 5140 miser__vel

275 5132 606 5194 damnabilis"
642 5140 844 5204 fuisset,
882 5140 1020 5192 Deus
1058 5132 1396 5205 omnipotens
1440 5132 1862 5205 misericordiam

277 5219 332 5265 et
356 5212 616 5279 justitiam
641 5211 691 5265 in
714 5210 915 5279 angelis
936 5216 990 5262 et
1030 5204 1662 5279 hominil)us_nonminus
1690 5204 1863 5279 mani-

277 5276 473 5336 festare
504 5276 880 5351 potuissetfde
906 5293 999 5334 sua
1031 5277 1279 5351 videlicet
1302 5276 1624 5351 abundantia
1655 5276 1735 5330 eis
1766 5276 1866 5329 mi-

275 5346 619 5407 scricorditer
645 5350 919 5421 largiendo
958 5348 1101 5418 quod
1144 5348 1362 5401 minime
1387 5346 1682 5421 haberent;
1714 5362 1866 5421 _prae-

276 5424 461 5478 sertim
489 5438 609 5476 cum
639 5418 815 5477 omnis
844 5429 1085 5476 creatura
1112 5433 1141 5471 a
1171 5433 1229 5472 se
1258 5418 1475 5471 omnino
1497 5418 1626 5470 nihil
1647 5418 1857 5478 habeat,

275 5494 369 5548 sed
397 5495 575 5548 omnia
605 5494 673 5548 ab
715 5494 831 5562 ipso
856 5491 1003 5545 fonte
1043 5489 1282 5543 onmium
1328 5488 1589 5562 bonorum
1617 5488 1861 5555 accipiat,

275 5577 337 5618 ac
365 5564 503 5619 dona
526 5579 618 5619 sua
642 5564 695 5618 in
723 5559 833 5618 suis
848 5562 991 5632 juste
1011 5559 1378 5614 conservando
1398 5574 1514 5627 quae
1541 5559 1608 5632 ab
1630 5573 1693 5611 eo
1714 5573 1864 5632 accc-

274 5636 499 5704 pissent.
559 5635 628 5689 Et
674 5633 795 5689 ideo
837 5629 1112 5704 uenerat
1161 5639 1477 5704 necesseut
1517 5629 1864 5704 vel‘angelus

274 5699 673 5761 damnationem
719 5704 788 5758 ad
826 5700 1270 5758 manifestandam
1316 5700 1410 5755 Dei
1441 5699 1730 5770 .justitiam,
1779 5700 1863 5756 vel

338 5897 346 5904 ρ
398 5857 523 5915 εάίιί
540 5859 654 5923 hinc
675 5857 875 5921 addunt,
907 5866 1056 5919 quam
1072 5853 1283 5907 aliarum
1305 5853 1549 5906 virtutum.

1339 339 1566 408 LIBER
1583 341 1678 408 DE
1714 290 2371 412 COGNITION'EWVERJE
2406 345 2619 414 ἮΤΕ.

3430 363 3576 428 1018

1984 463 2148 538 homo
2190 463 2467 523 miseriam
2509 466 2578 523 ad
2606 464 2981 526 declarandam
3012 470 3111 530 Dei
3138 475 3565 538 misericordiam

1985 534 2312 620 inciderent;
2342 554 2462 620 cum
2484 548 2770 620 utrumque
2794 541 2845 620 in
2870 544 3131 601 stantibus
3155 534 3571 620 angelisvdecla;

1982 609 2182 688 rave_rit
2217 608 2643 688 _miscricordiam
2684 608 2951 688 videlicet,
2981 630 3140 688 _eosta
3173 608 3320 688 lapsu
3342 638 3567 679 conser-

1981 678 2183 753 vando;
2211 678 2489 748 justitiam,
2508 682 2595 753 eis
2625 684 2841 753 praemia
2858 678 3053 740 dando.
3080 686 3211 753 Quia
3227 678 3409 747 autem
3432 678 3568 750 libe-

1981 750 2338 833 ra.vol.unta_tc
2366 751 2588 833 angelus
2616 750 2711 833 vei
2732 753 2891 808 homo
2915 770 2944 809 a
2974 756 3082 833 Deo
3104 750 3564 833 apostataverunt,

1980 820 2401 901 misericordiam
2446 820 2510 901 et
2541 823 2826 901 justitiam,
2873 828 3022 901 quasi
3075 820 3223 901 prius
3272 820 3563 901 occultam,

1980 892 2259 975 manifeste
2302 893 2512 975 experti
2541 892 2729 975 ;sunt,
2774 892 2941 975 _dum_
2969 892 3115 975 illum
3166 900 3381 975 _j_ustit_ia
3422 892 3565 975 juste

1980 961 2269 1027 damnavit,
2298 961 2457 1018 istum
2482 961 2844 1021 misericordia
2870 961 3290 1026 misericorditer
3306 972 3375 1028 de
3397 961 3564 1029 mise-

1981 1034 2366 1107 ria__liberavit.
2415 1035 2637 1107 Etcum
2668 1037 2722 1091 in
2753 1038 2851 1092 hac
2884 1041 3211 1107 experientia
3260 1042 3391 1097 nihil
3453 1045 3564 1099 Deo

1981 1104 2223 1161 utilitatis
2252 1106 2565 1171 accreverit,
2599 1108 2652 1161 in
2682 1122 2788 1179 quo
2812 1104 3086 1177 plenitudo
3113 1112 3352 1168 omnium
3384 1114 3559 1168 bono-

1976 1186 2482 1254 rnm_ante_omnem
2512 1185 2748 1254 creatam
2766 1189 3064 1254 creaturam
3094 1181 3285 1247 fuerit;
3320 1187 3561 1254 sequitur

1976 1247 2117 1328 quod
2150 1248 2294 1301 nulla
2322 1250 2632 1328 necessitas,
2659 1250 2751 1305 sed
2778 1249 2889 1304 sola
2914 1252 3157 1308 voluntas
3183 1269 3275 1310 eos
3301 1255 3367 1311 ad
3396 1247 3560 1311 inise-

1974 1320 2107 1371 riam
2135 1320 2473 1373 compulerit.

2046 1388 2269 1445 CAPUT
2308 1388 2450 1444 XXI.
2501 1389 2632 1445 Mali
2662 1391 2825 1446 Deum
2868 1403 3123 1448 auctorem
3152 1412 3252 1450 non
3305 1412 3430 1459 esse,
3470 1395 3562 1450 sed

1974 1458 2334 1514 ordinatorem.
2365 1460 2460 1514 Dei
2499 1461 2714 1534 bonitas.
2750 1461 3149 1534 Onmipotentia.
3185 1466 3353 1521 Deum
3378 1458 3560 1521 autem

1974 1544 2080 1584 non
2106 1545 2224 1585 esse
2248 1539 2519 1607 auctorem
2539 1533 2805 1607 mali_hinc
2831 1533 3011 1607 aperte
3032 1544 3260 1604 constat,
3283 1537 3423 1607 quod
3447 1538 3560 1606 ipse

1973 1615 2131 1656 omne
2161 1603 2357 1655 malum
2388 1603 2622 1658 damnat.
2650 1605 2817 1660 Porro
2844 1603 2985 1662 quod
3021 1608 3218 1661 malum
3248 1603 3354 1662 non
3378 1603 3558 1662 subsi-

1973 1680 2111 1745 stat,
2159 1673 2377 1745 evidens
2422 1677 2557 1728 ratio
2604 1676 2812 1745 probat.
2856 1673 3041 1732 Omnis
3080 1677 3221 1733 enim
3263 1678 3561 1733 substantia

1971 1742 2112 1818 bona
2141 1752 2244 1818 est,
2278 1744 2372 1799 sed
2417 1742 2854 1818 malumibonum
2893 1763 2999 1801 non
3032 1756 3146 1811 est;
3177 1748 3336 1818 igitur
3362 1749 3558 1803 malum

1973 1814 2267 1887 substantia
2290 1830 2393 1868 non
2422 1825 2525 1887 est,
2556 1817 2647 1871 sed
2683 1817 2911 1887 privatio
2936 1818 3061 1872 boni
3090 1814 3437 1881 estCVidetur
3460 1834 3559 1873 au-

1970 1891 2079 1959 tem
2104 1886 2324 1959 _malum
2353 1886 2637 1959 quoddam
2660 1886 2850 1959 agendi
2883 1889 2965 1943 vel
2987 1889 3218 1958 patiendi
3258 1889 3558 1959 scparabile

1971 1956 2253 2028 accidens;
2279 1955 2330 2010 in
2361 1955 2751 2028 actuquidem,
2781 1958 2907 2012 dum
2940 1955 3239 2015 inordinate
3267 1955 3472 2028 agitur;
3503 1960 3556 2014 in

1969 2027 2218 2095 passione
2242 2036 2441 2093 autem,
2475 2027 2600 2082 dum
2623 2029 2919 2084 inordinata
2949 2030 3086 2084 actio
3114 2030 3251 2085 bene
3279 2027 3556 2084 ordinabi-

1971 2105 2075 2169 tur.
2114 2098 2187 2167 (a)
2220 2096 2273 2152 In
2302 2113 2466 2166 regno
2491 2099 2685 2169 quippe
2710 2108 2895 2154 cuncta
2924 2101 3220 2155 ordinantis
3244 2100 3375 2155 nihil
3402 2102 3555 2155 inor-

1969 2167 2207 2223 dinatum
2227 2167 2561 2238 relinquitur.
2594 2170 2684 2224 Est
2711 2179 2885 2225 autem
2915 2179 3093 2226 rectus
3112 2171 3387 2226 rationalis
3406 2185 3560 2226 crea-

1970 2246 2109 2311 turzc
2159 2239 2320 2305 ordo,
2372 2250 2429 2311 ut
2476 2240 2670 2293 caduca
2714 2250 2950 2310 respuat,
3003 2256 3253 2297 mansura
3304 2248 3553 2311 appetat;

1969 2308 2213 2381 homines
2242 2311 2294 2364 in
2315 2310 2490 2364 anima
2518 2308 2843 2366 immortales
2870 2311 3073 2381 diligat,
3098 2310 3265 2367 Deum
3287 2308 3556 2367 suimmum

1967 2379 2166 2451 bonum
2196 2395 2305 2450 pra:
2332 2381 2579 2451 omnibus
2626 2395 2830 2446 amans,
2868 2379 2997 2451 ejus
3030 2379 3287 2437 veluntati
3315 2382 3553 2437 obediat.

1968 2448 2073 2504 Sed
2104 2448 2473 2520 quisummum
2494 2450 2693 2505 bonum
2719 2448 3087 2517 contemnunt,
3109 2452 3367 2507 caducum
3394 2467 3555 2506 mun-

1969 2520 2021 2592 di
2052 2522 2245 2592 bonum
2276 2521 2519 2591 diligunt,
2565 2521 2738 2576 socias
2780 2523 2987 2577 animas
3028 2522 3345 2592 despiciunt,
3374 2522 3554 2577 carnis

1968 2591 2247 2663 desideriis
2302 2592 2588 2663 obedinnt;
2658 2593 2711 2646 hi
2768 2593 3068 2648 inordinate
3109 2591 3327 2660 vivunt,
3371 2594 3556 2663 sicque

1968 2663 2165 2717 malum
2212 2662 2429 2717 faciunt.
2462 2662 2575 2718 Hoc
2620 2678 2749 2719 vero
2794 2664 2990 2718 malum
3031 2663 3381 2727 ordinabitur,
3423 2662 3552 2717 dum

1968 2733 2083 2788 base
2108 2734 2247 2788 actio
2276 2735 2325 2787 in
2354 2735 2655 2803 passionem
2684 2734 2992 2789 mutabitur.
3022 2734 3153 2788 Nam
3178 2734 3304 2789 dum
3338 2733 3470 2788 tales
3499 2740 3556 2788 et

1966 2816 2177 2858 Summo
2201 2813 2254 2859 et
2283 2805 2484 2859 caduco
2513 2804 2693 2875 mundi
2726 2805 2867 2859 bono
2892 2806 3183 2875 privantur,
3224 2818 3445 2859 necesse
3469 2809 3558 2858 est

1965 2884 2025 2929 ut
2045 2875 2268 2945 asperis,
2300 2890 2417 2943 qua:
2442 2874 2710 2929 blanditiis
2730 2874 2993 2931 contraria
3023 2884 3167 2941 sunt,
3218 2874 3552 2939 afﬁciantur;

1965 2960 2083 3015 qua:
2107 2954 2281 2999 tamen
2310 2947 2361 2998 in
2388 2959 2448 3000 se
2478 2946 2607 3013 ipsis
2630 2960 2734 2999 non
2758 2956 2880 2999 sunt
2909 2946 3069 3010 mala,
3100 2945 3195 3000 sed
3227 2945 3550 3015 patientibus

1963 3016 2212 3071 videntur
2238 3031 2436 3070 amara.
2480 3015 2641 3085 Igitur
2670 3031 2767 3085 per
2792 3024 3034 3071 naturam
3062 3016 3191 3069 nihil
3221 3026 3304 3071 est
3328 3016 3548 3085 malum.

2038 3087 2204 3141 Deum
2235 3096 2410 3141 autem
2446 3084 2712 3141 summum
2740 3087 2936 3142 bonum
2975 3086 3099 3141 hinc
3127 3093 3361 3148 constat,
3406 3084 3552 3148 quod

1962 3158 2117 3214 malis
2143 3165 2198 3211 et
2227 3158 2352 3219 reis,
2396 3158 2544 3226 quasi
2572 3166 2752 3211 contra
2795 3157 3077 3227 justitiam,
3124 3155 3548 3227 misericordiam

1964 3244 2114 3285 suam
2158 3236 2438 3299 prterogat.
2488 3227 2691 3297 Nempe
2742 3244 2772 3282 a
2802 3226 2983 3299 fonte
3011 3226 3552 3299 summibonitalis

1966 3296 2171 3367 iustitia
2190 3296 2390 3364 manat,
2420 3313 2523 3367 qua
2550 3296 2690 3352 Deus
2733 3299 2852 3367 jure
2899 3298 3130 3367 indignis
3170 3297 3411 3352 misereri
3448 3296 3550 3351 de-

2003 3380 2089 3426 eat
2114 3388 2127 3424 :
2156 3371 2245 3439 qui
2270 3370 2428 3424 etiam
2455 3370 2744 3424 benevolus
2770 3370 2820 3424 in
2850 3370 2950 3424 hoc
2979 3368 3377 3437 comprobatur,
3422 3367 3547 3436 quia
3614 3426 3617 3427 ν

1964 3443 2111 3497 solus
2140 3449 2218 3495 tot
2240 3441 2393 3495 bonis
2420 3440 2518 3493 frui
2555 3441 2740 3503 noluit,
2773 3441 2864 3493 sed
2887 3456 2950 3495 ex
2984 3440 3148 3493 nihilo
3198 3448 3273 3493 tot
3303 3439 3552 3492 substan-

1965 3513 2066 3593 tias
2087 3512 2329 3593 protulit,
2355 3511 2546 3591 quibus
2577 3512 2712 3565 bona
2744 3509 3255 3593 gloritedistribuit:
3285 3508 3546 3593 O_mnipo-

1964 3579 2269 3647 tens'vcro,
2315 3579 2423 3636 imo
2469 3582 2580 3649 ipsa
2626 3579 3009 3650 omnipotentia
3058 3580 3179 3634 hinc
3223 3579 3547 3645 declaratur,

1964 3654 2106 3724 quod
2131 3662 2335 3724 tantam,
2348 3650 2645 3724 machinam
2664 3667 2841 3706 rerum
2859 3669 2978 3707 cum
3001 3652 3247 3705 omnibus
3261 3665 3379 3721 quae
3400 3657 3546 3724 sunt,

1964 3719 2138 3795 potuit
2162 3739 2225 3779 ex
2268 3723 2435 3778 nihilo
2474 3723 2726 3795 formare,
2774 3732 2825 3795 et
2853 3724 3027 3795 omnis
3055 3719 3297 3795 creatura
3326 3736 3448 3795 cum
3480 3719 3549 3774 ad

1965 3791 2345 3851 inconveniens
2375 3808 2479 3847 non
2520 3793 2705 3858 flectit,
2736 3794 2828 3848 sed
2852 3792 3105 3863 quidquid
3138 3802 3237 3855 est,
3269 3791 3423 3863 nutui
3450 3805 3549 3843 suo

1964 3876 2137 3936 paret.
2170 3866 2308 3921 Ecce
2353 3873 2461 3919 tota
2510 3866 2733 3936 munitio
2774 3860 2965 3919 vestrm
2991 3860 3369 3933 propositionis
3405 3860 3550 3931 jacet

1966 3935 2185 3992 Sulll‘llla
2207 3936 2372 3989 ariete
2397 3935 2692 3989 manifestte
2712 3936 2987 3989 rationis‘.
3414 3937 3427 3953 ‘

2036 4006 2263 4062 CAPUT
2303 4004 2465 4061 XXII.
2512 4005 2657 4059 Unde
2686 4022 2764 4060 res
2796 4015 2997 4060 creaue.
3049 4004 3171 4059 Non
3206 4020 3267 4059 ea:
3297 4002 3396 4056 Dei
3423 4002 3549 4058 sub-

1966 4078 2171 4135 stantia.
2215 4075 2337 4130 Non
2367 4094 2428 4131 ea:
2456 4077 2666 4130 materia
2691 4076 2779 4131 sed
2805 4093 2866 4130 ea:
2890 4076 3067 4130 nihilo.
3101 4075 3202 4142 Qui
3244 4082 3409 4127 tamen
3447 4089 3552 4127 non

1967 4166 2031 4205 ea:
2054 4148 2232 4203 nihilo.
2269 4148 2408 4202 DISC.
2434 4147 2574 4203 Utile
2601 4157 2683 4201 est
2722 4147 2992 4201 munimen
3023 4146 3222 4200 erroris
3266 4144 3469 4209 subrui,
3497 4152 3553 4198 et

1967 4235 2146 4275 arcem
2190 4218 2429 4274 veritatis
2473 4219 2732 4280 construi,
2778 4220 2928 4282 cujus
2977 4216 3376 4271 fundamentum
3428 4215 3550 4283 quia

1966 4306 2128 4361 super
2159 4289 2336 4345 omnia
2370 4298 2639 4361 creantem
2677 4288 2939 4343 stabiliter
2973 4288 3180 4351 locasti,
3226 4294 3470 4361 superest
3493 4292 3554 4340 ut

1967 4357 2268 4417 machinam
2314 4376 2475 4430 super
2501 4360 2759 4429 originem
2804 4367 3082 4430 creaturze
3109 4357 3443 4430 consolides,
3487 4370 3552 4410 ac

1967 4432 2128 4487 finem
2170 4431 2354 4486 mundi
2382 4428 2547 4485 initio
2568 4428 2924 4484 continuando
2951 4428 3205 4493 aediﬁces,
3235 4428 3552 4496 culmenque

1966 4502 2021 4558 in
2067 4503 2176 4557 alto
2216 4502 2363 4571 regni
2412 4501 2673 4557 caelorum
2725 4513 3086 4555 consummes.
3130 4499 3311 4569 Itaque
3347 4499 3553 4552 ratione

1967 4574 2228 4644 probante
2272 4572 2677 4644 nobis_insinua
2703 4578 2879 4625 utrum
2920 4571 3245 4644 universitas
3289 4576 3548 4644 creatura}

1968 4637 2034 4698 ex
2062 4642 2330 4698 Creatoris
2378 4641 2695 4713 substantia,
2745 4656 2811 4697 an
2836 4657 2901 4696 ex
2936 4642 3111 4713 aliqua
3140 4637 3549 4711 praeexistente'

1967 4713 2211 4774 materia,
2239 4729 2306 4766 an
2333 4727 2401 4766 ex
2427 4711 2596 4767 nihilo
2622 4713 2691 4766 sit
2713 4713 2943 4768 condita.

2040 4785 2177 4840 Mtte.
2209 4783 2376 4853 Hujus
2397 4791 2678 4837 structurre
2704 4797 3011 4853 compagem
3035 4782 3121 4837 hic
3149 4780 3337 4853 artifex
3362 4791 3551 4833 corro-

1968 4855 2194 4917 boravit,
2225 4852 2376 4921 cujus
2419 4870 2551 4924 opus
2577 4854 2773 4908 nullius
2802 4852 3068 4924 augmenti
3115 4852 3369 4924 molimen
3418 4863 3553 4903 con-

1971 4926 2260 4997 quassabit.
2284 4925 2367 4979 Ex
2407 4922 2711 4997 substantia
2745 4922 3010 4997 Creatoris
3040 4938 3096 4997 se
3120 4936 3239 4997 esse
3264 4922 3376 4989 ipsa
3404 4934 3553 4974 crea-

1968 4993 2086 5051 tura
2106 5005 2277 5067 negat,
2304 5004 2357 5050 et
2378 4997 2597 5051 evidens
2620 4996 2903 5067 ratiototis
2931 4994 3093 5067 armis
3123 4993 3235 5047 suis
3262 4999 3546 5062 repugnat.

1968 5068 2110 5122 Deus
2138 5064 2365 5137 namque
2389 5076 2472 5122 est
2502 5065 2863 5137 immutabilis,
2887 5064 3068 5137 omnis
3098 5072 3278 5117 autem
3305 5070 3551 5137 creatura

1968 5139 2239 5194 mutabilis
2270 5132 2293 5190 ί
2314 5154 2433 5206 qua:
2463 5138 2506 5192 si
2529 5152 2593 5191 ex
2625 5134 2939 5189 immutabili
2963 5141 3146 5206 natura
3178 5132 3551 5206 processisset,

1970 5201 2367 5280 consequenter,
2401 5217 2455 5263 et
2482 5210 2597 5277 ipsa
2642 5206 2985 5280 immtllttbills
3011 5201 3554 5280 pcrdtiraret:__Porro

1970 5282 2013 5335 si
2041 5272 2402 5349 corruptibilis
2448 5272 2634 5332 natura
2648 5292 2725 5349 ex
2766 5276 2858 5329 Dei
2891 5272 3185 5349 substantia
3212 5272 3441 5343 prodiit,
3470 5287 3557 5327 se-

1970 5352 2153 5423 quitur
2171 5345 2431 5423 quochi
2464 5347 2691 5423 essentia
2721 5345 3189 5423 corrumpi‘possit
3210 5358 3413 5423 ;_quam
3444 5357 3555 5423 caa-

1969 5414 2046 5477 cae
2086 5414 2278 5477 mentis
2318 5421 2574 5473 insaniam
2599 5418 2775 5485 jacula
2820 5414 3039 5472 rationis
3060 5414 3395 5479 confodiunt,
3444 5421 3495 5469 et
3524 5429 3557 5469 a

1970 5494 2251 5564 praesentia
2281 5490 2517 5564 veritatis
2570 5489 2722 5564 longe
2763 5487 3219 5564 rejiei_unt.‘Qu_0d
3263 5494 3439 5541 autem
3479 5498 3552 5540 ex

1971 5557 2112 5618 nulla
2141 5560 2471 5617 substantiali
2501 5559 2719 5613 materia
2762 5558 2979 5613 condita
3007 5558 3095 5623 sit,
3148 5557 3272 5612 hinc
3315 5564 3548 5623 constat,
3614 5594 3621 5621 ,

1968 5634 2113 5707 quod
2162 5633 2293 5688 nihil
2346 5640 2540 5700 prseter
2572 5630 2736 5683 Deum
2790 5627 2967 5685 fuerit.
3014 5630 3198 5686 Restat
3237 5642 3366 5701 ergo
3407 5626 3551 5685 quod
3617 5626 3633 5681 l

2035 5728 2052 5792 ξ
2091 5724 2228 5783 Editi,
2246 5735 2366 5792 arce
2380 5718 2622 5792 manifesti
2641 5718 2843 5770 erroris.

2034 5789 2056 5819 ³
2089 5792 2218 5845 Mss,
2244 5789 2493 5833 existente.

2038 5848 2112 5911 (a)
2145 5842 2213 5897 tta
2233 5845 2464 5897 Elucidar.
2490 5845 2574 5898 lib.
2602 5844 2649 5906 l,
2668 5855 2775 5907 cap.
2803 5842 2881 5896 16.
