4076 6370
534 374 675 439 1019

531 492 849 553 universitas
866 507 930 557 ex
953 488 1124 549 ninilo
1146 494 1325 549 creata
1349 486 1453 558 sit;
1473 499 1580 545 non

530 566 689 623 fuerit
717 566 809 625 vel,
824 566 913 631 sit,
954 564 1048 620 sed
1074 563 1351 635 quodnon
1379 559 1580 630 aliquid
1614 558 1758 635 Γυῑι,⁸
1783 558 1884 615 hoc
1911 558 2113 635 aliquid

530 638 751 693 Creator
776 630 905 692 esse
927 635 1067 691 fecit.
1091 630 1175 705 '(a)
1200 634 1400 705 Tamen
1431 640 1571 705 ante
1597 630 1921 705 creationem
1950 631 2112 705 totius

531 718 787 765 creatura:
816 708 989 776 imago
1030 709 1082 761 in
1108 701 1308 771 Verbo,
1342 703 1392 759 id
1427 710 1527 770 est,
1560 702 1611 756 in
1643 712 1755 776 arte
1778 702 1871 757 Dei
1897 701 2015 764 fuit,
2044 701 2114 776 ad

532 784 687 851 cujus
725 774 1005 846 exemplar
1052 777 1367 851 universitas
1418 776 1471 851 in
1521 774 1789 851 creatione
1837 775 2109 851 prorupit.

533 843 682 908 Sicut
704 851 845 906 enim
868 843 1038 920 pictor
1069 848 1375 920 varietatem
1408 845 1629 915 pictura:
1661 850 1803 920 prius
1836 843 1895 920 in‘
1934 843 2113 920 mente

536 922 707 993 fingit,
735 920 800 975 ad
840 914 991 993 cujus
1026 914 1425 993 siinilitudinem
1461 914 1802 993 postmodum
1848 915 2113 971 visibilem

534 986 798 1067 picturam
844 986 1069 1067 pingit:
1112 990 1183 1045 ita
1220 988 1363 1067 Deus
1403 986 1828 1067 universitatem.
1852 995 2114 1043 creaturae

577 1065 687 1120 rius
727 1064 779 1118 in
809 1056 1063 1131 sapientia
1105 1076 1201 1117 sua
1241 1059 1580 1131 formaverat,
1631 1056 1921 1131 secundum
1955 1073 2114 1128 quam

577 1080 687 1120 rlllS
727 1080 779 1118 ΙΙΙ
809 1080 1063 1131 δειριεηιιᾶ
1105 1080 1201 1117 sua
1241 1080 1580 1125 IOI‘IllaVCY'dl,
1631 1080 1921 1113 SCCUIIUUHI
1955 1080 2113 1128 quam

536 1080 763 1190 formam
807 1140 995 1189 cuncta
1038 1147 1132 1203 per
1179 1128 1519 1187 multimodas
1560 1130 1765 1197 species
1813 1138 2113 1203 creaverat.

538 1205 650 1261 Sed
690 1207 861 1276 pictor
910 1200 1168 1275 picturam
1222 1210 1401 1257 mente
1441 1209 1762 1276 conceptam
1812 1200 1863 1254 in
1905 1215 1961 1276 re
2008 1215 2113 1255 non

538 1271 873 1343 existéntem,
902 1271 1001 1345 per
1028 1276 1235 1330 colores
1256 1283 1307 1328 et
1330 1287 1422 1343 per
1439 1272 1788 1345 instrumenta
1817 1271 2117 1345 extrinseca

537 1347 727 1404 adesse
775 1342 1048 1418 perducit;
1079 1346 1230 1418 Deus_
1256 1343 1884 1418 Aautem_unive_rsitatem
1931 1342 1985 1396 in
2030 1357 2117 1398 sa-

538 1412 869 1491 pientiasua
920 1417 1118 1471 nullam
1146 1416 1357 1491 quidem
1397 1412 1746 1491 substantiam
1798 1413 2116 1491 esistentem

538 1482 635 1571 per
664 1489 808 1544 nulla
824 1482 1362 1571 instrumenta-in.tot
1389 1484 1712 1571 substantias
1734 1482 1984 1571 produxit
2009 1501 2022 1549 ;
2064 1490 2118 1565 et

538 1552 661 1616 ideo
690 1576 756 1616 ex
784 1559 949 1615 nihilo
976 1557 1152 1613 omnia
1184 1557 1326 1620 fecit,
1354 1565 1408 1611 et
1428 1565 1603 1610 tamen
1626 1552 1777 1624 quasi
1813 1570 1919 1610 non
1949 1571 2015 1611 ex
2039 1552 2118 1609 ni-

545 1630 675 1695 hilo,
709 1629 802 1686 sed
835 1646 899 1685 ex
930 1630 1103 1699 aliquo
1130 1628 1351 1699 visibilis
1380 1626 1610 1699 mundus
1656 1627 1935 1696 processit,
1986 1625 2116 1681 dum

540 1702 709 1757 instar
728 1697 1211 1772 archetypi—mundi
1234 1698 1433 1772 formas
1463 1697 1653 1772 induit.

609 1772 834 1828 CAPUT
873 1766 1058 1826 X'Xlll.
1103 1769 1417 1838 Quwstiones
1446 1769 1507 1822 de
1538 1768 1803 1839 praesentia
1827 1766 1940 1822 Dei.
1970 1766 2116 1823 Dtsc.

538 1843 654 1901 Jam
702 1843 912 1914 egregia
955 1842 1084 1914 turri
1115 1843 1179 1914 in
1215 1842 1377 1895 altum
1426 1848 1673 1914 surgente
1714 1839 2117 1914 discreta_ratio

539 1909 786 1970 tenebras
808 1909 1004 1969 erroris
1022 1912 1255 1982 undique
1280 1925 1492 1965 versum
1520 1910 1773 1982 eliminet,
1806 1909 2119 1982 prmclarant

543 1994 866 2042 structuram
908 1999 1097 2039 serena
1137 1980 1374 2038 veritatis
1404 1982 1521 2036 luce
1558 1980 1831 2045 clarilicet,
1873 1994 1936 2033 ac
1963 1980 2120 2035 nobis

1674 483 1741 543 od
1761 483 1891 560 nihil
1914 485 2110 560 aliquid

538 2056 748 2128 inclytae
783 2055 912 2111 aedis
932 2070 1064 2126 opus
1094 2053 1408 2128 mirantibus
1429 2051 1640 2128 aperiat
1682 2060 1859 2105 utrum
1889 2050 2120 2107 Creator

538 2126 592 2189 in
632 2123 896 2194 creatura,
942 2123 1284 2182 a'n~creatura
1325 2124 1378 2178 in
1419 2123 1693 2189 Creatore,
1727 2138 1794 2176 an
1837 2130 2121 2190 utrumque

538 2197 593 2252 in
621 2207 846 2268 utroque
872 2197 1160 2260 consistat;
1192 2211 1262 2268 an
1297 2194 1472 2268 potius
1491 2195 1886 2268 _Crcator_extra
1913 2202 2121 2248 creatu-

545 2283 660 2324 ram
685 2264 879 2323 alicubi
921 2269 973 2323 in
1000 2268 1173 2339 aliqua
1217 2264 1383 2339 gloria
1424 2264 1850 2339 substantialitcr
1887 2272 2117 2339 maneat,

542 2348 840 2395 creaturam
862 2348 1038 2409 autem
1074 2334 1168 2409 per
1197 2334 1257 2392 se
1286 2337 1606 2409 existentem
1650 2334 2009 2409 potentialiter
2036 2351 2122 2389 re-

542 2409 714 2478 pleat;
745 2425 811 2464 an
839 2404 1088 2464 dimidius
1117 2408 1171 2462 in
1215 2408 1377 2478 coelo,
1425 2406 1675 2478 dimidius
1702 2406 1753 2459 in
1786 2404 2012 2478 mundo;
2054 2420 2123 2478 an

542 2475 827 2550 aliquando
875 2489 1013 2535 totus
1056 2476 1615 2550 inemlo,_aliqu_ando
1657 2484 1811 2550 totus
1840 2475 1894 2529 in
1924 2475 2123 2550 mundo

542 2545 797 2607 subsistat
823 2568 837 2606 :
869 2566 937 2605 an
960 2565 1053 2620 per
1081 2549 1288 2620 singula
1308 2545 1433 2602 loca
1452 2546 1673 2620 divisus,
1705 2560 1771 2620 an
1798 2545 1848 2599 in
1878 2546 2124 2620 omnibus

544 2622 675 2701 locis
707 2630 848 2701 totus
873 2616 1065 2701 esi—stat
1086 2616 1198 2701 ;_an
1225 2617 1590 2701 aliquandoin
1608 2616 1698 2671 illo
1720 2616 2125 2701 loco,.aliqua_n-

541 2693 612 2749 do
640 2694 690 2748 in
737 2693 844 2747 alio
892 2692 977 2757 sit,
1011 2690 1159 2746 verbi
1199 2687 1533 2762 gratia,beri
1556 2687 1932 2762 .lerosoljjmis,
1965 2687 2126 2744 hodie

539 2763 863 2835 Carthagini.
884 2762 1001 2818 cras
1020 2758 1418 2818 Romae'morari
1447 2758 1746 2815 credendus
1762 2759 1859 2823 sit;
1883 2773 1949 2813 an
1975 2770 2123 2835 extra

541 2830 762 2890 omnem
780 2835 955 2890 locum
980 2842 1034 2890 et
1060 2843 1207 2891 extra
1232 2845 1393 2888 omne
1420 2840 1629 2902 tempus
1665 2844 1877 2900 semper
1904 2839 1958 2886 et
2001 2830 2123 2885 ubi-

581 2921 645 2961 ue
668 2908 754 2962 sit.

541 2921 754 3035 (111312;:
789 2975 938 3032 Sicut
964 2975 1043 3032 sol
1073 2976 1318 3031 exoriens
1343 2971 1583 3045 quamvis
1607 2972 1927 3045 innumeras
1944 2987 2128 3045 rerum

542 3046 742 3104 formas
772 3048 1007 3103 tenebris
1048 3047 1246 3103 obsitas
1273 3043 1492 3101 cunctas
1536 3058 1633 3099 sua
1681 3043 1963 3114 praesentia
1991 3044 2126 3100 irra-

548 3119 693 3183 diat;
722 3120 793 3174 ita
834 3127 1026 3190 potens
1070 3119 1205 3173 ratio
1252 3118 1377 3190 licet
1422 3114 2127 3190 multiplices_nimi_umque

544 3185 1057 3260 perplexas'vestras
1078 3189 1466 3260 propositiones
1487 3185 1996 3260 perspicaciintuitu
2017 3187 2127 3260 sin-

538 3256 689 3330 gulas
718 3256 1286 3329 discriminat,'resque
1309 3256 1829 3330 profundissimasde
1849 3257 2124 3314 obscuris-

545 3328 694 3401 simis
725 3331 941 3387 latebris
968 3328 1263 3401 protractas
1287 3328 1563 3400 perspicue
1589 3328 1837 3401 elucidat.

611 3399 835 3458 CAPUT
857 3398 1045 3458 XXIV.
1066 3401 1214 3469 Quod
1231 3398 1365 3454 Deus
1382 3398 1444 3454 sit
1464 3401 1516 3454 in
1539 3400 1675 3454 omni
1694 3409 1945 3454 creatura.
1979 3398 2129 3465 Quod

539 3489 749 3544 quaeque
763 3491 875 3529 eum
889 3473 980 3528 sibi
1002 3473 1161 3527 inesse
1170 3473 1370 3526 sentiat.
1389 3470 1538 3544 Quod
1558 3469 1688 3526 Crea
1697 3479 1778 3526 tor
1793 3469 1845 3525 in
1863 3477 1977 3544 tota
1987 3484 2129 3525 crea-

540 3540 902 3611 tura'existat,
924 3545 1099 3601 omnis
1118 3551 1360 3599 creatura
1382 3542 1568 3611 probat
1590 3560 1603 3595 :
1632 3558 1749 3612 quae
1766 3557 1834 3612 se
1852 3540 1982 3595 nihil
1998 3556 2026 3594 a
2045 3556 2125 3610 se,

540 3629 572 3669 a
598 3615 710 3672 Deo
734 3625 910 3672 autem
933 3631 1053 3672 esse
1073 3624 1127 3670 et
1147 3616 1343 3669 bonum
1366 3613 1561 3667 habere
1577 3611 1790 3666 clamat.
1822 3611 1962 3671 Deus
1985 3627 2128 3666 nam-

492 3750 495 3751 ν
541 3701 647 3756 que
672 3695 756 3743 est
778 3702 983 3742 summa
1018 3686 1247 3742 essentia
1275 3692 1329 3756 et
1370 3698 1637 3756 summum
1670 3684 1879 3756 bonum
1907 3684 2126 3756 :_omnis

540 3752 718 3813 autem
738 3768 977 3814 creatura
1000 3772 1095 3826 per
1114 3771 1232 3810 eum
1249 3754 1488 3826 subsistit
1507 3770 1521 3819 ;
1540 3753 1861 3826 omnisvero
1878 3752 2125 3826 substan-

539 3829 611 3884 tia
628 3830 764 3885 bona
780 3836 879 3896 est,
907 3823 1030 3897 quia
1054 3844 1117 3883 ex
1140 3824 1509 3897 summobono
1536 3832 1640 3897 est.
1664 3823 1764 3897 Ubi
1782 3833 1965 3897 autem
1986 3823 2127 3880 Deus

540 3914 645 3954 non
668 3910 769 3965 est,
802 3893 873 3954 ibi
894 3893 1025 3955 nihil
1052 3907 1161 3964 est;
1190 3898 1275 3953 ubi
1299 3911 1426 3951 vero
1447 3893 1642 3964 aliquid
1661 3893 2002 3949 substantiale
2023 3903 2131 3960 est,

542 3970 615 4027 ibi
639 3973 776 4029 Deus
814 3980 933 4027 est:
972 3986 1101 4041 ergo
1152 3971 1205 4025 in
1249 3968 1395 4041 omni
1430 3974 1690 4041 creatura
1717 3965 1871 4041 _Deus
1909 3965 2121 4041 exsistit,

546 4043 798 4111 quoniam
826 4043 1000 4098 omnis
1026 4035 1265 4111 creatura
1298 4037 1556 4111 subsistit.
1588 4037 1684 4111 llic
1710 4035 1952 4111 fortassis
1975 4035 2124 4090 inlir-

547 4106 670 4167 mus
698 4114 907 4168 animus
933 4112 1073 4183 apud
1117 4127 1176 4166 se
1204 4110 1351 4183 dicit,
1376 4110 1430 4183 Si
1460 4108 1598 4162 Deus
1630 4107 1681 4183 in
1712 4106 2124 4183 omnicrcatura

542 4190 644 4247 est,
674 4190 797 4237 tunc
817 4190 870 4237 et
894 4184 945 4237 in
968 4177 1145 4245 coeno,
1175 4190 1227 4236 et
1249 4180 1299 4234 in
1322 4180 1550 4245 inferno,
1575 4184 1630 4231 et
1658 4177 1709 4231 in
1732 4177 1901 4230 brutis
1922 4177 2126 4233 anima-

539 4250 702 4319 libus,
732 4253 840 4307 imo
860 4263 913 4308 et
939 4254 991 4307 in
1020 4252 1351 4306 drcmonibus
1378 4258 1480 4314 est,
1512 4264 1630 4318 qua:
1661 4248 1842 4316 utique
1867 4257 2124 4304 creatura:

542 4333 687 4378 sunt.
732 4322 829 4383 llic
868 4323 1062 4377 nullam
1095 4320 1573 4377 inconvenientiam
1606 4326 1786 4389 aperta
1816 4320 1954 4389 ratio
2000 4335 2123 4389 pro-

540 4390 655 4459 bat,
685 4409 803 4463 qua:
843 4395 893 4449 in
922 4394 1005 4448 bis
1033 4393 1278 4448 omnibus
1309 4392 1502 4446 bonum
1523 4460 1532 4463 _
1554 4388 1875 4444 considerat.
1904 4385 2123 4446 CLenum

543 4460 740 4533 quippe
784 4473 867 4523 est
912 4480 999 4521 res
1050 4479 1170 4519 cum
1218 4463 1319 4516 alia
1368 4460 1677 4533 permixta,
1733 4468 1917 4528 utpote
1982 4471 2123 4515 terra

542 4530 691 4606 cuni
729 4549 865 4606 aqUa
922 4536 1003 4591 vel
1050 4550 1170 4606 cum
1223 4533 1327 4606 alia
1382 4530 1892 4606 hujusmodizterra
1944 4542 2120 4586 autem

542 4604 686 4665 bona
726 4602 841 4677 est,
897 4608 1018 4677 quia
1075 4602 1368 4677 substantia
1422 4612 1535 4666 est,
1566 4609 1620 4657 et
1662 4617 1815 4677 aqua
1843 4602 1982 4677 bona
2041 4610 2123 4657 est

543 4678 667 4747 quia
724 4673 1167 4747 substantiaest.
1220 4675 1461 4747 lnl'ernus
1505 4688 1717 4747 quoque
1760 4673 2123 4747 Adicitur_esse

540 4743 766 4818 igneus;
797 4759 850 4804 et
874 4748 1008 4819 ignis
1036 4746 1206 4819 bonus
1232 4753 1330 4819 est,
1360 4746 1482 4816 quia
1511 4743 1807 4819 Substantia
1835 4752 1939 4819 est.
1962 4743 2121 4819 Bruta

543 4814 704 4876 etiam
730 4814 976 4875 animalia
1006 4818 1210 4889 singula
1232 4817 1284 4873 in
1312 4814 1504 4887 genere
1527 4831 1625 4871 suo
1649 4815 1724 4889 ad
1743 4814 1944 4889 aliquid
1973 4816 2121 4870 utilia

542 4900 700 4956 sunt;
732 4899 787 4945 et
813 4890 934 4946 ideo
976 4885 1116 4946 bona
1156 4898 1295 4945 sunt.
1317 4885 1607 4942 Dmmones
1655 4885 2021 4947 nihilominus,
2069 4889 2121 4941 in

545 4975 612 5016 eo
638 4960 1036 5034 quodangelica
1076 4970 1201 5034 sunt
1225 4957 1597 5034 naturatboni
1622 4965 1761 5011 sunt.
1797 4956 1979 5034 lgitur_
2001 4972 2121 5011 cum

542 5028 751 5088 constet
778 5028 896 5088 hmé
922 5032 1126 5102 singula
1146 5032 1195 5084 in
1224 5031 1363 5085 bono
1385 5029 1694 5102 subsistere.
1716 5028 2018 5102 necessario
2040 5043 2123 5083 se-

542 5105 723 5172 quitur
747 5104 933 5171 Deum,
959 5098 1051 5174 qui
1081 5102 1225 5159 solus
1254 5101 1461 5174 bonitas
1482 5107 1583 5165 est,
1623 5098 1690 5174 in
1706 5099 1953 5174 omnibus
1980 5113 2119 5174 esse.

620 5174 693 5245 (ὁ)
732 5174 834 5230 Sed
855 5169 1102 5230 etomnis
1127 5181 1367 5228 creatura
1403 5172 1565 5245 Deum
1594 5170 1693 5224 sibi
1713 5169 1997 5245 inesseper
2023 5171 2120 5225 ali-

543 5240 682 5314 quid
698 5248 876 5300 sentit.
907 5245 1095 5314 Angeli
1116 5244 1310 5299 etenim
1335 5251 1388 5299 ct
1424 5244 1668 5314 universa
1695 5240 1928 5296 viventia
1958 5242 2120 5296 Deum

544 5313 647 5371 sibi
678 5316 853 5372 inesse
895 5313 1150 5372 sentiunt.
1192 5316 1332 5370 Deus
1386 5314 1579 5384 quippe
1604 5313 1711 5366 vita
1732 5322 1835 5379 est,
1867 5321 1921 5367 et
1966 5328 2124 5368 omne

545 5388 686 5457 quod
717 5388 863 5453 vivit,
892 5390 998 5443 vita
1044 5387 1191 5442 vivit.
1220 5386 1335 5441 Non
1362 5386 1503 5441 enim
1546 5384 1766 5457 angelus
1795 5384 1964 5454 magis
1998 5384 2126 5457 vivit

543 5454 704 5526 quam
730 5460 946 5523 vermis,
974 5459 1098 5514 licet
1124 5459 1213 5513 ille
1239 5459 1307 5513 sit
1346 5455 1676 5520 immortalis,
1716 5454 1816 5526 iste
1858 5454 2119 5509 mortalis.

543 5525 659 5600 nec
704 5530 923 5600 angelus
963 5529 1132 5599 magis
1170 5528 1409 5585 subsistit
1436 5542 1607 5600 Aquam
1634 5525 1851 5600 vermis,
1883 5525 2123 5600 quamvis

544 5598 687 5655 illius
725 5597 1018 5671 substantia
1054 5597 1123 5655 sit
1165 5610 1393 5663 (eterna,
1432 5598 1587 5671 istius
1642 5597 1860 5671 caduca.
1883 5597 2123 5671 _Corpora

545 5683 754 5738 quoque
778 5667 1055 5739 coelestia,
1085 5671 1288 5727 scilicet
1324 5671 1425 5735 sol,
1474 5670 1617 5734 luna,
1646 5667 1841 5735 sidera,
1883 5668 2047 5739 Deum
2072 5667 2123 5721 in

543 5753 602 5792 se
622 5736 857 5797 sentiunt
885 5762 897 5799 :
924 5736 1052 5800 dum
1075 5758 1169 5813 per
1188 5758 1309 5797 eum
1336 5741 1513 5795 lucent
1538 5746 1591 5795 et
1618 5740 1930 5813 subsistunt.
1952 5736 2125 5795 Arbo-

608 5829 681 5923 ia‘fi
716 5832 816 5923 :35?-
839 5835 1050 5923 έρεεξιετί
1074 5831 1470 5923 ξελέλοξοελοεενηρ·
1493 5830 1543 5893 θ’
1564 5831 1640 5882 ¹¹·

632 5844 658 5877 u
720 5844 816 5881 vro.
842 5844 1050 5884 Ansetmi
1074 5844 1309 5894 monotog.
1332 5844 1421 5893 cap

609 5844 682 5956 ξιξ
716 5895 815 5945 Vid.
839 5895 1069 5948 Elucidar.
1095 5893 1183 5946 lib.
1210 5894 1255 5956 1,
1278 5905 1383 5955 cap.

1987 368 2350 429 APPENDIX.

3671 368 3832 435 1026

2222 505 2310 548 res
2341 498 2392 546 et
2416 487 2597 570 herbae
2623 489 2791 570 Deum
2820 489 2875 570 in
2895 502 2954 549 se
2968 492 3235 570 sentiunt,
3253 495 3383 570 dium
3404 510 3501 570 per
3517 510 3642 570 eum
3686 513 3829 557 ore-

2221 571 2377 621 scunt
2417 570 2471 617 et
2500 560 2811 635 subsistunt.
2851 562 3079 635 Lapides
3111 560 3237 623 vero
3277 560 3445 626 Deum
3483 568 3587 627 sibi
3635 572 3827 631 inesse

2221 634 2473 699 sentiunt,
2534 632 2658 687 dum
2706 649 2801 703 per
2844 632 2966 691 eum
3012 638 3344 695 subsistunt.
3376 640 3661 699 Daemones
3713 638 3828 701 sibi

2222 703 2388 781 Deum
2403 703 2589 781 adesse
2605 706 2861 781 sentiunt,
2880 706 3004 781 dum
3022 724 3117 778 per
3131 725 3252 765 eum
3270 711 3461 767 vivunt
3476 721 3531 767 et
3550 715 3822 781 sentiunt;

2221 776 2398 853 sedet
2424 777 2476 830 in
2505 775 2624 853 hoc
2659 776 2829 853 Deum
2868 775 3058 853 adesse
3085 781 3343 853 sentiunt,
3372 782 3514 851 quod
3541 782 3689 853 justo
3722 775 3824 843 Dei

2216 846 2418 924 judicio
2442 848 2585 924 mala
2612 847 2665 901 in
2683 848 2860 924 pmnis
2886 848 3057 904 luunt.
3085 850 3225 924 Deus
3246 846 3608 924 enim‘justitia
3632 866 3740 922 est,
3767 866 3825 915 et

2221 918 2542 987 ubicumque
2566 918 2769 987 justitia
2812 930 3114 987 excreetur,
3145 923 3284 979 Deus
3310 924 3381 979 ibi
3403 918 3524 981 esse
3550 918 3821 987 creditur.

2221 986 2310 1043 Sic
2351 986 2581 1062 denique
2621 989 2773 1062 adest
2812 986 3107 1062 imperator
3157 993 3351 1050 latroni
3402 995 3530 1051 dum
3572 1012 3694 1051 eum
3725 986 3824 1052 da?

2222 1069 2392 1127 mnat,
2405 1061 2560 1137 sicut
2586 1060 2739 1137 militi
2758 1060 3037 1137 cumcum
3059 1076 3386 1137 remunerat.
3418 1067 3486 1122 Et
3510 1083 3671 1122 nemo
3694 1069 3822 1137 opi-

2221 1139 2378 1185 netur
2405 1132 2569 1185 Deum
2600 1131 2792 1209 sordes
2821 1133 3004 1209 mundi
3042 1135 3357 1204 abominari,
3381 1138 3476 1194 sed
3503 1138 3652 1194 solas
3685 1131 3823 1209 pec-

2221 1210 2460 1257 calorum
2491 1202 2679 1274 sordes
2704 1205 2914 1259 noverit
2948 1220 3068 1260 cum
3104 1202 3401 1274 exsecrari;
3431 1224 3531 1265 nec
3556 1202 3822 1264 eum'ullo

2222 1274 2383 1346 modo
2424 1288 2580 1346 posse
2614 1273 2821 1346 ullarre
2851 1278 3250 1346 commaculari,
3282 1273 3419 1335 sicut
3446 1295 3551 1337 nec
3600 1280 3821 1346 radium

2224 1344 2353 1399 solis
2383 1344 2486 1399 nlla
2517 1344 2849 1400 immunditia
2875 1346 3158 1402 sordidari.
3236 1344 3245 1346 “
3816 1344 3819 1353 “

2292 1414 2518 1493 ΟΑΡμΤ
2552 1416 2717 1493 XXV.
2764 1416 3020 1493 Creaturq:
3058 1420 3209 1474 etiam
3234 1430 3351 1493 sunt
3388 1422 3441 1476 in
3484 1421 3612 1477 Deo.
3656 1423 3820 1493 Obje-

2224 1487 2321 1564 ctio
2358 1486 2586 1564 solvitur.
2613 1486 2843 1564 carnalis
2872 1488 2935 1542 de
2976 1488 3083 1545 Deo
3109 1502 3154 1544 et
3174 1491 3361 1564 mundo
3399 1494 3657 1564 cogitatio.
3687 1486 3824 1549 [Hea

2223 1558 2484 1613 sincerior.
2506 1557 2690 1612 Omnis
2723 1567 2899 1613 autem
2949 1569 3190 1616 creatura
3219 1563 3270 1616 in
3305 1557 3561 1619 Creatore
3582 1566 3824 1620 existere

2226 1629 2349 1684 hinc
2374 1629 2731 1699 cognoscitur,
2765 1629 2905 1699 quod
2935 1640 3082 1685 extra
3126 1630 3288 1687 Deum
3319 1634 3448 1688 nihil
3484 1651 3607 1690 esse
3636 1636 3821 1690 credi-

2225 1706 2341 1775 tur;
2369 1701 2465 1775 sed
2508 1709 2685 1775 tamen
2713 1715 2818 1755 non
2849 1701 2923 1754 sic
2949 1711 3033 1775 est
3062 1702 3117 1757 in
3147 1718 3212 1759 eo
3242 1713 3300 1758 ut
3325 1705 3397 1760 sit
3424 1704 3539 1775 ejus
3565 1706 3824 1763 substan-

2226 1771 2294 1825 tia
2322 1770 2407 1825 vel
2446 1785 2578 1843 pars
2607 1772 2722 1843 ejus
2747 1772 3031 1843 icssentim,
3065 1781 3123 1828 ut
3148 1788 3241 1829 cor
3283 1784 3366 1830 est
3395 1770 3701 1831 in'animali
3738 1776 3822 1832 vel

2225 1856 2347 1911 pars
2368 1841 2645 1903 animalis,
2666 1842 2760 1897 sed
2781 1852 2839 1896 ut
2859 1844 3087 1898 lucernae
3130 1845 3309 1901 lumen
3353 1847 3406 1901 in
3444 1847 3556 1903 sole
3594 1863 3705 1902 non
3740 1859 3827 1903 cst

2226 1913 2341 1989 ejus
2370 1913 2684 1989 substantia,
2715 1928 2885 1989 neque
2908 1929 3032 1989 pars
3064 1914 3508 1989 ejusessentizc‘.
3533 1920 3604 1972 At
3626 1919 3823 1989 aliquis

2226 1984 2419 2056 stultus
2451 1983 2535 2056 hic
2566 1985 2865 2056 prorumpit
2892 1992 2947 2039 et
2974 1983 3120 2049 dicit,
3149 1985 3203 2042 Si
3231 1988 3365 2056 lapis
3396 1998 3479 2044 est
3510 1989 3562 2044 in
3594 1983 3733 2056 Deo;
3769 1998 3823 2045 et

2230 2055 2374 2130 Deus
2408 2054 2570 2110 estin
2611 2054 2805 2123 lapide,
2828 2070 2954 2130 ergo
3002 2056 3134 2130 lapis
3173 2067 3254 2130 est
3284 2054 3443 2114 Deus.
3467 2058 3581 2114 Non
3633 2054 3823 2130 utique

2228 2125 2489 2207 sequitur,
2521 2132 2578 2207 ut
2602 2140 2759 2181 omne
2797 2125 2941 2207 quad
2975 2137 3057 2182 est
3084 2127 3138 2182 in
3167 2129 3355 2194 altero,
3383 2131 3452 2185 sit
3480 2131 3608 2185 illud
3633 2131 3686 2185 in
3713 2125 3823 2201 quo

2227 2205 2337 2268 est;
2367 2212 2489 2251 nam
2519 2204 2697 2252 vinum
2742 2204 2825 2251 est
2852 2204 2903 2251 in
2936 2207 3070 2264 utre,
3100 2207 3153 2253 ct
3195 2210 3368 2254 tamen
3400 2217 3505 2256 non
3549 2211 3632 2257 est
3666 2212 3823 2268 uter;

2229 2266 2307 2323 sol
2334 2282 2544 2337 quoque
2573 2268 2625 2322 in
2656 2268 2892 2339 speculo,
2924 2278 2977 2323 et
3000 2271 3271 2339 Speculum
3306 2271 3357 2326 in
3394 2272 3527 2337 sole,
3558 2283 3612 2327 et
3636 2266 3826 2327 tamen

2230 2347 2474 2413 neutrum
2495 2348 2577 2393 est
2601 2339 2743 2409 quod
2763 2338 2925 2413 aliud.
2948 2340 3094 2395 Sicut
3128 2342 3352 2411 quilibet
3375 2341 3559 2397 Roma:
3584 2345 3824 2413 positus,

2229 2409 2272 2463 si
2286 2410 2604 2480 cogitatione
2620 2418 2783 2464 totam
2801 2410 3065 2467 civitatem
3082 2409 3433 2479 collustraret,
3452 2409 3616 2469 totam
3631 2415 3827 2470 urbem

2230 2494 2352 2553 cum
2392 2482 2586 2553 populo
2618 2481 2951 2553 imaginando
2989 2484 3153 2537 menti
3186 2498 3295 2539 sua:
3323 2485 3647 2549 includeret;
3672 2496 3827 2540 recte

2232 2549 2496 2625 diceretur
2541 2549 2809 2606 Roma'in
2854 2552 2969 2623 ejus
3012 2554 3209 2620 anima,
3259 2563 3315 2609 et
3365 2556 3482 2625 ejus
3538 2557 3717 2610 anima
3767 2557 3825 2612 in

2232 2620 2689 2697 Boma_esse,rnec
2718 2620 2895 2697 tamen
2925 2625 3041 2693 ejus
3066 2624 3360 2680 substantia
3387 2620 3507 2682 esse
3536 2644 3550 2680 :
3581 2627 3662 2682 sic
3688 2642 3824 2697 pro-

2232 2692 2376 2749 fecto
2408 2695 2546 2748 Deus
2574 2695 2626 2749 in
2668 2696 2813 2748 omni
2863 2692 3127 2762 creatura,
3177 2705 3231 2750 et
3268 2697 3442 2752 omnis
3472 2692 3719 2752 creatura
3767 2698 3824 2752 in

2233 2779 2298 2838 c_o_
2326 2764 3048 2838 rectissimeafﬁrmatumet
3075 2774 3247 2838 tamen
3272 2778 3519 2838 neutrum
3550 2767 3692 2838 quod
3739 2777 3827 2823 est

2232 2835 2377 2890 aliud
2403 2853 2419 2903 ;
2448 2837 2540 2891 sed
2597 2836 2681 2891 hic
2716 2835 2937 2891 Creator
2959 2837 3100 2892 Deus
3128 2836 3488 2904 immutabilis,
3522 2835 3638 2894 hinc
3668 2854 3824 2894 crea-

2233 2913 2352 2961 tura
2392 2907 2664 2978 mutabilis
2692 2907 2970 2962 verissime
2995 2907 3329 2978 praedicatur.

2302 2977 2409 3035 Sed
2426 2979 2549 3048 quia
2581 2992 2679 3033 nos
2701 2978 2751 3033 in
2771 2977 3005 3034 tenebris
3019 2980 3124 3033 nati
3142 2995 3347 3046 sumus,
3367 2980 3547 3037 lumen
3579 2980 3822 3037 veritatis

2233 3048 2417 3122 videre
2440 3063 2858 3122 nonpossumus.
2888 3049 3137 3104 Mundnm
3165 3051 3306 3106 hunc
3361 3068 3522 3121 super
3564 3051 3824 3122 abyssum

2232 3117 2532 3193 fundatum,
2561 3117 2738 3174 Deum
2779 3128 2954 3193 autem
2982 3136 3100 3176 cum
3123 3123 3308 3193 Angeli
3334 3122 3386 3177 in
3413 3117 3552 3177 cmlo
3585 3117 3822 3177 iocatum

2232 3192 2544 3260 cogitamus,
2575 3200 2629 3246 et
2652 3202 2800 3263 extra
2828 3192 2967 3246 hunc
2993 3192 3244 3247 mundum
3278 3193 3409 3248 nihil
3439 3194 3541 3247 nisi
3568 3194 3823 3263 tenebras

2233 3277 2351 3334 esse
2379 3261 2763 3332 putamus.Sed
2793 3264 2965 3334 potius
2995 3264 3139 3318 visus
3169 3265 3362 3319 mentis
3390 3274 3584 3320 nostra:
3606 3265 3823 3334 magni-

2233 3332 2415 3405 tudine
2443 3348 2584 3388 verae
2619 3334 2748 3388 lucis
2788 3332 3091 3402 hebetatur,
3124 3336 3260 3390 sicut
3297 3350 3585 3405 corporeus
3626 3332 3822 3390 oculus

2232 3401 2437 3473 fulgore
2467 3404 2595 3459 solis
2620 3405 3012 3467 reverberatur,
3042 3415 3095 3460 et
3123 3405 3354 3461 tenebra:
3386 3401 3582 3460 nostra:
3610 3414 3820 3459 tantam

2233 3474 2525 3547 claritatem
2564 3490 2669 3529 non
2710 3476 3183 3547 comprehendunt,
3217 3484 3271 3531 et
3327 3477 3585 3547 caligante
3637 3476 3821 3531 cordis

2231 3545 2426 3618 intuitu
2444 3561 2560 3618 eam
2584 3560 2682 3600 nos
2702 3546 3051 3618 contemplari
3080 3545 3656 3618 pranpediunthempe
3675 3556 3822 3602 totus

2232 3614 2320 3672 hic
2365 3617 2596 3672 mundus
2640 3617 2805 3671 instar
2860 3614 3157 3671 brevissimi
3197 3614 3392 3688 puncti
3450 3614 3603 3672 intra
3647 3619 3820 3673 Deum

2232 3688 2527 3757 colligitur;
2550 3689 2891 3744 serenissima
2912 3698 3090 3743 autem
3110 3689 3194 3742 lus
3222 3689 3512 3757 majestatis
3532 3689 3645 3757 ejus
3664 3699 3819 3743 extra

2232 3758 2467 3828 undique
2488 3774 2699 3813 versum
2728 3761 2779 3813 in
2802 3760 3118 3814 immensum
3147 3758 3473 3814 diliunditur.
3499 3760 3633 3813 Deus
3661 3760 3821 3829 quip-

2232 3845 2299 3898 pe
2328 3831 2572 3884 universa
2604 3845 2761 3897 supra
2802 3841 2855 3885 et
2886 3830 3039 3894 infra,
3076 3831 3298 3885 interius
3327 3839 3379 3885 et
3401 3830 3655 3893 exterius,
3688 3841 3742 3883 et
3766 3830 3821 3883 in

2232 3901 2459 3954 circuitu
2504 3900 2880 3963 essentialitcr,
2904 3901 3107 3970 replet;
3136 3910 3190 3955 ct
3216 3902 3409 3956 nullius
3448 3909 3707 3956 creaturae
3740 3900 3822 3953 in-

2233 3971 2475 4027 tellectus
2506 3970 2952 4026 interminabilem
2982 3976 3097 4041 ejus
3146 3970 3495 4026 substantiam
3530 3970 3631 4041 ulla
3670 3971 3821 4041 cogi-

2233 4042 2432 4096 tatione
2468 4042 2709 4097 excedit.
2770 4042 2880 4096 Hoc
2930 4040 3120 4096 iterum
3171 4042 3442 4097 inﬁrmum
3491 4040 3822 4097 intellectum

2231 4112 2574 4177 scandalizat,
2603 4121 2657 4168 et
2687 4114 2874 4167 tacitus
2918 4113 3057 4181 apud
3083 4128 3141 4168 se
3180 4114 3382 4167 volutat
3416 4130 3427 4165 :
3455 4112 3511 4169 Si
3550 4121 3741 4166 cuncta
3766 4114 3821 4166 in

2232 4182 2342 4264 Deo
2395 4193 2537 4265 sunt,
2563 4197 2689 4265 ergo
2714 4192 2781 4265 et
2805 4182 2913 4252 lupi
2952 4194 3005 4237 et
3032 4193 3309 4265 serpentes
3336 4183 3444 4238 imo
3468 4190 3519 4264 et
3544 4181 3821 4265 daemones

2232 4253 2285 4308 in
2313 4269 2378 4309 eo
2408 4262 2549 4308 sunt.
2584 4253 2700 4321 llic,
2733 4264 2791 4308 ut
2817 4269 2997 4322 supra,
3026 4254 3171 4309 nulla
3208 4253 3622 4309 inconvenientia
3669 4268 3824 4307 com-

2229 4324 2506 4450 grobatur,
2552 4324 2676 4377 dum
2724 4325 2777 4377 in
2815 4324 2897 4378 his
2939 4324 3184 4380 omnibus
3246 4325 3444 4379 bonum
3499 4323 3821 4395 reperiatur.

2274 4411 2398 4450 mne
2422 4404 2598 4448 autem
2622 4395 2815 4449 bonum
2844 4395 2898 4449 in
2920 4394 3033 4450 Deo
3062 4404 3162 4450 est.
3182 4404 3330 4450 extra
3361 4410 3517 4450 auem
3551 4393 3675 4449 nihil
3707 4402 3820 4450 est.

2274 4411 2398 4450 mne
2422 4404 2598 4465 autem
2622 4395 2815 4465 bonum
2844 4395 2898 4449 in
2920 4394 3033 4450 Deo
3062 4404 3162 4462 est,
3182 4404 3330 4452 extra
3361 4410 3517 4465 quem
3551 4393 3675 4449 nihil
3707 4402 3820 4465 est.

2302 4465 2525 4523 CAPUT
2554 4464 2745 4519 XXVI.
2775 4464 2875 4520 Cur
2918 4482 3019 4521 non
3067 4466 3228 4520 omnis
3281 4463 3515 4520 creatura
3558 4463 3824 4535 aequaliter

2230 4535 2358 4615 lianc
2390 4538 2614 4615 fruatur,
2632 4553 2747 4590 cum
2767 4536 2927 4615 omnis
2946 4536 3009 4590 sit
3028 4536 3081 4590 in
3099 4535 3223 4591 Deo.
3247 4536 3383 4615 Quid
3402 4538 3466 4591 sit
3487 4536 3674 4615 malum
3678 4537 3819 4615 pati.

2230 4606 2335 4663 Sed
2366 4605 2641 4677 quazritur,
2669 4621 2764 4661 cur
2788 4607 2963 4677 aliqua
2985 4616 3228 4678 creatura
3259 4607 3545 4678 quidquam
3576 4605 3696 4661 mali
3719 4620 3823 4676 pa—

2228 4679 2408 4745 tiatur,
2436 4686 2619 4734 etnon
2659 4678 2831 4747 potius
2874 4686 2985 4733 tota
3024 4677 3299 4748 aequaliter
3339 4679 3480 4733 bono
3515 4677 3737 4745 fruatur,
3775 4678 3822 4745 si

2228 4750 2390 4813 Deus,
2422 4750 2511 4819 qui
2535 4757 2618 4804 cst
2646 4764 2909 4803 summum
2934 4748 3151 4813 bonum,
3181 4750 3231 4802 in
3258 4749 3401 4804 omni
3424 4757 3658 4819 creatura
3691 4763 3819 4805 esse

2228 4818 2547 4876 declaratur.
2576 4819 2685 4889 Sed
2719 4818 2990 4873 sciendum
3036 4829 3137 4881 est,
3169 4820 3310 4889 quod
3347 4820 3485 4874 sicut
3512 4818 3684 4873 anima
3725 4833 3819 4888 per

2229 4900 2399 4947 totum
2427 4906 2620 4961 corpus
2658 4888 2869 4961 dill‘usa,
2902 4890 2955 4944 in
2994 4888 3217 4960 singulis
3262 4890 3815 4961 membrisitotacon-

2229 4963 2367 5016 sistit
2396 5004 2410 5025 ,
2441 4959 2545 5015 non
2603 4970 2776 5014 tamen
2807 4960 3026 5030 singulis
3053 4959 3309 5016 membris
3347 4970 3452 5015 tota
3480 4959 3819 5015 administra-

2231 5033 2390 5089 tionis
2419 5048 2528 5087 sua:
2554 5046 2771 5085 munera
2814 5032 3019 5096 tribuit,
3061 5032 3154 5086 sed
3195 5032 3351 5087 oculo
3389 5040 3591 5086 tantum
3627 5030 3816 5086 videre

2230 5115 2411 5160 etnon
2461 5102 2667 5166 audire,
2698 5103 2813 5156 auri
2856 5112 3034 5157 autem
3077 5101 3261 5157 audire
3301 5110 3487 5158 etnon
3531 5100 3730 5165 videre,
3764 5110 3820 5155 et

2229 5186 2283 5231 et
2304 5173 2513 5230 caeteris
2534 5173 2586 5227 in
2619 5171 2758 5228 hunc
2788 5172 3033 5237 modum;
3065 5175 3361 5227 membrum
3403 5182 3580 5228 autem
3608 5172 3691 5226 cui
3718 5171 3819 5225 do-

2230 5262 2356 5301 num
2415 5244 2764 5314 vegetationis
2811 5243 3073 5299 subtrahit
3126 5244 3377 5314 stolidum
3427 5253 3482 5300 et
3533 5242 3716 5314 inutile
3762 5243 3815 5314 in

2230 5331 2453 5386 corpore
2482 5313 2799 5379 remanebit,
2827 5324 2881 5369 et
2912 5315 3011 5369 hoc
3037 5313 3232 5369 malum
3260 5315 3367 5385 pati
3408 5313 3492 5370 vel
3531 5313 3660 5369 nihil
3707 5313 3814 5386 pati

2230 5385 2546 5452 afﬁrmatur,
2579 5387 2701 5456 quia
2741 5386 2880 5440 bono
2907 5386 3143 5455 privatur
3171 5404 3184 5440 :
3217 5388 3294 5442 sic
3336 5386 3478 5443 Deus
3507 5401 3601 5456 per
3628 5385 3808 5439 omnia

2230 5457 2455 5515 diffusus
2478 5459 2530 5513 in
2563 5457 2782 5529 singulis
2813 5465 2954 5513 totus
2982 5457 3245 5529 consistit,
3260 5473 3364 5529 non
3399 5468 3571 5514 tamen
3599 5456 3821 5526 singulis

2230 5538 2418 5586 cuncta
2462 5530 2602 5585 dona
2638 5527 2822 5601 gratiae
2859 5544 2970 5583 suae
3000 5527 3222 5595 tribuit;
3254 5527 3347 5587 sed
3396 5528 3615 5601 singulis
3660 5536 3819 5601 prout

2230 5601 2333 5657 sibi
2357 5596 2818 5671 placueritflapidi
2849 5608 3051 5654 tantum
3072 5615 3191 5655 esse
3211 5610 3265 5656 et
3294 5596 3622 5664 nouvivere,
3641 5596 3819 5671 arbori

2233 5668 2529 5729 crescendo
2559 5668 2736 5727 vivere
2764 5685 2869 5726 non
2892 5671 3112 5740 sentire,
3146 5671 3330 5728 bestiis
3359 5671 3560 5728 sentire
3588 5684 3691 5725 non
3710 5668 3818 5725 dis-

2305 5888 2325 5922 ι
2353 5887 2657 5944 Absunthaec
2690 5905 2719 5944 a
2759 5899 2889 5958 Mss,
2922 5895 2974 5944 ut
3006 5905 3190 5944 cor.....
3212 5905 3327 5960 pars
3358 5905 3462 5957 ejus
3484 5897 3718 5945 “rem.
