4076 6370
874 373 923 383 μιν
960 371 985 391 7

502 403 652 469 1025

504 521 668 595 modo
686 533 717 576 a
747 512 1379 595 statuimmutabilitatis
1402 511 1728 595 degeneraat
1756 526 1769 563 :
1800 507 1931 595 talis,
1959 522 2080 595 ruu-

505 593 738 649 tabilitas
757 598 842 645 est
866 590 944 644 eis
972 588 1215 659 quaedam
1242 585 1559 659 mortalitas.
1590 583 1797 636 Animae
1818 594 1944 633 vero
1969 583 2083 633 sic-

503 674 565 721 ut
598 671 724 718 sunt
758 676 858 731 per
895 656 1087 734 omnia
1114 658 1419 734 mutabiles,
1449 656 1521 709 ita
1557 668 1781 734 quoque.
1805 666 1942 721 pene
1977 667 2090 734 .per

509 734 689 789 omnia
719 724 995 788 mortales.
1024 731 1164 785 Deus
1193 724 1511 798 quippe'est
1561 725 1667 778 vita
1698 724 1918 789 animae,
1947 724 2089 777 sicut

509 743 689 789 omnia
719 743 995 788 mortales.
1024 743 1164 785 Deus
1193 743 1389 852 quippe
1429 743 1511 780 εει
1561 743 1667 778 vna
1698 743 1918 789 ammte,
1947 743 2089 777 Sicut

506 806 623 877 ipsa
649 812 733 877 est
769 802 876 877 vita
902 800 1142 871 corporis
1168 817 1192 877 :_
1209 814 1265 877 se
1329 798 1467 877 sicut
1494 804 1763 877 mortuum
1790 803 2091 877 est‘corpus

508 867 721 947 quando
751 867 1133 947 animam-non
1170 869 1371 947 habet,
1415 871 1487 922 ita
1535 867 1712 947 anima
1755 872 1963 947 mortua
2006 871 2092 947 est

507 934 631 1001 énm
662 944 772 1000 Deo
808 951 985 1018 caret;
1027 943 1113 1018 vel
1157 941 1293 1018 sicut
1316 934 1493 1018 caecus
1515 937 1698 992 oculus
1737 944 1979 1018 mortuus
2006 934 2112 1018 di.l

511 1018 650 1072 citur
675 1030 796 1070 cum
823 1017 941 1071 luce
965 1006 1318 1083 privatimsic
1339 1009 1516 1083 anima
1537 1020 1766 1083 mortua,
1791 1022 1911 1083 cum
1934 1006 2115 1083 beata"~

510 1088 622 1142 vita
649 1101 768 1156 quae
794 1094 875 1140 est
902 1076 1043 1158 Deus
1084 1097 1190 1138 non
1219 1082 1429 1158 (ruitur:
1462 1080 1786 1158 Solusergo
1825 1076 2091 1158 Deus_ha-

512 1158 605 1213 bet
649 1148 1125 1221 immortalitatem,
1157 1153 1279 1223 quia
1312 1150 1729 1223 nullamrecipit
1762 1148 2092 1223 mutabilita-

510 1237 641 1285 tem.
669 1228 765 1283 Hic
803 1227 963 1281 etiam
994 1219 1140 1279 solus
1168 1219 1252 1279 est
1283 1222 1583 1288 invisibilis,
1616 1220 1737 1290 quia
1782 1219 1912 1273 nulli
1937 1232 2092 1290 crea-
2134 1232 2135 1235 ‘

510 1308 647 1371 turae
671 1299 737 1354 ad
758 1298 976 1367 plenum
1001 1294 1364 1364 iutelligibilis.
1393 1292 1594 1360 Nempe
1622 1289 1807 1362 Angeli
1828 1298 1882 1344 et
1901 1289 2094 1371 auimae

510 1360 789 1425 beatorum
817 1383 916 1424 suo
942 1382 1111 1429 more,
1142 1360 1247 1419 non
1276 1373 1480 1429 nostro,
1509 1378 1631 1417 eum
1658 1360 1869 1431 semper
1887 1360 2090 1423 vident;

510 1456 619 1495 non
650 1455 746 1509 per
771 1438 1047 1493 intervalla
1078 1437 1392 1506 Spatiorum,
1416 1435 1553 1509 sicut
1594 1447 1692 1487 nos
1722 1445 1977 1509 eorporea
2008 1431 2091 1509 vif

511 1504 722 1576 demus,
748 1510 842 1565 sed
878 1512 1014 1563 intra
1044 1504 1185 1562 seet
1212 1515 1362 1561 extra
1393 1521 1451 1560 se
1474 1547 1489 1569 ,
1523 1506 1573 1558 in
1600 1504 1746 1576 omni
1771 1507 2096 1576 creaturaet

516 1591 667 1637 extra
698 1571 909 1635 omnem
959 1588 1255 1633 creaturam
1284 1592 1404 1630 eum
1436 1575 1807 1644 conspiciunt,
1854 1581 1910 1627 et
1949 1571 2096 1626 nullo

517 1652 821 1707 intellectus
852 1651 1049 1704 intuitu
1072 1648 1471 1717 amplitudinem
1520 1662 1631 1700 sua:
1656 1644 1915 1717 claritatis
1932 1657 2093 1697 exce-

516 1722 669 1776 dunt.
704 1718 770 1775 Et
797 1722 917 1789 quia
942 1736 1045 1773 non
1076 1715 1304 1789 pleniter
1324 1718 1391 1772 ab
1420 1717 1548 1785 ipsis
1570 1725 1633 1789 ut
1661 1715 1937 1789 ⁸ιιηεςξ-ἰιιξφ
1964 1727 2097 1789 eon-

513 1784 1221 1864 spiciturvel_inte_lligitur,
1251 1789 1371 1843 ideo
1401 1784 1545 1864 solus
1564 1784 1851 1864 invisibilis
1877 1784 2095 1864 dicitur.

589 1862 815 1917 CAPUT
866 1856 1089 1916 XXXII:
1134 1860 1392 1926 Quatenus
1431 1860 1579 1912 homo
1626 1858 1696 1910 ad
1745 1856 2017 1925 imaginem
2049 1862 2098 1926 et

518 1934 900 1988 similitudinem
934 1932 1027 1985 Dei
1070 1925 1287 1985 creatus.
1330 1930 1430 1984 Res
1456 1929 1616 1983 omnis
1643 1928 1867 1997 aliquam
1896 1926 2007 1997 Dei_
2022 1925 2098 1978 si-

514 2004 852 2058 militudinem
900 2003 1066 2056 habet.
1111 2002 1320 2055 Animas
1360 2017 1469 2055 esse
1508 1995 1742 2054 internas}
1792 1999 1937 2052 Disc.
1979 1995 2100 2051 Jam

520 2075 699 2130 divina
757 2083 942 2129 natura
990 2089 1112 2127 cum
1164 2072 1403 2141 angelica
1452 2072 1505 2125 in
1554 2070 1655 2125 hac
1706 2071 1837 2141 turri
1869 2076 2099 2141 tenente

523 2154 756 2217 sceptra,
788 2159 914 2217 ceee
945 2144 1174 2199 humana
1198 2137 1385 2217 natura
1406 2139 1935 2217 legionem‘adducit;
1962 2146 2017 2192 et
2032 2137 2099 2190 ad

522 2210 935 2285 impugnandam
963 2230 1079 2268 eam
1110 2213 1421 2285 machinam
1440 2211 1615 2280 erigit.
1649 2210 2102 2285 Qu;er_i_t_nr_nam-

599 2278 919 2357 eqvuomodo
951 2285 1118 2357 homo
1157 2283 1223 2338 ad
1270 2278 1551 2357 imaginem
1601 2289 1657 2336 et
1700 2278 2101 2357 similitudiaem

570 2357 621 2410 ei
651 2348 909 2409 formatus
934 2355 1141 2408 dicatur
1169 2371 1182 2407 :
1214 2370 1335 2409 cum
1376 2348 1517 2406 nnlla
1547 2350 1915 2405 convenientia
1955 2348 2104 2402 simi-

524 2425 765 2481 litudinis
794 2426 883 2479 Dei
911 2425 962 2478 in
993 2425 1208 2479 homine
1227 2424 1602 2491 conSpiciatur.

596 2496 736 2551 MAG.
767 2494 1127 2564 lmpugnantia
1166 2509 1195 2547 a
1240 2493 1656 2564 repugnantibus
1707 2496 2100 2564 expugnantur,

521 2566 650 2622 dum
678 2560 1033 2635 praace'de'ntia
1066 2581 1095 2617 a
1131 2560 1576 2635 consequentibus
1621 2560 2102 2635 inexpugnabiliter

523 2630 866 2711 roborantur.
924 2638 1038 2711 Duo
1092 2630 1337 2711 homines
1385 2633 1710 2711 scribuntur,
1748 2630 2105 2711 ’interioret

525 2709 780 2762 exterior.
806 2707 1032 2762 Interior
1076 2705 1286 2769 anima,
1329 2705 1563 2759 exterior
1603 2716 1827 2771 corpus;
1884 2702 2105 2757 interior

525 2778 1087 2853 invisibilistexterior
1111 2776 1352 2853 visibilis.
1375 2774 1664 2853 Invisibilis
1707 2787 1835 2853 ergo
1860 2772 1927 2853 ad
1968 2773 2103 2853 ima-

525 2849 703 2919 ginem
733 2857 787 2902 et
809 2847 1207 2919 similitudinem
1235 2846 1514 2919 invisibilis
1546 2845 1636 2899 Dei
1662 2852 1745 2919 est
1767 2851 2001 2919 creatus,
2020 2845 2104 2896 vi-

525 2913 695 2973 sibilis
719 2927 892 2972 autem
930 2918 1218 2973 secundum
1245 2918 1505 2972 visibilem
1529 2915 1782 2969 mundum
1811 2923 1890 2969 cst
1910 2913 2108 2968 forma-

528 2997 639 3044 tus.
664 2989 807 3043 Deus
832 2989 1113 3043 invisibilis
1141 2996 1224 3043 est
1248 2988 1299 3041 in
1324 2986 1615 3043 substantia
1653 2985 1846 3050 unitas,
1888 2984 1941 3038 in
1981 2999 2105 3053 per-

527 3060 678 3113 sonis
708 3060 934 3114 trinitas.
968 3059 1191 3115 lnterior
1236 3074 1364 3129 ergo
1402 3058 1584 3122 homo,
1618 3056 1667 3110 id
1698 3064 1801 3122 est,
1834 3056 2019 3129 anima
2038 3054 2105 3109 ad

531 3130 817 3199 imaginem
847 3130 1063 3185 unitatis
1093 3139 1174 3185 est
1200 3125 1415 3193 creata;
1446 3129 1715 3199 quianon
1762 3135 1844 3179 est
1869 3125 2107 3199 partibus

529 3209 587 3254 ut
606 3196 800 3268 corpus
838 3202 1162 3269 composita,
1204 3200 1297 3254 sed
1327 3207 1412 3255 est
1448 3196 1670 3267 Simplex
1698 3205 1884 3251 natura
1916 3204 1969 3250 et
2000 3196 2102 3269 im—

532 3267 775 3325 mortalis
803 3267 1033 3343 essentia
1062 3272 1100 3325 ¹.
1134 3268 1208 3343 (a)
1252 3270 1348 3324 Est
1391 3283 1617 3343 quoque
1642 3269 1781 3321 Deus
1828 3267 2102 3343 memoria,

531 3356 651 3411 qum
670 3342 821 3397 suiet
845 3342 1079 3396 omnium
1109 3337 1227 3411 quin
1253 3349 1375 3394 sunt
1402 3337 1664 3411 meminit,
1686 3352 1804 3407 quas
1831 3337 1989 3392 Pater
2011 3351 2108 3391 uo-

533 3410 768 3466 minatur
799 3428 814 3466 :
848 3428 913 3465 ex
950 3427 1052 3482 qua
1102 3410 1443 3477 intelligentia
1488 3410 1741 3482 nascitur,
1775 3424 1894 3476 qua:
1939 3422 1997 3461 se
2048 3414 2103 3461 ct

530 3490 720 3537 cuncta
747 3497 865 3551 qua:
914 3480 1038 3536 sunt
1071 3482 1347 3551 intelligit,
1377 3496 1495 3551 qua:
1532 3480 1699 3534 Filius
1727 3487 2060 3551 nuncupatur
2091 3495 2105 3532 :

532 3566 598 3606 ex
624 3550 847 3622 utraque
874 3552 1089 3608 dilectio
1105 3550 1343 3621 procedit
1363 3593 1377 3616 ,
1402 3567 1518 3620 quso
1544 3565 1603 3605 se
1636 3560 1690 3604 et
1710 3550 1961 3622 universa
1983 3563 2103 3622 qua:

531 3633 658 3693 sunt
698 3619 890 3692 diligit,
923 3639 1042 3693 qua:
1070 3619 1297 3693 Spiritus
1325 3619 1541 3693 sanctus
1567 3628 1805 3693 vocatur.
1837 3619 1916 3673 Ad
1950 3619 2106 3687 hujus

535 3690 817 3747 Trinitatis
840 3690 1127 3763 imaginem
1166 3695 1341 3746 anima
1369 3692 1632 3763 conditur,
1667 3690 1791 3744 dum
1822 3694 1868 3745 ei
1900 3704 2108 3763 memo—

534 3763 632 3827 ria,
657 3760 975 3829 intellectus,
1005 3765 1138 3818 ratio
1152 3762 1683 3823 dilectionisinditur;
1716 3760 2108 3828 praeteritorum

533 3849 762 3905 namque
791 3835 1051 3899 meminit,
1084 3833 1365 3888 invisibilia
1390 3831 1817 3905 intelligit,imala
1844 3845 2109 3905 respuens

532 3902 882 3975 bona'diligit.
922 3906 1016 3959 Dei
1057 3919 1265 3975 quoque
1295 3903 1536 3975 essentia
1554 3904 1779 3975 estlux,
1807 3902 1933 3966 vita,
1956 3902 2111 3975 justi-

537 3974 632 4037 tia,
663 3976 891 4040 bonitas,
915 3973 1209 4030 beatitudo.
1238 3974 1317 4028 Ad
1340 3974 1478 4028 hanc
1497 3973 1893 4028 similitudinem
1933 3973 2109 4027 anima

533 4043 673 4099 facta
703 4055 816 4109 est;
850 4056 908 4099 ut
951 4048 1019 4100 sit
1059 4045 1227 4100 lucida
1250 4086 1263 4109 ,
1296 4045 1467 4097 vitalis
1493 4084 1505 4105 ,
1546 4044 1706 4112 jnsta,
1739 4042 1898 4106 bona,
1932 4042 2107 4097 beata.

538 4113 791 4169 Exterior
817 4131 944 4170 vero
962 4116 1143 4181 homo,
1172 4115 1222 4169 id
1248 4123 1348 4179 est,
1378 4128 1573 4183 corpus
1596 4112 1827 4182 quodam
1861 4112 2019 4165 modo
2044 4112 2109 4167 ad

533 4186 809 4253 exemplar
836 4186 1017 4241 mundi
1043 4185 1319 4250 formatur,
1347 4184 1471 4238 dum
1493 4199 1560 4238 ex
1580 4193 1805 4252 quatuor
1833 4183 2112 4239 elementis

534 4259 937 4326 compaginatur
968 4275 979 4310 :
1009 4256 1147 4311 unde
1192 4266 1244 4309 et
1274 4256 1677 4326 microcosmus,
1708 4254 1760 4307 id
1805 4264 1906 4317 est,
1934 4253 2111 4326 minor

533 4324 765 4397 mundus
792 4328 1215 4397 cognominatur.
1250 4326 1320 4380 Et
1360 4328 1411 4379 in
1442 4325 1542 4397 hoc
1564 4325 1722 4397 etiam
1752 4326 1928 4377 anima
1952 4324 2113 4397 habet

532 4394 931 4452 similitudinem
976 4398 1087 4461 Dei,
1122 4397 1246 4451 dum
1278 4397 1391 4466 ipsa
1437 4395 1516 4451 sic
1552 4396 1812 4449 minorem
1857 4394 2110 4450 mundum

531 4468 826 4535 gubernat,
860 4477 917 4522 ut
948 4468 1085 4523 Dens
1115 4468 1393 4537 majorem.
1424 4466 1609 4537 omnis
1634 4481 1846 4535 quoque
1868 4473 2113 4521 creatura

532 4551 630 4607 per
651 4538 844 4608 aliquid
873 4539 1272 4594 similitudinem
1292 4538 1383 4592 Dei
1406 4536 1585 4603 habet,
1608 4545 1663 4592 et
1688 4546 1940 4608 quantum
1965 4552 2111 4608 quae-

531 4606 636 4675 que
680 4606 831 4663 altcri
862 4620 944 4664 est
972 4610 1334 4671 excellentior,
1373 4618 1574 4662 tantum
1626 4617 1709 4662 est
1748 4607 1821 4661 illi
1863 4606 2107 4661 similior.

530 4675 649 4750 Ipse
678 4680 872 4750 quippe
910 4690 1013 4742 est.
1044 4680 1190 4746 vivit,
1219 4681 1396 4745 sentit,
1428 4694 1520 4747 per
1547 4678 1808 4750 rationem
1834 4677 2109 4750 discernit.

530 4747 912 4821 Lapides'ergo
960 4752 1073 4821 ejus
1124 4750 1485 4821 similitudine!
1511 4764 1569 4821 se
1617 4748 1940 4821 adjungunt;
1988 4749 2111 4816 quia

530 4828 677 4875 sunt.
704 4818 936 4877 Arbores
965 4818 1130 4890 magis
1155 4819 1489 4877 similitudini
1520 4819 1635 4888 ejus
1656 4818 2105 4890 appropinquant;

528 4891 652 4960 quia
682 4901 838 4957 sunt,
876 4901 931 4947 et
958 4888 1251 4948 crescendo
1294 4891 1496 4944 vivunt.
1542 4891 1777 4958 Qureque
1824 4888 2108 4960 animantia

532 4959 700 5032 multo
721 4964 889 5032 magis
908 4962 1023 5031 ejus
1045 4961 1446 5032 similitudinem
1468 4961 1791 5032 exprimunt;
1817 4959 1939 5032 quia
1962 4966 2106 5032 sunt,

527 5031 713 5086 vivunt
740 5029 1072 5087 et'Sentiunt.
1106 5034 1273 5088 Porro
1300 5033 1350 5085 in
1384 5030 1690 5084 hominibus
1720 5042 1775 5083 et
1814 5029 1865 5082 in
1889 5030 2110 5097 Angelis

529 5101 821 5158 similitudo
851 5104 945 5159 Dei
972 5104 1202 5159 maxime
1242 5102 1498 5171 refulget;
1528 5100 1650 5170 quia
1688 5108 1850 5166 sunt,
1888 5099 2107 5168 vivunt,

528 5174 801 5233 sentiunt.
832 5182 886 5228 et
915 5176 1120 5229 ratione
1148 5173 1481 5228 discernunt.

599 5245 818 5299 Animas
844 5253 1021 5299 autem
1059 5251 1268 5298 constat
1310 5257 1429 5297 esse
1474 5249 1723 5296 azternas.
1771 5240 1827 5295 Si
1858 5239 2002 5295 enim
2040 5242 2110 5298 ad

524 5312 809 5369 videndum
841 5314 1010 5371 Deum
1056 5314 1209 5369 factae
1258 5313 1637 5383 praedicantur,
1679 5312 1982 5383 necessario
2018 5326 2107 5367 se-

526 5385 727 5454 quitur,
758 5395 815 5441 ut
841 5387 979 5441 sicut
1006 5386 1145 5440 Deus
1194 5382 1350 5440 ﬁnem
1380 5399 1485 5439 non
1529 5383 1727 5437 habere
1754 5382 2005 5454 creditur,
2035 5384 2107 5438 ita

526 5457 719 5512 animae
750 5456 897 5511 illum
928 5458 1119 5513 visurte
1158 5456 1273 5511 sine
1304 5456 1406 5511 line
1436 5456 1615 5510 vivere
1640 5470 1746 5510 non
1774 5453 2103 5509 dubitentur.

588 5612 604 5642 ι
643 5616 695 5660 ιιι
716 5617 787 5678 B_.,
817 5613 904 5664 sed
920 5619 991 5664 est
1012 5611 1220 5678 simpr
1245 5618 1458 5674 natum,
1502 5616 1549 5663 et
1569 5609 1857 5678 immortalis
1878 5609 2102 5661 essentia.

521 5676 596 5748 Er,
618 5674 769 5748 ξερειξ.
796 5682 913 5748 Veu.
934 5684 992 5748 et
1013 5674 1122 5724 Lov'.
1157 5678 1314 5748 secuti
1335 5688 1519 5748 sumus,
1556 5688 1685 5748 quos
1708 5675 1901 5748 et__ipsa
1939 5680 2108 5724 secuta

522 5737 1139 5811 est’Pl’._l§enedictinorum
1165 5737 1698 5811 untuerpiananei’l‘intiu.“
1758 5743 1829 5811 lit.
1871 5797 1916 5811 _.
1986 5798 1995 5809 .

589 5796 662 5910 (α)
701 5798 799 5847 vid.
824 5798 1032 5847 Ansclmi
1053 5798 1285 5863 atonolog.
1299 5796 1434 5863 capp.
1449 5800 1528 5860 59,
1544 5800 1625 5862 69,
1637 5799 1729 5860 72;
1751 5798 1849 5849 vid.
1870 5797 2102 5849 Elucidar.

527 5858 606 5913 Ib.
659 5898 675 5923 ,
698 5872 839 5923 capp.
868 5861 943 5921 tt,
969 5861 1044 5909 51.

594 5892 606 5911 ο
631 5892 675 5923 I,
698 5892 839 5923 “ily!
873 5892 943 5921 Il.
969 5892 1044 5909 υιο

1962 386 2328 447 APPENDIX.

2199 507 2297 565 sed
2340 510 2615 634 ῧιιτιθιῆιιιι·3
2663 514 2843 567 utrum
2893 509 3003 569 illae
3031 512 3224 570 animae
3259 513 3595 575 immortales
3631 521 3788 592 sint,

2199 595 2316 634 dum
2388 596 2510 634 eum
2563 595 2757 634 YlSm‘m
2786 598 2892 634 non
2938 592 3080 634 sunt.
3136 585 3337 634 Omnes
3388 592 3596 634 animae
3624 595 3788 634 ιιηίηι

2196 595 2316 651 qum
2341 581 2510 635 Deum
2563 581 2757 637 visura:
2786 598 2893 638 non
2938 592 3080 639 sunt.
3136 585 3337 643 Omnes
3388 592 3596 645 animas
3624 581 3789 650 unius

2197 660 2407 727 constat
2431 666 2551 707 esse
2578 661 2814 720 naturae;
2840 663 2899 727 et
2932 656 2979 710 si
3009 657 3254 727 quaedam
3283 659 3478 714 anima:
3503 661 3786 719 immorta-

2197 722 2281 801 les
2301 732 2443 801 sunt,
2472 739 2600 794 ergo
2625 739 2812 801 amnes
2836 722 3166 782 immortales
3202 737 3327 801 sunt
3358 746 3373 783 :
3404 731 3570 801 igitur
3593 748 3786 791 omnes

2196 794 2388 876 anima:
2404 794 2572 849 Deum
2598 795 2792 876 visum
2810 812 3023 876 semper
3043 807 3202 854 erunt
3229 794 3504 867 heattefet
3530 818 3656 858 eum
3677 820 3789 862 non

2197 867 2388 919 visura:
2409 879 2621 935 semper
2644 867 2854 922 miserm
2882 869 2923 923 ¹.

2268 935 2495 991 CAPUT
2521 936 2761 992 XXXIII.
2793 938 2979 992 Anima
3013 940 3149 994 unde
3173 949 3277 995 tam
3319 944 3483 997 multa
3530 945 3699 1000 videat
3734 947 3788 1002 in

2196 1007 2405 1062 somnis.
2434 1005 2539 1062 Cur
2586 1025 2640 1062 se
2675 1026 2778 1063 non
2820 1009 3006 1063 videat.
3038 1010 3183 1067 Disc.
3213 1012 3370 1069 Unde
3404 1016 3602 1071 anima:
3641 1026 3787 1072 tanta

2196 1078 2378 1131 vident
2400 1077 2450 1131 in
2474 1079 2710 1134 somnis?

2268 1148 2407 1204 MAG.
2432 1150 2929 1222 Animainsatiabili
2954 1152 3243 1222 cupiditate
3270 1154 3471 1211 sciendi
3501 1157 3786 1213 veritatem

2197 1228 2462 1299 captatur,
2496 1229 2549 1275 et
2574 1220 2705 1299 ideo
2748 1236 2963 1299 semper
3008 1220 3516 1299 in‘eogitationibus
3541 1238 3787 1299 vagatur;

2198 1290 2425 1370 ideoqye
2447 1291 2690 1370 sensibus
2714 1290 2952 1370 corporis
2975 1290 3195 1370 sapitis;
3210 1310 3320 1370 _per
3335 1290 3789 1370 aenigmata'quae;

2199 1361 2320 1434 dam
2346 1361 2530 1434 futura
2551 1364 2688 1434 ADeo
2728 1361 3003 1419 revelante
3028 1361 3304 1434 praevidet,
3333 1361 3608 1423 interdum
3646 1361 3791 1425 circa

2198 1432 2755 1510 verisimiliadiabolo
2773 1432 3166 1510 fallenteanxia
3198 1432 3416 1510 languet
3442 1456 3455 1491 :
3491 1440 3790 1510 aliquando

2200 1502 2420 1579 Angelis
2449 1504 2528 1579 vel
2562 1505 3265 1579 animabus‘eonfabulatur,
3292 1502 3647 1579 a'liquando'a
3675 1510 3789 1565 dae-

2200 1574 2447 1629 monibus
2493 1575 2809 1629 ludiﬁcatur.
2856 1576 2980 1630 Haec
3029 1577 3083 1631 in
3144 1578 3359 1633 modum
3386 1574 3549 1636 'ocnli
3589 1589 3791 1637 center:

2201 1645 2376 1719 om_nia
2409 1644 2575 1719 videt»,
2600 1661 2658 1700 se
2684 1646 2854 1719 ipsam
2882 1646 3067 1719 videre
3092 1662 3200 1703 non
3220 1658 3418 1719 potest.

2276 1716 2419 1770 DISC.
2450 1714 2590 1770 Cura
2635 1716 2788 1771 nobis
2815 1733 2918 1771 non
2951 1718 3195 1773 videtur?

2271 1785 2413 1841 MAG.
2442 1787 2586 1863 Qnia_
2620 1796 2725 1841 tam
2751 1788 2987 1863 ._subti_lis
3021 1789 3138 1863 ejus
3169 1797 3358 1863 natura
3393 1789 3611 1855 dicitur,
3642 1793 3791 1863 quod

2201 1870 2320 1930 sea
2346 1858 2618 1926 corporeis
2656 1858 2824 1930 oculis
2874 1859 3042 1913 videri
3082 1874 3187 1915 non
3245 1861 3463 1930 patitur.
3517 1858 3790 1928 Quantum

2200 1928 2345 1984 enim
2366 1943 2501 1997 aqua
2541 1929 2754 1983 tenuior
2777 1938 2858 1984 est
2885 1938 3046 1995 terra,
3072 1928 3277 1985 tantum
3306 1945 3400 1986 aer
3423 1932 3680 1988 subtilior
3706 1944 3792 1990 est

2201 2013 2369 2069 aqua;
2417 2008 2472 2072 et
2498 2011 2753 2072 quantum
2799 2000 3051 2072 ai-therius
3090 2002 3227 2072 ignis
3265 2017 3443 2058 aerem
3492 2006 3790 2072 tenuitate,

2204 2078 2408 2124 tantum
2427 2070 2587 2124 vincit
2614 2072 2791 2125 anima
2821 2071 2995 2141 ignem
3025 2070 3297 2128 cmlestcm
3315 2074 3629 2131 subtilitate.
3664 2070 3792 2133 llaec

2203 2150 2289 2214 est
2311 2141 2451 2214 enim
2478 2141 2812 2214 causaquod
2836 2142 3011 2197 nullus
3038 2144 3257 2213 spiritus
3282 2159 3312 2198 a
3340 2145 3494 2200 nobis
3522 2146 3785 2214 cernitur,

2241 2212 2326 2264 uia
2351 2212 2615 2335 subglitas
2645 2213 2856 2268 illorum
2911 2221 3119 2268 naturae
3147 2223 3391 2269 nostrum
3422 2216 3596 2271 visum
3626 2212 3791 2274 exce-

2241 2296 2331 2335 ere
2364 2296 2453 2335 cre
2496 2292 2618 2335 lllll‘.

2241 2296 2331 2335 ere
2364 2284 2618 2336 creditur.

2277 2351 2501 2427 CAPUT
2530 2351 2771 2427 XXXIV.
2802 2352 2905 2421 Qui
2928 2356 3141 2427 singulis
3163 2356 3218 2410 in
3236 2356 3473 2411 membris
3490 2365 3616 2411 tota.
3640 2358 3790 2414 Disc.

2205 2422 2444 2498 qualiter
2492 2425 2801 2493 perhibetur
2853 2422 3029 2480 anima
3078 2442 3173 2496 per
3218 2435 3385 2481 totum
3423 2443 3621 2498 corpus
3671 2442 3795 2486 esse

2205 2492 2419 2557 dilfusa,
2450 2492 2505 2549 et
2538 2504 2715 2549 tamen
2756 2509 2861 2567 non
2895 2498 3063 2567 magis
3079 2492 3142 2550 in
3183 2498 3454 2566 maximis,
3481 2492 3585 2554 nec
3614 2500 3795 2555 minus

2205 2578 2327 2619 esse
2358 2566 2409 2619 in
2436 2566 2691 2620 membris
2720 2566 2974 2633 minimis,
2994 2566 3095 2639 sed
3124 2568 3176 2622 in
3200 2569 3421 2639 singulis
3458 2578 3570 2625 tota
3591 2570 3617 2624 ?
3646 2569 3780 2625 Num

2209 2643 2288 2689 tot
2316 2645 2440 2690 sunt
2470 2645 2609 2703 tota,
2641 2646 2769 2705 quot
2797 2638 3079 2692 membra?

2279 2706 2419 2763 ΜΑο.
2452 2707 2601 2762 Sicut
2631 2706 2874 2776 superius
2920 2707 3123 2763 dictum
3153 2718 3256 2776 est,
3294 2710 3341 2765 si
3384 2711 3563 2767 lumen
3594 2711 3652 2766 in
3674 2725 3793 2767 me-

2205 2776 2355 2852 dium
2386 2787 2762 2852 ponatur,_non
2790 2779 2966 2852 minus
2991 2779 3044 2852 in
3074 2781 3229 2846 meis,
3253 2789 3307 2835 et
3327 2797 3431 2836 non
3454 2784 3627 2852 magis
3655 2783 3794 2837 lucet

2207 2848 2261 2902 in
2284 2850 2502 2904 alterius
2529 2850 2716 2923 oculis,
2746 2848 2839 2923 sed
2867 2849 2921 2903 in
2964 2851 3185 2923 singulis
3204 2860 3393 2919 totum,
3422 2861 3477 2908 et
3504 2848 3571 2907 in'
3589 2868 3651 2908 se
3680 2855 3792 2923 ipso

2208 2929 2390 2993 manet
2414 2929 2603 2993 totum;
2635 2922 2711 2974 sic
2739 2920 2914 2973 anima
2942 2921 3135 2993 ubique
3171 2923 3222 2976 in
3250 2937 3497 2993 corpore,
3525 2931 3584 2978 et
3608 2925 3663 2977 in
3689 2920 3795 2977 sin-

2247 2992 2347 3043 ulis
2388 2991 2642 3045 membris
2671 3000 2758 3044 est
2782 2997 2921 3057 tota;
2954 2992 3093 3047 unde
3120 3000 3261 3048 tacto
3286 2991 3393 3048 uno
3421 2995 3670 3049 membro
3694 2994 3793 3048 do-

2231 3069 2285 3115 et
2304 3068 2433 3114 tota.
2456 3061 2573 3115 Non
2596 3069 2879 3134 tamentot
2905 3070 3012 3115 tota
3039 3073 3169 3132 quot
3206 3064 3469 3131 membra,
3498 3065 3624 3134 quia
3658 3066 3713 3120 in
3736 3079 3794 3120 se

2208 3131 2323 3201 ipsa
2351 3140 2531 3185 manet
2558 3141 2700 3197 tota;
2750 3132 2889 3186 sicut
2926 3146 3034 3187 vox
3058 3131 3125 3187 in
3167 3135 3385 3189 auribus
3414 3131 3659 3190 omnium
3691 3151 3794 3191 non

2208 3202 2615 3270 particulariter,
2663 3202 2757 3258 sed
2783 3208 2938 3257 sonat
2966 3211 3095 3269 tota,
3127 3213 3183 3260 et
3224 3205 3277 3260 in
3303 3219 3361 3261 se
3399 3206 3516 3276 ipsa
3554 3214 3799 3261 remanet

2210 3279 2339 3327 tcta.
3794 3297 3801 3341 ἑ

2282 3343 2506 3399 CAPUT
2524 3343 2617 3399 XX
2627 3342 2741 3399 XV.
2764 3342 2868 3416 Gur
2886 3360 2990 3398 una
3006 3344 3233 3400 discendi
3252 3348 3355 3401 alia
3370 3348 3630 3416 capacior.
3650 3348 3795 3404 Disc.

2213 3413 2269 3470 Si
2302 3430 2488 3487 omnes
2517 3418 2709 3487 animae
2739 3414 2897 3487 unius
2916 3423 3129 3487 natura:
3154 3428 3307 3483 sunt,
3338 3413 3593 3487 quidnam
3620 3434 3797 3474 causa:

2211 3486 2464 3555 estquod
2495 3486 2736 3556 quaedam
2765 3486 3011 3555 habilior,
3055 3488 3299 3557 quaedam
3339 3486 3543 3544 tardior
3595 3499 3683 3545 est
3731 3489 3797 3545 ad

2212 3556 2519 3611 discendum
2539 3559 2563 3611 ?

2251 3571 2519 3611 ISCCDGUI‘D
2539 3571 2555 3611 ἶ

2284 3628 2425 3683 MAG.
2449 3629 2639 3682 Anima
2665 3627 2825 3682 habet
2854 3630 3077 3682 formam
3098 3642 3237 3684 certe
3264 3629 3349 3685 vel
3373 3629 3634 3685 candelae.
3659 3630 3795 3687 Cera

2211 3697 2403 3753 habilis
2428 3709 2511 3755 est
2542 3699 2609 3753 ad
2635 3699 3035 3768 exprimendam
3061 3700 3368 3769 imaginem,
3397 3701 3442 3754 si
3478 3702 3528 3755 ei
3558 3701 3796 3769 sigillum

2213 3770 2567 3838 imprimatur;
2597 3770 2674 3823 sic
2698 3769 2916 3824 candela
2942 3769 3008 3823 ad
3035 3772 3338 3834 lucendnm,
3370 3771 3415 3825 si
3444 3772 3795 3827 accendatur.

2212 3840 2266 3913 in
2291 3842 2431 3913 hunc
2463 3840 2678 3913 modum
2717 3840 2967 3913 exprimit
2992 3841 3177 3913 anima
3213 3842 3498 3913 imaginem
3530 3843 3795 3909 scientiae,

2212 3912 2257 3983 si
2284 3910 2337 3965 ci
2379 3912 2699 3980 imprimitur
2725 3912 2954 3979 sigillum
2976 3911 3264 3978 doctrinm;
3291 3910 3579 3983 lumenque
3600 3914 3800 3968 verita-

2215 3982 2283 4037 tis
2308 3983 2528 4052 recipit,
2556 3984 2600 4035 si
2627 3983 2747 4052 igne
2785 3982 3062 4050 sapientize
3105 3997 3328 4038 accensa
3356 3982 3517 4038 fuerit
3548 4000 3564 4037 :
3602 4000 3727 4053 qua:
3751 3985 3794 4038 si

2215 4068 2275 4108 se
2295 4068 2389 4122 per
2418 4053 2650 4107 studium
2681 4054 2762 4106 vel
2786 4053 3098 4108 exercitium
3123 4053 3351 4109 habilem
3379 4057 3399 4086 ³
3428 4054 3673 4123 praebere
3699 4069 3799 4110 ne-

2214 4124 2467 4193 glexerit,
2520 4124 2659 4177 sicut
2683 4138 2807 4178 cera
2859 4126 2976 4179 sine
3004 4124 3267 4194 imagine,
3306 4135 3360 4179 et
3389 4124 3525 4179 sicut
3571 4126 3800 4181 candela

2215 4195 2495 4266 inaccensa
2517 4195 2634 4248 sine
2661 4194 2885 4261 lumine,
2906 4196 2983 4249 sic
3010 4196 3061 4266 in
3087 4196 3319 4266 tenebris
3336 4196 3656 4266 ignorantiae
3683 4199 3799 4251 sine

2215 4265 2435 4320 scicntia
2472 4274 2526 4318 et
2566 4266 2790 4319 veritate
2819 4265 3134 4321 remanebit.
3162 4265 3372 4333 Quanto
3401 4267 3569 4335 magis
3613 4276 3794 4321 autem

2214 4351 2439 4406 qumque
2465 4335 2641 4390 anima
2688 4350 2749 4390 se
2772 4338 3028 4391 doctrina:
3055 4337 3405 4407 adaptaverit,
3447 4344 3598 4407 tanto
3631 4339 3800 4407 magis

2215 4421 2382 4478 capax
2411 4408 2646 4463 scientia:
2672 4407 2793 4461 erit.
2832 4407 2941 4461 Cur
2985 4406 3167 4461 autem
3193 4408 3328 4478 ignis
3359 4410 3527 4462 sancti
3557 4406 3797 4477 Spiritus

2215 4477 2471 4547 quasdam
2506 4478 2711 4531 animas
2739 4491 2799 4532 se
2827 4478 3027 4533 habiles
3066 4493 3174 4532 non
3209 4477 3532 4547 prmbcntes,
3566 4480 3680 4532 imo
3706 4495 3803 4534 ne-

2215 4548 2493 4619 gligentes,
2522 4549 2721 4602 lumine
2747 4548 2988 4603 scientiae
3027 4549 3194 4618 magis
3214 4548 3505 4618 accendat,
3535 4549 3799 4619 quasdam

2214 4618 2322 4674 non
2366 4618 2658 4683 accendat;
2712 4619 2820 4673 imo
2859 4619 3170 4689 quibusdam
3216 4618 3583 4675 laborantibus
3629 4622 3802 4675 scien-

2215 4690 2343 4745 tiam
2374 4689 2680 4755 subtrahat,
2726 4690 2844 4744 aliis
2868 4690 3130 4744 similibus
3154 4704 3259 4743 non
3303 4691 3623 4753 subtrahat;
3663 4693 3801 4745 ratio

2215 4770 2498 4831 penetrare
2514 4776 2618 4815 non
2648 4761 2828 4815 valens
2849 4761 3091 4815 mirando
3110 4761 3303 4816 clamat
3326 4778 3338 4813 :
3369 4761 3415 4814 0
3434 4777 3585 4830 quam
3607 4762 3803 4814 incom-

2215 4832 2570 4903 prehensibilia
2595 4840 2711 4885 sunt
2730 4832 2928 4902 judicia
2953 4832 3070 4896 Dei,
3103 4841 3149 4886 et
3173 4831 3541 4904 inuestigabiles
3569 4832 3666 4885 vite
3685 4833 3797 4903 ejus

2216 4901 2394 4971 (Rom.
2417 4919 2489 4967 χι,
2515 4904 2638 4971 53)!

2294 4920 2394 4958 om.
2417 4919 2489 4967 xi,
2515 4919 2638 4967 eo)!

2216 4906 2394 4974 (Rom.
2417 4919 2489 4967 χι,
2515 4906 2638 4971 55)!

2288 4973 2515 5030 CAPUT
2546 4970 2787 5027 XXXVI.
2820 4973 2970 5039 Quod
3008 4989 3139 5028 unus
3178 4975 3320 5029 nobis
3349 4974 3610 5044 magister.
3648 4972 3798 5029 Disc.

2213 5044 2348 5100 Cum
2370 5054 2558 5100 cuncta
2574 5059 2604 5097 a
2627 5045 2892 5113 magistris
2918 5044 3208 5115 discantur,
3237 5048 3505 5115 quomodo
3530 5058 3670 5115 unus
3686 5059 3802 5098 ma-

2213 5117 2377 5187 gister
2404 5117 2457 5171 in
2488 5115 2639 5187 cmlis
2667 5130 2787 5170 esse
2813 5115 3061 5187 scribitur
3102 5114 3311 5187 (Matth.
3339 5132 3490 5181 xxiii,
3518 5114 3597 5187 9),
3630 5130 3662 5169 a
3690 5130 3799 5187 quo

2213 5186 2363 5259 Quasi
2392 5186 2692 5259 specialiter
2716 5186 3295 5259 quaequedoceantur?

2284 5258 2421 5313 MAG.
2456 5257 2512 5329 Si
2541 5266 2686 5329 recte
2708 5256 3072 5325 perpenditur,
3108 5256 3239 5311 nihil
3261 5272 3482 5328 prorsus
3498 5273 3596 5329 per
3617 5257 3797 5329 homi-

2213 5344 2336 5384 nem
2367 5327 2607 5383 discitur.
2639 5327 2872 5395 Magistri
2901 5337 3102 5382 tantum
3149 5327 3622 5383 commemorando
3662 5327 3794 5381 foris

2252 5401 2452 5454 lautant
2491 5408 2545 5453 et
2570 5399 2779 5472 rigant;
2812 5400 3013 5472 veritas
3050 5406 3226 5453 autem
3258 5416 3375 5472 quae
3403 5400 3664 5472 inanima
3696 5400 3796 5472 lia-

2255 5416 2452 5454 lautam
2491 5416 2545 5453 ΕΙ.
2570 5416 2778 5468 “galli;
2812 5416 3013 5453 veritas
3050 5416 3226 5453 antem
3258 5416 3375 5472 qua:
3403 5416 3456 5453 In
3485 5416 3664 5454 anima
3698 5416 3790 5451 na-

2213 5416 2347 5527 Bitat
2371 5512 2385 5536 ,
2409 5471 2551 5525 intus
2578 5468 2820 5525 docendo
2850 5471 3233 5525 incrementum
3276 5471 3369 5526 dat
3397 5471 3440 5543 (l
3463 5470 3582 5526 Cor.
3605 5486 3683 5534 ιιι,
3717 5469 3790 5538 7).

2277 5609 2294 5670 ξ
2330 5613 2403 5656 Er.
2439 5605 2587 5670 Lugd.
2616 5612 2718 5655 Ven
2760 5612 2872 5656 Lov.
2908 5606 2978 5656 sic
3012 5604 3188 5670 legunt
3225 5607 3356 5670 hunc
3396 5605 3592 5670 locum:
3617 5612 3789 5670 anates

2211 5668 2396 5736 animas
2584 5674 2765 5736 constat
2787 5682 2889 5719 esse
2916 5666 3131 5736 naturis,
3167 5676 3213 5719 et
3229 5668 3273 5721 si
3296 5670 3426 5736 (Lov.
3451 5668 3543 5731 sic)
3567 5666 3793 5736 quaedam

2212 5731 2387 5782 mtimw
2408 5728 2702 5794 immortales
2733 5738 2840 5781 sunt
2870 5744 2885 5780 :
2908 5730 3056 5794 igitur
3084 5728 3244 5781 omnes
3274 5728 3449 5794 animm
3478 5728 3636 5779 Deum
3664 5728 3788 5778 tisa-

2210 5808 2284 5846 rw
2304 5806 2489 5848 semper
2506 5800 2644 5843 erunt
2669 5792 2835 5851 beaue,
2859 5800 2901 5843 et
2926 5792 3033 5843 eum
3059 5806 3153 5843 non
3175 5794 3350 5844 visurw
3372 5793 3578 5843 misera}.
3643 5795 3701 5840 ll.

2277 5861 2297 5890 ³
2330 5864 2379 5906 ιιι
2401 5863 2481 5906 Ms.
2508 5869 2604 5906 non
2629 5864 2720 5917 est,
2744 5853 2984 5919 habilem;
3008 5869 3098 5907 nec
3120 5856 3258 5931 intra,
3283 5852 3480 5906 habiles.

3612 5974 3643 5983 ..
3668 5980 3671 5981 ν
3752 5944 3815 5997 ,δή

3650 402 3796 464 1021.

3832 5528 3859 5629 l
