4076 6370
288 350 441 414 μηδ

426 471 748 557 stultusnnon
766 470 1014 557 intelligit
1032 472 1173 541 haec;
1199 475 1337 532 ratio
1355 482 1673 557 autemqua:
1682 483 1886 557 cuncta

288 542 774 617 disc_erni_t,_facile
804 544 921 600 haec
942 542 1043 617 'ita
1090 560 1213 603 esse
1242 542 1632 617 comprobabit.
1682 546 1813 602 Nem

289 614 553 688 quidquid
580 614 824 688 discitur,
859 616 1050 672 melius
1089 632 1187 688 per
1212 614 1385 673 visum
1418 633 1578 688 quam
1606 633 1702 688 per
1727 614 1885 673 audi-

289 696 408 742 tum
434 686 660 756 capitur.
679 686 811 741 Nam
839 686 1256 756 qtiantum'cmco
1270 700 1395 745 nato
1420 686 1485 745 de
1501 686 1621 745 sole
1634 704 1886 746 narrave-

284 773 373 823 ro,
398 758 515 826 ipse
535 766 711 830 tamen
733 759 1037 830 nescitquid
1052 759 1231 827 sitsol,
1255 776 1412 830 quem
1432 776 1704 830 nunquam
1725 759 1879 826 vidit;

289 838 501 884 tantum
524 828 700 901 verbis
724 829 1059 901 meiscredit
1080 828 1287 901 aliquid
1305 847 1425 888 esse
1459 828 1602 901 quod
1624 831 1696 885 ita
1718 846 1882 886 voce-

281 909 399 966 tur,
422 908 514 953 aut
544 897 770 955 fortasse
794 899 1001 955 dubitat
1025 897 1314 971 quidquam
1336 918 1457 958 esse
1480 897 1536 957 in
1560 918 1617 957 re
1643 901 1783 971 quod
1803 903 1881 957 sic

282 972 595 1045 nominetur
633 988 646 1023 :
684 971 776 1041 qui
818 971 866 1026 si
895 981 1114 1045 repente
1146 974 1363 1045 videat,
1394 973 1510 1045 ipso
1546 974 1681 1045 visu,
1706 973 1879 1029 solem

280 1057 407 1115 esse
436 1043 647 1115 probat,
678 1058 835 1115 quem
872 1042 1051 1097 auditu
1082 1044 1224 1100 scire
1254 1059 1364 1100 non
1392 1042 1616 1115 poterat.
1651 1042 1876 1115 Sicple-

281 1113 442 1185 rique
470 1113 597 1185 caeci
629 1114 919 1183 scripturas
947 1125 1249 1182 noverunt,
1283 1113 1598 1171 seditamen
1638 1114 1765 1185 quid
1805 1115 1877 1170 sit

280 1184 426 1256 liber
455 1184 539 1239 vel
570 1184 743 1256 littera
766 1184 1031 1251 nesciunt;
1062 1202 1288 1256 quorum
1311 1188 1450 1242 oculi
1471 1188 1516 1242 si
1542 1184 1717 1241 subito
1742 1202 1873 1255 ape-

282 1254 517 1329 riantur,
543 1263 597 1310 et
621 1255 764 1329 libro
796 1271 975 1329 coram
1009 1254 1181 1326 posito
1226 1258 1352 1329 quid
1392 1259 1461 1312 sit
1482 1258 1625 1328 quod
1654 1254 1867 1323 vident,

277 1328 581 1399 mirantur,
614 1333 671 1381 et
718 1326 832 1399 visu
869 1326 1222 1399 discernunt’
1244 1326 1395 1399 quod
1423 1326 1607 1384 auditur
1636 1346 1742 1383 non
1772 1344 1871 1398 po-

279 1405 522 1454 tuerunt.
553 1397 719 1451 Porro
761 1397 808 1452 si
833 1397 992 1453 alicui
1033 1399 1243 1454 illorum
1271 1397 1638 1466 'dixero,.talis
1668 1397 1865 1466 littera,

278 1469 325 1523 Α
346 1479 589 1533 vocatur,
616 1476 671 1522 et
700 1468 840 1536 talis,
864 1467 907 1521 B
936 1471 1277 1536 nominatur;
1309 1487 1434 1526 mox
1481 1471 1743 1525 introrsus
1781 1486 1868 1525 re-

278 1542 471 1611 currit,
494 1540 773 1611 veritatem
802 1540 1048 1611 consulit,
1077 1550 1131 1596 et
1159 1557 1345 1596 verum
1374 1556 1493 1597 esse
1514 1542 1702 1611 probat
1724 1539 1866 1611 quod

276 1610 453 1665 audit.
478 1609 617 1677 Quid
658 1626 785 1681 ergo
811 1609 953 1666 hunc
992 1610 1172 1679 docui,
1200 1613 1291 1681 qui
1335 1627 1435 1667 nec
1478 1609 1623 1680 prius
1647 1609 1860 1679 auditu,

272 1696 381 1737 nec
408 1688 593 1751 postea
628 1680 747 1752 visu,
772 1680 911 1738 scire
956 1682 1128 1751 potuit
1162 1680 1289 1752 quid
1337 1682 1513 1737 littera
1544 1692 1720 1748 esset,
1753 1683 1860 1738 nisi

271 1753 501 1808 veritate
548 1753 690 1823 intus
719 1751 974 1818 docente,
1013 1761 1068 1807 et
1111 1751 1225 1808 visu
1268 1753 1397 1807 foris
1428 1754 1686 1823 probante
1722 1752 1864 1809 hanc

274 1822 579 1879 edisceret?
607 1822 717 1891 Ego
742 1832 944 1878 tantum
970 1838 1131 1880 sonos
1171 1822 1453 1879 verborum
1481 1825 1676 1893 protuli
1700 1840 1714 1890 ;
1744 1825 1861 1894 ipse

272 1910 406 1949 vero
438 1894 599 1949 verba
630 1903 681 1949 et
711 1910 798 1949 res
826 1909 921 1962 per
945 1895 1103 1950 verba
1130 1895 1453 1965 significatus
1478 1896 1699 1951 veritate
1717 1896 1860 1951 intus

274 1967 614 2020 examinante
639 1967 905 2037 cognovit.
935 1964 1025 2021 Sic
1052 1982 1146 2021 vos
1174 1964 1403 2037 quoque,
1438 1967 1484 2021 si
1512 1966 1678 2021 multa
1707 1967 1857 2021 vobis

273 2037 343 2092 de
374 2038 656 2107 elephante
686 2036 891 2102 dixero,
939 2037 1156 2091 nescitis
1190 2036 1317 2107 quid
1364 2038 1433 2108 sit
1476 2037 1715 2108 elephas,
1754 2037 1857 2093 nisi

268 2123 399 2163 eum
429 2108 697 2172 videritis;
728 2107 804 2162 sic
829 2108 997 2162 multa
1025 2108 1094 2163 de
1126 2108 1288 2163 David
1316 2107 1577 2178 legimus,
1608 2118 1662 2164 et
1702 2109 1856 2178 quasi

270 2178 453 2233 rufum
486 2178 752 2232 hominem
781 2188 835 2232 et
865 2178 1143 2248 pulchrutn
1168 2188 1383 2248 aspectu
1411 2195 1536 2235 eum
1566 2180 1810 2234 novimus
1832 2220 1849 2244 ,

268 2250 363 2322 qui
391 2250 436 2305 si
459 2250 527 2304 ad
550 2250 1193 2322 pricsensintraret,rnum
1225 2251 1372 2305 illum
1404 2250 1853 2322 agnosceremus?

267 2319 408 2375 Puto
457 2322 693 2376 minime.
723 2319 932 2387 Quare?
962 2321 1093 2387 Quia
1138 2338 1168 2377 a
1215 2319 1483 2392 magistris
1520 2322 1728 2377 discere
1759 2336 1853 2375 ne—

266 2392 559 2462 quivimus,
591 2392 729 2459 quod
764 2392 985 2447 veritate
1004 2392 1150 2447 visus
1194 2409 1300 2448 non
1350 2393 1707 2463 probavimus.
1747 2393 1853 2447 Do-

265 2473 451 2518 ctores
476 2463 671 2518 etenim
701 2471 900 2517 tantum
927 2478 1088 2518 sonos
1109 2464 1390 2519 verborum
1419 2464 1729 2533 proferunt;
1755 2479 1853 2517 au-

265 2534 474 2589 ditores
512 2543 689 2587 autem
727 2534 949 2589 veritate
994 2534 1135 2589 intus
1174 2534 1422 2599 docente,
1455 2535 1614 2588 verba
1640 2543 1844 2599 mente,

266 2620 361 2661 res
389 2606 505 2660 visu
528 2604 763 2676 discunt.
796 2604 884 2659 Sic
915 2605 1136 2669 litteras,
1166 2606 1243 2660 sic
1265 2606 1473 2676 ignotas
1502 2604 1729 2675 linguas,
1770 2605 1849 2661 sic

265 2677 450 2731 varias
478 2684 618 2730 artes
639 2675 911 2742 discimus,
936 2676 1062 2730 dum
1090 2691 1251 2733 sonos
1286 2675 1568 2731 verborum
1593 2692 1622 2728 a
1650 2691 1851 2745 prtecc-

262 2748 513 2817 ptoribus
540 2747 877 2816 percipimus,
911 2761 999 2802 res
1037 2747 1179 2816 ipsas
1204 2747 1425 2803 veritate
1451 2746 1678 2803 docente
1706 2746 1848 2801 intus

265 2819 693 2874 consideramus.
723 2817 828 2873 Sed
855 2818 979 2887 quid
1009 2818 1075 2873 de
1101 2828 1261 2873 cantu
1309 2826 1391 2873 est
1418 2817 1726 2885 dicendum,
1756 2818 1847 2887 qui

261 2905 381 2945 non
408 2889 637 2956 videtur,
667 2887 761 2944 sed
792 2897 997 2944 tantum
1025 2889 1210 2943 auditu
1234 2888 1479 2944 discitur?
1508 2888 1695 2943 Nonne
1718 2889 1847 2943 dum

263 2976 371 3014 vox
400 2960 640 3016 canentis
666 2959 797 3015 foris
822 2969 997 3023 sonat,
1022 2960 1216 3014 veritas
1246 2960 1385 3014 intus
1413 2959 1564 3029 quasi
1589 2959 1847 3029 quosdam

262 3046 526 3086 ascensus
554 3031 701 3085 vocis
730 3032 782 3085 in
824 3032 1000 3085 anima
1029 3029 1257 3085 format?
1287 3030 1449 3100 Igitur
1477 3030 1608 3084 nihil
1629 3031 1848 3085 cumino

262 3118 365 3172 per
385 3102 659 3158 hominem
690 3103 790 3156 nisi
821 3103 968 3157 solus
993 3116 1157 3156 sonus
1187 3101 1445 3172 discitur;
1478 3101 1639 3155 verba
1668 3109 1847 3156 autem

262 3171 320 3229 et
361 3188 451 3229 res
483 3188 577 3242 per
605 3173 883 3227 veritatem
916 3174 969 3227 in
1000 3172 1237 3227 interiori
1266 3171 1482 3227 homine
1518 3171 1847 3226 habitantem

262 3244 646 3299 discernuntur
664 3246 704 3297 ³.
736 3244 801 3298 Ει
830 3244 905 3298 sic
927 3242 1201 3299 verissime
1224 3258 1359 3298 unus
1381 3243 1633 3314 magister
1654 3243 1848 3312 praedi-

260 3324 444 3381 catur,
486 3332 514 3369 a
544 3329 650 3396 quo
675 3315 901 3396 quisque
943 3314 1505 3396 interinsrinstruitur.
1551 3313 1626 3396 lia
1669 3324 1847 3369 autem

261 3402 387 3456 qua:
415 3402 445 3439 a
470 3384 623 3441 nobis
659 3384 766 3440 nun
784 3384 1052 3453 videntur,
1080 3396 1139 3441 ut
1166 3386 1305 3441 Deus
1323 3395 1378 3441 et
1400 3384 1610 3456 Angeli,
1642 3393 1848 3440 tantum

259 3473 388 3512 esse
413 3457 722 3511 creduntur.

335 3527 563 3583 CAPUT
590 3526 852 3582 XXXVII.
883 3526 1018 3595 Quid
1058 3526 1297 3594 diﬂ'erant
1337 3527 1537 3582 credere
1577 3525 1764 3594 Deum,
1802 3535 1851 3581 et

260 3599 469 3671 credere
496 3600 547 3651 in
566 3597 750 3653 Deum.
780 3597 937 3653 Fides
964 3615 1097 3671 uera.
1126 3596 1271 3655 Dtsc.
1290 3597 1478 3656 Dillert
1500 3598 1850 3671 aliquid,ch-

260 3670 398 3724 dcre
426 3670 613 3733 Deum,
640 3678 692 3725 et
718 3671 937 3726 credere
958 3670 1011 3724 in
1036 3670 1201 3725 Deum
1224 3672 1246 3725 ?

339 3740 484 3797 Mac.
525 3740 764 3795 Multum.
797 3742 1077 3796 Daemones
1103 3742 1302 3797 etenim
1325 3751 1381 3797 et
1404 3741 1600 3812 Pagani
1626 3740 1852 3798 credunt

262 3812 459 3876 Deum,
494 3812 587 3867 sed
622 3828 726 3867 non
765 3812 991 3867 credunt
1037 3813 1090 3867 in
1120 3813 1307 3868 Deum.
1346 3813 1586 3869 Credunt
1618 3828 1849 3882 namque

261 3882 411 3953 quod
456 3883 596 3937 Dens
641 3882 710 3937 sit
754 3884 842 3953 qui
882 3883 1060 3937 omnia
1091 3885 1310 3949 creavit,
1366 3900 1429 3939 ac
1477 3898 1640 3953 super
1668 3885 1848 3939 omnia

264 3964 465 4024 potens
490 3954 577 4008 sit.
612 3953 668 4008 In
700 3953 865 4009 Deum
890 3962 1066 4008 autem
1099 3962 1305 4009 tantum
1331 3954 1577 4020 credunt,
1607 3954 1697 4023 qui
1726 3970 1847 4010 cum

262 4024 540 4094 diligendo
592 4025 645 4079 in
686 4024 833 4079 illum
888 4024 1128 4079 tendunt.
1180 4024 1317 4080 Vera
1367 4033 1545 4079 autem
1588 4024 1719 4079 fides
1767 4033 1851 4080 est

262 4098 510 4159 credere,
542 4095 681 4166 quod
704 4096 843 4151 Deus
865 4096 918 4149 in
938 4095 1166 4150 essentia
1196 4095 1264 4150 sit
1290 4096 1486 4163 unitas,
1512 4104 1564 4150 et
1591 4094 1643 4149 in
1670 4111 1854 4165 perso-

265 4168 353 4222 nis
377 4166 602 4231 trinitas,
635 4174 690 4222 ct
735 4166 821 4221 hic
850 4175 1038 4221 cuncta
1070 4180 1137 4222 ex
1182 4168 1349 4222 nihilo
1378 4166 1554 4222 Verbo
1580 4180 1678 4221 suo
1700 4182 1852 4221 crea-

263 4239 426 4302 verit,
459 4253 522 4292 ac
540 4238 771 4306 collapsa
789 4238 976 4293 eodem
1014 4236 1189 4293 Verbo
1214 4237 1488 4294 incarnato
1512 4247 1852 4293 restaurave-

265 4309 362 4375 rit,
400 4319 453 4363 et
499 4310 551 4362 in
593 4309 777 4363 ultimo
830 4309 916 4364 die
970 4325 1064 4379 per
1107 4308 1360 4379 Spiritum
1403 4325 1556 4364 suum
1604 4309 1850 4364 universa

268 4379 579 4444 innovabit;
611 4388 665 4434 et
701 4380 800 4435 hoc
825 4379 1164 4435 credentibus
1188 4396 1455 4435 summum
1490 4380 1711 4447 bonum,
1742 4382 1852 4435 sci-

270 4451 399 4505 licet
421 4466 480 4505 se
510 4451 702 4519 ipsum,
729 4451 779 4504 in
809 4452 1030 4521 prarmio
1056 4450 1218 4505 dabit.
1238 4451 1364 4506 Hanc
1386 4451 1520 4507 Iidcs
1540 4451 1643 4505 vita
1661 4451 1853 4507 anima:

265 4523 474 4588 existit,
509 4532 558 4576 ct
590 4538 682 4591 per
707 4521 843 4576 hanc
859 4522 1034 4592 justus
1062 4522 1208 4575 vivit.
1246 4522 1369 4576 lltec
1391 4521 1527 4577 ﬁdes
1556 4536 1652 4590 Spe
1682 4523 1854 4577 nutri-

270 4601 382 4658 tur,
405 4603 462 4647 ιιι
484 4607 678 4661 corpus
704 4592 823 4646 cibo
860 4592 1126 4656 reﬁcitur;
1159 4592 1444 4647 dilectione
1485 4593 1767 4657 animatur,
1798 4602 1856 4647 ut

267 4678 471 4733 corpus
489 4665 665 4718 anima
695 4664 1023 4729 viviticatur;
1064 4663 1280 4718 dilectio
1321 4671 1501 4718 autem
1543 4664 1857 4732 operatione

267 4736 672 4805 comprobatur,
700 4734 837 4789 unde
857 4744 909 4789 et
935 4734 1067 4789 fides
1088 4735 1203 4789 sine
1220 4734 1468 4804 operibus
1489 4743 1694 4789 mortua
1716 4733 1859 4788 amr-

268 4804 449 4877 matur
477 4804 679 4877 (Jacobi
695 4821 750 4868 ll,
784 4806 893 4875 I7).
918 4806 1057 4876 Ergo
1075 4805 1177 4859 tidc
1200 4806 1377 4877 anima
1404 4805 1686 4877 declinata
1715 4805 1858 4877 malo

268 4885 322 4931 et
352 4876 717 4941 facitbOnum,
749 4892 843 4945 spe
872 4887 1060 4931 cuncta
1085 4876 1390 4931 transitoria
1414 4876 1637 4945 respuit,
1668 4876 1857 4932 invisi-

269 4946 396 5018 bilia
427 4947 527 5002 sibi
549 4948 743 5001 similia
764 4947 785 4977 ³
810 4948 1031 5017 appetit,
1060 4947 1347 5002 dilectione
1366 4962 1588 5018 quaeque
1614 4946 1743 5002 dura
1773 4957 1857 5003 to-

270 5017 433 5083 lerat,
475 5018 651 5072 carnis
689 5019 917 5088 impetus
964 5019 1220 5085 refrenat,
1257 5017 1558 5074 necessaria
1601 5019 1858 5088 proximis

269 5097 493 5157 erogat,
523 5104 734 5160 summo
774 5090 917 5145 bono
943 5105 1158 5160 semper
1194 5089 1429 5145 anhelat.
1474 5088 1637 5159 Igitur
1679 5091 1858 5146 anima

267 5174 393 5230 qua:
418 5160 498 5215 sic
525 5159 795 5233 credendo
823 5171 877 5216 et
900 5159 1165 5231 sperando
1191 5161 1243 5233 in
1275 5161 1441 5217 Deum
1467 5161 1654 5228 tendit,
1682 5162 1858 5233 ipsum

266 5244 539 5286 summum
568 5230 768 5286 bonum
798 5233 916 5287 sine
932 5230 1039 5287 line
1062 5232 1297 5288 habebit.

336 5320 573 5378 CAPUT
608 5321 898 5377 XXXVIII.
946 5322 1093 5389 Quod
1134 5323 1319 5377 animi:
1363 5339 1515 5377 carne
1556 5325 1737 5379 soluta:
1785 5324 1862 5379 nil

268 5408 573 5463 corporeum
594 5394 827 5447 sentiant.
856 5394 997 5449 Disc.
1021 5394 1075 5449 Si
1097 5394 1288 5449 anima:
1308 5395 1617 5450 naturaliter
1640 5403 1765 5451 sunt
1785 5394 1862 5449 lu-

272 5464 440 5530 cidas,
473 5464 728 5533 qumritur
759 5473 934 5519 utrum
972 5465 1253 5519 animabus
1291 5480 1518 5532 corpore
1544 5467 1718 5521 exutis
1761 5467 1859 5521 lux

269 5534 377 5590 diei
417 5534 900 5609 aliquid_cont’erat
917 5577 932 5601 ,
966 5535 1054 5590 vel
1080 5550 1279 5609 rursus
1302 5536 1472 5608 caligo
1494 5537 1671 5595 noctis
1698 5538 1858 5609 quid-

269 5620 435 5676 quam
463 5605 532 5661 ad
558 5605 844 5662 videndum
872 5606 1099 5664 noceat?

333 5741 353 5773 ί
388 5749 472 5791 Is.
508 5742 747 5803 Audoen.,
769 5741 980 5798 discunt.

331 5803 355 5837 ¹
389 5804 525 5867 Idem
546 5810 653 5867 κε»,
677 5803 945 5867 discuntur.

332 5867 357 5906 ³
388 5866 540 5934 aditi,
563 5866 688 5923 sicut
709 5866 934 5926 άδὶωιὸα.

1255 356 1463 416 LIBER
1500 357 1590 415 DE
1625 353 2039 415 COGNITIONE
2078 356 2289 415 VERJE
2328 353 2539 417 νιΤιΕ.

3435 370 3587 435 1020.

2063 473 2202 547 Mac.
2251 472 2404 547 Sicut
2428 488 2625 545 corpus
2650 472 2767 532 sine
2789 476 2967 535 anima
2991 478 3126 540 nihil
3153 484 3355 543 sentire
3389 492 3574 547 cerni-

1993 545 2209 630 tur,.sic
2254 545 2436 630 utique
2479 547 2656 630 anima
2696 547 2813 628 sine
2838 563 3070 630 corpore
3092 553 3227 630 nihil
3252 545 3572 630 corporeum

1991 616 2192 699 sentire
2230 617 2487 699 creditur.
2532 616 2751 688 Corpori
2777 616 2975 691 quippe
3005 622 3237 681 admixta
3265 616 3365 699 per:
3388 616 3574 690 oculos

1988 687 2151 773 sentit
2176 687 2403 752 colores,
2430 704 2524 757 per
2549 704 2708 773 aures
2733 687 2921 773 voces,
2943 708 3039 773 per
3064 711 3220 750 nares
3240 687 3452 768 o'dores,
3478 687 3574 773 per

1985 759 2224 883 Balatum
2255 774 2494 840 sapores,
2524 776 2618 829 per
2648 759 2958 819 tactum'vel
2990 765 3255 822 incessum
3283 786 3369 824 res
3405 759 3574 844 tadgi;

2027 828 2121 883 iles
2153 831 2373 883 mollitie
2400 832 2483 883 vel
2527 831 2720 883 duritia
2750 833 3077 883 differentes-
3112 839 3150 883 Α
3188 855 3411 883 nnrnnrn
3437 860 3568 883 νοτ-Λ

2027 828 2121 883 iles
2153 831 2383 910 mollitie
2400 832 2483 885 vel
2526 828 2720 886 duritia
2750 833 3077 910 differentes.
3109 839 3155 891 A
3188 855 3411 910 corpore
3437 828 3568 901 vero

1985 909 2228 985 separata
2255 900 2384 983 nihil
2413 917 2729 985 cor-porcum
2752 907 3100 985 corporaliter
3124 900 3309 985 sentit',
3331 900 3569 985 quasque

1984 984 2072 1043 res
2111 972 2162 1024 in
2206 972 2530 1041 proprietate
2569 972 3218 1042 substantize,abstractis
3256 972 3569 1043 acc-ideniiis

1985 1040 2225 1121 colorum
2257 1044 2537 1121 conspicit,
2573 1045 2865 1121 Spiritualia
2895 1040 3107 1121 quoque
3133 1065 3232 1104 suo
3258 1069 3409 1108 more
3439 1040 3567 1111 seu;

1983 1111 2064 1164 tit.
2088 1111 2234 1183 Sicut
2261 1130 2387 1183 ergo
2411 1115 2587 1169 lumen
2611 1116 2845 1171 candelm
2877 1111 3005 1172 nihil
3022 1111 3244 1177 'confert
3272 1126 3370 1182 soli
3397 1126 3462 1181 ad
3487 1127 3570 1182 luo

1980 1182 2205 1263 cendum
2231 1226 2254 1263 ,‘
2277 1182 2365 1263 sic
2401 1185 2756 1263 profectqlux
2787 1189 2916 1243 solis
2946 1190 3077 1263 nihil
3108 1195 3326 1250 omnino
3353 1196 3565 1254 c0nfert

1977 1254 2169 1330 animae
2189 1254 2255 1309 ad
2271 1255 2587 1330 videndum.
2616 1258 2681 1330 Iit
2705 1259 2841 1312 sicut
2866 1275 2972 1314 nox
2993 1262 3150 1330 jubar
3174 1264 3302 1319 solis
3329 1284 3434 1322 non
3463 1269 3567 1325 im-

1976 1324 2283 1407 plcditg,sed
2330 1327 2503 1395 potius
2534 1327 2701 1396 fugit;
2736 1330 2952 1407 sic_nec
2991 1324 3189 1407 anima;
3224 1336 3562 1407 aliquatenus

1974 1394 2218 1477 obsistit,
2239 1394 2422 1477 utpnta
2446 1394 2615 1477 quam
2632 1415 2732 1477 nec
2758 1401 2932 1477 anima
2962 1404 3149 1477 sen_tit._
3165 1394 3332 1477 Porro
3356 1394 3557 1477 anima,

1973 1474 2066 1550 aut
2092 1466 2356 1550 spirituali
2384 1468 2500 1522 luce
2531 1469 2642 1538 ipsa
2669 1472 2825 1550 nimis
2850 1487 2959 1550 pra:
2988 1473 3104 1550 sole
3126 1474 3320 1545 fulgida
3342 1466 3558 1550 fruitur;

1972 1545 2064 1617 aut
2094 1536 2307 1617 horrida
2341 1536 2681 1617 peccatorum
2712 1536 2943 1617 caligine
2963 1536 3245 1617 obscurata
3267 1589 3281 1612 ,
3314 1565 3419 1605 non
3454 1536 3559 1606 no:-

1970 1610 2070 1689 ctis
2092 1647 2108 1673 ,
2137 1610 2231 1663 sed
2248 1610 2491 1689 propriis
2524 1622 2577 1665 ut
2604 1627 2777 1689 cmcus
2806 1610 3040 1689 tenebris
3072 1610 3559 1689 involvitur..Quod

1968 1687 2156 1752 autem
2173 1682 2351 1735 anima
2377 1695 2537 1736 carne
2562 1684 2737 1737 soluta
2762 1684 3116 1752 corporaliter
3137 1686 3309 1744 lucem
3338 1682 3449 1746 non
3473 1693 3552 1747 vi-

1967 1747 2109 1832 deat,
2144 1749 2267 1832 hinc
2292 1761 2519 1832 constat,
2544 1753 2684 1832 quod
2712 1769 2832 1832 cunt
2861 1747 3033 1824 aliqua
3058 1756 3259 1832 dictare
3280 1762 3548 1832 volumus,

1965 1820 2048 1874 vel
2070 1820 2355 1890 quidquam
2378 1820 3089 1893 facturidisponimus,'mox
3109 1820 3553 1889 anima'exterio;

1963 1905 2053 1945 res
2082 1907 2272 1971 sensus
2303 1894 2452 1971 fugit,
2487 1896 2750 1971 introrsus
2778 1912 2836 1951 se
2865 1896 3168 1971 colligit,ii_n
3191 1916 3249 1955 se
3274 1902 3384 1971 ipsa
3408 1905 3550 1960 intus

1963 1962 2269 2042 considerat
2480 1966 2678 2042 quibus
2701 1975 2921 2042 tractat,
2953 1962 3016 2023 et
3035 1962 3163 2042 salis
3204 1962 3382 2027 lumen
3414 1975 3548 2032 nihil

1964 2034 2011 2107 ei
2041 2034 2292 2107 prodest,
2323 2035 2414 2091 sed
2442 2038 2598 2107 etiam
2631 2036 2679 2092 ci
2723 2037 2789 2091 ad
2835 2038 2935 2092 hoc
2965 2040 3232 2107 negotium
3263 2043 3417 2099 obest
3445 2064 3460 2099 :
3492 2054 3550 2102 et

1961 2100 2086 2179 dum
2102 2105 2245 2179 _al_ias
2274 2100 2531 2179 attendit,
2562 2108 2825 2163 clatnosas
2852 2124 3011 2163 voces
3032 2100 3181 2179 quta
3210 2128 3268 2168 se
3303 2130 3409 2170 non
3444 2100 3543 2170 au;

1959 2172 2056 2251 dit.
2100 2174 2262 2251 Igitur
2290 2177 2464 2251 anima
2493 2188 2651 2251 extra;
2669 2194 2863 2248 corpus
2892 2172 3369 2251 nihil'corporeum
3400 2187 3546 2243 videt

1958 2245 2049 2366 ivell
2088 2247 2251 2366 atudit.
2298 2247 2449 2314 Quod
2479 2249 2524 2303 si
2553 2248 2714 2316 facit,
2761 2245 2885 2305 tunc
2911 2251 3091 2322 utique
3116 2245 3322 2310 acrium
3348 2271 3546 2328 corpus

1981 2331 2031 2366 IN
2056 2332 2106 2366 Ill
2137 2356 2150 2366 .

1956 2325 2150 2370 ttntuit.

2026 2385 2254 2463 CAP_UT
2291 2388 2533 2463 XXXIX.
2583 2389 2684 2455 Qui
2724 2393 2886 2444 sancti
2926 2410 3096 2463 preces
3147 2405 3343 2452 nostra:
3385 2415 3547 2455 exarto

1954 2456 2115 2510 diant.
2152 2459 2293 2538 Qtsc.
2321 2459 2381 2538 Si
2418 2461 2611 2514 animm
2642 2456 3117 2538 corporeas'__voce_s
3142 2482 3247 2538 non
3277 2468 3540 2538 audiunt,

1954 2530 2454 2607 quomodoanimas
2479 2530 2822 2607 sanctorum,
2852 2534 3052 2589 scilicet
3082 2534 3224 2607 Petri
3267 2539 3350 2592 vel
3397 2530 3546 2595 Mar;

2192 2601 2433 2669 alterius,
2470 2602 2618 2656 multi
2650 2618 2835 2673 preces
2865 2619 2989 2660 suas
3017 2606 3300 2665 exaudisse
3327 2611 3542 2681 experti

1951 2678 2102 2723 Sunt?

2023 2740 2162 2814 MAG.
2190 2740 2375 2814 Oratio
2414 2743 2591 2798 cordis
2614 2784 2629 2810 ,
2660 2759 2765 2799 non
2792 2745 2903 2801 oris
2922 2788 2938 2814 ,
2968 2748 3211 2805 ascendit
3237 2750 3291 2804 in
3317 2752 3539 2809 caelum.

1951 2810 2320 2891 Attintmcnim
2345 2829 2448 2891 non
2471 2816 2760 2891 clamorem
2786 2810 2950 2891 vocis,
2974 2818 3071 2891 sed
3098 2821 3276 2875 cordis
3292 2823 3539 2891 audiunt,

1953 2892 2007 2965 et
2035 2898 2091 2937 se
2120 2882 2345 2938 fideliter
2372 2885 2738 2965 invocantibus
2766 2886 3105 2944 subveniunt.
3141 2891 3325 2961 Neque
3365 2882 3538 2965 magis

1952 2952 2216 3031 clamosas
2253 2970 2451 3031 preces
2480 2956 2734 3031 audiunt,
2766 2972 2927 3027 quam
2956 2974 3047 3031 eas
3074 2976 3191 3028 qua:
3220 2952 3337 3018 sine
3364 2952 3497 3019 voce
3519 3006 3537 3031 ,

1952 3024 2038 3102 vel
2065 3024 2115 3102 in
2148 3025 2347 3102 lingua,
2372 3028 2456 3102 vel
2485 3027 2535 3080 in
2563 3026 2723 3082 corde
2750 3024 2954 3082 tantum
2982 3024 3139 3102 finiit;
3163 3034 3285 3101 quia
3309 3024 3534 3102 nequea

1953 3095 2107 3168 nobis
2137 3097 2291 3150 verba
2316 3137 2329 3159 ,
2365 3098 2457 3168 sed
2497 3112 2655 3151 voces
2675 3105 2899 3168 Atantum
2927 3095 3251 3168 audiuntur;
3280 3095 3536 3161 caeterum

1952 3165 2114 3239 verba
2146 3176 2323 3239 mente
2352 3166 2618 3239 videntur.
2663 3164 2792 3239 Cum
2832 3185 2959 3239 ergo
2990 3171 3180 3226 animm
3206 3164 3405 3229 nostra:
3432 3177 3537 3230 ali-

1952 3236 2079 3305 quid
2118 3238 2408 3291 secundum
2460 3238 2628 3292 Deum
2658 3236 2993 3302 desiderant,
3026 3250 3080 3295 et
3108 3242 3210 3298 hoc
3235 3245 3335 3299 sibi
3360 3261 3393 3300 a
3424 3247 3537 3302 Deo

1954 3323 2055 3385 pet‘_
2074 3318 2285 3362 sanctos
2299 3309 2440 3385 dari,
2466 3310 2578 3363 sive
2599 3310 2780 3377 corde,
2806 3312 3139 3385 siveglingua,
3162 3329 3258 3370 seu
3282 3330 3411 3371 vocc
3438 3332 3535 3385 po-

1953 3379 2202 3452 stulant;
2226 3382 2416 3433 animae
2460 3390 2763 3435 sanctorum
2812 3379 3038 3452 (quibus
3065 3393 3149 3438 est
3179 3385 3318 3441 idem
3346 3379 3536 3444 audire

1952 3448 2093 3519 quod
2122 3448 2320 3515 videre,
2344 3459 2403 3521 ct
2434 3466 2463 3505 c
2492 3454 2775 3521 converso)
2802 3448 2907 3507 no'n
2936 3468 3113 3519 voces,
3141 3456 3236 3511 sed
3264 3457 3422 3513 verba
3451 3460 3533 3513 in-

1954 3529 2184 3582 tuentes,
2207 3520 2505 3575 desiderata
2528 3522 2602 3577 eis
2630 3538 2659 3577 a
2688 3523 2797 3577 Deo
2824 3524 3139 3591 impetrant;
3166 3527 3306 3582 unde
3328 3526 3533 3585 habetis

1953 3590 2207 3666 scriptum
2232 3591 2613 3666 ,__Desideri_m_n
2652 3590 2939 3666 pauperum
2978 3595 3232 3651 exaudivit
3283 3597 3534 3656 Dominus

1955 3660 2134 3736 (Paul.
2157 3663 2266 3736 δὲ]
2279 3663 2330 3736 'Z,
2343 3660 2692 3736 _scc._llebr.).

2024 3732 2251 3808 CAPUT
2290 3733 2401 3808 XL.
2447 3732 2711 3801 Quomodo
2752 3736 3100 3808 intelligantur
3127 3739 3312 3796 anim
3350 3757 3383 3795 a
3415 3758 3535 3797 cor-

1955 3820 2076 3884 pore
2108 3803 2265 3869 solvi,
2297 3814 2343 3857 et
2373 3805 2552 3859 iterum
2580 3807 2787 3884 reverti,
2822 3824 2881 3884 ac
2907 3803 3012 3862 nisa
3038 3809 3243 3877 referre.
3286 3810 3534 3884 Inferna:

1954 3885 2024 3951 cst
2055 3875 2379 3951 incorporeus
2398 3918 2412 3941 ,
2456 3887 2545 3930 aut
2592 3878 2773 3951 anima:
2802 3878 3055 3933 damnatae
3081 3875 3263 3951 corpus
3290 3875 3526 3938 induunt.

1957 3946 2098 4000 DISC.
2122 3946 2309 4019 Nonne
2330 3947 2539 4019 legitur,
2567 3949 2707 4016 quod
2730 3964 2872 4019 saepe
2899 3951 3078 4005 multa:
3103 3946 3296 4008 an'imze
3316 3952 3383 4009 de
3404 3970 3530 4010 cor-

1955 4032 2083 4086 pore
2128 4017 2583 4089 cducyetmulta
2632 4019 2744 4073 loca
2800 4017 3056 4089 ptenalia,
3095 4031 3150 4076 et
3194 4024 3319 4078 item
3366 4027 3535 4081 multa

1955 4102 2162 4142 amoma
2185 4097 2236 4141 et
2258 4086 2464 4160 ﬂorida,
2491 4098 2545 4144 et
2574 4089 2625 4143 in
2650 4086 2886 4160 utrisque
2909 4086 3102 4147 multas
3122 4093 3327 4149 animas
3350 4094 3405 4150 in
3432 4095 3536 4152 hu-

1956 4174 2109 4238 mana
2141 4160 2306 4238 forma
2335 4159 2597 4238 viderint,
2628 4171 2786 4238 atque
2803 4159 2877 4238 ad
2902 4176 3098 4238 corpus
3127 4179 3380 4234 reversae,
3408 4167 3533 4238 plu-

1955 4229 2088 4283 rima
2118 4244 2175 4284 se
2204 4230 2270 4283 ab
2299 4230 2376 4285 cis
2402 4231 2616 4287 audisse
2647 4229 2963 4288 retulerim?

2029 4301 2166 4356 MAG.
2209 4300 2492 4378 Sciendum
2532 4311 2646 4378 est,
2677 4303 2818 4374 quod
2857 4302 2940 4358 hae
2968 4304 3159 4360 animae
3188 4321 3293 4362 non
3326 4307 3540 4378 penitus

1958 4385 2148 4448 corpus
2178 4372 2521 4448 reliquerant,
2555 4373 2648 4429 sed
2677 4372 2866 4429 sensus
2888 4384 3090 4430 tantum
3111 4372 3399 4448 corporeos
3419 4381 3533 4436 suis

1958 4442 2151 4497 officiis
2180 4442 2556 4509 destituerant,
2589 4454 2784 4513 corpus
2810 4456 2986 4500 autem
3017 4462 3122 4501 non
3152 4442 3224 4503 ex-
3249 4458 3360 4504 toto
3386 4451 3538 4508 vitali

1962 4514 2151 4583 spiritu
2178 4514 2411 4585 carebat.
2432 4513 2593 4585 Unde
2616 4530 2676 4568 ca
2706 4530 2823 4584 quin
2849 4516 3146 4585 audierant,
3170 4534 3276 4574 non
3303 4536 3389 4576 res
3414 4537 3539 4576 cor-

1962 4599 2137 4653 porcre
2157 4624 2172 4648 ,
2200 4583 2523 4661 sed__similes
2548 4583 2930 4661 corporearum
2968 4583 3145 4661 rerum
3190 4601 3376 4659 erant,
3406 4608 3539 4661 quas

1962 4670 2191 4729 reversze
2234 4655 2351 4709 aliis
2390 4656 2442 4707 in
2480 4670 2704 4729 corpore
2732 4659 3033 4713 constitutis
3070 4675 3164 4729 pro
3188 4655 3541 4719 mdificatione

1961 4724 2165 4778 rcl'crrc
2214 4733 2477 4800 poterant.
2530 4724 2816 4800 Postquam
2873 4745 3002 4785 vero
3054 4724 3246 4800 corpus
3302 4731 3538 4789 funditus

1963 4804 2242 4871 exuerant,
2262 4795 2423 4871 longe
2441 4812 2528 4853 res
2554 4795 2709 4854 aliter
2732 4809 2848 4855 erat
2866 4817 3023 4871 quam
3055 4795 3198 4870 prius
3219 4801 3403 4857 videre
3430 4820 3537 4860 non

1963 4865 2232 4944 valebant.
2262 4865 2427 4944 Sicuti
2457 4885 2555 4944 nos
2581 4870 2863 4944 aliquando
2884 4865 3318 4944 'juxta'parietem
3352 4875 3538 4944 positi,

1963 4936 2208 4993 umbram
2238 4938 2499 4995 venientis
2523 4936 2753 4996 hominis
2774 4985 2787 5006 ,
2819 4936 2924 4996 non
2955 4936 3123 5010 ipsum
3148 4936 3417 5009 videmus;
3450 4936 3541 4999 re;

1964 5017 2111 5081 moto
2135 5016 2315 5065 autem
2340 5011 2617 5067 obstaculo
2646 5012 2803 5079 muri,
2851 5013 3021 5081 ipsum
3054 5021 3111 5065 ut
3140 5021 3222 5067 est
3246 5015 3541 5072 cernimus.

1963 5079 2171 5135 Anima:
2201 5081 2361 5154 etiam
2391 5082 2760 5138 defunctorum
2786 5079 2905 5138 cum
2934 5083 3234 5138 viventibus
3260 5096 3539 5154 apparent,

1966 5166 2161 5219 corpus
2186 5153 2390 5207 aerium
2422 5154 2663 5219 induunt,
2694 5154 2746 5208 in
2778 5168 2882 5223 quo
2904 5167 3215 5223 corpoream
3243 5153 3431 5211 vocem
3458 5159 3544 5215 vel

1966 5224 2125 5294 verba
2154 5223 2401 5278 audibilia
2423 5228 2745 5294 exprimunt.

2039 5293 2174 5348 Hinc
2196 5295 2477 5364 colligitur,
2496 5293 2639 5365 quod
2672 5294 2910 5350 infernus
2935 5296 3005 5350 sit
3029 5294 3395 5365 incorporeus,
3420 5299 3547 5355 sub-

1969 5366 2159 5438 stantia
2181 5366 2490 5438 spiritualis,
2513 5382 2783 5437 corporeae
2801 5367 3019 5431 similis;
3043 5367 3195 5437 cujus
3220 5384 3374 5438 paena
3399 5380 3545 5427 tanto

1969 5437 2038 5507 sit
2075 5436 2459 5491 intolerabilior
2479 5478 2494 5503 ,
2539 5446 2737 5507 quanto
2765 5438 2980 5507 spiritus
3009 5447 3090 5493 est
3112 5436 3344 5507 corpore
3374 5443 3542 5496 subti-

1970 5506 2089 5561 lior.
2114 5508 2283 5561 Omne
2304 5508 2444 5561 enim
2468 5506 2661 5577 corpus
2687 5506 2948 5563 vetustate
2977 5508 3173 5573 deﬁcit,
3197 5506 3546 5568 diuturnitate

1970 5579 2285 5633 dissolutum
2319 5578 2571 5633 interibit.
2605 5577 2828 5653 Undesi
2857 5578 3133 5653 infernalis
3161 5583 3295 5653 ignis
3321 5592 3399 5639 cst
3426 5600 3548 5640 cor-

1971 5664 2185 5721 poreus,
2218 5658 2384 5721 restat
2412 5658 2470 5703 ut
2496 5650 2859 5719 corporalibus
2886 5651 3153 5708 alimentis
3180 5650 3461 5721 nutriatur,
3495 5663 3551 5712 et

1973 5720 2212 5793 sequitur
2232 5728 2290 5793 ut
2312 5720 2414 5773 illis
2433 5723 2765 5793 consumptis
2793 5722 2906 5793 ipse
2936 5724 3191 5790 intereat;
3221 5725 3315 5781 sed
3342 5720 3553 5783 constat

1971 5790 2151 5860 ignem
2175 5790 2438 5859 gehennae
2468 5807 2576 5847 non
2600 5790 2863 5868 deﬁcere;
2892 5811 3019 5868 ergo
3044 5796 3332 5867 spiritualis
3361 5806 3462 5852 est.
3494 5796 3553 5854 Si

1977 5869 2158 5922 autem
2180 5870 2263 5921 est
2287 5876 2593 5939 corporeus,
2623 5865 2720 5924 sed
2747 5865 3056 5929 indcﬁciens
3073 5865 3294 5946 creatus
3309 5876 3422 5941 est;
3452 5882 3554 5931 ne.
