4076 6370
293 383 439 445 1029

288 508 489 575 corpus
509 516 654 575 ,nec
694 493 1064 575 spiritualiter,
1097 500 1239 575 quod
1268 515 1373 555 non
1406 501 1465 553 tit
1490 499 1588 575 nisi
1622 515 1719 575 per
1744 496 1878 575 iurgi:

285 569 629 659 ginesreb‘us
663 569 894 659 similes;
934 572 1030 628 sed
1058 569 1351 659 veraciter,
1388 571 1526 659 (ιιιοά
1556 587 1660 659 non
1692 569 1881 659 fitnisi

288 641 431 719 ipso;
454 645 725 719 intellectu
744 684 757 707 ,
779 643 991 719 vidisse
1004 644 1371 719 cognoscitur.
1413 642 1614 719 Angeli
1631 641 1712 696 vel
1752 642 1881 710 justi

289 713 524 788 quadam
538 714 884 788 similitudine
896 716 1014 788 θα)ιί
1034 722 1437 783 nuncupantur;
1462 715 1582 782 quia
1604 713 1654 788 in
1676 722 1881 767 secreto

291 784 389 845 Dei
422 786 671 843 humanis
697 786 897 841 visibus
921 786 1186 849 celantur;
1228 794 1282 839 et
1326 801 1356 839 e
1391 793 1575 839 contra
1609 784 1881 839 dtemones

291 861 381 916 vel
426 860 573 927 impii
617 858 849 912 tenebrae
882 857 1240 928 appellantur,
1269 856 1391 927 quia
1434 856 1487 910 in
1531 855 1809 910 tormentis
1846 870 1879 911 a

290 931 453 987 nobis
480 930 833 983 occultantur.

364 1000 594 1056 CAPUT
632 999 818 1070 _.\'LIV.
867 999 1001 1065 Quid
1029 1000 1093 1054 sit
1120 1015 1327 1070 regnum
1350 997 1625 1070 caelorum,
1663 1005 1711 1070 et
1743 997 1878 1070 quod

286 1074 479 1142 ubique
499 1072 584 1127 sit.
612 1068 716 1126 Cur
746 1089 838 1125 nos
864 1088 996 1125 nunc
1022 1088 1120 1125 non
1148 1068 1199 1124 in
1231 1069 1376 1124 cazlo.
1411 1068 1548 1133 Quid
1577 1069 1640 1122 sit
1667 1068 1719 1121 in
1749 1068 1879 1142 illud

289 1138 503 1198 intrare.
531 1142 665 1207 Quid
693 1143 890 1213 inferri.
924 1142 1002 1195 Ad
1018 1142 1137 1213 quid
1162 1142 1372 1195 visiones
1396 1156 1650 1213 corporea:
1674 1138 1879 1213 σιιὶὸιιιτ

291 1215 418 1268 dam
448 1210 769 1267 morientibus
813 1218 977 1283 factm.
1022 1210 1261 1282 Regnum
1304 1220 1478 1266 autem
1510 1211 1795 1283 collorum,
1824 1210 1876 1265 id

289 1285 679 1356 estjustorum,
718 1282 821 1338 non
853 1283 1058 1338 urbium
1088 1285 1303 1351 moenia,
1336 1298 1442 1356 non
1478 1282 1874 1356 possessionum

284 1353 516 1426 praédia,
552 1372 660 1409 non
686 1356 800 1409 auri
838 1364 892 1409 et
915 1370 1243 1423 gemmarum
1284 1355 1430 1426 ecpia
1453 1370 1607 1426 [non
1635 1353 1874 1426 supellex

290 1423 463 1489 varia,
490 1426 582 1481 sed
609 1426 810 1495 justitia
837 1436 889 1480 ct
912 1442 1011 1496 pax
1033 1435 1086 1480 et
1115 1425 1415 1480 omnimodo
1444 1425 1609 1493 gloria
1629 1423 1685 1496 in
1718 1425 1873 1496 pleno

287 1498 485 1568 gaudio
506 1494 757 1560 creditur,
787 1494 926 1566 quod
952 1497 1019 1551 de
1048 1497 1250 1551 visione
1282 1505 1494 1568 aeterna:
1510 1494 1789 1568 claritatis,
1819 1504 1873 1549 et

290 1566 365 1623 de
394 1569 646 1623 societate
670 1568 990 1637 Angelorutn
1022 1576 1076 1623 et
1104 1576 1408 1622 sanctorum
1438 1566 1680 1620 habetur.
1728 1566 1869 1637 Deus

288 1648 475 1695 autem
515 1648 709 1694 mterna
752 1636 839 1693 lux
867 1681 883 1703 ,
931 1639 1181 1707 probatus
1211 1648 1288 1692 est
1335 1652 1454 1693 esse
1496 1638 1547 1690 in
1580 1636 1775 1691 mundo
1818 1646 1872 1693 et

286 1718 443 1765 extra
472 1710 746 1774 mundum,
784 1709 918 1763 infra
948 1718 1000 1763 et
1024 1726 1181 1777 snpra
1210 1709 1341 1779 cuin
1371 1709 1614 1771 circuitu,
1640 1707 1871 1778 undique

286 1791 346 1836 et
377 1782 587 1851 ubique.
635 1782 793 1851 Igitur
818 1782 861 1835 si
900 1795 1122 1849 regnum
1150 1781 1404 1834 ccelorum
1446 1780 1628 1833 talium
1666 1779 1871 1835 ratione

284 1851 694 1907 demonstrante
724 1853 852 1906 nihil
884 1861 966 1906 est
986 1851 1126 1906 aliud
1147 1866 1307 1921 quam
1335 1851 1467 1905 visio
1496 1851 1611 1916 Dei,
1642 1851 1762 1919 qui‘
1788 1860 1871 1906 est

286 1922 416 1978 fons
443 1925 677 1979 omnium
707 1924 1003 1988 bonorum;
1035 1924 1339 1978 necessario
1363 1923 1600 1992 sequitur
1621 1921 1759 1991 quod
1788 1937 1871 1977 re-

288 2009 455 2064 gnum
484 1995 737 2049 cwlorum
768 1994 836 2049 sit
866 1995 919 2048 in
941 1992 1041 2049 hoc
1070 1994 1289 2061 mundo,
1322 2004 1376 2049 et
1402 1991 1555 2046 extra
1588 1991 1864 2060 mundum,

285 2073 345 2119 et
375 2064 424 2118 in
453 2067 593 2120 omni
625 2074 885 2131 creatura,
914 2074 965 2118 et
991 2074 1143 2120 extra
1171 2080 1379 2120 omnem
1410 2071 1706 2117 creaturam
1732 2080 1745 2117 :
1773 2080 1870 2119 un-

284 2136 607 2207 dehabetis,
645 2136 874 2207 Regnum
900 2137 1139 2191 caelorum
1170 2137 1304 2189 intra
1335 2151 1421 2189 ros
1444 2145 1514 2190 est
1542 2132 1705 2207 (Luc.
1738 2150 1863 2202 xvu,

284 2205 415 2278 2i);
448 2209 571 2277 quia
602 2205 850 2263 nimirum
874 2209 926 2261 in
960 2210 1067 2263 Deo
1096 2208 1469 2272 consistentes,
1494 2205 1615 2261 eum
1639 2206 1690 2260 in
1716 2207 1868 2261 nobis

285 2278 445 2347 ipsis,
474 2289 525 2333 et
572 2281 623 2334 in
664 2278 807 2333 οιιιιιί
836 2289 1076 2333 creatura
1099 2319 1112 2339 .
1146 2290 1198 2334 et
1228 2286 1377 2332 extra
1405 2293 1623 2332 onmem
1653 2286 1865 2331 creatu-

285 2363 406 2402 ram
439 2351 592 2404 sicuti
632 2359 713 2406 est
742 2351 1029 2405 cernimus.
1078 2349 1279 2405 Idcirco
1313 2360 1489 2403 autem
1530 2363 1669 2402 nunc
1716 2356 1864 2402 extra

288 2419 485 2483 Deum,
518 2422 601 2475 vel
628 2431 774 2476 extra
806 2437 1027 2489 regnum
1057 2421 1312 2475 cmlorum
1337 2420 1582 2481 dicimur,
1613 2420 1733 2487 quia
1763 2418 1865 2472 hac

282 2490 494 2546 visione
524 2493 812 2561 privamur.
849 2492 1052 2547 Eodem
1090 2492 1249 2547 modo
1274 2500 1326 2546 et
1352 2490 1533 2546 miseri
1564 2498 1688 2543 tunc
1715 2504 1755 2561 ag
1774 2505 1863 2543 re-

283 2577 395 2634 gno
415 2560 669 2618 Ctelorum
696 2563 903 2618 excludi
933 2563 1268 2634 referuntur,
1301 2564 1419 2631 quia
1448 2561 1633 2615 eadem
1663 2560 1866 2634 visione

286 2631 347 2687 ut
369 2636 492 2688 οξυρὶ
518 2634 633 2689 lucc
656 2635 782 2689 solis
812 2635 1171 2700 privahuntur.
1198 2633 1310 2688 Hoc
1330 2648 1551 2702 regnum
1579 2631 1858 2697 malorum,

287 2704 380 2776 vel
408 2704 511 2760 hoc
532 2706 777 2773 gaudium
796 2705 924 2776 justi
948 2706 1144 2760 intrare
1169 2705 1503 2776 scribuntur;
1528 2704 1647 2772 quia
1681 2702 1864 2776 ineffa-

280 2774 394 2830 bile
420 2777 668 2846 gaudium
701 2774 809 2831 non
832 2778 1125 2846 capientes,
1153 2778 1205 2830 in
1233 2790 1297 2830 eo
1324 2774 1552 2845 quodam
1584 2774 1862 2846 modo‘obf

282 2843 589 2902 volvuntur.
619 2848 771 2916 Quod
794 2843 970 2903 autem
991 2850 1181 2902 animm
1203 2843 1412 2901 sursum
1433 2846 1498 2901 ad
1519 2846 1714 2901 coelum
1738 2843 1861 2898 ferri

280 2918 638 2985 allirmantnr,
674 2921 753 2974 vel
784 2920 941 2974 etiam
973 2918 1150 2973 inferri
1175 2927 1457 2988 putantur;
1482 2916 1547 2970 ad
1576 2917 1743 2988 visum
1768 2930 1863 2988 no:

283 2998 457 3061 strum
485 2990 695 3053 dicitur,
726 2990 916 3061 quibus
941 2986 1213 3058 superiora
1244 2987 1528 3057 splendore
1570 2987 1697 3061 solis
1726 2986 1859 3041 luci-

282 3060 437 3114 diora
466 3057 790 3124 noscuntur,
822 3072 874 3115 ct
904 3057 1045 3131 quod
1089 3062 1243 3115 aliter
1274 3076 1378 3113 non
1410 3067 1581 3128 potest
1622 3057 1737 3131 haec
1774 3071 1862 3131 res

280 3133 537 3202 cognosci
578 3133 643 3187 ab
684 3132 766 3186 his
792 3134 880 3202 qui
920 3128 1044 3186 Sunt
1071 3131 1247 3187 adhuc
1284 3131 1335 3186 in
1364 3144 1527 3184 carne
1567 3128 1858 3202 constituti.

280 3199 425 3257 Sane
451 3204 640 3257 anima:
670 3199 828 3258 carne
854 3204 1039 3259 soluta}
1069 3218 1174 3257 non
1207 3203 1324 3257 loco
1354 3208 1652 3267 moventur,
1684 3214 1781 3254 nec
1806 3199 1861 3254 in

280 3274 515 3343 aliquem
544 3288 857 3344 corporeum
901 3275 1073 3329 locum
1103 3273 1383 3340 ducuntur,
1432 3281 1488 3326 ιιι
1531 3272 1652 3326 inde
1694 3271 1861 3325 Deum

279 3346 749 3415 contemplemur;
779 3346 870 3401 sed
899 3361 1021 3400 mox
1049 3359 1077 3398 a
1117 3359 1340 3416 corpore
1367 3344 1864 3416 sequestrataetAn-

281 3416 422 3484 gelis
448 3412 724 3471 et'sanetis
749 3418 1100 3482 associantur,
1131 3412 1294 3485 regno
1319 3412 1599 3478 eceteram,
1619 3412 1758 3483 quod
1781 3420 1864 3467 est

278 3487 420 3541 visio
468 3487 592 3553 Dei,
644 3490 783 3543 intra
832 3488 1085 3543 mundum
1114 3496 1167 3542 et
1196 3484 1345 3543 extra
1393 3494 1446 3542 et
1474 3485 1704 3554 undique
1746 3484 1862 3539 sine

279 3570 436 3629 mora
468 3559 750 3619 fruuntur:
793 3560 947 3614 sicuti
980 3572 1153 3613 creetis
1176 3559 1227 3613 in
1255 3559 1367 3613 sole
1396 3558 1620 3629 positus,
1653 3555 1696 3610 si
1722 3555 1860 3610 oculi

281 3627 439 3700 ejus,
471 3631 827 3700 aperirentur,
886 3629 1167 3684 confestim
1220 3630 1337 3684 luce
1388 3626 1518 3682 solis
1572 3626 1857 3700 frueretur.

280 3698 447 3824 good
490 3697 665 3755 autem
711 3702 1025 3772 quibusdam
1062 3700 1410 3756 morientibus
1443 3701 1531 3754 lux
1562 3698 1644 3754 vel
1676 3697 1861 3752 forma:

335 3772 608 3824 naclorum
640 3781 729 3824 aut
755 3781 1056 3824 sanctorum
1092 3771 1163 3824 ibi
1203 3773 1467 3824 videntur.
1485 3779 1539 3824 et
1572 3778 1861 3824 concentus

335 3772 608 3839 ngelorum
640 3771 741 3827 aut
755 3781 1056 3828 sanctorum
1092 3771 1163 3826 ibi
1203 3773 1467 3838 videntur,
1485 3779 1539 3825 et
1572 3778 1862 3824 concentus

281 3841 580 3897 harmonia:
618 3844 921 3909 audiuntur,
953 3851 1005 3898 et
1034 3842 1097 3897 ad
1130 3844 1232 3896 alta
1262 3843 1378 3897 duci
1411 3852 1729 3903 cernuntur;
1760 3839 1861 3893 hoc

280 3922 505 3983 propter
532 3915 769 3968 viventes
801 3916 910 3968 fieri
940 3930 1045 3968 non
1069 3914 1356 3979 dubitatur,
1388 3921 1449 3966 ut
1482 3913 1531 3966 in
1562 3911 1859 3983 Christiana

281 3982 547 4054 religione
588 3986 1017 4041 corroborentur.
1061 3985 1227 4039 Porro
1268 3984 1512 4039 frivolum
1551 3982 1783 4047 videtur,
1816 3982 1861 4036 si

282 4056 482 4109 animae
525 4056 759 4111 illocales
801 4056 867 4111 de
912 4057 1012 4109 hoc
1057 4056 1253 4109 mundo
1292 4064 1438 4109 extra
1470 4054 1859 4108 firmamentum

283 4126 409 4180 duci
440 4136 762 4191 asseruntur,
794 4129 943 4197 quasi
976 4128 1044 4180 ibi
1087 4127 1155 4179 sit
1177 4126 1468 4196 pulchrius,
1496 4125 1577 4197 vel
1605 4124 1769 4196 magis
1790 4122 1859 4177 ibi

282 4198 355 4250 sit
388 4197 546 4261 Deus,
575 4213 693 4251 cum
726 4200 900 4268 potius
931 4200 1068 4251 Deus
1093 4211 1248 4267 supra
1279 4198 1506 4259 etinfra,
1538 4196 1670 4249 intra
1695 4203 1745 4268 et
1770 4210 1861 4249 ex-

284 4275 365 4321 tra
396 4270 668 4337 zeqnaliter
695 4267 815 4325 esse
844 4285 948 4323 non
978 4268 1263 4334 dubitetur,
1288 4278 1342 4323 et
1366 4268 1480 4337 ejus
1507 4268 1638 4321 visio
1666 4267 1862 4337 ubique

275 4340 440 4408 justis
465 4340 738 4407 cequaliter
774 4340 961 4395 adesse
1001 4340 1397 4409 comprobetur.
1438 4339 1857 4409 Animasvcro,

283 4410 505 4532 θεὴ-ἰωῇ
531 4426 649 4464 cum
678 4410 785 4465 sint
830 4408 1158 4480 incorporei,
1194 4410 1466 4480 corporeis
1507 4409 1638 4463 locis
1668 4408 1861 4462 includi

283 4495 313 4532 a
355 4480 725 4532 surdissimum
759 4482 967 4532 videtur
989 4523 1004 4532 .
1039 4483 1333 4532 praesertim
1365 4494 1486 4532 cum
1514 4480 1685 4532 omnis
1713 4479 1861 4532 locus

281 4479 725 4535 absurdissimum
759 4479 1004 4545 videtur,
1039 4479 1333 4551 praesertim
1365 4494 1486 4535 cum
1514 4480 1685 4551 omnis
1713 4479 1862 4551 locus

280 4551 584 4617 altitudine,
617 4553 975 4621 longitudine,
1007 4549 1280 4607 latitudine
1307 4552 1631 4615 dimetiatur,
1676 4549 1862 4619 hisque

281 4623 534 4692 omnibus
556 4623 774 4692 Spiritus
798 4639 983 4685 carere
1010 4625 1143 4679 bene
1165 4625 1381 4678 sciatur.
1411 4622 1463 4674 In
1493 4637 1556 4675 eo
1578 4621 1771 4691 quippe
1794 4621 1861 4692 il-

279 4690 527 4748 Iucaliter
547 4690 783 4759 manere,
808 4707 861 4748 et
889 4696 1002 4763 ejus
1031 4695 1234 4749 visione
1266 4693 1361 4747 frui
1386 4690 1733 4757 restimaittur,
1760 4691 1863 4746 sic-

278 4770 342 4819 ut
369 4765 589 4819 scientia
612 4767 663 4819 in
690 4765 863 4819 anima
892 4765 1169 4819 illocaliter
1193 4774 1450 4817 moratur.

355 4834 585 4891 CAPUT
627 4835 785 4890 XLV.
820 4836 1097 4906 Corporum
1140 4836 1396 4889 beatorum
1431 4833 1594 4905 gloria
1628 4841 1674 4886 et
1702 4832 1858 4906 locus.

280 4904 426 4962 Ictus
461 4909 615 4961 oculi.
643 4906 849 4977 Corpus
884 4903 1058 4962 autem
1102 4917 1401 4961 sanctorum
1435 4903 1676 4973 resurget
1703 4903 1862 4977 spiri-

278 4980 450 5047 tuale,
479 4980 600 5048 quia
628 4974 863 5043 levitate,
885 4978 1183 5043 velocitate,
1200 4977 1574 5047 perspicuitate
1592 4974 1863 5048 spiritibus

278 5050 387 5105 erit
413 5046 635 5119 aequale,
662 5058 715 5105 et
733 5065 892 5105 omne
918 5050 1143 5105 solidum
1166 5046 1266 5104 erit
1290 5050 1336 5103 ei
1370 5046 1726 5119 penetrabile;
1757 5046 1862 5119 sic-

278 5130 338 5175 ut
405 5130 459 5176 et
477 5116 691 5191 corpus
722 5122 927 5175 Domini
958 5121 1129 5191 lapide
1158 5116 1393 5174 clausum
1425 5118 1675 5191 surrexit,
1704 5125 1756 5172 et
1780 5116 1865 5191 ja-

277 5192 403 5247 uuis
428 5187 622 5264 clausis
662 5193 897 5247 intravit.
929 5187 1082 5248 Sicut
1116 5193 1276 5264 igitur
1302 5206 1440 5245 nunc
1466 5190 1683 5260 spiritus
1714 5187 1861 5243 nullo

279 5263 548 5335 corporali
578 5264 697 5320 loco
744 5272 1103 5328 sustentatur;
1145 5263 1221 5317 ita
1250 5276 1457 5387 quoque
1506 5276 1610 5315 non
1655 5270 1738 5314 est
1768 5273 1866 5313 ne-

279 5348 434 5387 cesse
463 5345 521 5387 ut
553 5336 827 5387 snirituale
855 5351 1047 5387 cornus
1078 5344 1203 5387 tunc
1230 5349 1255 5385 a
1284 5335 1406 5387 iuno
1448 5333 1566 5387 loco
1596 5331 1863 5386 fulciatur.

279 5331 434 5407 cesse
463 5345 521 5389 ut
553 5336 827 5407 Spirituale
855 5351 1047 5405 corpus
1078 5344 1203 5388 tunc
1230 5331 1406 5407 aliquo
1448 5333 1566 5387 loco
1593 5331 1863 5407 fulciatur.

279 5406 398 5461 Non
439 5401 595 5461 enim'
623 5407 930 5462 insensibile
951 5401 1161 5474 corpus
1205 5401 1448 5474 spiritum
1470 5446 1483 5467 ,
1514 5403 1607 5457 sed
1649 5401 1869 5473 spiritus

279 5490 479 5549 corpus
504 5486 731 5549 vegetat.
761 5479 931 5548 Igitur
962 5478 1138 5532 nullus
1183 5478 1331 5549 locus
1370 5474 1645 5549 spi_rituale
1672 5486 1867 5549 corpus

280 5543 622 5624 fulcit,_qu6t_l
648 5543 810 5624 omni
823 5551 1087 5604 elemento
1116 5548 1359 5624 subtilius
1384 5543 1485 5601 erit
1505 5586 1536 5624 ,ι
1553 5543 1729 5624 sedul
1756 5545 1869 5624 spij

280 5620 419 5690 ritus
444 5614 724 5675 illocaliter
759 5622 810 5674 in
835 5635 1043 5674 sumtno
1082 5620 1270 5690 spiritu
1310 5616 1731 5690 Deosubsistit;
1764 5614 1868 5668 nisi

281 5688 423 5745 forte
447 5690 552 5745 hoc
579 5692 818 5759 prooloco
843 5686 1154 5761 accipiatur,
1188 5689 1327 5761 quod
1360 5686 1779 5761 substantialitcr
1806 5699 1870 5740 ac

281 5757 640 5838 personaliter
660 5757 1133 5820 circumscribitur.
1156 5757 1423 5834 Amplius,
1443 5759 1605 5816 autin
1624 5757 1727 5816 hoc
1748 5771 1868 5817 cor-

357 5902 690 5967 ιωιενιιω.

1288 372 1488 437 LIBER
1529 379 1617 437 DE
1653 371 2065 440 COGNITIONE
2104 368 2315 440 VERE
2354 374 2559 444 VITE.

3437 395 3582 459 I030

1996 512 2158 585 pareo
2185 500 2387 585 mundo
2416 500 2602 585 sancti;
2626 512 2902 585 manentes
2948 505 3116 585 Deum
3156 508 3450 585 videbunt,
3481 516 3577 578 aut

1991 580 2143 652 extra
2172 572 2433 652 mundum
2442 581 2626 652 erunt.
2658 573 2714 652 Si
2742 583 2892 630 extra
2921 580 3175 652 mundum
3204 572 3576 652 fuerintftun—e

1991 643 2133 696 nulla
2155 644 2704 717 elementaligmateria
2732 655 2935 703 stantes
2960 650 3045 704 vel
3074 653 3321 712 sedentes
3352 643 3573 717 susten;

1990 721 2187 788 tantur,
2217 714 2336 788 quia
2365 715 2565 788 nullum
2593 718 2912 773 elementum
2956 729 3104 777 extra
3134 727 3388 783 mundum
3417 714 3569 788 com-

1988 786 2264 869 probatur.
2294 785 2393 853 Qui
2419 787 2576 869 enim“
2593 796 2788 869 terram
2813 791 2910 869 vel
2924 807 3114 869 aquam
3143 796 3212 851 ibi
3234 813 3354 854 esse
3373 785 3563 869 credit,

1988 858 2148 936 nimis
2181 864 2425 936 terrenus
2454 867 2519 936 et_
2544 858 2716 936 fluxus
2743 858 3041 931 desipitrsi
3070 875 3247 922 autem
3278 886 3455 927 aerem
3484 858 3567 929 vel

1985 927 2169 1007 ignem
2206 927 2276 1007 ibi
2299 943 2417 1007 esse
2442 929 2733 1007 arbitratur
2751 973 2776 1007 ,_
2793 927 3025 1003 graviter
3048 951 3077 989 a
3106 938 3400 996 mobilitate
3425 927 3565 1001 aeris

1983 1006 2050 1084 et
2066 999 2202 1067 ignis
2232 999 2344 1084 ipse
2375 1000 2655 1084 instabilis,
2686 999 2873 1084 irrisus
2912 1018 3266 1084 computatur.
3307 1013 3447 1084 Ergo
3472 999 3564 1070 ex;

1984 1075 2063 1148 tra
2093 1070 2517 1148 tnundutunulla
2542 1075 2799 1148 tnateriali
2843 1091 2902 1131 re
2944 1070 3250 1148 fulciuntur,
3289 1070 3561 1141 ubivnulla

1984 1139 2265 1219 invenitur.
2309 1141 2362 1197 Si
2393 1143 2669 1219 autemuiu
2720 1144 2822 1200 hoc
2850 1148 3047 1219 mundo
3089 1139 3265 1219 erunt,
3316 1139 3560 1213 similiter

1982 1211 2114 1283 nulli
2145 1212 2409 1267 elemento
2444 1212 2685 1270 localiter
2715 1217 2905 1272 stando
2940 1221 3028 1274 vel
3057 1211 3296 1280 sedendo
3332 1211 3561 1283 inhaere;

1981 1280 2301 1382 Ρᾘὲἶξκὲἒέῗέἶ
2316 1285 2787 1382 Ἔὲς¹1ἒ¹.¹ἕῗῗ.έῖηξίὲἷίῗ
2824 1290 3399 1382 ίέἷ¹¹¹3ι.έ.¹¹ἐ²ί¹¹¹·.³ξὲ¹¹ν
3428 1280 3555 1382 5.0}-

1979 1352 2123 1438 tlunt
2144 1354 2301 1423 igitur
2327 1355 2628 1438 spirituales
2658 1352 2813 1438 'sint,
2838 1360 2887 1413 in
2927 1352 3136 1438 summo
3175 1367 3365 1434 spiritu
3386 1352 3554 1438 'spiri:

1979 1425 2215 1488 tualiter,
2245 1440 2346 1478 non
2379 1427 2615 1483 localiter
2644 1430 2949 1485 manebunt.
2984 1431 3151 1488 Porro
3185 1425 3399 1493 illorum
3427 1425 3555 1496 cor-

1979 1509 2166 1564 porum
2193 1497 2382 1566 gloria,
2413 1513 2515 1550 non
2545 1500 2750 1554 ratione
2770 1542 2784 1566 ,
2814 1502 2906 1556 sed
2937 1503 3048 1558 sola
3078 1505 3179 1561 fide
3205 1518 3286 1562 est
3309 1519 3554 1566 contem-

1979 1565 2212 1648 planda.’
2232 1565 2509 1648 (u)_l£runt
2530 1571 2728 1648 quippe
2758 1565 2882 1627 tunc
2908 1573 2994 1648 illa
3022 1589 3246 1648 corpora
3271 1588 3327 1635 ut
3344 1565 3553 1639 animus

1978 1638 2158 1710 agilia,
2184 1647 2240 1691 ut
2259 1638 2338 1692 sol
2365 1638 2673 1709 perSpican
2693 1642 2859 1709 Quam
2886 1645 2993 1699 cito
3013 1638 3154 1701 enim
3184 1666 3325 1705 nunc
3344 1638 3555 1710 animus

1978 1708 2045 1789 ab
2074 1708 2291 1790 Oriente
2302 1710 2369 1790 _i_n
2395 1708 2753 1790 _0cCidentc_n_t
2782 1714 3103 1784 cogitatione
3146 1723 3407 1790 pervenit,
3442 1708 3551 1779 tam

1976 1778 2081 1860 cito
2114 1788 2247 1860 tunc
2281 1780 2408 1860 illud
2447 1797 2639 1860 corp-us
2688 1784 2811 1838 illuc
2852 1778 3406 1860 pervenire-poterit:
3441 1778 3553 1850 Hoc

1976 1848 2101 1922 hinc
2130 1852 2411 1920 colligitur,
2445 1848 2583 1921 quod
2616 1848 2935 1911 resurrectio
2974 1859 3026 1912 in
3059 1848 3333 1917 ictu‘oculi
3377 1848 3551 1922 fienda

1974 1919 2168 1998 legitur
2196 1919 2388 1998 (leor.
2422 1919 2507 1998 xv,
2556 1926 2669 1996 52).
2702 1927 2837 1998 lctus
2879 1937 3054 1984 autem
3102 1934 3240 1986 oculi
3291 1942 3391 1998 est,
3442 1919 3549 1991 non

1974 1993 2113 2075 quod
2142 1995 2326 2075 oculos
2349 1996 2602 2075 aperitur,
2631 1993 2735 2075 Sed
2746 1999 2885 2075 quod
2914 2011 3101 2069 aperto
3130 2004 3287 2058 oculo
3307 1993 3547 2075 objectus

1974 2061 2107 2134 lucis
2128 2064 2310 2119 radius
2334 2061 2675 2134 conSpicitur.
2705 2061 2806 2122 Sed
2831 2061 3012 2125 rere-ra
3041 2080 3243 2127 tantum
3267 2061 3440 2132 differt
3465 2061 3551 2134 ve-

1974 2132 2162 2191 locitas
2185 2136 2323 2213 illius
2354 2132 2595 2213 corporis
2605 2139 2689 2213 _ab
2720 2138 2825 2194 ictu
2856 2141 2994 2196 oculi
3016 2184 3031 2209 ,
3074 2154 3327 2213 quantum
3355 2163 3384 2201 a
3424 2132 3546 2203 cor-

1972 2219 2103 2285 pore
2131 2208 2339 2277 agilitas
2366 2208 2548 2262 animi.
2580 2209 2743 2285 Ilujus
2779 2213 2936 2266 etiant
2967 2208 3207 2285 carperis
3228 2217 3443 2273 claritas
3462 2228 3545 2275 est

1972 2283 2137 2358 tanta,
2176 2288 2371 2359 quanta
2416 2286 2467 2333 et
2514 2280 2764 2359 spiritus;
2807 2298 2910 2337 non
2930 2280 3201 2359 _eniti_rest
3229 2288 3327 2343 hoc
3352 2304 3547 2359 corpus

1970 2348 2160 2429 anima:
2214 2350 2383 2413 oneri,
2439 2348 2557 2429 διξάς
2579 2351 2774 2429 decori,
2807 2354 2946 2429 quod
2999 2356 3142 2409 nulla
3188 2348 3547 2429 corruptibilis

1969 2419 2431 2500 ptolesaggravat,
2462 2421 2554 2475 sed
2585 2419 3005 2500 quodangelicze
3037 2435 3239 2500 naturae
3268 2419 3543 2499 aequalitas

1970 2487 2185 2560 lcvigat.
2205 2487 2624 2569 ‘l'lujusquoque
2648 2487 2861 2549 claritas
2890 2503 3092 2550 tantum
3114 2499 3281 2553 solem
3305 2487 3543 2569 excellit,

1968 2570 2222 2685 guantum
2277 2563 2355 2615 sol
2388 2563 2438 2616 in
2478 2564 2718 2625 claritate
2753 2575 2993 2621 nostrum
3036 2582 3229 2637 corpus
3266 2563 3541 2640 prazcellit;

2009 2632 2058 2684 01
2087 2632 2225 2685 enim
2258 2641 2341 2685 est
2361 2649 2551 2685 cornus
2581 2635 2906 2685 insensibile-
2942 2647 2995 2685 et
3024 2641 3262 2685 mtamvis
3292 2644 3540 2685 immuta-

2009 2632 2058 2684 ol
2087 2632 2225 2686 enim
2258 2641 2341 2687 est
2361 2649 2551 2703 corpus
2581 2635 2907 2708 insensibile,
2942 2647 2995 2693 et
3024 2632 3540 2708 quainvisdmmute-

1968 2708 2079 2780 tur,
2127 2711 2303 2780 tamen
2337 2707 3016 2780 nunquam_vivilicabitur;
3043 2707 3240 2780 corpus
3268 2722 3441 2767 autem
3484 2715 3546 2769 il-

1967 2770 2057 2855 lud
2088 2775 2208 2855 erit.
2208 2770 2479 2855 sensibile,
2506 2776 2767 2855 vitale,_et
2797 2770 3168 2855 intellectuale'.
3189 2783 3352 2853 Igitur
3373 2801 3540 2855 quan-

1966 2851 2079 2924 tum
2110 2845 2303 2924 differt
2317 2847 2534 2916 spiritus
2562 2848 2933 2924 intellectualis
2952 2853 3036 2924 ab
3071 2866 3195 2908 aere
3213 2845 3538 2924 insensibili,

1967 2922 2174 3040 talntlum
2204 2916 2381 3040 ililfert
2422 2918 2673 2989 praeclara
2708 2919 2920 2976 claritas
2946 2922 3088 2977 iliius
3115 2928 3353 2995 corporis
3375 2942 3404 2981 a
3426 2916 3539 2983 cla-1

1967 3000 2010 3040 ΓΙ
2039 3003 2065 3039 3
2094 3004 2123 3040 θ
2146 3004 2204 3040 90
2231 3003 2291 3040 IS.

1965 2996 2123 3041 ritate
2146 2996 2291 3041 solis.

2038 3056 2283 3135 (ΞΑΡΠῙΔ
2302 3058 2485 3114 XLVI.
2520 3059 2596 3135 De
2615 3061 2778 3132 gloria
2806 3064 3059 3135 communi
3090 3081 3149 3119 ac
3174 3067 3380 3135 speciali
3406 3067 3543 3123 San-

1966 3137 2179 3183 ctorum.
2223 3130 2359 3186 Hinc
2403 3130 2628 3201 quaestio
2676 3149 2779 3187 non
2824 3134 3042 3189 minima
3099 3130 3348 3192 occurrit.
3399 3138 3537 3196 Cum

1965 3202 2107 3255 enim
2125 3201 2388 3280 Dominus
2416 3203 2575 3280 dicat,
2622 3201 2911 3280 Fulgebunt
2921 3207 3052 3280 justi
3074 3208 3201 3280 sicut
3220 3209 3297 3263 sol
3322 3208 3535 3280 (Matth.

1966 3286 2082 3352 xttt,
2112 3272 2237 3352 45);
2268 3281 2320 3327 et
2346 3273 2656 3352 Apostolus,
2688 3272 2802 3352 Αἵίςι
2840 3272 3043 3352 elargiri;
3068 3279 3212 3352 solis,
3236 3272 3339 3333 alia
3377 3280 3531 3352 laute,

1966 3343 2070 3396 alia
2096 3343 2375 3417 stellarum.
2411 3344 2574 3398 Stella
2602 3345 2664 3399 ab
2689 3346 2833 3400 stella
2875 3347 3045 3414 differt
3080 3350 3132 3404 in
3167 3351 3436 3417 claritate;
3466 3343 3537 3409 sic

1965 3423 2014 3467 et
2041 3416 2335 3487 resurrectio
2359 3424 2669 3470 mortuorum
2691 3417 2735 3486 (Ι
2764 3417 2879 3471 Cor.
2903 3434 2990 3486 xv,
3016 3420 3105 3487 41)
3132 3438 3148 3476 :
3168 3421 3377 3477 videtur
3397 3416 3539 3487 Apo-

1965 3485 2135 3563 stolus
2165 3485 2388 3563 Domino
2415 3485 2744 3542 contrarium
2773 3485 2991 3563 sentire,
3023 3485 3269 3563 videlicet
3291 3510 3428 3563 quos
3445 3485 3537 3551 hic

1966 3556 2109 3610 velut
2129 3557 2294 3631 solem
2318 3556 2520 3631 fulgere
2551 3566 2774 3631 asserat,
2805 3560 2890 3615 ille
2916 3556 3171 3631 quosdam
3194 3556 3338 3619 velut
3363 3564 3537 3621 diver-

1966 3640 2055 3707 s_as
2077 3628 2275 3707 stellas,
2298 3628 2818 3707 aliosvelutlunam,
2849 3628 2981 3687 alios
3006 3632 3337 3707 velut_solem
3359 3638 3537 3707 Splen-

1965 3698 2094 3778 dere
2120 3698 2380 3753 adstruat.
2411 3699 2515 3755 Sed
2543 3701 2817 3779 sciendum
2843 3712 2946 3770 est,
2975 3704 3117 3779 quod
3149 3698 3405 3779 Dominus
3425 3710 3538 3779 glo-

1965 3770 2099 3825 riam
2134 3779 2435 3846 sanctorum
2466 3772 2783 3846 generaliter
2807 3770 3097 3844 expressit,
3132 3770 3539 3846 Apostolus'au-

1966 3848 2073 3894 tem
2110 3841 2437 3914 singulorum
2468 3842 2687 3911 gloriam
2732 3859 2827 3914 pro
2866 3841 3070 3900 meritis
3106 3841 3364 3903 distinxit.
3397 3849 3535 3905 Ulti-

1967 3926 2233 3989 mus_crgo
2259 3913 2313 3989 in
2342 3927 2505 3981 regno
2536 3913 2792 3970 cteloru’nt
2826 3925 2881 3989 ut
2918 3917 2997 3989 sol
3023 3915 3259 3986 fulgebit,
3286 3921 3374 3989 qui
3408 3929 3533 3977 tunc

1965 3984 2164 4062 septies
2187 3984 2381 4062 clarior
2410 3999 2568 4053 quam
2608 4001 2748 4062 nunc
2775 3987 2885 4062 erit
2909 3985 3059 4062 (Isai.
3089 3984 3212 4052 xxx,
3244 3984 3358 4062 26).
3388 3991 3455 4045 Et
3483 3994 3533 4047 in

1967 4052 2066 4129 hac
2091 4054 2327 4108 claritate
2357 4052 2561 4129 tantum
2584 4056 2805 4129 quisque
2840 4052 3047 4113 ab'alio
3078 4075 3174 4129 pro
3203 4052 3407 4117 meritis
3432 4063 3535 4118 dif-

1968 4123 2112 4190 fert,
2152 4134 2404 4195 quantum
2446 4123 2616 4179 stella'
2646 4123 2909 4183 ab_stella
2957 4130 3008 4182 in
3056 4123 3295 4187 claritate
3334 4133 3535 4191 differt.

1966 4196 2072 4251 Alii
2117 4206 2291 4272 autem
2350 4196 2448 4272 hos
2486 4198 2623 4272 item
2674 4198 2899 4272 diversa:
2946 4200 3203 4272 claritatis
3251 4205 3415 4272 gloria
3467 4207 3537 4262 ita

1965 4268 2297 4392 rrmcelluut,
2323 4267 2456 4322 sicut
2486 4268 2670 4322 lucifer
2692 4270 2945 4338 pleiades,
2977 4271 3099 4325 luna
3131 4267 3428 4340 luciferum,
3457 4279 3537 4332 sol

1989 4354 2144 4392 unam
2176 4340 2413 4392 claritate
2442 4340 2724 4392 excellunt.
2767 4340 2874 4392 Nos
2913 4352 3087 4392 autem
3124 4359 3311 4392 omnes
3338 4355 3536 4392 tantum

1989 4354 2144 4393 unam
2176 4340 2413 4394 claritate
2442 4340 2724 4393 excellunt.
2767 4340 2874 4396 Nos
2913 4352 3087 4397 autem
3124 4359 3311 4399 omnes
3338 4355 3537 4401 tantum

1966 4424 2160 4479 Corpus
2188 4409 2381 4463 Christi
2410 4410 2460 4462 in
2500 4408 2740 4483 claritate
2766 4412 2995 4483 excedit,
3036 4426 3288 4483 quantum
3320 4417 3541 4473 Creator

1965 4492 2264 4535 creaturam
2290 4482 2609 4534 transcendit
2636 4497 2651 4545 ;
2684 4481 2823 4536 unde
2850 4492 2905 4537 et
2931 4484 2981 4536 iu
3006 4481 3219 4539 dextera
3252 4487 3340 4541 Dei
3369 4488 3541 4545 Patris

1967 4551 2153 4605 sedere
2182 4551 2429 4603 scribitur
2454 4549 2668 4620 (Co/oss.
2698 4568 2772 4616 ιιι,
2810 4550 2884 4677 II,
2916 4555 3035 4621 quia
3068 4555 3118 4608 in
3142 4557 3309 4626 gloria
3344 4558 3537 4615 divina:

1967 4622 2260 4677 maiestatis
2304 4620 2503 4677 fult:ch
2543 4622 2796 4677 creditur.
2860 4625 3000 4677 uitur
3041 4627 3159 4677 talis
3187 4627 3318 4677 visio
3342 4639 3396 4677 et
3426 4631 3537 4677 talis

1967 4622 2260 4694 majestatis
2304 4620 2503 4694 fulgere
2543 4622 2796 4677 creditur.
2838 4620 3000 4694 Igitur
3041 4620 3170 4680 talis
3187 4627 3318 4683 visio
3342 4639 3396 4683 et
3426 4631 3541 4685 talis

1968 4693 2136 4774 gloria
2154 4706 2372 4772 regnum
2402 4691 2658 4774 cmlprum
2688 4691 2899 4761 dicitur,
2928 4697 3047 4766 quia
3075 4698 3170 4751 soli
3194 4699 3333 4774 caeli,
3358 4696 3409 4752 id
3436 4710 3538 4767 est,

1962 4760 2090 4833 justi
2123 4762 2222 4817 hac
2248 4761 2465 4837 _visione
2494 4760 2776 4837 fruuntur;
2800 4760 3048 4837 quor-um
3078 4760 3351 4837 praemium
3398 4760 3544 4823 sum;

1968 4848 2111 4908 mum
2140 4842 2221 4908 est
2246 4833 2472 4908 bonum,
2507 4834 2557 4888 in
2583 4850 2697 4908 quo
2728 4833 2924 4892 habent
2950 4833 3163 4908 plenum
3199 4838 3449 4908 gaudium
3476 4840 3544 4897 de

1968 4904 2294 4975 plenitudine
2318 4906 2558 4975 euntium
2581 4906 2860 4965 bonorum.

2039 4975 2264 5031 CAPUT
2286 4974 2492 5030 XLVII.
2526 4977 2676 5044 Quod
2694 4979 2853 5032 sancti
2880 4996 2980 5033 non
3010 4978 3071 5032 de
3098 4977 3433 5048 sensibilibus,
3456 4983 3546 5037 sed

1970 5045 2033 5100 de
2052 5064 2245 5103 summa
2268 5051 2394 5100 bono
2416 5048 2730 5101 deliciontur.
2754 5048 2948 5104 (limum
2964 5050 3220 5104 caelorum.
3244 5045 3430 5107 Catena
3446 5055 3546 5107 vir.

1972 5126 2153 5190 tutum.
2177 5118 2521 5190 Concluditur
2543 5119 2738 5189 itaque,
2758 5120 2897 5190 quod
2919 5135 2945 5174 s
2962 5120 3090 5175 tncti
3112 5136 3215 5176 non
3232 5122 3299 5177 de
3317 5124 3548 5179 sensibi-

1970 5188 2108 5244 lihus
2136 5190 2293 5244 rebus
2323 5188 2654 5261 delicientur,
2685 5188 2787 5245 sed
2808 5205 2867 5246 se
2896 5192 2948 5245 in
2978 5206 3189 5247 summo
3223 5192 3363 5249 bono
3391 5210 3545 5261 esse,

1970 5270 2024 5316 et
2068 5276 2280 5315 summo
2329 5259 2466 5313 bono
2499 5261 2548 5314 in
2598 5261 2742 5315 omni
2788 5273 3029 5317 creatura
3068 5273 3123 5318 et
3154 5271 3304 5320 extra
3334 5259 3547 5321 omnem

1971 5341 2267 5407 creaturam
2288 5330 2515 5386 videndo
2537 5329 2634 5386 frui
2659 5331 2975 5407 glorientur.
3008 5334 3063 5388 Si
3093 5335 3233 5407 enim
3261 5334 3548 5407 quidquam

1973 5403 2149 5478 minus
2179 5418 2335 5478 quam
2365 5418 2629 5455 summum
2658 5403 2853 5458 bonum
2886 5404 2936 5457 in
2976 5406 3194 5477 praemio
3225 5403 3547 5478 acciperent,

1972 5474 2144 5549 adhuc
2186 5473 2301 5544 plus
2338 5480 2787 5549 appeterentaet
2828 5473 3162 5549 consequens
3199 5473 3369 5543 esset]
3412 5481 3552 5549 quod

1972 5545 2187 5617 plenum
2218 5544 2463 5617 gaudium
2497 5558 2613 5617 non
2642 5543 2915 5600 haberent.
2947 5543 3051 5602 Se'd
3077 5563 3197 5602 cum
3224 5543 3442 5604 constet'
3455 5565 3549 5606 eos

1973 5615 2186 5687 plenum
2235 5615 2770 5691 gaudium_haber_e,
2815 5619 3120 5691 necessario
3152 5621 3410 5691 sequitur
3461 5637 3555 5677 eos

1974 5686 2238 5762 sumntum
2268 5686 2477 5762 bonum
2495 5686 2658 5762 Deum
2688 5687 2884 5742 habere
2902 5698 2995 5762 ,_ct
3024 5690 3089 5762 de
3113 5690 3227 5762 ejus
3253 5686 3515 5748 affluentia
3535 5732 3554 5759 ,

1973 5756 2306 5831 plenitudine
2335 5757 2571 5810 omnium
2599 5757 2857 5813 bonorum
2882 5756 3172 5819 abundare.
3205 5762 3428 5832 Quando
3454 5756 3553 5819 au-l

2043 5891 2125 5961 (α)
2155 5894 2223 5946 tta
2241 5890 2471 5943 Elucidar.
2498 5892 2582 5943 lib.
2608 5892 2655 5956 5,
2680 5906 2785 5960 cap.
2814 5894 2889 5948 16.
