4076 6370
533 415 672 481 teat
1524 359 1571 375 ”
1659 358 1700 367 ”
1765 364 1768 371 ’
1974 400 2345 469 APPENDIX.

3671 405 3841 467 1051

536 544 643 592 tem
673 531 865 588 coelum
909 529 1170 586 caelorum
1196 528 1407 599 legitur,
1436 526 1549 599 ipse
1581 525 1723 599 Deus
1760 522 2108 593 intelligitur;
2153 540 2161 547 ’
2215 523 2347 599 boni
2393 519 2786 599 perseverantia
2842 518 3105 599 clauditur
3128 559 3144 585 ,
3182 517 3616 599 perseVerantite
3664 518 3836 575 Deus

532 606 654 676 quia
682 602 805 676 (ια)ιῇ
824 601 925 676 vel
933 601 1062 671 justi
1093 601 1146 655 ἱη
1170 596 1482 676 abscondita
1507 596 1658 676 faciei
1692 611 1817 676 suae‘
1833 603 2114 676 a‘con'tur-

532 663 747 732 batione
786 663 1061 726 hominum
1107 672 1347 725 celantur
1397 667 1585 740 (Psal.
1614 683 1739 740 sttit,
1785 664 1924 740 21).
1968 663 2117 740 unde

531 746 800 810 Scribitur,
815 742 1063 796 Habentes
1088 742 1377 795 thesaurum
1400 733 1453 792 in
1482 738 1605 792 caelo
1629 737 1840 810 (Matth.
1864 733 1979 810 iis,
1997 733 2114 805 21),

536 817 638 871 hoc
668 825 765 879 est,
789 808 853 868 in
885 815 1011 868 Deo.
1062 812 1139 866 Ad
1168 814 1269 867 hoc
1298 826 1562 866 summum
1603 810 1797 863 bonum
1823 808 1953 879 justi
1988 822 2117 879 qua-

534 888 657 943 dam
708 876 892 940 catena
940 883 1241 947 trahuntur,
1274 899 1392 950 qua:
1421 881 1488 935 de
1516 880 1796 933 virtutibus
1826 878 1928 932 hoc
1958 876 2117 950 modo

534 958 887 1013 connectitur.
938 955 994 1027 In
1045 948 1399 1027 primis__litles
1438 952 1666 1004 animam
1708 951 1856 1027 quasi
1902 948 2116 1027 quidam

535 1029 768 1083 circulus
808 1018 1196 1094 complectitur,
1228 1023 1347 1079 lidei
1375 1037 1498 1093 spes
1524 1021 1843 1094 annectitur,
1874 1034 1997 1089 spes
2026 1018 2111 1071 di-

540 1100 763 1152 lectione
793 1092 1019 1162 tenetur,
1052 1096 1265 1149 dilectio
1292 1094 1604 1165 operatione
1633 1092 1902 1165 expletur,
1926 1104 2117 1165 opera-

2220 594 2343 649 fons
2363 589 2599 647 omnium
2625 592 2888 646 bonorum
2917 590 3148 646 dabitur.
3181 589 3344 659 Igitur
3374 590 3463 659 qui
3496 591 3595 645 liae
3623 600 3837 646 catena

2222 673 2448 730 tractus,
2481 663 2618 718 hanc
2648 662 2836 717 turrim
2875 661 3136 715 scandens
3162 661 3374 715 culmen
3405 659 3525 731 ejus
3553 661 3833 731 attigerit,

2224 750 2328 791 non
2352 736 2523 789 solum
2554 750 2612 789 se
2642 748 2823 789 veram
2849 732 3013 786 vitam
3040 746 3385 802 cognoscere,
3411 730 3506 786 sed
3537 740 3593 786 et
3621 730 3835 800 peren-

2226 808 2366 861 niter
2392 807 2441 859 in
2464 821 2525 860 ea
2560 805 2714 860 beate
2739 806 2920 859 vivere
2943 818 3002 859 se
3026 802 3317 873 gaudebit;
3349 803 3474 873 quia
3498 802 3555 857 in
3577 817 3643 857 ea
3664 802 3840 873 hujus

2226 877 2413 949 gloriae
2439 891 2661 949 consors
2688 876 2812 949 erit.

2300 948 2441 1003 DISC.
2480 947 2631 1002 Vera:
2654 948 2776 1001 vitae
2802 955 2857 1001 et
2881 947 3121 1001 omnium
3147 944 3304 1001 beate
3333 943 3627 1000 viventium
3653 942 3827 999 faciat

2228 1026 2282 1073 te
2308 1019 2448 1073 Deus
2473 1018 2805 1091 participem,
2837 1018 2927 1089 qui
2960 1032 3061 1075 nos
3097 1031 3287 1074 omnes
3314 1015 3383 1072 ad
3410 1030 3682 1073 summum
3729 1014 3836 1070 bo-
3864 1074 3877 1091 ς

2232 1104 2359 1145 num
2386 1090 2664 1161 perducat.
2696 1090 2893 1145 Amen.

539 1170 612 1223 tio
658 1169 949 1223 intentione
981 1160 1032 1221 in
1074 1160 1343 1221 summum
1386 1167 1582 1220 bonum
1615 1162 1859 1229 trahitur,
1890 1160 2120 1215 intentio

563 1291 3845 1363 Μ

1661 1339 2663 1354 ___________________

1383 1430 1833 1498 ADMONITIO
1875 1432 1957 1495 IN
2000 1429 2626 1505 SUBSEQUENTEM
2662 1429 2989 1493 LIBRUM.

563 1312 831 1320 “.—

614 1605 774 1662 Liber
802 1607 868 1663 de
897 1607 1013 1661 Vita
1039 1606 1323 1661 christiana
1350 1604 1460 1676 jam
1487 1614 1609 1661 ante
1639 1604 1843 1676 parenti
1873 1618 1971 1659 suo
1997 1604 2275 1659 restitutus
2299 1602 2399 1659 fuit
2427 1618 2526 1673 per
2554 1603 2752 1659 Lucam
2783 1603 3138 1671 Holstenium,
3166 1602 3257 1674 qui
3286 1617 3479 1657 novam
3505 1615 3570 1656 ac
3599 1600 3851 1672 singula-

547 1713 660 1754 rem
702 1699 940 1769 ejusdem
971 1699 1091 1754 libri
1121 1698 1407 1753 editionem
1446 1697 1512 1753 ad
1554 1708 1704 1752 vetus
1729 1696 2002 1767 exemplar
2041 1695 2348 1751 Casinensis
2394 1696 2702 1752 monasterii
2732 1736 2747 1761 ,
2780 1697 2835 1751 in
2863 1711 2970 1767 quo
3004 1694 3223 1751 Fastidii
3264 1694 3481 1750 nomine
3516 1693 3847 1763 inscriptum

550 1793 789 1861 reperit,
838 1791 1211 1863 perficiendam
1254 1790 1459 1845 curavit
1499 1790 1752 1844 Romanis
1784 1789 1953 1861 typis,
1993 1803 2135 1843 anno
2165 1788 2322 1844 1665.
2354 1788 2629 1843 Casinensi
2658 1788 2950 1858 exemplari
2980 1787 3139 1843 ﬁdem
3178 1788 3657 1857 auctoritatemque
3684 1787 3851 1841 aﬂ'ert

545 1884 853 1939 Gennadius
878 1926 890 1950 ,
921 1884 988 1939 de
1017 1883 1251 1938 Fastidio
1276 1890 1330 1938 et
1354 1883 1472 1952 ejus
1504 1881 1957 1936 lucubrationibus
1984 1881 2038 1935 in
2064 1880 2201 1936 libro
2224 1879 2292 1935 de
2324 1880 2683 1951 Scriptoribus
2712 1880 3101 1936 Ecclesiasticis
3124 1923 3140 1950 ,
3168 1895 3287 1951 cap.
3320 1881 3389 1937 56
3414 1922 3429 1948 ,
3461 1880 3535 1935 ita
3566 1880 3805 1950 loquens
3831 1896 3848 1933 :

555 1994 574 2027 ι
606 1975 868 2031 Fastidius
898 1976 1066 2031 Britto
1095 1976 1308 2046 scripsit
1331 1975 1397 2029 ad
1422 1962 1658 2030 Fatalem
1690 1973 1757 2029 de
1786 1974 1903 2028 Vita
1927 1972 2215 2028 christiana
2241 1973 2459 2041 librum,
2486 1982 2540 2028 et
2563 1974 2725 2030 alium
2749 1974 2819 2029 de
2840 1973 3105 2029 Viduitate
3129 1973 3414 2039 servanda,
3444 1988 3575 2029 sana
3600 1982 3657 2028 et
3682 1972 3851 2042 digna

541 2069 800 2122 doctrina.
848 2085 869 2120 ι
911 2068 1170 2123 Gennadii
1217 2066 1377 2122 verba
1418 2075 1541 2121 sunt
1589 2082 1655 2122 ex
1684 2066 2047 2121 vetustissimo
2075 2064 2384 2121 Corbeiensi
2413 2065 2595 2120 codice
2623 2064 2890 2135 descripta
2916 2084 2930 2132 ;
2963 2082 3081 2136 qua:
3110 2066 3321 2137 quidem
3353 2067 3405 2121 in
3434 2066 3592 2122 editis
3620 2079 3735 2120 non
3770 2064 3851 2119 sic

540 2175 673 2231 pura
705 2160 971 2229 leguntur,
1013 2158 1108 2214 sed
1146 2159 1287 2214 male
1326 2158 1639 2229 interpolata
1668 2158 1876 2212 duobus
1918 2157 2153 2213 tribusve
2182 2158 2312 2213 locis
2343 2176 2355 2213 :
2384 2158 2588 2213 scilicet
2617 2177 2636 2210 ‹
2669 2158 2736 2212 ad
2772 2159 3012 2214 Fatalem
3056 2160 3341 2230 quemdam
3379 2179 3397 2212 ι
3426 2160 3662 2228 scriptus
3705 2158 3851 2214 liber

540 2251 734 2305 dicitur
761 2251 812 2305 in
838 2250 1101 2307 Gennadii
1128 2250 1439 2320 impressis;
1471 2264 1630 2319 quem
1671 2258 1849 2304 tamen
1878 2264 1981 2303 non
2023 2249 2090 2303 ad
2116 2248 2288 2303 virum
2311 2291 2326 2317 ,
2360 2249 2456 2304 sed
2494 2250 2559 2303 ad
2601 2248 2813 2304 viduam
2853 2250 3139 2320 quamdam
3180 2251 3439 2307 directum
3479 2266 3599 2307 esse
3628 2251 3846 2321 liquet;

541 2351 910 2413 praetereaque
937 2342 992 2396 in
1019 2341 1209 2397 iisdem
1235 2341 1507 2411 impressis
1533 2340 1681 2395 libris
1706 2340 1965 2409 judicium
1991 2339 2251 2395 Gennadii
2278 2356 2385 2396 uno
2409 2340 2618 2411 adjecto
2643 2341 2808 2397 verbo
2834 2341 3098 2398 illustrius
3127 2344 3302 2413 longe,
3328 2344 3412 2398 vel
3440 2343 3610 2413 magis
3635 2342 3849 2413 (dicere

542 2435 722 2505 liceat)
766 2433 995 2504 ineptius
1022 2435 1263 2491 redditur
1291 2436 1343 2489 in
1376 2436 1517 2489 hunc
1543 2434 1760 2489 modum
1798 2450 1811 2486 :
1843 2452 1861 2484 ι
1890 2431 2029 2488 Sana
2058 2440 2114 2487 et
2144 2433 2255 2489 Deo
2283 2432 2442 2503 digna
2472 2434 2736 2490 doctrina.
2772 2453 2792 2487 ›
2836 2434 3127 2491 Enimvero
3157 2435 3447 2491 Fastidium
3480 2434 3684 2505 Pelagii
3713 2449 3850 2490 cono

549 2526 783 2580 terranei
808 2526 893 2580 sui
918 2526 1113 2582 haeresi
1144 2525 1411 2581 addictum
1439 2524 1601 2581 fuisse
1629 2540 1731 2579 non
1762 2532 1965 2580 temere
1994 2525 2329 2594 suspicantur
2355 2524 2547 2581 eruditi
2587 2526 2704 2581 viri.
2737 2525 2869 2581 Nam
2896 2526 2962 2583 de
2998 2526 3203 2583 Adamo
3231 2529 3284 2583 in
3318 2527 3475 2597 hujus
3503 2527 3624 2582 libri
3664 2527 3849 2598 capite

542 2618 613 2673 15
638 2618 715 2673 sic
744 2618 975 2689 loquitur
1001 2636 1013 2673 :
1044 2636 1063 2670 ι
1092 2616 1149 2673 In
1176 2634 1281 2690 quo
1311 2616 1441 2673 nihil
1472 2616 1633 2672 fuisse
1658 2617 2041 2673 incredulitatis
2068 2617 2301 2685 invenio,
2332 2626 2527 2688 prmter
2550 2618 2719 2673 solam
2750 2618 3189 2688 inobcdientiam,
3215 2621 3366 2690 cujus
3410 2635 3571 2675 causa
3616 2620 3711 2676 ille
3749 2621 3851 2675 da-

542 2721 756 2769 mnatus
782 2721 882 2780 est,
898 2721 1155 2768 ctomnes
1176 2727 1274 2767 suo
1288 2710 1604 2766 damnantur
1631 2709 1928 2778 exemplo.)
1956 2709 2074 2779 Ipse
2098 2718 2181 2764 est
2204 2710 2400 2781 Pelagii
2430 2725 2580 2765 error
2598 2710 2859 2781 docentis,
2886 2713 3017 2768 Adae
3041 2723 3310 2783 peccatum
3339 2713 3567 2783 posteris
3589 2714 3851 2785 exemplo

546 2805 793 2861 nocuisse
817 2846 831 2871 ,
865 2819 971 2859 non
1004 2805 1262 2871 transitu,
1296 2812 1351 2858 ut
1381 2804 1432 2857 in
1461 2802 1684 2873 epistola
1718 2802 1785 2857 ad
1823 2802 2214 2858 Demetriadem
2238 2845 2253 2872 ,
2284 2804 2334 2857 in
2359 2805 2666 2874 Appendice
2696 2821 2917 2877 operum
2946 2807 3223 2878 Augustini
3258 2824 3271 2860 :
3305 2821 3463 2877 quem
3494 2806 3847 2877 Pelagianam

552 2912 790 2954 errorem
822 2896 1144 2969 Augustinus
1174 2910 1315 2966 saepe
1343 2893 1709 2964 reprehendit.
1746 2893 1874 2961 Qua:
1900 2893 2060 2948 etiam
2086 2893 2174 2949 hic
2197 2893 2466 2950 habentur
2496 2896 2550 2951 in
2572 2896 2745 2966 capite
2774 2897 2860 2963 11,
2899 2916 2917 2949 ε
2951 2897 3045 2952 llle
3069 2897 3211 2952 enim
3238 2897 3428 2952 merito
3456 2896 3526 2952 ad
3548 2898 3720 2953 Deum
3743 2914 3846 2954 ex-

542 2988 678 3043 tollit
707 3002 914 3054 manus,
944 2986 1033 3041 ille
1062 3000 1246 3056 preces
1271 2986 1425 3039 bonae
1450 2984 1792 3040 conscientia:
1822 2983 2025 3051 fundit,
2059 2985 2150 3055 qui
2181 2993 2357 3055 potest
2384 2986 2593 3053 dicere,
2628 2987 2709 3042 Tu
2737 2987 2913 3056 nosti,
2945 2986 3198 3055 Domine,
3229 3003 3389 3058 quam
3417 2998 3646 3055 sancta},
3675 3004 3845 3060 quam

542 3080 879 3146 innocentes,
932 3094 1089 3150 quam
1119 3093 1265 3149 pura:
1290 3086 1415 3133 sunt
1442 3078 1510 3132 ab
1538 3077 1685 3132 omni
1711 3075 1896 3131 fraude
1918 3085 1971 3131 et
1992 3076 2182 3147 injuria
2202 3085 2256 3132 et
2276 3077 2479 3147 rapina,
2506 3094 2638 3150 quas
2660 3080 2726 3135 ad
2749 3089 2798 3136 te
2819 3081 3062 3152 expando
3082 3097 3290 3151 manus,
3314 3096 3473 3153 quam
3496 3081 3846 3140 immaculata

550 3173 691 3228 labia
720 3180 774 3229 et
801 3172 868 3228 ab
896 3171 1043 3226 omni
1073 3170 1355 3226 mendacio
1392 3169 1582 3236 libera,
1612 3168 1803 3240 quibus
1836 3169 1948 3236 tibi,
1979 3177 2035 3223 ut
2061 3169 2191 3224 mihi
2220 3170 2541 3238 miserearis,
2578 3187 2764 3242 preces
2792 3172 2996 3241 fundo;
3032 3193 3052 3228 ι
3086 3175 3173 3230 illa
3204 3175 3317 3246 ipsa
3345 3174 3508 3231 verba
3535 3184 3691 3242 sunt,
3723 3190 3844 3248 quae

556 3265 612 3318 in
638 3265 776 3319 libro
806 3265 1001 3336 Pelagii
1034 3264 1101 3318 ad
1131 3264 1341 3318 viduam
1372 3262 1661 3327 exstitisse,
1694 3268 1918 3318 testatur
1947 3262 2277 3333 Augustinus
2304 3263 2357 3318 in
2385 3264 2522 3320 libro
2550 3265 2617 3320 de
2642 3265 2819 3321 Gestis
2847 3267 3065 3338 Pelagii,
3094 3283 3213 3339 cap.
3245 3268 3299 3335 6,
3334 3284 3541 3324 necnon
3574 3270 3846 3342 Hierony-

548 3375 668 3415 mus
698 3360 753 3414 in
785 3359 940 3414 tertio
972 3358 1309 3430 Dialogorum
1340 3357 1476 3412 libro
1500 3398 1515 3424 ,
1557 3356 1647 3413 ubi
1680 3356 1744 3411 iis
1774 3356 1950 3411 verbis
1980 3357 2215 3412 recitatis
2239 3357 2545 3413 exclamat:
2578 3377 2596 3410 ι
2628 3359 2915 3415 Christiani
2944 3369 3027 3417 est
3054 3361 3170 3417 haec
3193 3404 3207 3429 ,
3245 3378 3312 3419 an
3356 3364 3614 3420 Pharisrci
3654 3380 3844 3437 supero

543 3453 740 3510 bientis
786 3453 1000 3508 oratio?
1035 3471 1054 3505 ι
1091 3450 1383 3507 Fastidium
1431 3450 1810 3505 Britannorum
1856 3451 2163 3522 episcopum
2207 3450 2464 3509 claruisse
2500 3453 2599 3509 sub
2635 3454 2874 3511 Honorio
2902 3467 2955 3512 et
2984 3456 3287 3514 Theodosio
3329 3459 3661 3529 principibus
3699 3473 3843 3516 anno

546 3548 746 3605 Christi
786 3548 913 3613 420,
954 3547 1169 3618 scripsit
1211 3546 1555 3601 Trithemius.
1597 3545 1859 3601 Gennadii
1897 3556 2076 3602 autem
2115 3548 2391 3619 exemplar
2431 3547 2755 3607 Corbeiense
2788 3567 2947 3623 supra
2990 3553 3284 3624 laudatum,
3320 3555 3558 3625 episcopi
3605 3554 3839 3623 titulum,

550 3658 710 3714 quem
748 3642 876 3697 editi
905 3640 1137 3697 Fastidio
1168 3641 1438 3708 tribuunt,
1475 3639 1803 3709 adscriptum
1829 3655 1860 3695 a
1891 3641 2060 3711 prima
2089 3655 2249 3697 manu
2277 3658 2386 3699 non
2413 3643 2632 3712 habuit;
2666 3647 2760 3703 sed
2791 3656 2909 3719 post
2936 3664 3121 3705 vocem
3155 3669 3175 3702 ‹
3213 3651 3415 3716 Britto,
3457 3670 3477 3704 ι
3512 3650 3731 3707 additus
3757 3656 3866 3725 est.

549 3735 835 3791 recentiori
875 3734 1079 3789 calamo
1116 3752 1135 3786 ι
1171 3732 1472 3803 episcopus.
1511 3751 1531 3786 ι
1562 3732 1779 3787 Librum
1824 3733 1966 3789 hunc
2005 3734 2325 3790 contulimus
2354 3750 2477 3792 cum
2520 3740 2685 3794 veteri
2716 3740 2900 3798 codice
2942 3741 3251 3802 Corbeiensi
3273 3787 3289 3815 ,
3322 3760 3446 3801 cum
3480 3744 3839 3817 Remigiano,

556 3824 894 3891 Michaelino,
924 3824 1196 3880 Victorino
1224 3838 1287 3879 ae
1314 3822 1519 3879 duobus
1545 3823 1869 3892 Sorbonicis,
1902 3833 1955 3880 et
1980 3840 2102 3881 cum
2128 3824 2391 3882 Holstenii
2421 3827 2656 3886 editione
2680 3829 2943 3890 Romana.

1188 4049 1426 4161 DE
1518 4049 1992 4161 VITA
2066 4051 3210 4177 CERISTIANA

1708 4236 2193 4348 LIBER
2282 4239 2397 4347 Π
2382 4243 2500 4350 Ν
2511 4246 2715 4359 US.

1917 4427 2485 4508 W—

628 4592 1311 4683 ῌωηίιὶε.άεέςρηᾳξξςξρςξξ.
1334 4588 1646 4683 opinioszljt
1660 4598 2154 4683 egoieccatorfet
2248 4614 2344 4667 re;
2375 4601 2551 4660 adhuc
2580 4603 2884 4683 insuper_et
2920 4610 3158 4683 omnium
3200 4610 3472 4683 redarguit
3507 4615 3841 4674 conscientia

554 4669 780 4754 9min“
799 4669 2147 4754 ν,1ΨὲΡὲοὲ[ΞΨΞὲὶθιῖῗΞϋῗίἐΨέῗῗίιίίῖῗΗηὶῗθΐὲίεε
2256 4682 2594 4754 βροοθιοςυεη
2620 4718 2635 4744 ν
2666 4669 2723 4754 ui
2747 4678 2905 4754 etiam
2936 4682 2981 4735 si
3010 4683 3133 4751 quid
3160 4669 3389 4739 lumini;
3401 4685 3567 4753 possit
3594 4669 3841 4754 ιιεδέέ-ξζ

576 3961 3839 3996 _________.._______________________________________

555 4749 611 4797 te
639 4748 697 4794 ut
720 4734 1015 4792 sanctitatis
1041 4744 1095 4790 et
1115 4734 1331 4804 justitiae
1361 4734 1498 4787 viam
1531 4748 1722 4804 pergas
1743 4775 1758 4801 ,
1790 4735 2149 4793 crebrioribus

559 4811 784 4865 audeam
817 4808 1007 4862 litteris
1047 4807 1367 4871 admonere,
1410 4820 1513 4858 non
1544 4819 1629 4858 mc
1666 4806 1891 4876 propriae
1926 4809 2148 4876 justitia:

556 4881 751 4936 ﬁducia
776 4922 791 4945 ,
838 4894 940 4933 non
982 4876 1256 4948 sapientia:
1284 4876 1469 4948 peritia
1496 4917 1511 4942 ,
1543 4891 1647 4948 non
1679 4877 1915 4931 scientiae
1943 4879 2107 4948 gloria
2128 4921 2144 4947 ,

555 4952 650 5007 sed
682 4951 793 5004 sola
827 4965 982 5019 quam
1016 4946 1305 5004 secundum
1330 4947 1493 5000 Deum
1518 4946 1697 5019 animo
1724 4961 1787 4999 ac
1815 4946 1992 5003 mente
2015 4946 2147 5005 coné

556 5022 706 5091 cepi,
735 5017 1011 5075 charitatis
1040 5030 1140 5073 tum
1168 5033 1327 5091 causa
1352 5017 1624 5091 compellit
1653 5033 1810 5091 :_qutc
1836 5034 1920 5073 me
1952 5034 2145 5089 pecca-

558 5088 728 5147 torem
762 5101 814 5146 et
844 5092 1083 5161 ignarum
1113 5133 1126 5155 ,
1159 5088 1225 5161 ad
1256 5089 1534 5161 dicendum
1568 5088 1638 5141 ita
1667 5088 1906 5142 hortatur
1933 5088 1986 5143 et
2016 5105 2146 5161 pro-

558 5174 733 5229 vocat,
786 5172 843 5216 ut
871 5160 1006 5216 ﬁcum
1056 5160 1199 5230 loqui
1243 5160 1497 5225 nesciam,
1545 5168 1722 5213 tacere
1765 5173 1869 5213 non
1916 5160 2141 5231 possim.

556 5234 764 5289 Vellem
796 5234 970 5301 itaque
998 5240 1049 5285 et
1087 5232 1312 5285 libenter
1338 5238 1575 5301 Optarem
1601 5271 1614 5293 ,
1648 5238 1699 5301 te
1729 5244 1914 5285 eorum
1944 5231 2147 5289 habere

556 5307 796 5360 notitiam
822 5299 1046 5373 quorum
1074 5310 1127 5355 et
1148 5299 1402 5371 sapientia
1425 5299 1727 5373 afﬂuentior
1752 5311 1853 5366 est,
1883 5312 1935 5357 et
1960 5302 2145 5358 facun-

557 5376 641 5430 dia
671 5372 858 5445 major,
889 5386 941 5429 et
968 5374 1184 5445 scientia
1214 5373 1450 5445 uberior,
1479 5382 1531 5427 ct
1554 5372 1876 5445 conscientia
1904 5374 1971 5428 ab
1996 5377 2142 5430 omni

559 5443 895 5515 peccatorum
936 5444 1250 5513 contagione
1294 5443 1546 5515 liberior,
1579 5443 1668 5513 qui
1710 5451 1760 5497 te
1795 5445 1972 5500 verbis
1997 5446 2143 5514 juste

560 5513 886 5570 instruerent
914 5524 967 5570 et
996 5515 1274 5583 exemplis.
1305 5513 1413 5569 Nos
1444 5514 1585 5568 enim
1616 5523 1965 5584 praeterquam
1997 5513 2143 5585 quod

558 5597 794 5642 mentem
825 5597 1059 5640 nostram
1091 5586 1163 5640 ita
1195 5585 1512 5657 insipientia:
1542 5595 1593 5638 et
1628 5586 1937 5657 ignorantia:
1968 5587 2142 5657 caligo

554 5658 793 5725 caecavit,
823 5665 881 5712 ut
906 5657 1141 5713 divinum
1176 5656 1376 5728 aliquid
1404 5666 1634 5729 nequeat
1657 5656 1855 5712 sentire
1880 5657 1965 5714 vel
1991 5656 2142 5714 dice-

619 5800 637 5833 ι
667 5798 888 5873 giitihic
908 5798 1107 5863 addunt,
1125 5796 1475 5864 primaquod
1495 5796 1652 5863 abest,
1676 5810 1707 5850 a
1737 5804 1846 5851 Mss.
1869 5802 1924 5853 et
1945 5796 2009 5852 ab
2026 5794 2142 5852 Hol-

550 5864 699 5919 διειιῆ
721 5863 958 5916 editione.

2253 4744 2545 4825 abscondat
2571 4764 2592 4825 :_
2613 4757 2667 4803 et
2696 4749 2777 4825 ita,
2796 4748 2858 4805 Iit
2882 4759 2940 4807 ut
2966 4744 3321 4825 praeterquam
3349 4744 3491 4825 quod
3518 4755 3699 4812 dicere
3725 4744 3841 4814 non

2255 4811 2514 4892 habemus
2532 4858 2547 4883 ,
2577 4817 2867 4892 hocetiam
2898 4811 3039 4892 quod
3066 4811 3497 4889 habemusfnon
3524 4811 3844 4886 ﬁducialiter

2254 4886 2493 4971 proferre
2513 4891 2846 4971 conscientia
2877 4886 3517 4971 proliibente_possimus.
3550 4897 3627 4952 Tu
3653 4908 3841 4971 tamen

2251 4955 2378 5043 dum
2415 4959 2634 5043 peritior
2665 4962 2755 5017 tibi
2783 4955 3042 5043 apparere
3077 4955 3247 5043 possit?
3272 4979 3327 5024 et
3356 4969 3548 5024 melior
3571 5009 3585 5034 ,
3616 4955 3841 5027 rudibus

2251 5026 2706 5110 admonitionibus
2735 5026 2932 5110 nostris
2958 5026 3168 5092 interim
3193 5048 3309 5094 esto
3334 5026 3603 5105 contenta,
3630 5050 3685 5096 et
3711 5026 3843 5098 chao

2252 5100 2393 5181 ritati
2435 5100 2501 5155 da
2532 5103 2779 5181 veniam;
2807 5107 2959 5181 cujus
2986 5117 3069 5163 est
3093 5124 3199 5165 non
3230 5111 3573 5166 considerare
3594 5100 3732 5181 quid
3762 5115 3839 5168 of-

2251 5168 2421 5254 ferat,
2454 5187 2554 5254 nec
2581 5168 3075 5254 quodnon'habet,
3103 5181 3340 5254 quaerit;
3373 5182 3465 5238 sed
3497 5168 3662 5238 totum
3694 5184 3840 5254 quod

2251 5239 2700 5331 habetilibenter
2731 5246 2967 5331 impertit
3004 5268 3017 5304 :
3049 5239 3298 5331 ad'cujus
3324 5239 3431 5307 non
3462 5262 3566 5309 tam
3597 5239 3843 5331 muneris

2250 5321 2483 5395 speciem
2502 5356 2519 5381 ,
2548 5321 3128 5395 quamanimirespice
3154 5324 3501 5389 voluntatem,
3531 5334 3587 5379 et
3611 5325 3842 5395 diligen-

2251 5391 2333 5465 t_er
2361 5383 2580 5465 adverte
2603 5389 2731 5465 quid
2771 5391 2864 5465 tibi
2892 5392 2992 5465 _ill_a
3012 5383 3243 5465 'negare
3260 5396 3453 5463 poterit
3475 5383 3498 5462 ,’
3523 5412 3639 5465 qua:
3666 5383 3840 5451 tritum

2249 5453 2377 5510 dare
2411 5453 2649 5544 ‘potu'iti‘
2700 5462 2839 5544 quod
2889 5453 3139 5520 habebat:
3186 5453 3488 5521 Ob'tulisset'
3511 5453 3664 5544 etiam
3697 5466 3843 5544 quod

2248 5544 2355 5608 non
2389 5528 2642 5608 illabebat
2690 5528 2735 5586 si
2784 5545 2989 5608 posset,
3046 5552 3168 5607 qua:
3245 5545 3412 5592 totum
3469 5537 3638 5608 potuit
3697 5528 3842 5608 quod

2247 5601 2477 5659 habebat
2544 5603 2739 5661 offerre
2780 5601 2822 5658 ί.
2865 5606 2987 5662 Sitit
3055 5601 3234 5678 itaque
3285 5608 3412 5679 ille,
3464 5601 3559 5665 sed
3611 5601 3841 5681 parum,

2310 5731 2937 5869 gfgltpt‘gsuofﬁuﬁolstcpius
2952 5802 3136 5869 amem
3149 5797 3288 5869 delt,“
3308 5798 3435 5863 quod
3466 5796 3617 5866 pom“
3637 5795 3833 5865 om.

2250 5857 2371 5914 Editi
2390 5858 2471 5912 alii
2484 5894 2502 5927 ,
2531 5865 2683 5914 totum
2704 5859 2831 5929 Quod
2848 5857 2997 5929 potuit
3017 5860 3290 5929 oﬂ'errebat.
