4076 6370
395 298 531 352 illi?)

387 411 622 466 itnitatur
666 424 855 476 bonos,
901 407 993 464 sed
1033 405 1214 462 irridet
1245 405 1516 476 potiusict
1551 403 1857 471 subsannat,
1905 414 1960 460 et

387 496 649 550 pauperes
675 473 920 551 persequi
957 493 1061 551 non
1088 473 1300 551 cessat?
1327 475 1477 551 Absit
1507 475 1607 529 hoc
1634 475 1961 551 amentibus

382 544 810 607 Christianorum
833 544 1090 612 omnium,
1120 547 1256 600 absit
1286 552 1341 598 ut
1382 544 1680 613 hujusmodi
1709 545 1958 599 christia-

384 637 489 676 nus
515 622 738 684 dicatur,
764 621 903 674 absit
928 629 982 673 ut
1011 619 1102 673 Dei
1132 618 1270 670 lilius
1298 617 1463 685 possit
1487 615 1741 684 appellari
1765 615 1852 685 qui
1883 624 1961 670 ta-

386 693 579 767 lisAes_t_.
613 691 939 767 Christianus
963 690 1172 767 illoest,
1201 684 1509 767 quiOChristi
1533 687 1669 767 viam
1695 687 1952 767 sequitur,

384 762 473 830 qui
513 762 781 814 Christum
832 761 882 814 in
931 758 1175 830 omnibus
1219 756 1453 830 imitatur
1484 772 1499 830 :_
1528 756 1665 830 sicut
1704 756 1957 830 scriptum

384 825 486 895 est,
520 832 618 897 Qui
645 831 765 884 dicit
792 846 845 885 se
869 831 922 883 in
948 828 1385 897 Christomanere,
1416 826 1560 897 debet
1583 826 1708 897 sicut
1735 825 1821 878 ille
1846 842 1959 878 am-

383 893 572 955 bulavit
595 911 641 955 et
666 903 772 971 ipse
797 900 1053 971 ambulare
1077 895 1294 971 (ῌοαηΖ
1321 912 1377 971 n_,
1402 893 1477 969 6).
1502 894 1832 971 Christianus
1855 906 1957 963 est,

382 973 473 1041 qni
520 965 765 1026 omnibus
811 965 1551 1041 Inisericordianrfacit,'qui
1595 965 1813 1019 omnino
1852 982 1959 1021 non

382 1038 628 1097 movetur
670 1041 877 1111 injuria,
914 1041 1001 1111 qui
1029 1038 1256 1111 Oppritni
1285 1051 1567 1111 pauperem
1606 1045 1959 1111 _se_pr'.ese_ntc

382 1127 490 1166 non
531 1105 745 1181 patitur,
789 1111 878 1181 qui
912 1105 1119 1164 miseris
1163 1107 1429 1181 subvenit,
1472 1106 1561 1175 qui
1605 1105 1958 1181 indigentibus

382 1177 668 1248 succurrit,
707 1177 946 1251 qui'cum
978 1178 1325 1251 maerentibus
1366 1185 1578 1251 niteret1
1602 1178 1690 1245 qui
1718 1177 1955 1251 dolorem

383 1253 607 1307 alterius
630 1244 779 1323 quasi
807 1251 1078 1323 proprium
1118 1250 1297 1323 sentit,
1326 1247 1416 1317 qui
1452 1246 1515 1300 ad
1546 1244 1725 1323 ﬂetum
1750 1246 1959 1323 ﬂetibus

380 1318 703 1393 provocatur
726 1318 936 1393 alienis,
975 1319 1383 1393 cujusomnium
1423 1320 1719 1393 conminuis
1753 1326 1833 1371 est
1859 1318 1957 1370 do-

381 1385 526 1455 inus,
565 1393 716 1460 cujus
749 1391 904 1460 ianua
945 1385 1144 1444 nemini
1172 1387 1476 1460 _clauditur,
1526 1385 1676 1460 cujus
1717 1402 1955 1460 mensam

382 1477 584 1532 pauper
622 1456 801 1517 nullus
841 1462 1067 1531 ignorat.
1098 1458 1249 1527 cujus
1289 1458 1439 1512 cibus
1481 1458 1685 1532 cunctis
1714 1456 1953 1532 offertur,

381 1527 534 1602 cujus
557 1534 751 1586 bonum
773 1527 958 1585 omnes
986 1541 1200 1602 norunt,
1230 1538 1283 1583 et
1307 1528 1649 1602 nemosentit
1675 1527 1954 1595 injuriam;

381 1597 473 1671 qui
522 1604 629 1657 Deo
670 1603 757 1657 die
804 1612 1069 1669 noctuque
1111 1598 1365 1671 deservit,
1407 1597 1500 1671 qui
1540 1597 1656 1666 ejus
1696 1607 1956 1671 praecepta

382 1667 746 1728 indesinenter
774 1667 1058 1727 meditatur
1080 1678 1134 1724 et
1157 1669 1384 1738 cogitat;
1414 1667 1503 1737 qui
1534 1682 1732 1736 pauper
1761 1667 1958 1738 mundo

382 1743 637 1807 efﬁcitur,
669 1752 726 1796 ut
756 1742 866 1796 Deo
891 1740 1130 1810 locuples
1159 1737 1282 1810 ﬁat;
1312 1738 1399 1809 qui
1428 1738 1567 1791 inter
1592 1738 1834 1810 homines
1865 1737 1957 1791 ha-

380 1814 542 1867 betur
581 1806 857 1883 inglorius,
903 1822 959 1865 ut
987 1806 1168 1883 coram
1202 1806 1423 1883 Deo'er
1454 1808 1669 1883 Angelis
1696 1806 1957 1883 gloriosus

381 1877 665 1952 appareat}
694 1882 783 1952 qui
810 1882 862 1936 in
887 1880 1047 1935 corde
1066 1879 1317 1952 suonihil
1340 1877 1545 1952 videtur
1571 1878 1770 1952 habere
1794 1878 1957 1931 simu-

382 1947 551 2007 latum
591 1953 670 2007 vel
702 1947 903 2015 fictum,
950 1951 1101 2019 cujus
1139 1949 1362 2017 simplex
1407 1957 1460 2002 et
1499 1947 1832 2001 immaculata
1875 1956 1958 2003 est

381 2025 583 2083 anima.
629 2024 782 2091 cujus
809 2021 1132 2076 conscientia
1177 2019 1349 2091 ﬁdelis
1391 2026 1446 2073 et
1488 2027 1758 2091 purae-st:
1805 2020 1957 2087 cujus

384 2102 496 2146 tota
525 2093 577 2146 in
620 2087 731 2147 Deo
758 2106 931 2156 mens,
961 2091 1113 2160 cujus
1155 2090 1327 2144 omnis
1352 2104 1476 2160 spes
1505 2089 1558 2142 in
1601 2087 1954 2160 Chrismest;

379 2164 473 2232 qui
502 2163 737 2219 coelestia
777 2163 951 2232 potius
984 2158 1140 2232 quam
1169 2169 1383 2232 terrena
1408 2158 1694 2232 desiderat,
1736 2158 1825 2232 qui
1857 2158 1958 2232 hu:

380 2227 540 2286 mana
582 2227 803 2301 spernit,
829 2243 888 2287 ut
914 2227 1081 2300 possit
1111 2230 1307 2301 habere
1334 2229 1532 2301 divina.
1571 2229 1700 2301 Nam
1746 2227 1829 2281 his
1866 2228 1954 2296 qui

381 2303 488 2357 hoc
526 2299 780 2357 seculum
822 2299 1066 2370 diligunt,
1106 2309 1162 2353 et
1203 2300 1292 2370 qui
1333 2299 1384 2353 in
1423 2300 1670 2368 prazscnti
1716 2306 1958 2370 tempore

380 2373 679 2443 gloriantur
700 2382 755 2427 et
781 2368 1135 2443 complacent,
1165 2369 1438 2443 addiquid
1468 2370 1706 2443 dicitur_:
1738 2368 1957 2443 Nescitis

379 2437 501 2511 quia
530 2443 748 2496 amicitia
774 2437 925 2511 hujus
953 2441 1127 2493 mundi
1157 2437 1361 2511 inimica
1383 2449 1455 2492 est
1477 2438 1627 2511 Deo?
1648 2437 1960 2511 Etgquicu‘mf

378 2507 480 2584 quc
520 2507 1108 2584 uolueritesseamicus
1150 2509 1301 2579 hujus
1348 2510 1537 2574 seculi,
1586 2509 1818 2562 inimicus
1860 2507 1955 2561 Dei

378 2580 701 2636 constituitur
737 2580 936 2649 (Jacobi
962 2596 1034 2643 Iv,
1062 2581 1141 2648 4).

375 2684 380 2698 ι
451 2652 674 2707 CAPUT
719 2645 832 2707 XV.
895 2645 1168 2705 Viduarum
1194 2650 1378 2718 triplex
1415 2665 1587 2719 genus.
1618 2648 1795 2712 Qualis
1821 2645 1963 2703 Chri-

378 2724 444 2778 sti
489 2723 642 2775 vidua
672 2724 845 2777 debeat
894 2737 1019 2775 esse.
1066 2721 1189 2775 ll:ec
1227 2722 1355 2787 tibi,
1396 2734 1552 2773 soror
1592 2719 1954 2781 dilectissima,

379 2793 509 2863 quid
532 2792 877 2863 christianum
903 2806 1061 2860 agere
1086 2792 1386 2857 conveniat,
1408 2790 1726 2863 proutpotui
1747 2830 1762 2855 ,
1792 2790 1959 2857 expli-

376 2857 514 2917 cavi.
546 2862 603 2917 Si
635 2877 764 2933 ergo
788 2857 974 2917 omnes
998 2863 1315 2931 generaliter
1333 2857 1422 2928 qui
1442 2857 1725 2933 Christiani
1752 2873 1958 2933 nuncu-

377 2942 573 3003 pantur
592 2974 607 2999 ,
651 2929 771 2988 esse
811 2933 946 2987 tales
979 2929 1397 3003 oportet;_nune
1427 2939 1528 3003 ture
1558 2929 1849 3003 prudentiae
1876 2938 1960 2983 est

377 2998 679 3069 Erstimare,
725 3004 934 3073 qualem
972 2998 1029 3056 tu
1066 3010 1119 3056 te
1159 3001 1367 3073 viduam
1417 3000 1613 3054 debeas
1664 2998 1916 3054 exhibere
1940 3039 1955 3063 ,

375 3089 536 3144 quam
557 3071 761 3128 cunctis
785 3074 919 3128 bene
946 3071 1381 3144 conversantibus
1410 3085 1530 3125 esse
1548 3076 1756 3144 oportet
1773 3082 1957 3122 exeni-

376 3139 547 3213 plum.
572 3144 698 3198 Tria
728 3152 907 3198 autem
927 3142 1342 3213 esseviduarum
1368 3155 1561 3213 genera
1584 3155 1688 3193 non
1714 3139 1958 3213 ignorare

376 3209 433 3268 ie
479 3215 659 3269 credo.
707 3213 880 3268 Unum
918 3212 1060 3282 quod
1109 3211 1549 3282 perfectissimum
1582 3219 1712 3282 _est_,
1753 3209 1958 3282 caelesti

374 3285 600 3353 prmmio
634 3278 954 3339 destinatum
994 3300 1007 3337 :
1041 3278 1216 3353 quod.
1259 3284 1363 3353 ritu
1400 3280 1540 3353 illius
1563 3278 1631 3334 de
1674 3279 1960 3353 Evangelio

376 3349 574 3419 viduae,
601 3355 708 3409 Deo
733 3349 1361 3421 orationibus‘etjejuniis
1387 3351 1471 3404 die
1491 3359 1754 3419 noctuque
1778 3349 1961 3421 deser-

373 3425 454 3495 _vit
481 3423 628 3495 (Luc.
661 3440 716 3486 ll,
739 3424 852 3495 57).
879 3422 1033 3478 Aliud
1063 3420 1213 3488 vero,
1242 3421 1638 3495 quodtiliorum
1663 3435 1845 3475 curam
1875 3420 1961 3474 ha-

373 3491 506 3549 bere
531 3494 723 3548 dicitur
747 3491 1035 3557 et'domus,
1066 3507 1168 3546 non
1197 3502 1343 3547 tanto
1366 3491 1583 3559 dignum
1607 3531 1623 3556 ,
1655 3504 1753 3544 nec
1783 3499 1960 3544 tamen

448 3565 613 3618 ccatis
635 3564 943 3618 obnoxium.
985 3564 1219 3617 Tertium
1246 3571 1421 3615 autem
1447 3575 1613 3630 genus
1639 3569 1719 3614 est
1746 3560 1797 3613 in
1826 3574 1960 3629 epu-

399 3635 444 3688 is
471 3644 525 3688 et
548 3634 784 3699 deliciis,
814 3634 956 3703 quod
994 3642 1207 3703 teterntc
1236 3632 1390 3686 morti
1418 3638 1658 3685 servatur
1681 3639 1735 3684 et
1763 3644 1958 3703 pagum.

373 3703 526 3758 Sicut
548 3705 817 3776 _scriptum
834 3700 930 3776 est
949 3743 964 3768 ,
1020 3702 1210 3757 Viduas
1238 3704 1430 3776 honora
1450 3740 1468 3767 ,
1510 3716 1623 3770 quae
1647 3715 1772 3754 vero:
1797 3700 1963 3754 viduae

372 3784 514 3828 sunt.
547 3772 810 3829 lstai'sunt
838 3774 1021 3842 prima:
1039 3812 1056 3839 ,
1081 3788 1202 3843 qua:
1229 3772 1476 3843 dicuntur
1495 3779 1549 3826 et
1551 3786 1742 3843 geras,
1772 3778 1824 3824 et
1843 3786 1960 3843 quae

370 3844 629 3915 iubentur
654 3859 684 3898 a
710 3840 856 3915 tanto
881 3840 1192 3915 sacerdote,
1227 3842 1327 3915 hoc
1352 3850 1461 3915 est,
1479 3856 1518 3915 _a
1549 3840 1830 3915 rlfimotbeo
1859 3840 1959 3893 ho—

373 3910 577 3968 norari.
609 3913 869 3969 Secundae
897 3923 1040 3976 sunt,
1064 3913 1252 3983 quibus
1278 3912 1386 3980 jam
1411 3910 1727 3983 haberiunon
1747 3910 1962 3983 jubetur

372 3983 580 4047 honor,
621 3999 719 4039 nec
748 3992 922 4038 tamen
964 3980 1095 4037 vita'
1116 3992 1336 4051 negatur
1378 3999 1390 4033 :
1422 3980 1490 4036 de
1513 3980 1707 4051 quibus
1731 3980 1957 4047 dicitur,

376 4052 508 4118 Qua:
527 4063 695 4109 autem
730 4055 864 4123 ﬁlios
893 4054 1077 4107 habent
1103 4061 1191 4105 aut
1220 4060 1424 4121 nepotes
1442 4092 1458 4116 ,
1504 4051 1700 4123 discant
1743 4051 1962 4123 priurum

372 4123 583 4177 domum
619 4119 763 4178 suain
808 4124 890 4193 pie
916 4124 935 4155 ί
961 4131 1175 4177 tractare
1195 4162 1212 4189 ,
1250 4119 1297 4175 et
1324 4136 1495 4193 parem
1518 4119 1964 4193 gratiam’reddere

372 4194 686 4263 parentibus.
725 4190 835 4249 nus
861 4208 988 4249 vero
1018 4193 1187 4249 tertiae
1207 4190 1365 4257 sunt,
1386 4190 1461 4246 de
1484 4191 1677 4261 quibus
1705 4191 1959 4260 scriptum

484 4332 531 4375 In
554 4324 803 4389 plerisque
822 4334 948 4387 Mss,
965 4324 1097 4377 bene.

1322 289 1687 347 ADMONITIO
1726 289 1790 345 1N
1833 290 2373 359 SUBSEQUENTEM
2414 292 2689 348 LlBllUM.

3520 299 3655 353 iOib'

2070 415 2180 478 est,
2223 408 2387 463 Vidua
2416 419 2581 462 autem
2609 424 2722 478 quae
2745 409 2797 462 in
2817 410 3007 464 deliciis
3033 419 3122 477 est,
3147 411 3308 465 vivens
3344 420 3539 465 mortua
3578 422 3650 465 est

2068 477 2113 548 (l
2138 477 2268 533 Tim.
2296 496 2348 543 v,
2384 481 2446 545 5,
2475 480 2541 545 4,
2571 477 2648 547 6).
2682 478 2831 533 Unde
2862 479 3075 549 intelligi
3100 481 3283 548 datur,
3318 497 3423 535 non
3465 497 3652 537 omnes

2067 550 2251 603 viduas
2280 565 2398 604 esse
2434 551 2694 620 mquales;
2724 564 2821 621 nec
2849 564 2940 603 eas
2971 550 3079 604 Deo
3104 552 3311 619 placere
3332 594 3345 617 ,
3376 567 3495 621 qua:
3522 566 3647 607 cor-

2067 634 2197 691 pore
2226 628 2430 674 tantum
2462 621 2632 691 viduae
2661 620 2908 691 videntur
2926 634 3045 691 esse
3069 661 3084 685 ,
3118 637 3222 675 non
3249 620 3431 691 opere.

2136 690 2318 762 Qualis
2347 698 2523 745 autem
2550 689 2743 745 Christi
2768 689 2921 762 vidua
2946 689 3137 745 debeat
3179 689 3300 762 esse
3318 732 3343 762 ,_
3364 694 3650 762 Apostolus

2066 758 2194 831 dicit
2223 778 2234 810 :
2267 760 2393 825 Qua:
2420 771 2587 831 autem
2613 776 2723 815 vere
2744 760 2895 815 vidua
2924 770 3029 831 esti
3048 770 3216 831 sperat
3237 761 3289 814 in
3316 758 3531 816 Domino
3554 804 3569 829 ,
3601 776 3653 817 et

2065 830 2218 883 instat
2254 829 2561 884 orationibus
2597 831 2677 885 die
2704 848 2763 885 ac
2802 841 2959 885 nocte.
2988 829 3096 885 Nec
3125 830 3251 885 illud
3297 834 3567 900 praeterire
3598 842 3651 889 te

2064 901 2188 955 volo
2211 944 2225 962 .
2255 900 2393 970 quod
2425 900 2633 969 quando
2663 916 2815 956 veras
2840 901 3027 956 viduas
3051 902 3335 970 Apostolus
3364 904 3602 957 nominat
3627 945 3643 970 ,

2065 984 2183 1025 esse
2209 971 2538 1027 demonstrat
2559 979 2612 1027 et
2634 972 2808 1038 falsas,
2836 971 2934 1025 hoc
2960 981 3059 1035 est,
3084 980 3203 1026 actu
3229 1012 3243 1036 ,
3275 981 3455 1027 mente
3474 1013 3489 1038 ,
3515 988 3647 1028 con-

2064 1042 2383 1107 versatione,
2410 1056 2513 1095 non
2540 1056 2783 1110 corpore.
2810 1042 2875 1096 Et
2894 1041 3017 1096 alibi
3036 1042 3204 1097 viduae
3225 1057 3366 1097 vera:
3392 1049 3447 1097 ct
3466 1043 3651 1098 electa:

2064 1119 2239 1183 actum
2286 1112 2852 1183 conversationemque
2899 1112 3151 1167 describit
3187 1112 3326 1167 idem
3374 1112 3646 1183 apostolus

2064 1180 2248 1236 dicens
2272 1224 2286 1248 ,
2320 1181 2484 1237 Vidua
2508 1183 2723 1252 eligatur
2740 1180 2852 1250 qm
2889 1184 3037 1249 fuerit
3072 1184 3125 1237 in
3155 1183 3387 1252 operibus
3410 1180 3552 1236 bonis
3580 1192 3653 1237 te-

2064 1252 2353 1306 stimonium
2374 1252 2579 1306 habens.
2606 1252 2667 1307 Si
2696 1253 2829 1320 ﬁlios
2853 1252 3079 1306 educavit
3100 1294 3113 1315 ,
3136 1254 3277 1322 quod
3305 1252 3647 1323 subintelligi-

2066 1332 2171 1395 tur,
2205 1325 2342 1395 Deo;
2370 1325 2413 1377 si
2439 1322 2656 1395 hospitio
2683 1324 2866 1395 recepit
2887 1364 2899 1385 ,
2920 1324 2973 1395 si
2998 1333 3290 1395 sanctorum
3311 1323 3461 1395 pedes
3485 1322 3644 1390 lavit,

2063 1393 2109 1463 si
2132 1392 2501 1447 tribulationem
2527 1392 2827 1463 patientibus
2848 1392 3264 1463 subministravit,
3292 1392 3336 1448 si
3354 1410 3501 1448 omne
3520 1410 3648 1463 apus

2064 1462 2245 1536 bonum
2284 1463 2544 1536 subsecuta
2572 1471 2641 1517 est
2669 1462 2828 1536 (Ibid.
2870 1463 2941 1536 ξ,
2976 1462 3081 1534 10).
3122 1463 3270 1518 Hanc
3304 1478 3433 1536 esse,
3460 1479 3644 1519 veram

2064 1533 2275 1588 viduam
2311 1534 2603 1602 judicavit,
2656 1533 2805 1602 cujus
2834 1533 2953 1587 talia
2984 1533 3107 1588 sunt
3147 1548 3329 1602 Opera.
3379 1534 3471 1588 illa
3516 1549 3645 1589 vero

2064 1550 2275 1588 vtauam
2311 1550 2603 1602 juutcavu,
2656 1550 2719 1587 cn
2745 1550 2805 1587 us
2834 1550 2953 1587 tana
2984 1550 3107 1588 sunt
3147 1550 3329 1602 opera.
3380 1550 3471 1588 tua
3516 1550 3645 1589 vero

2061 1604 2331 1673 quomodo
2350 1620 2408 1659 se
2430 1602 2625 1658 Chrisﬁ
2652 1550 2863 1658 viduam
2901 1603 3065 1670 dicit,
3102 1619 3222 1674 quae
3253 1604 3383 1658 nihil
3414 1603 3518 1665 tale
3545 1603 3646 1658 ali-

2064 1674 2273 1743 quando
2296 1685 2510 1745 operata
2536 1673 2788 1745 est?7$ed
2817 1681 2941 1745 sunt
2966 1673 3155 1745 aliqua:
3181 1673 3370 1745 divites
3390 1715 3404 1739 ,
3438 1674 3642 1729 nobiles

2062 1753 2116 1798 et
2138 1744 2381 1813 potentes
2399 1788 2415 1813 ,
2437 1745 2627 1814 quibus
2656 1744 2873 1799 forsitan
2894 1744 3102 1814 videtur
3130 1744 3402 1814 indignum
3423 1785 3437 1809 ,
3467 1756 3525 1798 ut
3552 1754 3643 1798 aut

2064 1814 2203 1869 ﬁlios
2233 1816 2342 1869 Deo
2362 1857 2375 1878 ,
2416 1813 2470 1871 et
2499 1830 2602 1868 non
2633 1815 2829 1870 saeculo
2854 1813 3103 1879 educent,
3132 1823 3220 1867 aut
3248 1813 3477 1884 hospitio
3502 1815 3640 1868 reci-

2102 1887 2211 1939 iant
2234 1886 2514 1952 advenam,
2537 1896 2628 1939 aut
2649 1894 2951 1940 sanctorum
2977 1884 3137 1952 pedes
3162 1883 3474 1947 lahoriosos,
3500 1885 3641 1939 lutu-

2082 1965 2234 2011 entos
2255 1966 2309 2011 et
2337 1957 2578 2011 horridos
2602 1956 2807 2020 lavent,
2835 1964 2891 2010 ct
2914 1954 3154 2009 delicatis
3183 1963 3238 2008 ct
3269 1954 3643 2020 nitidiynani-

2063 2025 2162 2080 bus
2186 2034 2419 2096 tangant.
2452 2028 2529 2096 (a)
2555 2025 2660 2082 Sed
2703 2041 2802 2080 nec
2825 2024 3000 2095 digna:
3024 2034 3181 2080 erunt
3221 2023 3355 2096 tales
3382 2025 3435 2096 in
3465 2022 3643 2078 futuro

2062 2094 2303 2165 tempore
2339 2094 2643 2152 sanctorum
2670 2110 2789 2151 esse
2811 2094 3086 2151 consortes
3110 2137 3126 2161 ,
3151 2109 3286 2164 quos
3309 2094 3383 2149 ita
3413 2094 3467 2149 in
3506 2108 3644 2163 prm-

2064 2168 2199 2237 senti
2238 2176 2584 2236 spreverunt;
2616 2182 2713 2220 nec
2754 2176 2959 2237 partem
3002 2166 3199 2220 habere
3240 2172 3490 2237 poterunt
3516 2178 3657 2218 cum.

2062 2233 2280 2292 Christo
2294 2279 2310 2303 ,
2336 2254 2494 2308 quem
2523 2233 2796 2305 suscipere
2825 2236 3108 2308 uoluerunt
3126 2275 3141 2301 ,
3173 2244 3228 2289 et
3244 2233 3412 2308 cujus
3418 2233 3643 2308 plantas

2063 2308 2172 2360 suis
2196 2302 2529 2363 contrectare
2564 2302 2802 2360 manibus
2828 2305 3151 2360 horruerunt
3180 2322 3193 2357 :
3225 2302 3345 2373 quia
3372 2302 3638 2359 Christum

2062 2379 2297 2453 spernit‘,
2334 2379 2665 2453 quicumque
2699 2376 2819 2444 ejus
2848 2375 3502 2453 faintilos_spertiit_;sicut
3527 2374 3643 2453 ipse

2063 2441 2209 2511 dicit,
2244 2447 2347 2515 Qui
2362 2441 2458 2501 'vos
2480 2441 2691 2513 spernit,
2716 2441 2793 2500 uie
2820 2446 3009 2515 spernit
3042 2441 3189 2515 (Luc.
3214 2460 3244 2498 κ
3263 2485 3278 2507 ,
3296 2441 3637 2515 716).AMaria',

2065 2517 2205 2572 unde
2252 2512 2451 2572 Christi
2503 2512 2664 2585 pedes
2702 2512 2931 2585 lavaret,
2974 2512 3223 2585 lacrymtc
3260 2512 3593 2568 abundarunt
3625 2529 3639 2565 :

2066 2588 2229 2642 nostri
2254 2595 2430 2643 autem
2456 2583 2706 2654 temporis
2730 2583 2939 2639 feminis
2962 2583 3099 2639 unde
3122 2586 3518 2654 peregrinorum
3546 2597 3643 2650 pe-

2043 2657 2159 2713 odes
2204 2659 2381 2712 lavent
2406 2661 2521 2727 ipsa
2543 2653 2720 2710 deﬁcit
2743 2670 2900 2724 aqua.
2931 2654 3008 2727 Tu
3035 2653 3198 2727 ergo,
3226 2653 3575 2727 sanctissima
3585 2661 3643 2727 et

2067 2721 2474 2797 prudentissima
2504 2726 2696 2781 femina
2717 2767 2733 2791 ,
2754 2721 2845 2797 ne
2876 2724 3013 2797 velis
3056 2721 3253 2797 imitari
3296 2721 3596 2797 hujusmodi
3623 2762 3639 2787 ,

2064 2793 2185 2866 qua:
2221 2814 2343 2852 cum
2382 2797 2638 2851 audenter
2666 2794 3054 2866 malefecerint,
3088 2793 3404 2851 benefacere
3445 2793 3640 2847 erube-

2066 2865 2250 2932 scunt;
2281 2877 2335 2923 et
2357 2866 2752 2921 confunduntur
2785 2865 2927 2933 juste
2961 2865 3175 2935 vivere,
3213 2880 3333 2935 quae
3374 2879 3479 2917 non
3522 2871 3645 2916 sunt

2066 2953 2289 3009 peccare
2322 2936 2583 3001 confusae,
2628 2944 2681 2988 et
2722 2950 2839 3003 qua:
2864 2949 2923 3009 se
2946 2934 3104 3009 morti
3132 2934 3271 2988 ultro
3295 2935 3602 3009 obtulerunt
3626 2974 3659 2997 ,_

2066 3003 2164 3065 nec
2211 3009 2443 3063 invitata:
2482 3014 2817 3060 revertuntur
2858 3003 2924 3058 ad
2971 3004 3133 3058 vitam
3169 3022 3181 3057 :
3212 3019 3330 3072 qua:
3368 3003 3645 3056 hominum

2066 3080 2232 3149 magis
2259 3080 2397 3133 risus
2426 3075 2868 3149 subsannationes
2887 3084 2941 3128 et
2962 3074 3167 3149 fabulas
3194 3089 3351 3143 quam
3372 3073 3489 3149 ‘Dei
3506 3072 3644 3149 judi-

2065 3143 2204 3205 cium
2233 3149 2615 3219 pertimescunt
2635 3188 2649 3209 ,
2678 3143 2941 3219 et‘quibus
2970 3144 3181 3219 charius
3211 3152 3292 3197 est
3315 3143 3522 3219 miseris
3542 3144 3643 3219 ho-

2065 3212 2296 3277 minibus
2327 3220 2534 3288 placere
2554 3230 2709 3284 quam
2733 3213 2966 3288 Christo.
2995 3213 3098 3288 Sed
3120 3222 3234 3288 esto
3262 3212 3404 3288 talis,
3436 3212 3658 3288 qualem.

2069 3302 2120 3347 te
2160 3282 2412 3345 Dominus
2455 3282 2585 3342 esse
2609 3285 2893 3355 praecepit,
2925 3285 3132 3355 qualem
3173 3282 3459 3355 Apostolus
3497 3282 3648 3355 jubet

2066 3361 2303 3418 exhiberi
2355 3369 2410 3414 et
2455 3352 2653 3411 Christi
2699 3355 2889 3418 vidua,
2940 3352 3056 3410 esto
3096 3362 3313 3414 sancta.
3353 3352 3570 3406 humilis
3590 3362 3644 3406 et

2067 3434 2242 3502 quieta
2274 3451 2289 3487 :
2317 3427 2697 3502 misericordia:
2723 3437 2791 3502 _et
2830 3425 3050 3502 justitire
3084 3439 3254 3502 opera
3279 3422 3646 3502 indesinenter

2067 3493 2276 3557 exerce.
2302 3502 2368 3555 Et
2392 3499 2617 3569 quisque
2647 3505 2700 3551 te
2722 3497 2776 3551 in
2803 3493 3147 3569 opprobrium
3174 3493 3399 3569 habeat,
3426 3494 3651 3560 quisque

2068 3573 2357 3628 Subsannet
2382 3564 2437 3624 et
2464 3564 2683 3622 irrideat
2712 3586 2725 3620 ε
2762 3575 2816 3619 ιιι
2838 3575 3038 3619 tantum
3068 3564 3180 3619 Deo
3200 3564 3505 3633 placeastet
3530 3576 3650 3633 quin

2067 3642 2265 3699 Christi
2292 3648 2417 3696 sunt
2438 3652 2614 3710 geras.
2648 3640 2785 3691 Ante
2814 3635 3003 3710 omnia
3023 3631 3407 3710 incessabiliter
3433 3631 3648 3710 Domini

2068 3715 2141 3768 tui
2165 3711 2422 3766 meditare
2440 3702 2693 3764 inundata
2717 3748 2732 3773 ,
2761 3704 3090 3761 orationibus
3115 3714 3169 3759 et
3192 3703 3417 3773 Psalmis
3442 3702 3649 3773 instan-

2069 3794 2148 3837 ter
2176 3781 2419 3835 incumbe
2452 3798 2465 3834 :
2492 3787 2553 3833 ut
2589 3780 2633 3833 si
2662 3770 2914 3848 possibile
2941 3783 3025 3830 est
3043 3816 3058 3840 ,
3100 3782 3257 3829 nemo
3286 3780 3337 3848 te
3365 3770 3650 3848 aliquando

2069 3854 2169 3908 nisi
2192 3861 2281 3906 aut
2303 3851 2566 3921 legentem
2595 3840 2858 3910 inveniat,
2890 3857 2981 3921 aut
3004 3854 3265 3900 orantem.
3384 3840 3504 3921 cuin
3535 3840 3637 3893 fue-

2068 3924 2141 3978 ris
2165 3923 2303 3987 talis,
2323 3912 2491 3975 nostri
2519 3926 2821 3983 memento,
2851 3916 2943 3986 qui
2972 3926 3023 3970 te
3047 3924 3251 3968 tantum
3280 3912 3565 3987 diligimus,
3594 3918 3646 3963 ut

2067 3993 2206 4063 quod
2237 3981 2525 4060 praesentes
2544 3981 2932 4060 prmstare'uon
2970 3998 3252 4057 possumus
3271 4022 3288 4052 ,
3313 3981 3663 4039 conferamus

2068 4066 2337 4119 absentes.

2133 4235 2207 4301 (a)
2242 4233 2342 4285 vid.
2365 4245 2515 4286 serm.
2532 4231 2637 4293 149,
2662 4243 2713 4281 n.
2742 4231 2787 4291 l,
2805 4231 2855 4280 ω
2880 4226 3092 4292 Appeml.
3120 4225 3299 4279 tomis.

394 4391 3645 4430 _________________________________.__._____~

1214 4474 1667 4539 ADMONITIO
1706 4475 1789 4537 IN
1831 4469 2455 4548 SUBSEQUENTEM
2482 4467 2805 4529 LIBRUM.

448 4622 672 4677 Paulino
715 4620 1066 4694 Foroiuliensi
1098 4636 1192 4677 seu
1218 4618 1541 4690 Aquileiensi
1585 4616 1902 4689 patriarcha:
1941 4616 2044 4672 erit
2071 4613 2283 4669 tandem
2310 4610 2597 4683 aliquando
2635 4610 2912 4665 restitutus
2950 4607 3102 4665 hicce
3136 4608 3301 4671 liber,
3340 4605 3663 4661 auctoritate

372 4713 667 4769 Colbertini
695 4693 968 4785 cujusdam
1009 4712 1224 4783 optimae
1250 4721 1389 4765 notae
1414 4717 1470 4764 et
1493 4707 1877 4778 antiquissimae
1901 4706 2177 4776 scriptura:
2202 4701 2424 4759 codicis.
2452 4701 2729 4757 Scribebat
2756 4700 2854 4756 sub
2881 4699 3057 4755 octavi
3076 4696 3254 4753 steculi
3286 4696 3444 4749 ﬁnem
3471 4693 3651 4749 Pauli-

372 4822 477 4861 nus
520 4805 903 4876 Forojnliensis
926 4844 941 4869 ,
972 4819 1113 4859 anno
1140 4802 1321 4857 satculi
1363 4799 1490 4855 noni
1535 4797 1769 4855 secundo
1795 4797 1934 4855 forte
1960 4795 2045 4852 vel
2072 4798 2226 4851 tertio
2249 4795 2493 4850 dcnalus.
2525 4793 2641 4847 Mox
2680 4807 2811 4848 vero
2856 4792 2952 4860 ipsi
2982 4792 3032 4845 in
3072 4789 3267 4845 sarculo
3295 4785 3483 4842 eodem
3512 4800 3657 4838 nouo

372 4899 684 4967 ademptum
706 4897 949 4953 videmus
971 4896 1073 4950 hoc
1096 4908 1248 4965 opus,
1279 4903 1337 4948 ut
1357 4899 1748 4962 supportaretur
1774 4889 2089 4960 Augustino.
2116 4887 2247 4942 Nam
2278 4886 2704 4942 Theodericense
2728 4893 2902 4939 exstat
2928 4896 3187 4936 annorum
3209 4922 3223 4947 ,
3257 4879 3356 4933 nisi
3386 4876 3618 4933 fallimur
3639 4919 3655 4941 ,

374 4990 808 5058 octingentorum
852 4986 1156 5057 exemplar,
1205 4983 1413 5039 titulum
1458 4983 1651 5037 bunca
1682 4981 1851 5052 prima
1880 4995 2040 5035 manu
2068 4978 2323 5049 scriptum
2369 4977 2422 5032 in
2450 4976 2627 5032 fronte
2654 4976 2773 5031 libri
2818 4974 3062 5027 habens:
3104 4969 3253 5025 Liber
3292 4970 3658 5024 exhortationis

375 5083 539 5137 sancti
561 5082 830 5153 Augustini
857 5082 925 5136 ad
943 5080 1210 5152 quemdam
1235 5078 1466 5133 comitem
1490 5076 1843 5131 charissimam
1866 5074 1980 5130 sibi.
2006 5074 2213 5131 Citatur
2240 5088 2271 5128 a
2298 5073 2550 5129 Gratiano
2573 5113 2589 5139 ,
2621 5071 2688 5126 de
2714 5069 2907 5125 Poenit.
2936 5068 3060 5123 dist.
3103 5065 3141 5122 Si
3163 5108 3179 5133 ,
3224 5080 3342 5136 cap.
3394 5063 3457 5120 Si
3502 5064 3615 5134 quis
3651 5081 3669 5128 ;
3714 5115 3731 5137 I

375 5176 576 5243 ibique,
603 5175 677 5229 uti
699 5183 751 5230 et
770 5174 910 5243 apud
935 5171 1306 5233 Tritbemium,
1341 5169 1610 5242 Augustini
1630 5170 1699 5221 ad
1714 5167 1983 5222 lulianum
2003 5167 2231 5222 comitem
2254 5164 2468 5237 epistola
2497 5172 2829 5232 nuncupatur
2853 5179 2866 5217 :
2898 5175 3004 5231 quo
3027 5161 3129 5215 sub
3156 5160 3190 5214 ti
3208 5160 3306 5213 .nio
3326 5159 3485 5212 etiam
3519 5157 3658 5211 inter

378 5266 663 5335 Augustini
687 5265 941 5337 epistolas
969 5262 1143 5318 locum
1171 5261 1351 5316 habuit
1384 5262 1435 5315 in
1476 5260 1642 5331 prima
1672 5258 1904 5315 editione
1927 5272 2113 5313 earum
2141 5255 2581 5312 Amerbachiana.
2615 5254 2681 5308 Et
2710 5252 2921 5323 quidem
2953 5253 3086 5307 liber
3112 5253 3161 5305 in
3192 5251 3399 5305 czeteris
3419 5247 3533 5303 fere
3571 5264 3660 5301 co-

378 5360 588 5415 dicibus
612 5360 738 5414 Mss.
770 5373 905 5429 quos
938 5354 1350 5412 Theodericensi
1379 5353 1702 5424 posteriores
1730 5367 1915 5406 omnes
1946 5351 2240 5437 igvenimus
2260 5390 2275 5412 ,
2306 5349 2374 5401 ad
2396 5346 2660 5418 quemdam
2685 5338 2912 5399 comitem
2939 5344 3032 5398 sibi
3055 5343 3414 5398 amicissimwu
3444 5355 3657 5411 prteno-

380 5461 524 5509 tatur
548 5469 565 5506 ς
589 5451 674 5507 cui
715 5450 869 5506 titulo
897 5449 1035 5503 favet
1075 5445 1204 5503 illud
1252 5444 1391 5514 quod
1424 5445 1475 5498 in
1501 5444 1674 5512 capite
1704 5443 1773 5496 62
1821 5433 2038 5507 legitur,
2067 5439 2225 5511 Cujus
2256 5438 2463 5509 (judiris
2485 5434 2691 5505 Christi)
2722 5434 2967 5505 palatium
2997 5452 3121 5489 auro
3161 5443 3464 5504 argentoque
3490 5433 3663 5487 nullus

380 5545 669 5613 cpiscopus,
694 5557 782 5597 nec
823 5539 996 5607 abbas,
1025 5555 1115 5595 nec
1142 5555 1306 5594 comes
1326 5549 1646 5605 corrumpere
1672 5534 1871 5603 poterit.
1902 5534 1969 5586 At
1996 5532 2189 5587 Juliani
2218 5531 2429 5584 comitis
2459 5544 2651 5583 nomen
2698 5528 2781 5581 vix
2824 5543 2959 5581 unus
2990 5536 3044 5582 et
3090 5528 3225 5583 alter
3265 5528 3430 5582 codex
3464 5527 3514 5581 in
3545 5526 3660 5581 libri

381 5637 488 5688 ﬁne
514 5633 842 5703 adscriptum
869 5631 1047 5687 habet.
1090 5629 1159 5685 Et
1187 5642 1315 5683 vero
1343 5627 1677 5695 suspicamur
1704 5624 1923 5679 missum
1957 5625 2129 5694 potius
2158 5623 2348 5675 librum
2381 5622 2444 5675 ad
2478 5621 2717 5678 Ericum
2750 5621 2937 5675 ducem
2967 5620 3078 5675 sive
3117 5620 3366 5677 comitem
3387 5660 3401 5685 ,
3433 5636 3550 5691 qua:
3581 5620 3662 5674 di-

382 5728 640 5794 gnitatum
667 5730 881 5781 nomina
906 5725 972 5779 de
1012 5721 1195 5778 eodem
1224 5719 1516 5790 ιιωιιιῑε-ςηρ
1545 5724 1793 5785 usurpata
1821 5716 1944 5771 olim
1973 5729 2090 5772 esse
2117 5714 2351 5781 reperies
2391 5713 2443 5767 in
2474 5713 2587 5768 Vita
2614 5712 2783 5767 sancti
2813 5709 2963 5782 Eligii
2986 5753 3001 5780 ,
3036 5712 3125 5768 lib.
3149 5712 3211 5778 2,
3239 5726 3355 5783 cap.
3387 5711 3455 5767 59
3480 5752 3492 5777 ,
3522 5718 3577 5764 ct
3603 5710 3654 5764 in
