4076 6370
290 382 419 440 1061

282 505 388 561 est,
420 494 581 549 debet
608 492 876 548 humiliter
900 491 1171 561 ambulare
1195 500 1248 544 et
1279 502 1620 561 perseverare
1647 486 1698 540 in
1727 487 1845 552 Spi-

282 558 390 619 ritu
428 573 614 644 sancto
648 564 812 644 :_quia
854 560 1229 644 nihilprodest
1268 558 1615 644 christianum
1658 571 1849 644 sere:

282 633 551 705 spondere
575 628 770 705 verbis,
800 641 854 705 et
889 628 1041 705 factis
1068 643 1281 705 negaie,
1309 628 1448 705 dunt
1466 634 1853 705 corruptusest

283 697 469 758 mente
491 712 544 757 et
576 703 784 770 spiritu.
810 702 882 755 De
911 701 1099 756 talibus
1123 697 1172 751 in
1194 699 1491 770 Ev_ange|i0
1512 698 1623 770 ipsa
1648 697 1850 770 Veritas

282 775 432 835 dicit,
463 773 583 825 Non
608 766 781 825 omnis
818 772 902 839 qui
928 771 1047 822 dicit
1078 769 1221 833 milii,
1250 766 1850 839 Dominabbominekin-

284 843 438 896 trabit
462 842 515 896 in
538 858 744 910 regnum
768 834 1035 902 cailorum;
1063 840 1151 891 sed
1173 839 1258 906 qui
1270 838 1404 960 [acit
1424 837 1723 889 voluntatem
1744 834 1850 887 Pa-

284 914 378 960 tris
406 913 504 960 mei
527 914 612 960 ani
637 912 690 960 in
719 910 854 960 caeli:
882 918 978 960 est.
1007 910 1112 960 inse
1137 909 1265 960 intra
1301 909 1337 960 it
1370 908 1421 959 in
1461 921 1667 960 reonum
1696 905 1847 957 caelo-

283 914 378 966 tris
406 905 615 981 meiqni
637 912 690 964 in
719 910 980 981 cml‘ircsti.
1007 910 1112 981 ipse
1137 905 1337 981 intrabit
1370 908 1421 959 in
1461 905 1847 981 regnunt_caelo-

283 999 417 1052 rum
436 974 649 1052 (Matth.
673 997 767 1052 vn,
796 979 910 1052 2|).
933 980 1009 1052 Et
1028 974 1098 1052 in
1114 979 1218 1052 alio
1243 978 1359 1052 loco
1395 975 1648 1045 propheta
1677 974 1849 1029 incre-

282 1046 464 1121 pando
489 1051 635 1113 dicit,
663 1049 889 1117 Populus
921 1049 1001 1121 hic
1032 1048 1174 1121 labiis
1216 1063 1291 1100 nte
1313 1046 1550 1121 donarat,
1577 1061 1661 1097 cor
1681 1052 1848 1121 autem

283 1115 461 1175 corum
489 1121 636 1189 longe
659 1130 727 1173 est
746 1115 782 1172 ’a
808 1135 884 1171 me
929 1117 1100 1186 (Isai,
1132 1134 1276 1182 xx",
1306 1115 1614 1189 l3)._7Nat_n
1661 1115 1847 1170 civitas

280 1190 327 1243 si
371 1191 527 1244 fuerit
573 1184 623 1243 in
646 1204 748 1242 una
776 1197 920 1255 parte
939 1184 1140 1241 munita
1165 1229 1179 1249 ,
1210 1198 1260 1239 et
1292 1203 1357 1240 ex
1390 1184 1502 1239 alia
1555 1184 1841 1255 destructa,

280 1259 485 1312 aditum
514 1259 579 1312 ad
606 1274 666 1313 se
697 1254 939 1312 hostibus
971 1259 1185 1325 pratliet.
1224 1258 1287 1310 Et
1313 1257 1458 1308 navis
1488 1256 1531 1308 si
1563 1254 1719 1307 fuerit
1744 1256 1849 1325 lor-

282 1330 410 1398 titer
429 1328 769 1398 compagibus
804 1324 1045 1389 solidata,
1071 1337 1127 1381 ct
1154 1341 1309 1379 uuam
1352 1326 1589 1398 habuerit
1610 1324 1847 1398 tabulam

362 1393 838 1475 rforatamjaqua;
873 1397 1120 1475 ﬂuetibus
1148 1397 1400 1475 mergitur
1430 1396 1479 1475 in
1505 1393 1842 1475 profundum.

339 1467 547 1521 mnibus
589 1464 949 1531 enim‘laicis,
986 1467 1189 1520 clericis
1211 1507 1237 1530 ,.
1272 1464 1548 1519 monachis
1576 1464 1848 1531 {equaliter

280 1536 749 1612 convenit_fidem,
779 1551 950 1603 spem,
991 1536 1307 1612 eharitatcm
1326 1574 1341 1600 ,
1376 1534 1721 1612 humilitatem
1750 1533 1845 1612 lia-

280 1608 431 1669 bere,
457 1614 511 1660 et
538 1607 644 1660 Deo
669 1622 731 1659 ex
762 1614 871 1659 toto
898 1606 1057 1659 corde
1083 1607 1283 1659 servire
1302 1644 1317 1669 ,
1351 1620 1526 1659 veram
1557 1604 1845 1656 confessio-

280 1692 406 1731 nem
436 1676 626 1753 facere,
658 1683 710 1753 et
737 1676 948 1753 dignam
980 1676 1340 1753 pmpiteuliam
1369 1685 1562 1753 agere:
1593 1674 1712 1753 quia
1734 1673 1845 1753 cle-

278 1745 646 1801 mentissimus
674 1745 930 1799 Dominus
954 1744 1378 1814 confugientibus
1398 1744 1461 1798 ad
1484 1744 1844 1812 ptenitentiam

281 1815 524 1869 ignoscit.

616 1882 857 1951 XXXIX.
893 1883 1064 1937 Dilata
1085 1883 1393 1951 pauitantia.
1421 1882 1527 1937 Sed
1553 1896 1620 1936 ne
1644 1880 1710 1935 de
1740 1881 1842 1934 mi-

278 1954 568 2009 sericordia
599 1949 805 2008 Βοιιῖἰηί
834 1963 1033 2008 tantum
1077 1949 1246 2007 Securi
1291 1955 1600 2014 existamus,
1633 1962 1688 2004 ut
1717 1967 1842 2017 pec-

277 2032 397 2078 cata
429 2024 655 2093 peccatis
693 2037 999 2093 augeamus.
1044 2022 1225 2091 Neque
1250 2022 1486 2076 dicamus
1507 2063 1519 2081 ,
1562 2022 1735 2075 Doaec
1763 2022 1841 2074 vi-

278 2104 404 2163 geat
458 2103 587 2147 mtas
631 2103 825 2147 nostra)
874 2093 1083 2153 carnis,
1130 2094 1586 2160 conenpisccntias
1637 2099 1842 2144 nostras

278 2162 652 2227 exerceamus,
698 2173 751 2217 et
784 2174 1051 2229 postremo
1081 2163 1131 2216 in
1159 2171 1431 2217 senectute
1463 2162 1717 2215 malorqu
1747 2176 1842 2214 no-

279 2241 511 2287 strorum
559 2233 915 2301 paenitentiam
949 2248 1165 2301 agamus
1194 2249 1205 2285 :
1242 2233 1355 2300 pius
1382 2241 1462 2286 est
1490 2233 1629 2285 enim
1660 2231 1840 2284 Domi-

279 2319 381 2356 nus
407 2313 462 2357 et
503 2304 838 2365 misericors,
883 2317 981 2356 nec
1025 2303 1158 2356 ultra
1202 2303 1491 2356 facinorum
1538 2310 1840 2355 nostrorum

278 2372 661 2427 recordabitur.
718 2372 815 2437 Ne,
868 2386 1075 2443 _qua:so,
1108 2373 1309 2443 taliter
1354 2374 1667 2443 cogitemus,
1718 2372 1839 2443 quia

278 2458 484 2496 summa
514 2443 733 2497 stultitia
760 2452 838 2497 est
867 2441 979 2495 hJPC
1003 2442 1234 2510 cogitare
1259 2458 1274 2496 z
1301 2441 1501 2496 cumet
1526 2442 1743 2509 impium
1773 2442 1842 2494 sit

279 2513 440 2566 talem
473 2512 734 2566 licentiam
763 2528 791 2566 a
819 2512 924 2565 Deo
956 2512 1221 2578 postulare
1245 2513 1544 2580 quempiam
1567 2512 1719 2573 velle,
1733 2526 1839 2580 _cu-

271 2581 363 2651 jus
390 2582 592 2635 initium
622 2592 722 2645 est,
751 2598 779 2633 a
813 2582 918 2635 Deo
955 2596 1202 2649 separare
1223 2578 1309 2650 qui
1339 2578 1451 2635 huic
1477 2581 1689 2651 cogitat.
1731 2578 1837 2635 lm-

277 2650 381 2719 pim
415 2652 556 2706 enim
587 2652 939 2719 cogitationes
975 2660 1223 2719 separant
1250 2666 1344 2703 nos
1372 2669 1400 2704 a
1430 2651 1557 2704 Deo.
1585 2650 1727 2714 ideo,
1760 2651 1841 2703 in-

275 2736 467 2790 quam,
507 2736 574 2775 ne
615 2721 735 2775 talia
778 2721 1097 2788 cogitemus,
1134 2737 1252 2774 cum
1293 2722 1590 2775 nesciamus
1628 2736 1727 2789 qua
1756 2720 1841 2775 die

275 2792 519 2844 morituri
567 2792 750 2845 simus.
798 2792 964 2845 Nemo
1008 2791 1148 2843 enim
1198 2792 1468 2844 hominum
1510 2790 1655 2844 novit
1699 2790 1837 2843 diem

275 2861 451 2915 exitus
479 2860 579 2914 sui.
614 2860 725 2914 Non
757 2877 942 2914 omnes
977 2862 1027 2914 iu
1070 2870 1343 2914 senectute
1376 2862 1701 2917 moriuntur:
1746 2860 1840 2914 sed

276 2929 332 2984 in
360 2929 583 2985 diversis
610 2932 856 2986 :etatibus
897 2931 964 2985 de
1009 2930 1108 2983 hoc
1154 2931 1348 2984 inundo
1389 2932 1635 2997 migrant.
1681 2930 1747 2983 Et
1786 2931 1838 2984 in

274 3000 472 3069 quibus
496 3001 699 3054 actibus
729 3003 1086 3069 unusquisque
1117 2999 1276 3054 homo
1304 3001 1548 3054 inventus
1578 3000 1755 3065 fuerit,
1786 3000 1839 3053 in

275 3070 477 3123 eisdem
504 3071 841 3137 iudicabitur,
867 3070 1077 3139 quando
1101 3070 1273 3123 anima
1298 3071 1487 3124 exierit
1506 3070 1571 3125 de
1595 3083 1836 3137 corpore.

276 3139 413 3210 Dicit
439 3140 578 3193 enim
606 3141 901 3210 Psalnlista,
936 3139 1097 3193 Nemo
1120 3141 1169 3193 in
1196 3141 1393 3210 inferno
1410 3139 1723 3208 conﬁtebitur
1753 3140 1840 3193 tibi

276 3208 465 3279 (Paul.
498 3225 575 3274 vi,
619 3210 706 3280 6).
736 3209 860 3264 Ideo
888 3209 1201 3265 festinemus
1225 3208 1288 3264 ad
1321 3210 1684 3279 paenitentiam
1712 3224 1840 3265 cou-

274 3280 429 3333 verti.

348 3347 571 3403 CAPUT
618 3348 732 3402 XL.
762 3347 939 3421 Mortis
968 3349 1219 3419 cogitatio.
1255 3349 1454 3403 Gaudia
1497 3354 1679 3421 futura:
1706 3351 1835 3405 vine.

273 3414 501 3487 Semper
540 3428 664 3473 ante
701 3420 884 3473 oculos
916 3414 1128 3473 nost'ros
1173 3431 1411 3474 versetur
1447 3414 1664 3475 ultimus
1686 3421 1798 3475 dies
1822 3462 1836 3485 ,

272 3498 331 3542 et
359 3502 478 3559 cum
508 3488 735 3541 diluculo
760 3490 1176 3554 surrexerimus,
1210 3507 1273 3544 ne
1298 3490 1363 3543 ad
1418 3506 1688 3559 vesperam
1744 3507 1839 3545 nos

271 3558 603 3611 conﬁdamus
629 3559 903 3627 pervenire
927 3575 940 3621 ;
973 3569 1024 3613 ct
1049 3574 1166 3613 cum
1195 3561 1243 3612 in
1277 3561 1467 3613 lectulo
1489 3558 1720 3615 membra
1749 3562 1840 3615 dc-

274 3628 607 3694 posuerimus
628 3670 641 3690 ,
700 3629 766 3683 de
817 3629 947 3682 lucis
974 3644 1079 3682 non
1111 3630 1437 3683 confidamus
1485 3631 1709 3684 adventu
1746 3650 1759 3684 :
1789 3640 1842 3686 et

272 3697 523 3752 facillime
550 3699 839 3767 poterimus
859 3714 1048 3765 corpus
1076 3710 1310 3752 nostrum
1341 3716 1371 3753 a
1401 3700 1537 3755 vitiis
1565 3711 1618 3755 et
1647 3716 1841 3754 c0acu-

274 3768 722 3839 piscentiisrmalis
746 3768 1033 3839 refrenare.
1069 3767 1291 3836 Semper
1332 3786 1423 3824 cor
1457 3778 1690 3824 nostrum
1723 3788 1843 3839 pro-

271 3839 435 3909 missa
463 3838 694 3909 cteleslia
723 3837 1040 3909 meditetur,
1073 3841 1246 3892 omnia
1279 3849 1485 3894 terrena
1521 3856 1638 3908 qua:
1672 3837 1843 3909 possi-

270 3907 462 3961 demus
493 3908 542 3960 in
574 3907 773 3961 futuras
800 3908 1030 3962 cmlestis
1061 3910 1202 3977 regni
1235 3907 1843 3963 mansionestransfera-

270 3992 434 4031 mus:
466 3986 523 4030 ut
546 3994 666 4031 cum
709 3977 776 4031 ibi
824 3978 1053 4045 provecti
1092 3978 1344 4033 fuerimus
1367 4021 1380 4044 ,
1414 3978 1651 4034 fruamur
1690 3982 1842 4036 bonis

269 4048 599 4101 cmlestibus.
632 4048 760 4101 Nam
788 4047 1051 4101 credimus
1077 4049 1195 4117 quia
1224 4065 1344 4102 cum
1375 4065 1402 4100 a
1430 4051 1604 4103 carnis
1635 4050 1841 4105 vinculo

267 4118 448 4170 anima
482 4128 657 4170 nostra
693 4118 848 4171 fuerit
876 4118 1113 4171 absoluta
1138 4158 1152 4183 ,
1183 4121 1225 4171 si
1260 4120 1393 4173 bene
1419 4130 1471 4173 et
1496 4128 1639 4175 recte
1662 4136 1839 4176 coram

272 4185 384 4259 Deo
407 4187 690 4241 vixerimus
713 4230 727 4251 ,
756 4203 875 4241 mox
898 4189 947 4240 in
970 4204 1244 4242 occursmn
1266 4199 1499 4243 nostrum
1523 4190 1840 4259 Angeloruui

268 4257 468 4309 chorus
498 4267 772 4321 occurret,
804 4259 1143 4322 omniumque
1186 4258 1497 4314 Sanctorum
1542 4257 1747 4328 agmina
1789 4264 1842 4317 in

269 4335 485 4379 nostros
528 4328 885 4381 miscebantur
922 4328 1234 4395 amplexus,
1294 4338 1348 4384 et
1396 4330 1460 4383 ad
1514 4330 1841 4387 adorandum

268 4397 702 4468 verumjudicem
728 4397 1032 4465 perducent.
1052 4398 1106 4452 Si
1125 4399 1246 4452 dum
1268 4401 1317 4453 in
1338 4416 1560 4468 corpore
1582 4402 1804 4456 vivimus
1822 4442 1837 4467 ,

268 4468 409 4538 sicut
436 4467 543 4519 dixi
567 4507 581 4529 ,
617 4482 732 4538 qua:
763 4468 870 4521 Deo
898 4476 1019 4521 sunt
1048 4469 1235 4538 placita
1268 4467 1518 4524 faciamus
1542 4511 1558 4535 ,
1592 4479 1714 4525 tunc
1742 4473 1843 4526 erit

270 4536 425 4589 nobis
456 4552 555 4604 pax
582 4537 632 4589 in
660 4537 877 4592 circuitu
903 4578 915 4599 ,
946 4546 1001 4591 et
1020 4536 1222 4591 summa
1244 4540 1497 4593 securitas
1522 4558 1533 4591 :
1567 4556 1663 4594 nec
1690 4542 1842 4596 lime-

270 4606 460 4678 bimus
479 4606 614 4659 ultra
642 4606 836 4678 diaboli
866 4608 1023 4677 ignita
1047 4608 1218 4678 jacula
1244 4649 1258 4673 ,
1291 4623 1389 4663 nec
1416 4610 1578 4662 ullum
1616 4612 1841 4678 quemli-

266 4675 360 4729 bet
392 4676 662 4729 inimicum
685 4717 699 4741 ,
728 4677 815 4744 qui
848 4675 991 4745 cupit
1026 4676 1231 4731 animas
1272 4688 1481 4732 nostras
1519 4675 1754 4745 jaeulare
1781 4681 1837 4745 ¹;

269 4762 378 4799 non
429 4745 664 4809 ferrum,
716 4764 820 4799 non
865 4748 1035 4814 ignem
1061 4788 1076 4813 ,
1121 4764 1224 4800 non
1265 4748 1447 4802 faciem
1492 4750 1837 4804 truculentam

269 4815 519 4878 tortoris,
556 4832 659 4869 non
694 4816 918 4880 famem,
950 4833 1053 4870 non
1098 4818 1238 4870 sitim
1265 4858 1279 4877 ,
1322 4834 1426 4872 non
1467 4818 1625 4871 ullam
1665 4820 1840 4874 carnis

266 4886 658 4954 aegritudinem.
694 4886 805 4957 Non
848 4887 980 4942 ultra
1016 4886 1383 4941 adversabitur
1426 4903 1549 4941 caro
1591 4889 1836 4957 spiritui,

268 4972 365 5009 nec
394 4957 560 5009 ullum
592 4956 890 5011 timebimus
920 4958 1206 5025 periculmn
1234 4973 1247 5009 :
1276 4958 1369 5012 sed
1394 4974 1510 5012 cum
1543 4956 1718 5012 carnis
1747 4961 1842 5013 ab-

260 5025 551 5093 jeceriums
594 5028 893 5089 sarcinam,
942 5038 1066 5082 tunc
1107 5026 1333 5095 Spiritus
1379 5039 1592 5083 sanctus
1646 5030 1839 5084 tribuet

266 5096 423 5149 nobis
448 5096 498 5149 in
526 5096 830 5151 cmlcstibus
859 5098 1187 5151 mansionem
1212 5140 1226 5161 ,
1255 5099 1338 5152 cui
1386 5114 1481 5152 nos
1522 5100 1678 5166 paulo
1716 5110 1838 5155 ante

266 5167 404 5217 intra
450 5166 688 5237 corporis
733 5169 894 5221 ucstri
943 5168 1222 5237 hospitium
1274 5169 1566 5223 feceramus
1611 5172 1839 5223 mansio-

265 5250 429 5308 nem:
458 5244 511 5289 et
532 5236 635 5308 itcti
657 5236 1049 5308 gaudentesque
1076 5238 1230 5290 futuri
1251 5238 1431 5306 judicii
1466 5239 1603 5293 diem
1651 5255 1837 5308 exspe-

264 5306 531 5377 ctabimus
554 5345 568 5370 ,
600 5306 650 5358 in
678 5321 783 5374 quo
808 5307 1130 5376 singulorum
1157 5308 1345 5360 anima:
1373 5323 1468 5377 pro
1487 5311 1596 5363 suis
1634 5306 1838 5365 actibus

264 5374 524 5442 recipient
552 5377 756 5427 merita.

334 5443 563 5499 CAPUT
612 5444 744 5498 XLI.
808 5445 963 5498 Pmm
1009 5445 1429 5500 damnandornm.
1464 5449 1528 5501 Et
1591 5464 1622 5502 e
1655 5460 1834 5503 contra

266 5523 574 5587 peccatores
596 5526 649 5568 et
671 5516 812 5587 impii
840 5517 1167 5584 pmaitebunt
1193 5535 1204 5569 :
1236 5517 1327 5569 sed
1355 5516 1566 5571 frustra.
1603 5521 1837 5587 Ιὶεψτιιουε

265 5593 317 5635 et
356 5585 537 5657 avari,
584 5586 796 5657 superbi
842 5596 894 5639 et
940 5587 1199 5653 adulteri,
1248 5587 1482 5641 iracundi
1531 5598 1584 5642 et
1626 5585 1833 5657 cupidi,

267 5653 510 5707 maledici
537 5663 589 5709 et
610 5655 807 5725 perjuri
830 5657 1160 5711 amarissime
1186 5657 1385 5712 ﬂebunt
1414 5676 1425 5712 :
1458 5659 1547 5712 scd
1579 5653 1834 5713 inaliruni

372 5793 450 5835 Its.
471 5787 597 5837 Coll).
618 5801 644 5837 a
664 5790 875 5839 secunda
899 5804 1055 5845 manu,
1072 5791 1318 5855 jugulare.

1188 378 1383 434 LIBER
1424 376 1509 430 DE
1550 370 2021 429 SALUTARIBUS
2063 372 2514 431 DOCUMENTIS.

3407 384 3540 441 1(ϋὲ

1957 501 2175 561 suorum
2207 488 2413 542 veniam
2444 506 2546 543 non
2573 503 2985 561 consequentur.
3024 496 3080 551 In
3120 498 3260 557 luctu
3303 505 3535 559 maximo

1957 555 2330 637 detinebantur
2351 574 2535 613 names
2557 600 2570 623 ,
2597 562 2685 630 qui
2712 555 2889 638 carnis
2912 579 3021 638 sua;
3047 555 3351 638 voluptates
3368 555 3534 629 secuti

1957 635 2080 712 sunt
2110 644 2123 680 :
2157 628 2205 712 in
2251 643 2481 712 mcerorc
2524 641 2577 684 et
2608 628 2807 711 gemitu
2846 628 3399 712 sempiterito'_ertint,
3442 661 3531 712 qui

1959 696 2104 777 vitiis.
2126 705 2182 780 et
2210 699 2535 778 passionibus
2565 696 2882 780 servierunt.
3002 706 3198 780 cumhi
3222 696 3411 780 omnes
3436 696 3532 780 p'ro

1958 765 2266 849 criminibus
2291 768 2400 821 suis
2434 779 2487 822 ct
2525 772 2813 849 sceleribus
2842 774 3097 849 gehennae
3128 777 3335 844 ignibus
3363 765 3530 849 deiur-

1913 848 1922 856 ο
1957 835 2097 914 laudi
2125 846 2315 914 erunt;
2346 853 2445 891 nos
2468 879 2482 900 ,
2511 840 2553 891 si
2589 840 2695 914 Deo
2721 835 2926 896 dumriu
2961 844 3060 899 hoc
3089 835 3313 914 corpore
3342 835 3526 907 sumus

1955 905 2308 984 placuerimus
2331 923 2492 984 ,_c_um
2522 913 2718 963 sanctis
2752 915 3074 981 sempiterna
3122 905 3335 984 prietnia
3372 905 3528 974 accc?

1955 976 2092 1055 ptu_ri
2119 990 2321 1055 sumus.
2353 977 2475 1032 Ideo
2512 976 2917 1055 contemnamus
2946 976 3136 1055 cuncta
3167 1002 3285 1055 qua:
3316 1002 3445 1042 vana
3477 1000 3531 1044 et

1955 1044 2331 1127 caducasuut,
2364 1056 2420 1100 ut
2449 1057 2643 1102 tantam
2670 1051 2893 1119 gloriam
2919 1093 2934 1117 ,
2956 1052 3171 1109 Christo
3184 1044 3483 1113 'miseraute
3508 1101 3523 1127 ,

1952 1112 2168 1180 adipisci
2200 1131 2520 1175 mereamur.

2023 1182 2439 1268 QaPUlefll.
2466 1186 2673 1268 Linguw
2697 1192 2940 1268 custodia.
2970 1191 3301 1268 Declinemus
3315 1212 3528 1268 semper

1951 1265 1981 1304 a
2011 1254 2149 1306 vitiis
2170 1294 2184 1319 ,
2216 1264 2269 1309 et
2295 1258 2365 1333 ad
2392 1254 2613 1311 virtutes
2644 1261 2939 1315 tendamus.
2984 1261 3062 1316 Ne
3096 1266 3347 1333 superﬂui
3399 1254 3520 1322 ser-

1952 1337 2136 1375 mones
2175 1325 2595 1402 procedantnes
2625 1344 2718 1381 ore
2764 1340 2986 1395 nostro;
3032 1325 3288 1402 quia'pro
3339 1340 3526 1395 otiosis

1955 1395 2304 1476 sermonibus
2345 1396 2596 1476 reddituri
2639 1412 2821 1476 sumus
2863 1395 3119 1455 rationem
3171 1395 3222 1457 in
3259 1405 3345 1461 die
3386 1408 3528 1476 judi-

1951 1462 2038 1515 cii.
2087 1462 2193 1539 Nec
2242 1464 2306 1517 ad
2362 1466 2778 1522 maledicendum
2828 1486 3145 1539 quemquam
3203 1462 3521 1532 consue'sca-

1951 1546 2071 1608 mus
2125 1534 2353 1608 linguam
2395 1547 2627 1590 nostram
2657 1578 2672 1604 ,
2727 1534 2857 1608 quae
2884 1541 2947 1594 ad
3006 1534 3423 1601 benedicendum
3471 1559 3527 1602 et

1954 1600 2269 1656 laudandtnn
2299 1605 2463 1658 Deum
2494 1600 2669 1661 creata
2693 1600 2797 1662 est.
2826 1608 2934 1663 Nec
2958 1625 3368 1669 consuescamus
3395 1600 3523 1672 cun;

1950 1672 2258 1742 suetudines
2285 1676 2540 1742 pessimus
2570 1677 2622 1730 in
2650 1678 2791 1731 omni
2822 1687 2944 1734 actu
2970 1690 3151 1735 nostro
3171 1722 3185 1741 .
3226 1684 3338 1739 sive
3363 1689 3521 1742 etiam

1948 1741 2269 1823 cogitatione
2287 1741 2311 1797 7:
2333 1745 2459 1823 quia
2490 1746 2819 1800 consuetudo
2847 1764 2965 1818 qua:
2991 1750 3198 1823 longius
3223 1753 3377 1809 fuerit
3405 1741 3526 1823 pro;

1950 1816 2116 1931 tralata
2144 1813 2533 1934 etncpnﬁrmata
2559 1855 2573 1880 ,
2603 1832 2707 1870 non
2743 1813 2878 1872 cum'
2907 1834 3068 1888 parvo
3083 1813 3283 1878 'labore
3331 1813 3524 1882 vitatur

1950 1893 2013 1932 ve
2060 1896 2193 1934 exne
2240 1899 2251 1933 ι
2282 1899 2362 1934 ur.

1948 1891 2029 1932 vet
2060 1891 2362 1948 expellitur.

2017 1948 2242 2031 COAPU'I:
2286 1951 2534 2031 _XLll_l._
2579 1953 2933 2031 antpunctio.
3003 1957 3255 2031 Perfectio
3320 1980 3422 2019 non
3467 1967 3520 2021 in

1946 2022 2128 2100 annis,
2151 2022 2240 2102 sed
2279 2022 2341 2102 in.
2378 2024 2578 2078 animis.
2611 2022 2815 2102 S_itnus__
2835 2027 2888 2081 in
2922 2022 3129 2102 malitia
3176 2035 3419 2102 parvuli,
3466 2047 3520 2091 et

1948 2089 2043 2140 viri
2078 2089 2316 2165 perfecti
2327 2092 2378 2165 in
2410 2108 2591 2165 sensu.
2626 2094 2680 2149 In
2710 2097 3021 2165 quibusdam
3051 2114 3149 2153 nos
3176 2089 3521 2160 exhibeamus

1946 2171 2103 2240 senes
2121 2160 2209 2240 ,ιιι
2231 2162 2542 2240 quibusdam
2557 2160 2780 2240 juvenes
2799 2184 2812 2219 :
2836 2168 2955 2237 quia
2980 2170 3181 2240 parvuli
3200 2181 3282 2227 est
3301 2173 3483 2230 ludere
3501 2218 3517 2240 ,

1946 2229 2162 2295 perfecti
2189 2240 2363 2305 autem
2390 2229 2586 2303 lugere.
2612 2234 2745 2305 Nam
2789 2229 3022 2305 prinsetis
3064 2239 3234 2296 luctus
3278 2229 3513 2300 laetitiam

1944 2309 2162 2380 generat
2192 2301 2804 2380 sempiternam._0tune'
2829 2316 3005 2380 autem
3044 2310 3299 2380 quidquid
3331 2313 3519 2368 immo-

1944 2366 2185 2453 deratum
2213 2366 2331 2433 est,
2363 2371 2767 2453 dissolutionem
2814 2375 2977 2430 ellicit
3011 2366 3235 2453 animai,
3265 2392 3320 2435 et
3346 2366 3516 2453 negli-

1943 2447 2154 2504 gentem
2202 2455 2324 2513 erga
2375 2441 2769 2513 Deiprrccepta
2803 2462 2815 2497 :
2856 2460 2955 2500 nec
2991 2447 3180 2502 delicta
3221 2441 3325 2505 sua
3364 2441 3519 2509 facile

1946 2517 2120 2573 potest
2165 2507 2230 2587 ad
2269 2507 2578 2589 meritoriam
2624 2507 2882 2589 revocare
2902 2555 2919 2580 ,
2968 2525 3021 2569 et
3050 2517 3386 2589 iobliviscens
3415 2507 3517 2589 ea,

1947 2591 2048 2628 non
2074 2593 2133 2657 se
2165 2578 2378 2657 instigat
2401 2580 2860 2657 adnpmpiteutiam
2886 2578 2911 2657 ,V
2951 2596 3005 2657 et
3048 2588 3117 2640 ita
3160 2591 3408 2657 paulatim
3450 2578 3520 2647 ab

1944 2646 2189 2700 omnibus
2217 2649 2369 2702 bouis
2389 2646 2545 2703 cadit.
2571 2650 2782 2706 Nullum
2817 2654 3025 2709 habebit
3045 2646 3316 2713 accessum
3340 2646 3517 2717 cordis

1946 2718 2280 2795 compunctio
2303 2719 2660 2795 ,_ubi_l_'uerint
2689 2724 3032 2795 immoderata
3072 2726 3197 2781 vitia
3236 2740 3293 2795 et,
3320 2744 3517 2787 concu-

1947 2786 2214 2870 pisce‘nlite
2242 2790 2412 2868 mala).
2569 2800 2745 2845 autem
2767 2792 2964 2870 fuerint
2992 2794 3243 2870 lacryma}
3265 2790 3293 2865 ,V
3313 2800 3382 2854 ibi
3408 2786 3517 2870 spi-

1944 2855 2148 2930 ritualis
2169 2857 2309 2930 ignis
2333 2860 2639 2914 accenditur
2663 2902 2676 2925 ,
2709 2863 2798 2930 qui
2835 2871 3036 2918 secreta
3084 2855 3279 2923 mentis
3317 2855 3515 2926 illumi-

1945 2936 2053 3011 net.
2085 2925 2267 3011 Nullus
2294 2942 2389 2981 nos
2412 2930 2590 2983 sreculi
2617 2925 2856 3011 amorab
2884 2948 3065 3011 amore
3102 2936 3299 3011 Christi
3336 2925 3518 3011 segre-

1944 3004 2032 3061 get
2050 3036 2074 3073 ,I
2094 3004 2148 3048 et
2178 3004 2300 3073 totae
2343 3000 2926 3073 nostraecogitationes
2965 3003 3029 3056 ad
3071 3007 3285 3073 prtemia
3328 3000 3517 3067 futura:

1945 3066 2126 3132 patri:e
2157 3067 2409 3131 tendant,
2452 3069 2607 3123 etde
2652 3066 2957 3126 coelestibus
3003 3066 3340 3130 méditentur.
3388 3079 3514 3135 llmc

1944 3145 2021 3207 est
2049 3135 2213 3207 g_lori_a
2247 3144 2332 3189 tua
2357 3177 2370 3197 ,
2406 3137 2518 3190 haec
2560 3148 2640 3193 cst
2680 3141 2929 3207 perfectio
2974 3157 3162 3198 cursus
3208 3150 3514 3205 certaminis

1946 3204 2041 3282 tui.
2072 3204 2344 3282 Perfectus
2373 3208 2512 3282 enim
2541 3204 2735 3262 dicitur
2760 3251 2773 3271 ,
2818 3226 2922 3282 non
2963 3213 3052 3280 qui
3095 3214 3147 3268 in
3188 3224 3371 3282 mtate,
3417 3221 3513 3275 sed

1945 3274 2033 3341 qui
2075 3274 2127 3345 in
2176 3291 2332 3329 sensu
2383 3280 2642 3345 perfectus
2687 3289 2786 3333 est.
2820 3280 2928 3336 Nec
2976 3274 3065 3336 ulli
3104 3284 3321 3341 cuilibet
3358 3274 3517 3345 obest

1944 3344 2161 3419 puerilis
2187 3355 2315 3400 tetas
2340 3386 2352 3409 ,
2384 3344 2614 3419 'sil’uerit
2640 3359 2814 3403 mente
2840 3351 3108 3419 perfectus
3146 3371 3157 3408 :
3197 3372 3294 3411 nec
3331 3360 3516 3414 senilis

1947 3414 2181 3488 proderit
2210 3425 2339 3470 aetas
2358 3457 2374 3480 ,
2405 3418 2448 3469 si
2491 3416 2645 3472 fuerit
2686 3414 2932 3488 parvulus
2970 3436 3147 3477 sensu.
3182 3424 3310 3479 Nam
3337 3439 3391 3481 et
3418 3430 3517 3482 Da-

1944 3482 2029 3557 vid
2055 3498 2351 3557 cumpuber
2395 3496 2535 3557 esset
2585 3496 2638 3541 et
2685 3482 2983 3557 perfectus,
3033 3506 3129 3547 cor
3176 3505 3229 3550 et
3282 3508 3515 3554 mentem

1945 3551 2171 3636 habebat
2199 3551 2501 3636 ultimum
2526 3551 2757 3636 defixam
2778 3599 2793 3622 ,
2819 3569 2873 3614 et
2898 3551 2978 3614 ob
2994 3560 3095 3617 hoc
3118 3564 3167 3617 in
3200 3581 3375 3636 regem
3402 3551 3513 3623 ele:

1943 3629 2064 3704 ctus
2085 3633 2187 3677 est.
2220 3624 2282 3677 Et
2308 3624 2583 3704 Safitcunt
2608 3628 2759 3704 senili
2791 3639 2949 3704 esset
2981 3641 3172 3704 celate,
3212 3624 3334 3704 quia
3368 3638 3419 3691 in
3457 3654 3516 3693 se

1944 3693 2225 3776 malignam
2255 3695 2539 3776 nequitiam
2565 3696 2751 3776 babuit
2773 3698 2839 3754 de
2867 3701 3101 3776 culmine
3129 3693 3289 3776 regali
3328 3710 3514 3776 expul-

1945 3776 2037 3814 sns
2063 3771 2145 3834 est
2170 3764 2188 3834 (
2207 3761 2223 3814 l
2254 3761 2379 3834 Reg.
2406 3778 2535 3819 xvn.
2563 3767 2813 3823 Dominus
2842 3784 2968 3825 vero
2988 3782 3042 3825 et
3070 3761 3311 3829 Salvator
3335 3761 3516 3833 noster

1945 3846 1972 3882 a
2000 3832 2299 3915 senioribus
2322 3832 2643 3915 crucifigitur
2662 3878 2676 3899 ,
2709 3850 2761 3891 et
2784 3840 3051 3915 ingressus
3074 3842 3456 3915 Jcrosolymam
3482 3832 3514 3903 a

1947 3902 2179 3969 parvulis
2199 3902 2544 3958 collaudatur.
2570 3907 2698 3960 Nam
2721 3917 2773 3962 et
2792 3902 2950 3963 arvbor
2970 3912 3015 3965 si
3033 3902 3320 3969 multorum
3346 3902 3514 3970 anno?

1947 3986 2062 4023 rum
2088 3970 2652 4042 fueritinfructu0sa,
2703 3979 3002 4032 exciditur:
3054 3982 3098 4036 si
3137 3994 3311 4038 autem
3361 3987 3517 4041 fuerit

1947 4041 2150 4124 novella
2177 4052 2230 4095 et
2256 4041 2443 4124 fertilis
2468 4086 2482 4111 ,
2515 4041 2709 4124 colitur
2727 4087 2742 4111 ,
2771 4058 2825 4124 ut
2856 4050 3021 4124 magis
3049 4054 3358 4121 ampliorem
3388 4072 3513 4124 pro-

1947 4109 2082 4190 ferat
2107 4109 2351 4190 fructum.
2381 4109 2630 4190 ldcobas
2669 4109 3041 4190 similitudines
3081 4109 3257 4190 pono,
3313 4109 3515 4183 ut'nec

1941 4179 2275 4262 juvenisnec
2307 4197 2469 4262 sech
2510 4185 2559 4239 in
2583 4184 2884 4262 bdomo‘tua
2930 4189 2997 4243 de
3034 4179 3203 4262 salute
3244 4179 3342 4249 sua
3367 4236 3383 4262 ,
3420 4179 3515 4252 ibi

1945 4251 2102 4334 etiam
2131 4250 2199 4332 de
2229 4254 2477 4334 operibus
2515 4258 2624 4334 suis
2639 4255 2923 4334 confidat;
2958 4260 3060 4334 sed
3104 4264 3189 4332 qui
3225 4250 3473 4334 gloriatur

1945 4321 1996 4372 in
2022 4319 2245 4398 ρριιιξιιρ
2267 4319 2559 4398 ίρ-Ιρζζςιιινη(
2583 4324 2600 4377 l
2631 4324 2747 4398 Cor.
2781 4342 2795 4379 ι
2821 4367 2835 4391 ,
2867 4319 2927 4398 5i
2958 4329 3001 4398 ).

2014 4390 2242 4467 CAPUT
2274 4390 2454 4467 XLIY.
2504 4390 2829 4467 Consortium
2869 4390 3111 4453 bonorum
3162 4419 3368 4467 amare,
3404 4423 3514 4459 mae

1948 4459 2107 4532 lorum
2160 4463 2347 4532 fugere.
2404 4464 2763 4518 Perfectorum
2815 4475 2992 4521 autem
3032 4471 3259 4525 virorum
3290 4459 3510 4529 consor-

1947 4531 2019 4609 tio
2047 4530 2227 4609 fruere
2244 4572 2258 4594 ,
2279 4542 2331 4585 et
2355 4547 2383 4585 a
2414 4534 2586 4609 verbis
2605 4549 2786 4609 eorum
2810 4552 2877 4590 ne
2896 4547 3105 4593 avertas
3130 4559 3311 4597 aurem
3336 4554 3475 4599 tuam
3493 4586 3508 4609 ,

1944 4608 1998 4653 et
2047 4600 2099 4653 iu
2138 4615 2319 4654 eorum
2366 4603 2589 4655 consilio
2629 4603 2922 4660 delectetur
2963 4610 3137 4663 anima
3179 4622 3307 4665 tua:
3355 4600 3509 4668 verba

1944 4670 2084 4747 enim
2115 4669 2237 4747 vitm,
2267 4672 2867 4747 suntverba__liomiuum
2900 4678 3061 4732 Deum
3097 4683 3390 4736 timentium
3414 4725 3429 4747 ,
3460 4694 3514 4737 et

1946 4739 2512 4814 incolumitas__animm
2569 4744 2632 4798 iis
2677 4746 2764 4814 qui
2812 4762 2871 4800 ca
2924 4748 3148 4803 libenter
3195 4739 3427 4806 audiunt.
3459 4762 3514 4806 ct

1943 4808 2239 4887 attendunt.
2270 4810 2414 4887 Sicut
2436 4814 2512 4867 sol
2542 4808 2717 4887 oriens
2738 4814 2929 4886 cffugat
2954 4819 3230 4887 caliginem
3256 4862 3269 4883 ,
3300 4821 3365 4872 ita
3388 4837 3512 4875 san-

1944 4888 2150 4956 garum
2182 4880 2417 4935 doctrina
2439 4898 2475 4956 _a
2505 4886 2748 4939 sensibus
2780 4880 2973 4941 nostris
3003 4880 3215 4956 ex'pellit
3244 4880 3507 4944 tenebras.

1946 4946 2099 5026 Evita_
2115 4987 2130 5014 ,
2157 4965 2339 5018 quaeso
2363 4993 2377 5015 ,
2398 4953 2542 5026 viros
2565 4956 2820 5024 superbos
2840 4998 2852 5019 ,
2880 4946 3120 5019 invidos,
3145 4958 3472 5013 detractores
3494 5001 3508 5026 ,

1944 5018 2265 5098 mendaces,
2300 5024 2537 5098 pcrjuros
2561 5066 2575 5089 ,
2607 5018 2661 5098 (ξι
2700 5018 2917 5098 salutem
2955 5018 3111 5079 suam
3143 5028 3470 5098 negligentes
3497 5018 3510 5091 ξ

1943 5093 2030 5168 qui
2062 5093 2252 5168 mortui
2296 5103 2416 5146 sunt
2457 5094 2771 5168 virtutibus,
2812 5103 2865 5148 et
2903 5095 3145 5168 laetantur
3286 5093 3511 5168 propriis

1943 5159 2298 5235 voluptatibus
2320 5203 2333 5222 .
2370 5172 2425 5235 ut
2458 5163 2661 5235 gaudiis
2698 5174 2914 5217 careant
2953 5165 3162 5235 divinis.
3208 5159 3321 5221 Non
3355 5159 3508 5235 dico,

1944 5239 1998 5281 ut
2027 5230 2107 5283 vel
2136 5247 2293 5283 unum
2324 5232 2479 5285 talem
2507 5233 2557 5285 in
2601 5233 2761 5286 domo
2810 5244 2895 5288 tua
2939 5234 3169 5292 habeas:
3212 5238 3305 5291 sed
3349 5230 3510 5294 etiam

1944 5298 2259 5368 ubicumque
2303 5304 2430 5355 tales
2479 5317 2596 5356 esse
2642 5304 2912 5366 audieris,
2992 5303 3089 5359 hos
3139 5306 3332 5361 devita.
3382 5310 3513 5362 Cum

1942 5371 2200 5436 ejusmodi
2230 5370 2528 5424 hominibus
2554 5372 2693 5426 nulla
2723 5372 2814 5426 tibi
2844 5376 3149 5429 eummixtio
3175 5377 3256 5431 vel
3285 5377 3507 5433 familia-

1942 5438 2071 5510 ritas
2114 5441 2221 5492 sit:
2273 5456 2367 5493 nec
2416 5442 2544 5496 velis
2587 5457 2704 5496 cum
2754 5444 2831 5496 eis
2878 5447 3259 5510 sermocinari;
3312 5449 3356 5502 si
3404 5467 3507 5503 non

1941 5509 2118 5563 valeas
2138 5550 2152 5572 ,
2188 5510 2408 5563 Domino
2432 5511 2715 5566 miserante
2739 5552 2752 5576 ,
2797 5527 2889 5567 eos
2928 5515 2995 5567 ab
3027 5530 3211 5571 errore
3237 5532 3332 5572 suo
3362 5536 3516 5571 revo-

1941 5592 2083 5632 care.
2116 5578 2245 5632 Nam
2272 5595 2415 5647 sa'pe
2442 5595 2535 5655 per
2566 5596 2717 5635 ovem
2746 5598 2904 5655 unam
2934 5585 3225 5639 morbidum
3261 5590 3513 5655 polluitur

1944 5657 2083 5725 totus
2106 5664 2232 5725 grex
2265 5665 2278 5699 :
2311 5660 2363 5725 et
2388 5649 2591 5725 tittitlica
2623 5666 2744 5725 pars
2780 5653 2918 5707 fellis
2959 5670 3202 5725 magnum
3245 5649 3515 5713 dulcorcm

1941 5718 2095 5770 vertit
2124 5718 2171 5770 in
2201 5718 2637 5774 amaritudinem.
2657 5722 2784 5775 Nam
2813 5724 2930 5777 talis
2956 5724 2998 5777 si
3030 5718 3078 5777 ἱῖι
3115 5725 3296 5781 habitu
3338 5729 3516 5782 vidca‘

1944 5797 2025 5841 tur
2054 5789 2142 5841 tibi
2169 5792 2342 5845 clarus
2370 5808 2430 5847 ac
2459 5796 2646 5850 nobilis
2672 5840 2684 5864 ,
2717 5805 2768 5851 et
2796 5794 2968 5849 dulcia
3011 5795 3101 5850 tibi
3150 5798 3306 5853 verba
3337 5799 3516 5868 profe-
