4076 6370
331 431 479 493 1075

337 576 523 647 cipiet,
550 575 701 645 cujus
721 575 970 645 palatium
993 589 1122 630 auro
1140 583 1464 644 argentoque
1502 577 1674 631 nullus
1696 578 1902 646 episeo-

381 666 462 712 us,
486 663 582 703 nec
603 647 784 706 abbas.
809 662 906 701 nec
930 661 1108 700 comes
1132 660 1470 714 corrumpere
1503 649 1710 716 poterit.
1744 651 1902 702 Asta-

381 666 462 712 us,
486 664 582 703 nec
603 664 784 706 anoas.
809 664 906 701 nec
930 664 1108 700 comes
1132 664 1470 714 corrumpere
1503 664 1710 716 poterit.
1744 664 1902 702 ASta-

338 664 472 792 guut
491 733 676 792 omnes
696 719 904 784 aninne,
935 726 991 771 ut
1029 717 1238 792 referat
1267 719 1905 792 unaquchuesccundum

337 790 469 844 illud
495 789 636 858 quod
665 789 716 841 in
739 803 960 856 corpore
981 787 1164 855 gessit,
1197 787 1307 858 sive
1335 787 1529 842 bonum
1569 790 1679 842 sive
1707 789 1904 856 malum

339 860 360 928 (
369 861 409 914 Il
437 857 553 914 Cor.
577 876 628 924 ν,
655 859 765 926 10).
792 858 992 912 Praesto
1009 858 1149 912 enim
1171 857 1270 911 erit
1294 858 1628 912 adversarius
1644 858 1903 924 diabolus,

333 941 391 986 et
418 930 780 986 recitabuutur
815 928 974 982 verba
1005 928 1347 996 professionis
1373 940 1585 990 nostrai,
1615 939 1668 982 et
1692 928 1905 998 objiciet

333 1002 491 1056 nobis
519 1001 569 1055 iu
599 999 786 1054 faciem
822 999 1070 1069 quidquid
1101 998 1340 1070 fecimus,
1372 1007 1425 1053 et
1453 999 1504 1052 in
1535 1015 1636 1070 qua
1665 999 1751 1054 die
1782 1015 1905 1068 pec~

330 1071 592 1136 Cavimus,
613 1081 665 1126 et
688 1072 736 1125 in
759 1086 863 1139 quo
893 1071 1032 1136 loco,
1054 1069 1249 1138 etquid
1271 1070 1392 1123 boni
1417 1069 1591 1136 operis
1622 1080 1745 1125 ttmc
1769 1079 1902 1124 tem-

332 1143 482 1212 poris
512 1143 686 1196 facere
712 1141 1044 1196 deberemus.
1076 1141 1141 1194 Et
1165 1141 1210 1194 si
1245 1140 1373 1194 tales
1401 1141 1597 1212 inventi
1627 1141 1898 1212 fuerimus,

331 1210 619 1268 exsultabit
647 1213 734 1266 ille
763 1212 1096 1266 adversarius
1124 1211 1178 1264 in
1205 1221 1487 1279 conspectu
1525 1210 1902 1281 piissimijudi-

329 1284 430 1349 eis,
455 1285 780 1352 superiorem
808 1298 865 1337 se
889 1297 1009 1337 esse
1036 1281 1190 1337 nobis
1217 1281 1539 1348 declamans,
1559 1297 1719 1350 agens
1742 1282 1900 1336 talem

329 1369 546 1408 causam
572 1355 710 1424 apud
735 1354 890 1409 talem
920 1353 1181 1424 judicem;
1204 1352 1373 1424 habet
1402 1357 1543 1406 enim
1573 1353 1750 1407 dicere
1778 1360 1899 1407 tunc

329 1424 446 1494 ipse
487 1422 758 1480 diabolus:
787 1422 1105 1494 Equissime
1125 1422 1307 1493 judex,
1332 1424 1505 1492 judiea
1535 1424 1691 1478 istum
1721 1437 1896 1477 meum

329 1510 452 1550 esse
496 1496 565 1550 ob
606 1496 835 1565 culpam,
880 1495 969 1565 qui
1001 1505 1134 1563 tuus,
1161 1507 1278 1549 esse
1308 1495 1472 1549 noluit
1514 1510 1608 1562 per
1643 1494 1895 1563 gratiam:

329 1575 453 1620 tuus
481 1575 562 1621 est
603 1582 696 1635 per
734 1579 994 1630 naturam,
1024 1581 1172 1620 meus
1211 1574 1291 1619 est
1316 1580 1408 1634 per
1450 1565 1747 1628 miseriam;
1781 1573 1899 1635 tuus

329 1647 414 1691 est
440 1637 509 1692 ob
547 1634 867 1706 passionem,
916 1652 1064 1692 meus
1110 1635 1180 1689 ob
1226 1635 1554 1699 Suasionem;
1586 1636 1678 1690 tibi
1711 1634 1897 1689 inobe-

326 1706 503 1772 dicns,
535 1708 662 1762 mihi
691 1708 974 1764 obediens:
1003 1723 1032 1762 a
1057 1715 1106 1761 te
1126 1706 1329 1774 accepit
1351 1706 1761 1760 immortalitatis
1787 1714 1896 1760 sto-

329 1776 458 1842 lam,
487 1793 516 1832 a
538 1794 621 1833 mc
644 1778 777 1833 hanc
802 1793 1109 1848 pannosam,
1137 1792 1240 1846 qua
1263 1777 1473 1830 indutus
1495 1785 1595 1839 est,
1627 1777 1892 1848 tunicam;

329 1855 473 1902 tuam
496 1859 694 1903 vestem
716 1846 908 1913 amisit,
932 1865 1050 1903 cum
1075 1864 1190 1902 mea
1211 1857 1358 1902 veste
1385 1848 1486 1902 huc
1509 1848 1742 1902 advenit.
1761 1846 1896 1912 Quid

325 1919 468 1987 apud
509 1935 629 1974 eum
670 1921 986 1989 impudicitia
1032 1919 1271 1983 faciebat,
1316 1918 1440 1988 quid
1472 1920 1892 1986 intemperantia,

324 1989 454 2057 quid
495 1991 733 2054 avaritia,
787 1990 912 2060 quid
957 1991 1053 2053 ira,
1085 1990 1209 2060 quid
1242 1990 1508 2057 snperbia,
1541 1991 1666 2059 quid
1705 1998 1894 2044 caetera

324 2075 447 2114 mea
474 2060 745 2115 membra?
782 2062 985 2115 Dimisit
1025 2071 1094 2126 te,
1140 2061 1441 2129 confugium
1494 2062 1614 2114 fecit
1657 2060 1724 2114 ad
1767 2076 1892 2114 me:

321 2145 475 2185 meas
499 2145 711 2186 sorores
734 2132 888 2186 video
907 2132 1143 2186 comitari
1170 2147 1289 2186 cum
1325 2132 1432 2185 illo.
1477 2131 1610 2196 Quid
1643 2132 1780 2186 cnim
1811 2131 1894 2185 id—

322 2200 471 2272 circo
501 2201 576 2271 (ο)
625 2200 920 2257 faciebat‘?
963 2203 1087 2272 quid
1135 2217 1252 2255 eum
1285 2201 1528 2271 superbia
1560 2203 1894 2270 disputabat?

320 2269 452 2339 quid
479 2269 597 2327 cum
626 2274 700 2327 ira
728 2269 995 2327 furiabat?
1025 2269 1421 2328 Thesaurizavit
1442 2273 1539 2327 sibi
1570 2269 1700 2326 irain
1728 2274 1780 2327 in
1810 2272 1895 2327 die

323 2342 439 2414 irae.
463 2341 785 2414 Equissime
803 2343 984 2414 judcx,
1013 2344 1210 2413 judica,
1240 2344 1433 2413 inquit;
1463 2344 1583 2412 quia
1608 2343 1812 2410 justitia
1841 2351 1895 2397 et

315 2410 575 2482 judicium
619 2410 928 2483 praeparatio
967 2410 1107 2469 sedis
1153 2425 1272 2476 tua).
1312 2410 1496 2468 Indica
1529 2414 1675 2467 illum
1715 2429 1892 2468 meum

319 2497 464 2554 esse,
491 2493 543 2538 ct
579 2501 788 2541 mecum
831 2485 1186 2540 damnandum
1227 2500 1363 2540 esse.
1399 2485 1522 2538 ΙΙωο
1564 2484 1737 2538 omnia
1776 2499 1894 2554 quae

320 2553 429 2608 huc
463 2556 656 2623 attulit,
687 2572 805 2613 mea
841 2571 958 2612 esse
985 2570 1266 2626 cognosco.
1297 2554 1441 2609 Meus
1478 2553 1810 2626 essevoluit,
1842 2562 1895 2608 et

319 2639 452 2697 mea
468 2627 762 2697 concupivit
783 2647 796 2683 :
821 2641 1023 2683 mecum
1055 2625 1226 2695 puniri
1253 2626 1430 2689 debet,
1459 2625 1892 2697 quoniamqucm

321 2695 652 2767 tudignatus
673 2713 732 2753 es
754 2707 900 2753 tanto
919 2699 1090 2767 pretio
1117 2698 1364 2762 liberare,
1396 2697 1508 2765 ipse
1537 2711 1594 2767 se
1631 2695 1760 2767 mihi
1794 2712 1886 2748 vo-

316 2763 420 2824 luit
449 2763 782 2836 postmodum
826 2763 1049 2824 lihc'nter
1091 2768 1340 2836 obligare.
1385 2763 1518 2830 lleu,
1553 2766 1685 2820 heu!
1736 2766 1894 2820 frater

318 2836 652 2908 charissime,
687 2841 943 2906 poteritne
971 2839 1091 2894 talis
1119 2840 1324 2908 aprire
1354 2853 1433 2900 os,
1460 2838 1547 2906 qui
1581 2837 1698 2890 talis
1728 2837 1798 2891 ibi
1821 2837 1894 2892 in-

317 2907 583 2972 vcnietur,
607 2921 662 2964 ut
678 2911 816 2976 juste
842 2913 916 2966 ire
937 2926 1056 2964 cum
1078 2907 1287 2964 diabolo
1311 2908 1624 2976 deputetur?

391 2977 615 3035 CAPUT
671 2977 850 3036 LXIII.
893 2981 1069 3036 Relabi
1107 2996 1256 3050 quam
1304 2977 1658 3050 periculosum.
1698 2977 1893 3050 Videa-

318 3064 442 3105 mus
470 3051 590 3121 quid
621 3065 858 3121 agamus,
885 3053 952 3107 ab
977 3051 1066 3106 illo
1093 3048 1364 3110 videamus
1399 3049 1667 3118 quomodo
1695 3048 1891 3121 libere-

317 3119 779 3187 mur;‘vidcaiuus
805 3133 859 3180 et
883 3137 1188 3188 caveamus,
1221 3136 1286 3175 ne
1317 3122 1368 3174 in
1412 3135 1632 3174 vacuum
1666 3119 1889 3188 gratiam

318 3190 416 3247 Dei
457 3193 802 3262 suscipiamus
825 3213 837 3248 :
860 3194 953 3249 sed
979 3195 1182 3263 integro
1207 3191 1386 3256 corde,
1419 3191 1756 3263 perfectaque
1785 3189 1890 3263 fide

317 3260 706 3335 renuntiemus,
738 3277 895 3335 atque
936 3260 1400 3335 spernamuswtam
1431 3262 1739 3315 damnosam
1773 3260 1889 3314 dia-

315 3332 544 3388 bolicam
594 3332 981 3402 haereditatem,
1025 3351 1092 3388 ne
1135 3333 1313 3402 pupilli
1345 3342 1398 3386 et
1426 3347 1685 3401 pauperes
1711 3345 1888 3402 rema-

314 3419 557 3459 neamus.
588 3407 857 3461 Recitetur
885 3409 935 3460 in
961 3400 1148 3459 medio
1171 3415 1408 3458 nostrum
1427 3400 1716 3457 iseutenlia
1746 3400 1888 3456 beati

313 3477 558 3549 Apostoli
589 3479 836 3533 terribilis
867 3475 1276 3544 lerribililcrque
1317 3475 1537 3540 prolata,
1579 3488 1696 3549 qua:
1727 3472 1888 3549 corda

311 3542 471 3624 simul
515 3564 568 3608 et
612 3567 835 3624 corpora
901 3559 1079 3605 nostra
1116 3542 1528 3624 contremisccre
1579 3543 1752 3599 faciat.
1797 3542 1889 3624 Ait

312 3623 458 3678 enim
501 3642 513 3678 :
572 3623 860 3679 Voluntarie
910 3624 1226 3693 peccantibus
1282 3623 1422 3676 nobis
1473 3634 1583 3690 post
1629 3623 1887 3694 acceptam

311 3695 542 3748 notitiam
587 3695 839 3758 veritatis,
883 3699 996 3764 jam
1040 3712 1138 3748 non
1190 3694 1487 3763 relinquitur
1529 3710 1620 3761 pro
1670 3696 1887 3764 peccatis

309 3765 507 3836 hostia;
538 3766 768 3820 terribilis
806 3763 970 3820 autem
1008 3765 1238 3836 qua’dam
1281 3765 1584 3836 exspectatio
1611 3763 1806 3836 iudicii,
1840 3771 1886 3836 et

307 3835 442 3906 ignis
471 3837 744 3902 wmulatio,
773 3853 884 3907 quae
909 3831 1266 3907 consumptum
1291 3831 1717 3907 estadversarios.
1748 3831 1884 3907 Irri-

307 3904 410 3959 tam
458 3907 568 3976 quis
606 3904 793 3974 faciens
836 3910 989 3975 legem
1029 3904 1216 3977 Moysi,
1261 3906 1366 3960 sine
1410 3905 1516 3959 ulla
1566 3904 1885 3977 miseratione

306 3975 506 4031 duobus
533 3979 608 4031 vel
633 3979 788 4032 tribus
817 3979 1016 4031 testibus
1042 3975 1255 4030 moritur
1279 3993 1296 4029 :
1319 3986 1504 4045 quanto
1539 3975 1697 4045 magis
1731 3984 1882 4045 puta-

304 4049 370 4100 tis
415 4047 662 4102 deteriora
707 4049 882 4102 mereri
911 4049 1181 4118 supplicia,
1215 4049 1299 4114 qui
1328 4044 1522 4118 Filium
1546 4044 1641 4118 Dei
1670 4044 1882 4118 concul-

302 4119 510 4182 caverit,
554 4129 599 4172 et
625 4121 916 4188 sanguinem
949 4115 1246 4171 Testamenti
1292 4117 1543 4188 pollutum
1568 4117 1795 4188 duxerit,
1828 4115 1882 4168 in

302 4204 404 4257 quo
448 4186 748 4258 sanctiﬁcati
792 4192 926 4255 estis,
973 4198 1018 4243 et
1061 4189 1262 4258 spiritui
1294 4186 1478 4258 gratia:
1525 4186 1880 4258 contumeliam

305 4259 520 4329 fecerit?
565 4260 764 4315 Scimus
811 4262 942 4314 enim
988 4257 1096 4329 qui
1122 4259 1264 4320 dixit,
1305 4257 1450 4311 Mihi
1495 4257 1760 4311 vindictam
1786 4272 1880 4329 ego

303 4326 549 4400 rerldam._
581 4329 647 4384 Et
675 4331 872 4396 iterum,
919 4326 1050 4397 Quia
1071 4330 1320 4400 judicabit
1354 4326 1881 4400 Dominus_populum

302 4416 470 4453 suum.
501 4398 822 4454 llorrendum
845 4411 914 4456 est
937 4398 1308 4455 enimincitlcre
1329 4401 1379 4452 in
1401 4417 1578 4452 manus
1601 4398 1694 4450 Dei
1717 4398 1882 4450 viven-

303 4471 387 4522 tis.
435 4471 498 4524 Ει
524 4473 677 4540 paulo
699 4483 817 4541 post
840 4489 853 4524 :
881 4471 1052 4524 Nolite
1075 4473 1239 4539 itaque
1258 4473 1484 4524 amittere
1523 4467 1880 4541 confidentiam

302 4537 536 4602 vestram,
563 4558 673 4610 qua:
697 4537 932 4612 magnam
952 4543 1093 4594 habet
1122 4537 1589 4612 remuiterationem.
1624 4537 1880 4612 Patientia

302 4612 434 4664 enim
465 4608 598 4665 vobis
627 4608 904 4666 necessaria
935 4623 1025 4676 est,
1059 4622 1112 4663 ut
1143 4611 1446 4663 voluntatem
1485 4608 1579 4660 Dei
1613 4609 1876 4678 facientes,

301 4683 565 4750 reportetis
615 4683 1009 4751 promissionem.
1068 4681 1244 4733 Adhuc
1289 4681 1422 4751 enim
1466 4677 1874 4751 aliquantulum,

300 4747 388 4821 qui
415 4747 652 4805 venturus
678 4762 748 4806 est
778 4755 954 4816 veniet,
983 4762 1026 4805 et
1053 4768 1160 4821 non,
1174 4750 1397 4821 tardabit
1427 4748 1631 4821 reddere
1665 4747 1876 4821 unicui-

300 4816 397 4892 que
440 4823 714 4876 secundum
760 4840 884 4892 Opus
923 4838 1067 4874 suum
1114 4819 1319 4892 (llcbr._
1345 4836 1395 4884 χ,
1435 4818 1621 4892 26-51,

302 4891 432 4948 Haec
453 4893 594 4948 enim
624 4887 917 4947 verba'non
961 4907 1027 4946 ex
1076 4887 1179 4950 me,
1231 4889 1321 4943 sed
1365 4906 1428 4941 ex
1459 4889 1573 4956 ipso
1599 4887 1690 4956 qui
1719 4887 1871 4952 dixit,

302 4964 380 5034 An
429 4965 820 5034 experimentum
861 4961 1265 5034 ejus_qutvi'itis,
1312 4961 1394 5028 qui
1441 4960 1613 5034 in_me
1655 4957 1877 5034 loquitur

303 5028 531 5088 Christus
563 5033 626 5100 (ll
658 5033 774 5086 Cor.
801 5028 916 5096 xui,
956 5028 1046 5101 5)?
1092 5029 1469 5098 profluxerunt.
1515 5028 1876 5101 Extendamus

300 5105 470 5158 aciem
498 5097 640 5159 oculi
665 5103 860 5166 cordis,
907 5112 961 5157 et
992 5097 1262 5154 videamus
1307 5119 1318 5154 :
1368 5109 1422 5152 et
1470 5114 1650 5152 aurem
1700 5097 1876 5152 cordis

300 5175 766 5229 accommodemus
785 5174 849 5226 ad
870 5173 1156 5227 terribilem
1175 5172 1411 5234 Apostoli
1434 5170 1747 5224 sententiam
1766 5184 1877 5236 per-

300 5245 630 5312 Spicieudani
653 5255 706 5298 ct
728 5243 1162 5312 investigandam.
1185 5241 1514 5312 Mundemus
1533 5239 1744 5293 oculum
1766 5253 1876 5312 cor-

302 5308 404 5378 dis,
436 5316 541 5367 imo
567 5316 678 5383 ipsa
717 5315 826 5374 lux,
867 5308 1022 5382 quam
1051 5311 1415 5366 desideramus
1434 5310 1629 5383 videre,
1660 5308 1877 5383 inundet

299 5400 394 5439 cor
424 5380 685 5452 nostrum,
716 5393 768 5437 et
793 5385 861 5437 sit
883 5380 911 5435 a
937 5391 1272 5452 peccatorum
1319 5381 1546 5452 tenebris
1574 5380 1686 5452 ipso
1714 5380 1875 5433 misc-

301 5449 798 5508 rantemuudatum
831 5471 843 5504 :
872 5449 1013 5506 Beati
1043 5453 1207 5510 enim.
1231 5451 1323 5512 ait,
1348 5450 1533 5502 mundo
1557 5449 1725 5514 corde,
1753 5465 1877 5518 quo-

303 5527 441 5594 niam
467 5526 563 5594 ipsi
592 5525 755 5576 Deum
783 5523 1014 5576 videbunt
1044 5521 1261 5586 (Matth.
1295 5537 1348 5594 v,
1379 5519 1601 5594 8)_._‘Non_
1628 5521 1698 5594 sit
1724 5520 1875 5574 nobis

303 5593 391 5649 liie
423 5590 572 5650 labor
601 5595 800 5648 inutilis
825 5594 888 5646 ad
919 5594 1225 5662 perniciem,
1260 5592 1352 5645 sed
1373 5591 1516 5643 utilis
1539 5590 1872 5662 adgsalutem.

302 5665 590 5722 Curramus
633 5664 758 5719 dum
806 5660 977 5719 lucem
1025 5663 1312 5727 habemus,
1359 5677 1424 5716 ne
1484 5660 1713 5714 tcncbra:
1780 5675 1876 5714 nos

367 5827 386 5858 ι
422 5823 558 5881 mliti,
581 5819 693 5881 quia
715 5818 840 5869 enim
861 5817 1044 5869 idcirco
1065 5817 1218 5868 omnia
1237 5817 1457 5879 ﬁtciebat.

367 5887 441 5948 (a)
476 5878 914 5948 “neglegendum
935 5890 1123 5944 censet,
1149 5881 1202 5932 in
1221 5878 1364 5930 circo.
1395 5881 1491 5932 κὶα.
1529 5878 1759 5931 Elemeut.
1786 5883 1876 5930 Cri-

294 5946 541 6013 men-as
566 5946 751 5997 515.1“.

1394 436 1478 492 os
1515 436 1990 495 sawramaus
2028 438 2481 503 DUGUMENTIS.
2521 421 2524 424 λ

3425 469 3428 472 ’
3441 458 3586 518 1074

2011 558 2465 640 comprehendant
2493 561 2674 640 (ιιοςιηἶ
2701 563 2957 640 καλ-55).
2987 565 3274 640 Ειᾷἰιονιιιη
3295 569 3584 640 Apostolus

2011 628 2255 684 hortatur
2287 646 2385 686 nos
2416 628 2766 691 intentissime
2790 628 2974 692 dicens
3003 679 3020 702 ,
3049 638 3300 694 [lentiscus
3327 628 3506 698 dianus
3529 628 3581 699 et

2008 702 2172 782 saluta
2213 718 2376 770 genua
2415 705 2618 782 erigite,
2649 716 2708 782 __et
2750 724 2949 782 gressus
2986 719 3147 762 rectos
3178 712 3324 782 facite
3372 713 3580 782 pedibus

2008 772 2224 833 vestris;
2269 781 2323 850 ut
2364 789 2462 826 non
2493 772 2800 850 claudicans
2847 779 2956 848 quis
3000 772 3383 850 erret,'magis'
3410 795 3581 839 autem

2007 851 2244 922 sanetum
2261 842 2446 896 Pacem
2475 847 2736 922 sequimini
2760 842 2894 922 cum
2933 850 3160 904 omnibus
3179 891 3193 914 ,
3227 861 3273 904 et
3292 842 3578 908 sanctimo-

2007 917 2308 991 niumtsine
2334 931 2622 991 quanemo
2639 918 2820 972 videbit
2846 917 3009 974 Deum
3037 937 3056 973 :
3095 922 3485 991 contemplantes
3515 941 3578 979 ne

2005 983 2116 1046 quis
2155 983 2281 1036 desit
2308 985 2623 1065 .graticeDci
2644 1005 2754 1065 ,_ne
2780 1006 2880 1059 qua
2910 983 3436 1065 radixamaritudinis
3464 1011 3578 1048 sur-

2003 1067 2114 1133 sum
2139 1057 2448 1133 germinans
2496 1057 2770 1133 intpedia_t_,
2793 1057 2800 1059 ⁷
2823 1071 2870 1114 et
2915 1078 3003 1130 per
3065 1062 3208 1115 illam
3251 1063 3577 1133 inquinentur

2003 1124 2167 1203 multi.
2200 1123 2463 1203 Etupaulo
2490 1123 2616 1203 post
2651 1127 2879 1203 :__Videte
2904 1123 2965 1184 ne
2989 1133 3226 1185 recusatis
3251 1123 3528 1203 loquentem
3564 1150 3586 1188 :

2001 1195 2046 1245 si
2072 1195 2202 1275 enim
2230 1196 2306 1248 illi
2331 1197 2416 1264 qui
2445 1197 2688 1252 increduli
2720 1203 2919 1275 fuerunt
2947 1204 3093 1256 verbo
3113 1203 3226 1268 Dei,
3257 1195 3355 1257 non
3382 1203 3573 1275 effuge-

2002 1274 2117 1343 runt
2139 1307 2152 1328 ,
2201 1277 2486 1343 recusantes
2532 1283 2645 1343 eum
2673 1270 2773 1343 qui
2816 1288 2965 1343 super
3011 1283 3193 1327 terram
3239 1270 3572 1343 loquebatur;

2001 1334 2360 1414 multomagis
2389 1355 2479 1392 nos
2517 1339 2605 1407 qui
2647 1334 2724 1414 de:
2748 1334 2888 1395 cmlis
2927 1343 3203 1411 loquentem
3242 1334 3383 1398 nobis
3425 1334 3573 1399 over;

2002 1408 2152 1457 timur
2180 1408 2216 1471 ί,
2261 1409 2408 1478 cujus
2451 1424 2546 1464 vox
2594 1411 2744 1464 movit
2789 1408 3171 1479 terram-tunc;
3216 1416 3366 1468 modo
3400 1428 3572 1470 autem

2000 1480 2297 1554 repromittit
2345 1479 2547 1554 dicens,
2577 1481 2757 1535 Adhuc
2785 1483 2968 1554 semel,
3010 1493 3056 1537 et
3095 1501 3184 1554 ego
3229 1488 3428 1539 movebo
3469 1505 3571 1541 non

1999 1545 2162 1624 solum
2187 1558 2386 1624 terram,
2412 1553 2500 1603 sed
2519 1545 2790 1624 ctutum.
2818 1545 2966 1618 Quod
2987 1545 3170 1617 autem,
3193 1555 3370 1608 Adhuc
3392 1558 3567 1624 semel,

1998 1616 2145 1681 dicit,
2172 1620 2396 1674 declarat
2426 1622 2682 1676 mobilium
2710 1616 3085 1678 translationem
3125 1616 3364 1696 tanquam
3403 1616 3570 1696 facto;

1997 1703 2129 1768 rum,
2155 1699 2544 1768 ututaneantea
2569 1710 2681 1760 quae
2704 1703 2817 1768 sunt
2843 1696 3134 1768 immobilia.
3161 1694 3338 1763 Itaque
3360 1694 3571 1767 regnum

1997 1759 2248 1835 immobile
2289 1759 2648 1832 suscipientes,
2701 1765 2937 1818 habemus
2986 1759 3369 1835 gratiampper
3415 1759 3570 1833 quam

1995 1831 2267 1902 serviamus
2289 1873 2302 1894 ,
2350 1835 2599 1902 placentes
2645 1835 2751 1888 Deo
2804 1852 2917 1888 cum
2971 1831 3102 1889 metu
3155 1846 3198 1890 et
3221 1831 3226 1832 ⁷
3248 1831 3519 1892 reverentia
3548 1854 3568 1892 :

1995 1902 2175 1954 etenim
2211 1901 2540 1975 Deusnoster
2579 1906 2708 1974 ignis
2747 1913 3039 1960 consumens
3070 1916 3173 1970 est,
3205 1908 3288 1975 qui
3328 1925 3560 1962 consume

1995 1979 2170 2048 pturus
2219 1983 2290 2026 est
2339 1974 2649 2048 adversarios
2694 1975 2878 2044 (Ilebr.
2908 1994 2976 2030 xu
2999 2019 3012 2042 ,
3049 1977 3238 2032 12-15
3257 2017 3271 2041 ,
3301 1979 3561 2048 23-29).

1996 2042 2324 2116 Accedamus
2354 2045 2418 2097 ad
2461 2061 2580 2098 eum
2619 2042 2901 2116 antequam
2933 2064 3309 2102 consumamur
3337 2051 3404 2104 ab
3433 2042 3562 2103 illo';

1994 2114 2322 2179 postulantes
2364 2116 2430 2169 ab
2466 2133 2530 2170 eo
2561 2132 2715 2172 urere
2745 2114 2838 2171 cor
2869 2128 3106 2171 nostrqu
3129 2160 3142 2184 ,
3175 2129 3228 2174 et
3266 2135 3424 2174 renes
3465 2137 3565 2174 no-

1992 2191 2152 2238 stros.
2185 2185 2274 2260 Et
2295 2186 2518 2260 iterum,
2552 2187 2802 2250 Quoniam
2832 2189 3053 2257 probasti
3093 2206 3182 2242 nos
3204 2231 3218 2254 ,
3249 2189 3416 2260 Deus,
3448 2191 3565 2260 igne

1991 2269 2083 2329 nos
2111 2257 2428 2329 exanimasti,
2459 2258 2586 2310 sicut
2612 2261 2931 2312 examinatur
2958 2269 3216 2329 argentum
3246 2259 3412 2328 (Psal.
3437 2257 3562 2326 Liv,

1993 2325 2106 2398 10).
2139 2327 2486 2394 Aper-tissime
2517 2329 2656 2382 enim
2696 2339 2871 2396 patet,
2900 2325 3035 2398 quia'
3049 2330 3094 2383 si
3125 2329 3212 2383 hic
3240 2325 3306 2384 ab
3337 2331 3428 2384 illo
3456 2325 3566 2386 non

1989 2396 2214 2454 urimur.
2248 2398 2357 2450 illic
2386 2399 2531 2452 velut
2557 2399 2849 2453 adversarii
2877 2396 3272 2454 consumantur.
3302 2401 3392 2454 Ait
3419 2401 3566 2456 enim

1990 2466 2275 2531 Apostolus
2295 2509 2309 2532 ,
2338 2467 2504 2522 Nemo
2543 2484 2601 2522 se
2628 2469 3007 2524 circmuveniat
3030 2512 3044 2533 ,
3075 2485 3232 2523 nemo
3259 2486 3316 2523 se
3346 2470 3566 2526 seducat

1991 2535 2235 2609 inanibus
2259 2539 2452 2609 verbis,
2483 2539 2603 2607 quia
2633 2555 2980 2609 quaecumque
3006 2540 3348 2594 seminaverit
3377 2541 3562 2607 homo,

1991 2604 2104 2681 hare
2124 2618 2176 2660 ct
2199 2617 2358 2662 metet
2375 2610 2389 2674 (
2405 2604 2716 2681 lc'phes.v,'6;
2733 2604 2980 2674 Galativi,
2995 2612 3074 2679 8).
3094 2610 3207 2664 Non
3225 2610 3365 2664 aliud
3383 2604 3565 2681 lingua

1989 2676 2264 2746 loquamur
2284 2689 2336 2732 et
2355 2676 2495 2734 aliud
2512 2680 2703 2745 corde;
2734 2697 2802 2735 ne
2819 2676 3152 2736 simusludas
3170 2690 3224 2734 et
3244 2676 3560 2736 Ilerodiahi:

1987 2749 2074 2801 alii
2107 2750 2156 2801 in
2191 2751 2486 2817 proditione
2511 2792 2526 2813 ,
2558 2750 2645 2804 alii
2691 2753 2742 2804 in
2775 2751 3143 2815 confessione,
3174 2751 3265 2804 alii
3302 2752 3356 2805 in
3401 2752 3563 2806 dissi-

1988 2821 2276 2873 mulatione
2298 2823 2336 2882 ²,
2372 2821 2466 2874 sed
2491 2821 2577 2874 alii
2610 2822 2660 2874 in
2684 2823 2919 2876 veritatis
2943 2821 3256 2876 humilitate.
3287 2819 3410 2878 Ideo
3437 2837 3564 2877 cum

1985 2904 2116 2943 vero
2140 2891 2301 2944 corde
2322 2892 2374 2943 in
2399 2891 2778 2960 plenitudinem
2811 2891 2935 2946 fidei
2963 2907 3330 2961 properemus,
3354 2893 3562 2960 aspersi

1986 2961 2144 3032 corda
2194 2976 2222 3012 a
2271 2961 2593 3032 conscientia
2644 2963 2798 3015 mala.
2849 2963 3148 3017 'l'eneamus
3200 2963 3313 3032 spei
3362 2972 3560 3018 nostra:

1984 3030 2373 3100 confessionem
2421 3031 2844 3087 indeclinabilem
2871 3074 2885 3100 ,
2931 3043 2985 3086 ct
3027 3030 3287 3088 bonorum
3334 3047 3562 3099 operum

1985 3099 2378 3156 inchoationem
2408 3118 2512 3157 non
2539 3099 2876 3169 deseramus,
2894 3104 3029 3157 sicut
3053 3113 3135 3158 est
3157 3102 3558 3157 consuetudinis

1983 3172 2298 3240 quibusdam
2330 3191 2342 3224 :
2373 3173 2466 3228 sed
2494 3174 2852 3237 consolantes,
2883 3184 2937 3228 et
2964 3183 3109 3227 tanto
3138 3174 3324 3242 magis,
3358 3181 3559 3242 quanto

1984 3242 2278 3330 Vlllfl‘l'l‘l'lll'i
2303 3245 2812 3330 appropinquantem
2834 3245 2981 3330 diem
3008 3243 3212 3325 judicii.

2055 3312 2278 3368 CAPUT
2323 3313 2504 3368 LXIV.
2559 3312 2688 3369 Caro
2741 3312 3234 3382 diabolum’recipit.
3292 3313 3357 3367 In
3405 3331 3560 3382 quam

1982 3385 2143 3439 solam
2175 3395 2466 3454 potestatem
2495 3387 2706 3455 accepit.
2738 3385 2867 3438 Caro
2893 3386 2960 3438 ad
2991 3385 3232 3437 malitiam
3259 3394 3460 3454 potens,
3489 3386 3560 3438 ad

1982 3455 2070 3524 pia
2094 3471 2248 3523 opera
2273 3457 2419 3526 lingit
2438 3473 2490 3509 se
2507 3457 2784 3525 inﬁrmum.
2815 3455 2943 3509 Caro
2969 3456 3110 3524 quasi
3137 3457 3318 3508 anima:
3349 3455 3556 3509 bellum.

1981 3526 2062 3578 Ad
2101 3527 2270 3578 omnia
2317 3527 2450 3579 mala
2495 3536 2748 3596 provocat.
2798 3526 2866 3579 Et
2908 3526 3000 3580 sibi
3051 3536 3095 3579 ct
3144 3527 3326 3579 anima:
3369 3534 3560 3580 (eterna

1982 3606 2150 3666 parat.
2195 3597 2454 3651 'l‘eramus
2481 3598 2658 3652 carnis
2691 3607 2883 3651 ucstra:
2913 3598 3248 3665 superbiam,
3281 3596 3402 3664 quia
3430 3612 3558 3650 caro

1981 3675 2063 3720 est
2087 3683 2205 3736 qua}
2243 3669 2471 3721 animam
2503 3668 2707 3737 perdit,
2736 3677 2790 3720 et
2834 3677 2994 3721 totam
3026 3667 3330 3736 superbiatu
3359 3666 3554 3720 alfert:

1981 3747 2036 3791 et
2063 3740 2147 3807 qui
2172 3739 2224 3790 in
2254 3755 2404 3792 carne
2432 3741 2642 3792 seminat
2663 3781 2676 3802 ,
2708 3740 2843 3792 sicut
2867 3740 3152 3807 Apostolus
3179 3738 3284 3802 ait,
3317 3737 3378 3790 de
3405 3753 3560 3792 carne

1981 3818 2028 3861 et
2072 3818 2217 3862 metet
2251 3811 2623 3879 corruptionem
2663 3809 2854 3878 (Galat.
2882 3825 2932 3863 vt
2955 3851 2967 3872 ,
2999 3807 3088 3878 8).
3137 3807 3272 3862 Caro
3315 3816 3399 3861 est
3436 3823 3558 3876 qua:

1980 3880 2170 3948 recipit
2210 3879 2474 3933 diabolum
2508 3899 2520 3933 :
2554 3879 2795 3934 diabolus
2843 3879 2982 3934 enim
3027 3879 3254 3932 seminat
3300 3879 3356 3932 in
3396 3893 3560 3932 carne

1980 3959 2162 4002 nostra
2197 3950 2400 4003 semina
2439 3965 2565 4014 sua,
2611 3950 2660 4003 id
2691 3960 2804 4010 est,
2838 3949 3179 4004 homicidium
3202 3991 3216 4014 ,
3247 3948 3558 4002 fornicatio-

1979 4034 2123 4086 nem,
2143 4021 2648 4088 concupiscentiam,
2674 4021 2968 4086 libidinem,
2994 4021 3147 4086 iram,
3169 4019 3358 4085 rixam,
3379 4017 3561 4073 ebrie—

1981 4099 2142 4144 tatem
2163 4133 2178 4156 ,
2209 4091 2509 4158 superbiam
2530 4131 2545 4153 ,
2579 4091 2773 4144 furtum
2816 4101 2870 4146 et
2899 4105 3112 4144 omnem
3158 4089 3554 4160 suggestionem

1981 4162 2172 4215 malam
2195 4203 2210 4227 ,
2243 4161 2452 4216 dicente
2480 4162 2736 4230 Apostolo
2770 4179 2781 4213 :
2815 4161 2938 4214 Non
2977 4170 3047 4214 est
3086 4159 3228 4214 nobis
3265 4159 3557 4214 Colluctatio

1979 4233 2217 4286 adversus
2251 4248 2455 4286 carnem
2496 4242 2541 4284 et
2578 4231 2906 4301 sanguinem,
2951 4230 3040 4286 sed
3070 4232 3312 4284 adversus
3349 4230 3560 4301 spiritus

1979 4303 2149 4374 carnis
2164 4303 2350 4374 hujus,
2376 4302 2618 4374 adversus
2645 4299 2932 4374 spiritualia
2958 4303 3011 4358 in
3036 4301 3314 4359 civlestibus
3339 4299 3557 4374 (Ep/tes.

1978 4387 2028 4428 νι
2047 4416 2062 4443 ,
2090 4371 2206 4444 12).
2239 4371 2328 4430 De
2357 4372 2568 4430 diabolo
2596 4371 2755 4438 dicit,
2786 4378 2874 4444 qui
2902 4375 3120 4445 spiritus
3150 4375 3322 4429 malus
3349 4371 3435 4429 est
3457 4414 3474 4440 ,
3499 4383 3558 4429 et

1977 4461 2085 4499 non
2113 4445 2340 4499 videtur.
2375 4447 2442 4499 Et
2485 4446 2600 4515 ipse
2641 4445 2861 4514 spiritus
2903 4444 3260 4513 nequissimus
3281 4444 3559 4515 projectus

1979 4525 2062 4570 est
2099 4516 2166 4570 dc
2208 4516 2346 4569 caelo
2374 4513 2742 4585 cutti‘angelis
2786 4517 2896 4571 suis
2916 4557 2930 4582 ,
2964 4516 3032 4570 de
3060 4517 3252 4585 quibus
3279 4513 3472 4570 dicitur
3499 4513 3558 4568 in

1978 4586 2298 4654 Apocalypsi
2335 4603 2348 4638 :
2377 4583 2510 4639 Ecce
2539 4588 2789 4656 projectus
2821 4595 2892 4641 est
2921 4583 3184 4640 accusator
3215 4591 3432 4656 fratrum
3457 4600 3557 4656 no-

1977 4666 2198 4710 strorum
2219 4696 2234 4720 ,
2267 4656 2352 4723 qui
2391 4655 2656 4710 accusabat
2685 4657 2800 4710 illos
2826 4657 2908 4710 die
2937 4673 2998 4710 ac
3025 4667 3198 4722 nocte,
3217 4655 3272 4708 et
3295 4656 3392 4724 ipsi
3421 4655 3555 4724 vice-

1977 4737 2095 4799 runt
2120 4743 2231 4799 eum
2271 4722 2472 4799 propter
2516 4727 2813 4799 sanguinem
2839 4729 2969 4799 Agni
2999 4722 3551 4799 “motuin—10,“).

1977 4797 2052 4850 De
2077 4811 2182 4865 quo
2203 4797 2490 4864 Apostolus
2511 4794 2641 4851 dicit
2666 4815 2678 4851 :
2710 4799 2867 4852 Datus
2885 4794 2964 4852 est
2985 4794 3106 4850 mihi
3129 4795 3364 4848 stimulus
3388 4794 3556 4865 carnis

1977 4864 2122 4937 meai,
2147 4866 2368 4936 Angelus
2396 4879 2605 4932 satante,
2631 4871 2716 4936 qui
2741 4885 2818 4922 me
2844 4868 3144 4937 colaphizet.
3175 4866 3394 4937 Propter
3416 4864 3555 4937 quod

1979 4945 2053 5009 ter
2075 4934 2345 4990 Dominum
2369 4941 2558 5009 rogavi,
2587 4934 2652 4992 ut
2670 4939 2942 4992 discederet
2959 4934 3000 4989 ἀ
3027 4953 3105 5009 me
3130 4952 3148 5009 ς
3171 4943 3218 5009 et
3247 4934 3376 5009 dimit
3405 4934 3552 5002 mihi,

1979 5008 2174 5076 Sufficit
2204 5009 2290 5060 tibi
2330 5005 2494 5076 gratia
2518 5025 2671 5071 mea;
2710 5026 2828 5062 nam
2864 5009 3019 5061 virtus
3044 5007 3098 5060 in
3124 5005 3412 5072 inﬁrmitate
3441 5022 3558 5074 per-

1977 5081 2146 5148 ﬁcitur
2194 5078 2267 5148 (ll
2311 5076 2428 5133 Cor.
2459 5079 2720 5148 xn,7-9).
2771 5078 2900 5132 Item
2950 5079 3064 5146 ipse
3105 5087 3351 5145 repetens
3380 5076 3558 5148 dicit;

1989 5147 2142 5202 Video
2167 5152 2322 5202 aliaat
2361 5154 2517 5218 legem
2550 5151 2601 5202 in
2630 5147 2864 5204 membris
2892 5149 3031 5213 meis,
3063 5157 3424 5216 repugnantem
3457 5147 3559 5216 legi

1976 5222 2154 5273 mentis
2183 5236 2306 5272 mea:
2323 5260 2335 5283 ,
2366 5217 2420 5271 et,
2437 5221 2768 5289 captivantem
2791 5236 2870 5272 me
2893 5221 2958 5289 in
2975 5219 3083 5289 lege
3108 5217 3318 5288 peccati,
3344 5232 3456 5286 quw
3484 5228 3559 5289 est

1975 5290 2030 5343 in
2061 5291 2293 5344 membris
2319 5290 2459 5342 meis.
2499 5287 2695 5344 lterum
2724 5291 2836 5358 ipse
2872 5307 2884 5340 :
2913 5287 3038 5358 Ego'
3051 5287 3181 5341 enim
3209 5298 3371 5358 mente
3399 5287 3560 5358 servio

1977 5361 2075 5431 legi
2103 5361 2233 5425 Dei,
2261 5376 2410 5431 carne
2436 5369 2605 5414 autem
2635 5360 2732 5430 legi
2749 5357 2944 5424 peccati
2969 5357 3158 5431 (Rom.
3177 5373 3250 5431 vit
3269 5400 3282 5423 ,
3314 5357 3404 5431 25,
3436 5357 3556 5431 25).

1977 5429 2044 5486 lit
2074 5433 2260 5486 iterum
2294 5450 2305 5484 :
2339 5430 2486 5484 Nihil
2514 5447 2644 5484 nunc
2670 5429 3008 5484 danmationis
3044 5439 3116 5482 est
3143 5430 3221 5482 his
3246 5430 3332 5498 qui
3356 5438 3471 5482 sunt
3502 5429 3557 5482 in

1977 5503 2177 5557 Christo
2205 5503 2379 5571 (Rom.
2400 5517 2510 5563 vui,
2533 5501 2604 5571 l).
2627 5500 2767 5555 Caro
2797 5511 2878 5554 est
2903 5516 3020 5570 quae
3047 5501 3236 5568 recipit
3258 5499 3550 5571 diabolum,

1975 5583 2030 5628 et
2054 5569 2266 5629 carnem
2295 5573 2452 5626 habet
2475 5569 2716 5628 diabolus
2743 5573 2795 5626 in
2829 5569 3109 5641 potestate,
3143 5585 3248 5624 non
3279 5569 3509 5624 anin'iam
3542 5587 3556 5623 :

1977 5646 2097 5700 ideo
2125 5644 2251 5698 dicit
2288 5644 2572 5711 Apostolus
2592 5686 2606 5711 ,
2652 5643 2816 5697 Datus
2843 5653 2914 5696 est
2945 5642 3066 5696 mihi
3112 5641 3346 5696 stimulus
3391 5641 3558 5696 carnis

2041 5810 2056 5838 ¹
2083 5816 2150 5856 tta
2169 5812 2275 5854 Mss.
2297 5803 2496 5867 vulgata
2512 5810 2694 5867 autem,
2720 5801 2992 5867 avertimus.
3015 5807 3071 5850 At
3095 5800 3228 5867 editi,
3244 5797 3555 5867 advertimus.

2040 5873 2059 5901 ³
2084 5871 2155 5916 sic
2179 5875 2256 5931 διδ.
2282 5860 2414 5914 ρυυῆ
2431 5867 2534 5931 alii,
2561 5865 2626 5931 in
2643 5860 2925 5931 perditione,
2949 5862 3008 5931 in.
3028 5860 3316 5931 confusione.
3342 5867 3398 5910 Αι
3419 5860 3556 5925 editi,

1975 5934 2028 5993 in
2049 5928 2382 5997 Perditionem,
2423 5928 2474 5986 in
2509 5922 2848 5993 confusionem,
2872 5924 2924 5984 in
2955 5922 3401 5983 dissiinultuionem.
