4076 6370
328 355 468 414 1077

326 472 474 538 dem,
507 473 559 527 in
602 471 816 543 vigiliis,
850 469 904 527 in
940 470 1192 541 jejuniis,
1225 473 1275 525 in
1307 471 1638 529 orationibus
1658 479 1908 526 constan-

328 556 410 598 ter
438 555 732 600 strenuam.
769 546 838 596 Da
867 545 1036 598 etiam
1067 546 1116 598 in
1147 543 1550 602 mansuetudine
1577 543 1908 598 moderatum

326 631 632 670 sermonem
660 656 675 680 ,
706 615 925 684 adipisci
955 617 1254 680 silentium;
1291 622 1346 668 ut
1389 616 1572 682 loquar
1611 613 1751 684 quod
1775 629 1906 684 con:

327 688 506 750 decet,
542 695 746 740 taceam
777 683 916 754 quod
949 686 1090 756 loqui
1119 701 1224 756 non
1252 693 1460 754 oportet
1488 703 1500 738 :
1532 684 1614 739 vel
1639 683 1906 756 quidquid

326 774 392 811 ex
420 759 674 811 virtutum
722 757 980 810 fructibus
1021 755 1264 809 Conferre
1306 756 1628 824 dignaberis.
1679 755 1752 808 Da
1791 755 1908 809 sine

325 829 510 897 aliquo
539 842 724 882 errore
769 827 1158 882 itninaculatam
1204 827 1297 882 tibi
1345 841 1562 897 servare
1603 825 1760 880 ﬁdem
1787 867 1802 888 ,
1855 835 1908 882 et

320 896 474 967 juxta
504 899 660 958 fidem
686 899 842 966 digna
876 899 890 928 ⁸
913 913 1033 952 esse
1073 913 1231 967 Opera
1263 911 1379 951 mea
1411 915 1422 950 :
1452 907 1506 950 ut
1531 896 1683 952 fidem
1708 907 1906 951 rectam

324 985 491 1037 opere
515 984 680 1038 pravo
709 985 812 1022 non
845 969 1110 1038 polluant;
1139 979 1191 1022 et
1217 977 1266 1022 te
1287 1011 1300 1031 ,
1333 983 1488 1037 quem
1523 968 1658 1021 bene
1684 967 1910 1021 creden-

324 1040 399 1093 do
447 1040 737 1105 confiteor,
779 1040 918 1093 male
973 1039 1201 1094 vivendo
1249 1053 1355 1092 non
1412 1038 1708 1107 denegem;
1761 1047 1814 1091 et
1857 1046 1908 1092 te

323 1126 487 1180 quem
514 1122 728 1166 strenua
765 1111 867 1167 lide
895 1125 1092 1180 sequov
1117 1120 1240 1166 actu
1263 1151 1275 1172 ,
1300 1109 1633 1178 negligentiae
1657 1109 1908 1176 operibus

323 1196 435 1234 non
463 1182 748 1240 offendam.
786 1181 889 1236 Fac
936 1197 1018 1236 me
1049 1183 1102 1236 in
1142 1189 1326 1236 sancto
1352 1189 1753 1250 conversantem
1779 1195 1906 1250 pro-

324 1253 538 1320 posito,
607 1254 756 1321 sequi
805 1251 1104 1322 justitiam,
1169 1251 1390 1321 diligere
1441 1249 1902 1322 misericordiam,

323 1339 512 1376 amare
542 1321 843 1384 veritatem,
875 1322 1106 1376 refutare
1151 1323 1510 1384 mendacium,
1539 1321 1729 1374 falsum
1775 1321 1907 1374 nihil

323 1393 574 1450 meditari
594 1393 678 1450 vel
709 1394 888 1463 loqui;
919 1402 969 1450 te
997 1394 1360 1450 indesinenter
1383 1394 1590 1457 timere,
1625 1402 1676 1448 te
1705 1407 1904 1458 amare,

326 1473 382 1516 te
416 1463 659 1532 diligere,
686 1473 771 1517 tua
803 1472 1069 1532 praecepta
1101 1479 1336 1529 scrvare,
1377 1479 1559 1532 pacem
1586 1478 1705 1516 cum
1734 1463 1908 1516 omni-

323 1533 428 1587 bus
456 1534 573 1588 sine
613 1534 737 1588 dolo
787 1534 1020 1588 retinere
1047 1537 1090 1600 ³,
1120 1535 1395 1588 discordes
1432 1535 1547 1588 sine
1573 1533 1912 1588 simulatione

320 1603 389 1674 ad
421 1605 762 1658 concordiam
783 1619 1075 1674 provocare
1091 1646 1107 1671 ,
1129 1605 1440 1658 charitatem
1463 1603 1667 1658 cunctis
1689 1604 1911 1657 insimu-

323 1672 490 1728 latam
519 1674 714 1729 offerre
745 1717 759 1739 ,
785 1672 1002 1728 nullum
1056 1675 1432 1738 scandalizat-0,
1495 1674 1624 1729 nulli
1657 1689 1742 1728 me
1767 1690 1907 1742 pra:-

319 1743 490 1808 ferre,
523 1745 618 1798 sed
645 1746 891 1799 omnibus
918 1743 1228 1804 inferiorem
1257 1744 1518 1814 judicare,
1547 1747 1902 1814 reverentiam

319 1824 377 1869 et
415 1815 669 1870 honorem
716 1831 818 1869 non
853 1825 1069 1884 propter
1096 1813 1337 1868 timorem
1365 1824 1636 1883 potentum
1659 1856 1672 1877 ,
1715 1813 1810 1868 sed
1838 1815 1908 1868 ob

316 1886 653 1940 Altissimum
705 1885 997 1950 exhibere;
1053 1886 1354 1939 seuiorilms
1414 1886 1814 1949 obedientiam,
1852 1895 1909 1940 et

319 1957 643 2010 charitatem
693 1958 984 2020 inqualibus
1020 1955 1213 2010 offerre
1238 1955 1297 2026 3;,
1322 1957 1544 2024 gratiam
1595 1964 1907 2026 Opportuna:

319 2026 628 2080 dilectionis
648 2027 951 2096 junioribus
978 2026 1261 2080 ostendere
1287 2025 1328 2086 ",
1356 2026 1585 2080 fraterna
1607 2025 1770 2080 onera
1792 2027 1908 2081 sive

321 2099 560 2166 pericula
591 2097 959 2166 mquanimiter
988 2098 1249 2150 sustinere
1283 2097 1324 2150 δε
1357 2099 1562 2151 eunetis
1601 2097 1758 2150 simul
1787 2112 1908 2165 pro-

319 2168 521 2234 desse,
579 2185 682 2221 non
726 2169 951 2232 obesse;
985 2167 1116 2220 nulli
1165 2183 1389 2227 nocere.
1443 2167 1569 2221 nulli
1596 2168 1903 2234 adversari,

317 2239 534 2303 nullum
567 2238 900 2300 calumniari,
933 2239 1062 2292 nulli
1088 2237 1464 2292 olfeudiculum
1499 2254 1695 2305 ponere
1719 2280 1734 2305 ,
1781 2239 1904 2292 nul-

322 2309 435 2362 lum
462 2308 720 2378 judicare,
756 2307 882 2364 nulli
912 2307 1218 2371 detrahere,
1243 2309 1371 2362 nulli
1405 2307 1711 2376 injuriosam
1743 2324 1862 2362 esse
1888 2350 1904 2376 ,

321 2380 524 2434 nullius
585 2395 803 2448 carpere
845 2380 1044 2444 vitam,
1079 2378 1274 2434 nullius
1305 2379 1584 2446 explorare
1613 2380 1858 2433 semitam
1888 2396 1904 2444 ;

322 2450 419 2504 sed
453 2451 520 2505 de
551 2467 636 2506 tne
663 2450 774 2519 ipsa
830 2457 1029 2504 tantum
1083 2463 1200 2504 esse
1232 2449 1509 2502 sollicitam
1539 2466 1551 2501 :
1586 2450 1782 2503 malum
1811 2464 1908 2517 pro

320 2521 469 2574 malo
496 2536 830 2590 nequaquam
853 2519 1168 2588 rependere,
1201 2519 1509 2590 injuriarmn
1542 2535 1780 2590 mearum
1810 2534 1908 2575 nec

319 2589 622 2646 memorem
646 2589 762 2646 cs'se
792 2591 1072 2654 ullatenus,
1105 2606 1202 2644 nec
1234 2589 1530 2654 vindicem;
1562 2589 1654 2645 sed
1683 2591 1734 2644 in
1762 2591 1908 2645 omni

319 2661 562 2716 bonitate
602 2676 854 2730 superare
880 2662 1133 2714 malitiam
1169 2660 1543 2716 :malcdicenti
1577 2660 1906 2715 benedictio-

319 2747 446 2786 nem
478 2747 667 2801 pararc
692 2775 706 2796 ,
735 2732 1018 2801 inimicum,
1040 2740 1094 2784 ut
1121 2731 1351 2784 amicum
1395 2731 1637 2800 diligere,
1670 2732 1909 2786 convicia

319 2811 378 2856 et
405 2800 758 2856 contumelias
777 2800 1120 2856 irascentidm
1147 2802 1431 2863 sustinere,
1457 2817 1562 2855 non
1591 2802 1907 2870 rependere,

319 2873 550 2942 injurias
593 2874 698 2928 cito
727 2872 968 2928 oblivisci
989 2913 1004 2938 ,
1033 2871 1284 2925 olfensori
1315 2888 1435 2924 meo
1477 2872 1752 2942 ignoscere
1777 2914 1791 2934 ,
1843 2871 1911 2926 ad

321 2944 536 2997 veniam
589 2942 984 2998 concedendam
1019 2957 1231 3010 semper
1262 2951 1498 3010 paratam
1549 2957 1705 2995 esse:
1739 2943 1914 2996 aliena

320 3027 434 3067 non
480 3015 882 3082 concepisccrc,
935 3027 1034 3065 nec
1086 3012 1370 3066 occasione
1397 3011 1633 3080 qualibet
1663 3012 1910 3076 auferre;

319 3099 443 3140 mea
477 3100 603 3139 vero
655 3100 759 3138 non
811 3082 1130 3138 habentibus
1177 3082 1593 3136 misericorditer
1638 3097 1863 3151 erogare
1899 3099 1912 3135 :

318 3154 468 3223 apud
495 3170 581 3209 me
611 3163 826 3226 propter
853 3163 925 3226 te,
959 3154 1052 3226 qui
1075 3153 1349 3226 redemisti
1374 3168 1460 3207 me
1487 3195 1501 3218 ,
1532 3154 1764 3207 retinere
1790 3167 1913 3226 esu-

318 3221 552 3280 rientem
573 3267 586 3290 ,
611 3221 691 3280 ἐι
711 3221 930 3280 Ὄείηόε
961 3221 1183 3277 reticere
1205 3264 1217 3282 .
1253 3223 1520 3278 sitientem
1567 3231 1771 3291 potare,
1821 3221 1917 3276 ho-

319 3295 519 3363 spitem
546 3296 822 3366 colligere,
848 3293 1046 3347 nudum
1079 3293 1312 3366 operire,
1345 3294 1558 3366 visitare
1585 3294 1910 3366 languidum,

320 3367 601 3436 requirere
630 3363 970 3422 carceratum
993 3365 1305 3436 ,_consolari
1335 3364 1540 3436 tristem
1569 3404 1582 3428 ,
1616 3363 1828 3436 afﬂicto,
1865 3371 1918 3417 et

321 3433 532 3505 lugenti
578 3437 838 3504 compati,
870 3452 990 3505 non,
1017 3434 1232 3489 babenti
1278 3433 1514 3502 przebere
1564 3435 1865 3488 necessaria
1897 3475 1912 3496 ,

321 3504 527 3560 victum
573 3516 628 3562 et
673 3508 924 3561 vestitum
964 3504 1204 3560 dividere
1259 3519 1379 3559 cum
1427 3519 1636 3574 egeno:
1667 3505 1916 3574 ampiecti

321 3576 656 3645 indigenam,
687 3577 870 3632 fovere
898 3576 1275 3640 domesticum,
1298 3589 1489 3646 amare
1526 3577 1863 3646 peregrinum
1897 3616 1911 3640 ,

328 3648 598 3703 redimere
623 3649 914 3717 captivum,
953 3645 1225 3717 suscipere
1245 3645 1538 3717 advenam,
1574 3646 1707 3699 tueri
1739 3646 1916 3715 pupil-

321 3717 438 3772 lum
469 3727 522 3774 et
548 3715 847 3788 orphanum
881 3760 895 3784 ,
926 3715 1206 3788 suffragari
1251 3716 1424 3788 vidua:
1446 3758 1474 3788 ,ί
1488 3717 1778 3788 subvenire
1817 3731 1915 3784 op-

363 3802 538 3854 resso,
583 3786 840 3859 praestare
870 3787 1124 3859 auxilium
1155 3786 1418 3854 desolato,
1447 3787 1782 3858 disrumpere
1808 3788 1919 3841 col-

345 3858 610 3930 igationes
653 3858 938 3930 impietatis
973 3876 985 3911 :
1018 3858 1103 3912 vel
1143 3872 1489 3928 quaecumque
1529 3865 1917 3928 praeceptorum

390 4037 411 4109 2
446 4045 526 4109 ses-
551 4037 872 4109 εριρει-ιίριιςν
896 4037 1112 4109 eam:

389 4099 412 4130 ¹
445 4100 530 4170 psic
549 4099 738 4170 addimr
760 4101 812 4149 in
848 4097 1010 4170 editis,
1032 4097 1244 4150 subditos
1267 4110 1360 4150 non
1379 4097 1668 4164 opprimere,
1699 4111 1776 4152 me
1811 4111 1918 4162 pra:

321 4160 545 4223 euntibus
568 4168 863 4223 peccator-em
885 4160 1138 4223 inspicere.

393 4219 581 4286 {aditi
597 4221 791 4283 addunt,
828 4219 1118 4286 principibus
1154 4221 1539 4286 etgpotcstatibus
1573 4220 1845 4276 Christianis
1867 4219 1918 4274 in

393 4237 414 4254 ·
447 4237 565 4273 miti
597 4237 791 4283 aeuum,
863 4237 1118 4286 rmetpwus
1154 4237 1199 4272 et
1233 4237 1522 4286 percutiam

324 4282 463 4348 nullo
485 4283 722 4344 resistere,
758 4237 919 4348 sarriri
940 4281 1153 4335 omnibus
1179 4284 1522 4348 obtemperare.

393 4345 415 4410 ἒ
453 4352 651 4410 Rursum
673 4347 752 4396 hic
775 4347 910 4410 editi,
936 4353 1186 4410 paternum
1209 4345 1426 4410 effectum
1449 4352 1730 4398 monstrare.

391 4408 415 4440 ⁵
449 4414 566 4473 Tum
586 4409 731 4473 etiam
745 4409 904 4467 isthic,
929 4407 1137 4473 amicum
1153 4407 1276 4458 velut
1291 4409 1502 4460 mimum
1523 4423 1679 4460 meam
1696 4407 1916 4473 diligere,

325 4467 607 4531 proximum
627 4469 750 4520 sicut
771 4469 1100 4530 nterminetur:
1118 4484 1298 4520 anime.

1191 357 1562 415 ADMONITIO
1602 357 1667 414 ΙΝ
1706 353 2252 424 SUBSEQUENTEM
2294 358 2737 416 TllACTATUM.

3451 357 3590 418 1078

2010 477 2222 526 tuorum
2249 470 2566 526 documenta
2609 470 2917 537 declarant,
2947 470 3225 540 diligenter
3251 471 3478 528 credere
3525 478 3584 526 et

2013 542 2216 606 audire,
2247 541 2495 598 ardenter
2529 543 2846 614 investigare
2867 584 2882 606 ,
2915 542 3206 614 prudenter
3242 543 3400 604 scire,
3433 542 3584 598 festi-

2015 623 2204 666 uanter
2231 627 2502 679 exercere,
2533 613 2898 668 desideranter
2920 613 3201 681 implere,
3231 623 3283 668 et
3311 629 3489 669 coram
3535 623 3584 670 te

2025 684 2277 738 humilem
2300 699 2511 753 semper
2541 686 2770 740 existere
2802 707 2816 739 :
2847 693 2904 738 ut
2932 698 3166 752 surgam,
3197 697 3301 738 non
3332 685 3583 753 dejiciar‘

2015 754 2221 823 erigar,
2270 771 2374 808 non
2403 755 2661 821 subruar;
2693 755 2974 811 ascendam
3001 797 3015 819 ,
3070 769 3174 810 non
3214 755 3532 810 descendam
3565 772 3582 812 τ

2014 826 2134 896 quia
2165 841 2312 892 caro,
2333 841 2451 882 cum
2501 842 2604 895 qua
2629 826 2884 891 inhabito,
2919 841 3126 896 semper
3151 824 3347 880 ducere
3369 840 3454 880 me
3471 827 3582 884 vult.

2015 894 2083 949 ad
2107 905 2376 964 peccatum
2400 912 2413 960 ;
2445 894 2648 962 mecum
2677 898 2789 952 vult
2813 894 3091 962 coronari,
3123 896 3216 950 sed
3236 910 3341 950 non
3369 910 3581 952 mecum

2015 966 2307 1038 decertare.
2339 966 2545 1038 Nullum
2564 967 2795 1035 pejorem
2820 968 2989 1038 patior
3010 968 3213 1038 hostem
3234 1007 3249 1032 ,
3277 980 3435 1038 quam
3461 982 3579 1020 cor-

2014 1051 2124 1108 pus
2149 1037 2200 1089 in
2254 1052 2360 1106 quo
2391 1037 2647 1092 irritabile.
2681 1039 2774 1093 Est
2802 1037 2943 1094 enim
2982 1039 3132 1108 quasi
3161 1037 3247 1094 leo
3296 1037 3588 1108 subversor

2015 1108 2069 1161 in
2097 1107 2256 1180 domo
2287 1123 2423 1172 mea,
2461 1109 2690 1180 undique
2731 1126 2815 1165 me
2861 1107 3113 1180 pestifero
3163 1123 3344 1180 morsu
3388 1107 3578 1180 dilace-

2016 1178 2182 1251 rando
2203 1193 2540 1251 consumens.
2570 1177 2692 1251 ideo
2723 1177 2879 1251 longa
2908 1179 3121 1235 trahens
3149 1179 3372 1251 suspiria
3395 1178 3585 1251 clami-

2017 1248 2180 1301 tando
2215 1249 2384 1302 dicam
2416 1267 2426 1301 :
2462 1249 2656 1321 Infelix
2674 1266 2762 1321 ego
2783 1248 3103 1321 homo,iquis
3139 1266 3221 1304 me
3245 1248 3588 1321 tiberabit_d¢

2015 1322 2440 1390 corporentortia
2481 1319 2632 1389 hujus
2655 1322 2679 1375 ?
2705 1319 2894 1375 Gratia
3111 1323 3212 1377 Per
3253 1336 3413 1390 quem
3435 1320 3458 1380 7
3481 1319 3587 1390 Ρετ

2016 1388 2192 1464 ._l_esum
2215 1389 2468 1464 (.‘(irislunt
2495 1387 2768 1464 Domjntmt
2790 1402 3014 1464 nostrum
3035 1393 3211 1464 (Itoni.
3233 1387 3328 1457 Vit,
3349 1390 3442 1458 24,
3473 1387 3587 1464 ἢῆ),

2015 1457 2144 1514 llaec
2173 1460 2350 1528 velim,
2381 1477 2413 1515 o
2442 1457 2564 1515 Jesu
2614 1461 2854 1518 Salvator
2897 1457 3055 1530 bene,
3085 1463 3412 1531 Redemptor
3432 1457 3578 1530 roptl;

2015 1545 2123 1594 me,
2157 1531 2269 1586 htec
2299 1534 2456 1588 velim
2486 1549 2601 1602 qua:
2631 1535 2734 1588 huc
2765 1548 2931 1604 usque
2954 1549 3096 1588 nunc
3120 1531 3464 1604 supplicando
3487 1533 3584 1604 dc-

2016 1609 2226 1674 precata
2250 1617 2366 1656 sum
2393 1621 2405 1656 :
2433 1605 2546 1658 haec
2594 1614 2648 1660 et
2687 1605 2801 1659 haec
2825 1603 3104 1674 deprecor,
3150 1605 3271 1674 quia
3302 1603 3585 1673 pretiosis-

2019 1672 2156 1725 simo
2194 1675 2450 1745 sanguine
2481 1685 2570 1728 tuo
2597 1675 2870 1744 redempta
2899 1672 3016 1729 sum
3045 1695 3059 1732 :
3090 1684 3145 1728 ut
3169 1672 3387 1745 propter
3413 1674 3589 1727 carnis

2015 1744 2410 1813 corruptionem
2435 1760 2544 1800 non
2565 1760 2774 1815 peream
2798 1748 2850 1804 in
2871 1755 3148 1810 aeternum,
3171 1744 3275 1799 non
3301 1745 3508 1815 veniam
3535 1745 3586 1796 in

2015 1823 2245 1866 mortem
2273 1814 2593 1880 secundam,
2624 1832 2794 1886 neque
2822 1815 2874 1869 in
2904 1825 3098 1871 terram
3126 1816 3432 1870 oblivionis.
3465 1814 3587 1869 llaec

2019 1898 2120 1936 vox
2140 1900 2257 1938 mea
2290 1886 2339 1939 iu
2366 1886 2584 1941 auribus
2601 1886 2977 1941 misericordia:
2999 1895 3102 1941 tua:
3131 1893 3304 1952 sonet,
3334 1893 3392 1938 ut
3420 1894 3586 1948 luam,

2016 1968 2124 2008 non
2155 1957 2331 2011 carnis
2359 1955 2545 2011 faciam
2589 1959 2913 2012 voluntatem
2934 1998 2949 2023 ,
2983 1967 3035 2011 et
3063 1957 3238 2011 omnis
3269 1969 3421 2010 mens
3467 1969 3588 2010 mea

2019 2032 2069 2077 te
2101 2025 2404 2088 meditetur,
2437 2037 2487 2082 te
2512 2028 2826 2096 delectetur,
2860 2036 2911 2083 te
2945 2037 3223 2096 sequatur,
3255 2036 3305 2080 te
3330 2026 3588 2080 confitea-

2017 2101 2124 2160 tur,
2148 2097 2269 2165 quia
2300 2098 2611 2153 redimendo
2641 2115 2725 2153 me
2753 2100 2805 2152 in
2835 2108 3091 2153 aeternum
3116 2096 3475 2152 misericordia
3500 2105 3590 2150 tua

2016 2173 2196 2238 es_t,et
2226 2167 2276 2220 in
2315 2178 2401 2222 tua
2429 2169 2792 2224 misericordia
2846 2170 3010 2224 revixi
3059 2168 3262 2238 perdita
3305 2166 3588 2238 peccatis}

2015 2235 2389 2310 adolescentia:
2421 2255 2573 2305 mete,
2603 2249 2655 2294 et
2674 2241 2756 2310 egi
2781 2235 3144 2310 paenitentiam
3169 2235 3349 2294 coram
3366 2246 3450 2310 te:
3466 2237 3589 2308 quia

2016 2307 2239 2360 servasti
2272 2310 2399 2363 mihi
2445 2319 2651 2378 tempus
2680 2307 3067 2376 conversionis,
3095 2324 3212 2378 qua:
3244 2307 3591 2362 considerans

2015 2386 2235 2449 peccata
2258 2395 2373 2433 mea
2393 2389 2709 2449 compuncta
2735 2395 2871 2444 sum,
2898 2391 2951 2434 et
2974 2389 3024 2433 te
3047 2378 3339 2448 inspirante
3365 2379 3447 2449 egi
3469 2391 3588 2447 pm-

2014 2446 2293 2520 nitentiam
2323 2446 2603 2504 coram—te.
2630 2451 2772 2505 Laeta
2789 2451 2898 2520 jam
2931 2449 3054 2504 inde
3077 2446 3171 2503 tibi
3191 2465 3347 2520 nunc
3373 2446 3426 2502 et
3449 2446 3592 2502 sem-

2018 2532 2113 2585 per
2143 2518 2446 2591 inuumeras
2478 2523 2674 2590 gratias
2704 2518 2880 2578 refero
2905 2538 2916 2573 :
2951 2520 3072 2591 quia
3102 2527 3162 2591 ut
3187 2519 3486 2573 invenirem
3512 2528 3583 2583 te,

2017 2596 2070 2659 tu
2105 2589 2248 2656 prius
2277 2589 2512 2659 quaesisti
2551 2607 2675 2656 me;
2709 2602 2763 2646 ut
2807 2589 3039 2646 redirem
3065 2589 3130 2644 ad
3162 2599 3234 2656 te,
3282 2598 3334 2644 tu
3370 2605 3595 2659 compu—

2016 2657 2150 2732 listi,
2176 2669 2231 2712 ut
2259 2657 2570 2715 verberarer
2591 2663 2610 2692 ⁸
2632 2671 2684 2716 tu
2715 2662 2851 2716 sicut
2873 2665 2986 2732 pius
3011 2669 3163 2732 pater
3189 2661 3466 2729 respexisti
3493 2657 3507 2727 ξ
3538 2668 3596 2714 ut

2016 2729 2301 2813 confiterer
2327 2771 2341 2795 ,
2398 2729 2886 2813 tu_es.0pcra.tus
2915 2742 2967 2786 et
2997 2729 3599 2813 tit_me.recognoscens

2021 2799 2346 2874 plangerem,
2373 2810 2426 2854 tu
2453 2799 2641 2857 dedisti
2670 2803 2820 2874 mihi.
2849 2801 3013 2874 Pone,
3038 2802 3300 2874 Domine,
3335 2799 3598 2874 lacrynias

2021 2883 2168 2946 meas
2197 2871 2247 2924 in
2275 2884 2564 2946 conspectu
2589 2881 2676 2946 tuo
2712 2871 2879 2946 (Pent.
2912 2889 2994 2946 ω,
3028 2871 3112 2943 9),
3139 2881 3195 2928 et
3230 2871 3500 2941 perveniat
3531 2872 3596 2946 ad

2025 2940 2149 2992 tein
2187 2942 2378 2995 caelum
2408 2940 2871 3010 deprecatio'mea.
2911 2940 3132 3007 Adesto,
3159 2940 3365 3011 precor,
3398 2951 3451 2996 et
3473 2943 3598 2996 sub-

2024 3011 2184 3073 veni,
2217 3022 2374 3079 atque
2414 3012 2467 3066 in
2499 3013 2740 3067 manibus
2777 3013 2882 3066 tuis
2929 3013 3350 3066 commendatam
3381 3013 3474 3066 tibi
3515 3029 3601 3067 me

2027 3079 2196 3151 ipsam
2221 3083 2448 3151 suscipe,
2482 3082 2714 3137 liberans
2744 3098 2828 3138 me
2867 3083 2934 3136 de
2959 3098 3052 3137 ore
3078 3083 3355 3137 saavissimi
3400 3083 3594 3137 draco-

2025 3150 2130 3215 nis,
2165 3159 2218 3204 et
2246 3153 2320 3222 de
2343 3150 2504 3206 manu
2541 3154 2858 3208 atrocissimi
2905 3153 3118 3207 inferni.
3165 3152 3298 3208 Cum
3330 3153 3600 3222 acceperis

2025 3237 2132 3286 me,
2157 3231 2210 3275 et
2229 3221 2439 3277 auferes
2465 3223 2529 3278 de
2553 3223 2725 3278 medio
2752 3225 2950 3278 umbrae
2979 3224 3164 3278 mortis
3189 3242 3201 3278 :
3232 3224 3340 3277 ituo
3367 3221 3602 3280 deduccs

2024 3292 2076 3364 in
2110 3294 2351 3346 semitam
2390 3294 2550 3359 lucis,
2594 3295 2644 3348 in
2699 3295 3050 3350 clarissimam
3095 3294 3364 3364 regionem
3413 3295 3601 3349 viven-

2025 3363 2175 3418 tium.
2213 3364 2426 3436 colloca
2469 3380 2553 3420 me
2592 3365 2643 3418 in
2691 3366 2855 3420 caulis
2905 3363 3185 3420 tutissimis
3221 3378 3441 3436 gregum
3469 3375 3602 3436 tuo-

2023 3449 2177 3506 rum;
2209 3435 2329 3503 quia
2355 3443 2487 3506 tures
2513 3445 2693 3504 pastor
2721 3436 2911 3500 bonus,
2943 3435 3033 3506 qui
3059 3435 3285 3506 requiris
3314 3445 3367 3490 et
3387 3435 3602 3491 reducis

2025 3505 2252 3574 perdita,
2288 3505 2451 3560 tueris
2479 3513 2532 3562 et
2562 3507 2734 3560 salvas
2767 3505 2979 3560 inventa
3005 3549 3020 3572 ,
3048 3505 3194 3561 foves
3223 3513 3278 3560 et
3303 3521 3463 3560 sanas
3486 3508 3601 3560 Ian--

2023 3576 2258 3644 gucntia.
2288 3575 2353 3630 Et
2387 3586 2437 3630 tu
2470 3591 2529 3631 es
2571 3578 2841 3632 miseriors
2874 3577 3128 3631 Dominus
3151 3620 3166 3645 ,
3207 3577 3295 3646 qui
3323 3587 3602 3646 sperantes

2025 3647 2078 3699 in
2111 3653 2161 3698 te
2189 3661 2292 3699 non
2326 3646 2624 3718 confundis,
2655 3649 2988 3718 requirentes
3018 3657 3069 3703 te
3108 3663 3213 3702 non
3238 3647 3564 3718 derelinquis
3584 3687 3602 3715 ,

2025 3725 2355 3788 revertentes
2387 3717 2453 3771 ad
2495 3727 2543 3772 te
2575 3735 2678 3772 nou
2707 3717 2949 3788 respuis;
2977 3719 3070 3773 sed
3101 3718 3387 3773 exultaudo
3413 3717 3475 3773 et
3494 3719 3596 3772 lau-

2026 3786 2202 3846 dando
2230 3788 2476 3857 suscipis,
2497 3799 2665 3859 atque
2691 3791 2742 3843 in
2771 3786 2969 3844 aeterna
2995 3788 3320 3844 beatitudine
3343 3804 3445 3842 una
3473 3804 3597 3844 cum

2025 3859 2224 3930 sanctis
2266 3858 2538 3930 ctelcctis
2579 3858 2681 3914 tuis
2702 3861 3030 3915 :eterualiter
3061 3875 3284 3930 regnare
3313 3859 3563 3914 concedis
3596 3903 3604 3912 .

2065 3929 2146 4002 uia
2178 3938 2258 3983 est
2291 3929 2381 4002 tibi
2410 3945 2528 4002 cum
2554 3939 2755 4002 interno
2788 3930 2946 3986 Patre
2975 3941 3028 3986 et
3059 3929 3261 4001 Spiritu
3286 3940 3472 3985 sancto
3495 3944 3597 4002 una

2065 4000 2218 4073 citas,
2251 4001 2441 4070 gloria,
2467 4000 2652 4070 virtus,
2685 4001 2967 4072 imperium
2995 4011 3048 4059 et
3068 4000 3308 4073 petestas
3331 4003 3385 4057 in
3407 4001 3600 4058 saecula

2026 4070 2363 4126 saeculorum.
2387 4074 2578 4126 Amen.

2091 4351 2106 4380 ι
2142 4349 2260 4420 editi
2284 4355 2334 4399 et
2357 4357 2435 4398 iis.
2465 4351 2601 4422 vict,
2628 4349 2783 4401 revixi
2804 4348 3011 4422 perdita.
3034 4355 3080 4402 et
3101 4351 3300 4403 surrexi
3323 4365 3354 4401 a
3388 4353 3607 4416 ntortm's,

2025 4418 2248 4476 quonam
2270 4418 2528 4476 segregastt‘
2550 4423 2626 4460 me
2644 4426 2674 4461 (ι
2697 4418 2922 4475 peccatis.

2088 4475 2108 4506 ι
2141 4478 2208 4522 tta
2231 4479 2336 4523 uss.
2360 4474 2422 4522 At
2438 4474 2797 4533 editimererer.

424 4651 574 4730 editio
597 4654 773 4730 cresim
786 4655 1116 4730 insuperi‘ore
1139 4653 1264 4730 libro
1287 4657 1445 4706 minus
1461 4656 1687 4708 dissentit
1707 4670 1736 4708 a
1761 4665 1888 4720 Mss,
1919 4670 2084 4722 neque
2106 4658 2185 4710 hic
2205 4659 2473 4712 iudicamur
2495 4673 2523 4714 a
2540 4662 2683 4714 nobis
2703 4662 2946 4718 editiones
2965 4663 3072 4717 alite
3087 4678 3234 4729 quam
3251 4678 3362 4730 quae
3379 4678 3444 4717 ex
3468 4673 3610 4718 Lora-

328 4713 576 4763 niensium
598 4713 936 4779 recognitione
956 4713 1255 4778 prodierunt.

329 4908 3595 4952 .._.____._____________________________________________

1097 5073 1548 5136 ADMONITIO
1592 5075 1671 5137 IN
1700 5074 2326 5153 SUBSEQUENTEM
2368 5080 2883 5175 TBACTATUM.

410 5267 559 5322 Inter
578 5265 829 5338 Cypriani
857 5280 1069 5336 quoque
1099 5280 1262 5336 opera
1290 5266 1530 5336 vulgatus
1550 5275 1632 5322 est
1659 5267 1759 5322 iste
1785 5275 2038 5325 tractatus
2057 5311 2071 5335 ,
2096 5268 2408 5324 auctoritate
2429 5278 2662 5324 veterum
2693 5271 2894 5342 aliquot
2917 5271 3194 5343 librorum,
3223 5291 3446 5346 quorum
3477 5283 3611 5331 taisa

339 5359 690 5430 inscriptione
717 5359 925 5429 decepti
954 5368 1079 5414 sunt
1106 5361 1391 5429 scriptores
1418 5360 1640 5432 antiqui,
1667 5361 1756 5431 qui
1785 5377 1904 5416 eum
1933 5362 2149 5416 nomine
2175 5359 2421 5432 Cypriani
2444 5361 2626 5427 citant,
2661 5361 2825 5419 Jonas
2853 5364 3254 5424 Aurelianensis
3293 5370 3342 5424 in
3375 5367 3509 5426 libro
3568 5370 3629 5426 de

339 5451 678 5508 institutione
702 5452 869 5522 regia,
892 5466 1010 5521 cap.
1039 5451 1092 5514 5,
1112 5452 1166 5506 in
1194 5450 1462 5520 Spicilegii
1492 5461 1634 5506 tomo
1677 5453 1744 5519 5;
1792 5452 1900 5518 lvo,
1937 5453 2028 5508 lib.
2060 5454 2113 5514 8.
2147 5462 2201 5506 et
2223 5452 2507 5508 Gratianus
2535 5453 2629 5506 lib.
2671 5455 2743 5509 '23
2767 5497 2782 5520 ,
2815 5465 3004 5526 quaest.
3036 5459 3090 5522 5,
3122 5473 3241 5528 cap.
3273 5459 3404 5514 Rea.
3437 5462 3628 5531 Augu-

341 5543 485 5600 stino
521 5549 700 5598 autem
740 5544 1019 5612 pauciores
1064 5542 1188 5598 Mss.
1224 5543 1498 5608 tribuunt,
1555 5553 1613 5596 ut
1644 5544 1909 5598 recentior
1951 5545 2164 5615 quidam
2226 5544 2547 5599 Victorinus.
2593 5545 2846 5616 Ejusdem
2869 5547 3170 5620 argumenti
3220 5552 3411 5607 librum
3443 5553 3608 5608 edidit

317 5632 688 5701 'ﬂincmarus,
721 5633 971 5689 latentem
1001 5635 1194 5700 adhuc,
1228 5632 1324 5690 sed
1345 5633 1411 5688 ab
1438 5633 1540 5688 hoc
1585 5642 1807 5690 tractatu
1843 5635 2000 5706 longe
2039 5635 2394 5690 differentem.
2429 5635 2582 5692 Patet
2619 5653 2682 5693 ex
2713 5639 2814 5695 illis
2837 5639 2907 5696 de
2940 5643 3053 5712 ipso
3075 5641 3357 5700 Flodoardi
3386 5645 3565 5706 verbis
3587 5687 3605 5712 ,

347 5726 442 5786 lib.
469 5728 542 5808 3,‘
571 5741 689 5798 cap.
722 5727 828 5786 l8:
859 5746 880 5782 ι
916 5727 1140 5800 Scripsit
1158 5727 1320 5785 etiam
1347 5726 1414 5783 ad
1462 5727 1858 5784 instructionem
1887 5727 2054 5799 ipsius
2077 5728 2216 5798 regis
2245 5727 2311 5782 de
2331 5725 2608 5787 duodecim
2639 5730 2908 5802 Abusivis,
2937 5743 3240 5792 sanctorum
3272 5737 3527 5808 colligens
3568 5743 3620 5795 ia
