  <div class='ocr_page' id='page_1' title='image "/cluster/home/n/w/nwhite01/storage/ocr_20150623/40/hvd.32044024147290/551.png"; bbox 0 0 4076 6370; ppageno 0'>
   <div class='ocr_carea' id='block_1_1' title="bbox 527 341 665 404">
    <p class='ocr_par' dir='ltr' id='par_1_1' title="bbox 527 341 665 404">
     <span class='ocr_line' id='line_1_1' title="bbox 527 341 665 404; baseline -0.029 0"><span class='ocrx_word' id='word_1_1' title='bbox 527 341 665 404; x_wconf 76' lang='grc'><strong>1085</strong></span> 
     </span>
    </p>
   </div>
   <div class='ocr_carea' id='block_1_2' title="bbox 527 449 2101 527">
    <p class='ocr_par' dir='ltr' id='par_1_2' title="bbox 527 449 2101 527">
     <span class='ocr_line' id='line_1_2' title="bbox 527 449 2101 527; baseline -0.006 -13"><span class='ocrx_word' id='word_1_2' title='bbox 527 458 653 514; x_wconf 87' lang='lat' dir='ltr'><strong>tutis</strong></span> <span class='ocrx_word' id='word_1_3' title='bbox 681 457 930 527; x_wconf 84' lang='lat' dir='ltr'><strong>rigorem.</strong></span> <span class='ocrx_word' id='word_1_4' title='bbox 974 454 1080 515; x_wconf 84' lang='lat' dir='ltr'><strong>Sed</strong></span> <span class='ocrx_word' id='word_1_5' title='bbox 1101 453 1207 514; x_wconf 78' lang='lat' dir='ltr'><strong>.hic</strong></span> <span class='ocrx_word' id='word_1_6' title='bbox 1234 453 1444 514; x_wconf 84' lang='lat' dir='ltr'><strong>virtutis</strong></span> <span class='ocrx_word' id='word_1_7' title='bbox 1473 449 1616 524; x_wconf 85' lang='lat' dir='ltr'><strong>rigor</strong></span> <span class='ocrx_word' id='word_1_8' title='bbox 1647 466 1756 527; x_wconf 79' lang='lat' dir='ltr'><strong>non</strong></span> <span class='ocrx_word' id='word_1_9' title='bbox 1802 457 1906 527; x_wconf 80' lang='lat' dir='ltr'><strong>tam</strong></span> <span class='ocrx_word' id='word_1_10' title='bbox 1952 462 2101 527; x_wconf 70' lang='lat' dir='ltr'><strong>citie-</strong></span> 
     </span>
    </p>
   </div>
   <div class='ocr_carea' id='block_1_3' title="bbox 524 523 2102 600">
    <p class='ocr_par' dir='ltr' id='par_1_3' title="bbox 524 523 2102 600">
     <span class='ocr_line' id='line_1_3' title="bbox 524 523 2102 600; baseline -0.003 -16"><span class='ocrx_word' id='word_1_11' title='bbox 524 530 654 584; x_wconf 89' lang='lat' dir='ltr'><strong>riori</strong></span> <span class='ocrx_word' id='word_1_12' title='bbox 701 523 1038 596; x_wconf 77' lang='lat' dir='ltr'><strong>fortitudine,</strong></span> <span class='ocrx_word' id='word_1_13' title='bbox 1083 544 1198 600; x_wconf 67' lang='lat' dir='ltr'><strong>qua:</strong></span> <span class='ocrx_word' id='word_1_14' title='bbox 1241 537 1296 584; x_wconf 87' lang='lat' dir='ltr'><strong>et</strong></span> <span class='ocrx_word' id='word_1_15' title='bbox 1341 528 1454 597; x_wconf 85' lang='lat' dir='ltr'><strong>ipsa</strong></span> <span class='ocrx_word' id='word_1_16' title='bbox 1495 523 1848 600; x_wconf 59' lang='lat' dir='ltr'><strong>surcularibus</strong></span> <span class='ocrx_word' id='word_1_17' title='bbox 1870 523 2102 600; x_wconf 73' lang='lat' dir='ltr'><strong>dominis</strong></span> 
     </span>
    </p>
   </div>
   <div class='ocr_carea' id='block_1_4' title="bbox 526 595 2103 670">
    <p class='ocr_par' dir='ltr' id='par_1_4' title="bbox 526 595 2103 670">
     <span class='ocr_line' id='line_1_4' title="bbox 526 595 2103 670; baseline -0.003 -16"><span class='ocrx_word' id='word_1_18' title='bbox 526 602 822 670; x_wconf 85' lang='lat' dir='ltr'><strong>necessaria</strong></span> <span class='ocrx_word' id='word_1_19' title='bbox 858 609 958 665; x_wconf 88' lang='lat' dir='ltr'><strong>est,</strong></span> <span class='ocrx_word' id='word_1_20' title='bbox 991 595 1209 668; x_wconf 71' lang='lat' dir='ltr'><strong>indiget,</strong></span> <span class='ocrx_word' id='word_1_21' title='bbox 1237 595 1394 670; x_wconf 86' lang='lat' dir='ltr'><strong>quam</strong></span> <span class='ocrx_word' id='word_1_22' title='bbox 1423 596 1581 670; x_wconf 86' lang='lat' dir='ltr'><strong>animi</strong></span> <span class='ocrx_word' id='word_1_23' title='bbox 1615 596 1858 654; x_wconf 86' lang='lat' dir='ltr'><strong>interiori</strong></span> <span class='ocrx_word' id='word_1_24' title='bbox 1888 595 2103 670; x_wconf 76' lang='lat' dir='ltr'><strong>tortitu-</strong></span> 
     </span>
    </p>
   </div>
   <div class='ocr_carea' id='block_1_5' title="bbox 527 666 2099 736">
    <p class='ocr_par' dir='ltr' id='par_1_5' title="bbox 527 666 2099 736">
     <span class='ocr_line' id='line_1_5' title="bbox 527 666 2099 736; baseline -0.003 -11"><span class='ocrx_word' id='word_1_25' title='bbox 527 669 649 726; x_wconf 90' lang='lat' dir='ltr'><strong>dine</strong></span> <span class='ocrx_word' id='word_1_26' title='bbox 690 671 844 726; x_wconf 91' lang='lat' dir='ltr'><strong>bonis</strong></span> <span class='ocrx_word' id='word_1_27' title='bbox 885 666 1126 726; x_wconf 75' lang='lat' dir='ltr'><strong>moribus</strong></span> <span class='ocrx_word' id='word_1_28' title='bbox 1149 666 1384 726; x_wconf 76' lang='lat' dir='ltr'><strong>exerceri</strong></span> <span class='ocrx_word' id='word_1_29' title='bbox 1409 669 1564 722; x_wconf 91' lang='lat' dir='ltr'><strong>debet</strong></span> <span class='ocrx_word' id='word_1_30' title='bbox 1597 685 1609 721; x_wconf 92' lang='lat'>:</span> <span class='ocrx_word' id='word_1_31' title='bbox 1643 681 1784 736; x_wconf 79' lang='lat' dir='ltr'><strong>saepe</strong></span> <span class='ocrx_word' id='word_1_32' title='bbox 1814 668 1956 721; x_wconf 88' lang='lat' dir='ltr'><strong>enim</strong></span> <span class='ocrx_word' id='word_1_33' title='bbox 1999 666 2099 721; x_wconf 84' lang='lat' dir='ltr'><strong>do-</strong></span> 
     </span>
    </p>
   </div>
   <div class='ocr_carea' id='block_1_6' title="bbox 527 737 2102 812">
    <p class='ocr_par' dir='ltr' id='par_1_6' title="bbox 527 737 2102 812">
     <span class='ocr_line' id='line_1_6' title="bbox 527 737 2102 812; baseline -0.006 -12"><span class='ocrx_word' id='word_1_34' title='bbox 527 742 762 800; x_wconf 76' lang='lat' dir='ltr'><strong>minandi</strong></span> <span class='ocrx_word' id='word_1_35' title='bbox 790 744 955 796; x_wconf 86' lang='lat' dir='ltr'><strong>virtus</strong></span> <span class='ocrx_word' id='word_1_36' title='bbox 983 758 1077 812; x_wconf 90' lang='lat' dir='ltr'><strong>per</strong></span> <span class='ocrx_word' id='word_1_37' title='bbox 1095 743 1254 797; x_wconf 88' lang='lat' dir='ltr'><strong>animi</strong></span> <span class='ocrx_word' id='word_1_38' title='bbox 1287 738 1656 808; x_wconf 87' lang='lat' dir='ltr'><strong>negligentiam</strong></span> <span class='ocrx_word' id='word_1_39' title='bbox 1690 737 1941 812; x_wconf 80' lang='lat' dir='ltr'><strong>perditur,</strong></span> <span class='ocrx_word' id='word_1_40' title='bbox 1965 737 2102 812; x_wconf 75' lang='lat' dir='ltr'><strong>sicut</strong></span> 
     </span>
    </p>
   </div>
   <div class='ocr_carea' id='block_1_7' title="bbox 527 809 2100 877">
    <p class='ocr_par' dir='ltr' id='par_1_7' title="bbox 527 809 2100 877">
     <span class='ocr_line' id='line_1_7' title="bbox 527 809 2100 877; baseline -0.003 -11"><span class='ocrx_word' id='word_1_41' title='bbox 527 813 578 868; x_wconf 89' lang='lat' dir='ltr'><strong>in</strong></span> <span class='ocrx_word' id='word_1_42' title='bbox 609 812 728 868; x_wconf 83' lang='lat' dir='ltr'><strong>Heli</strong></span> <span class='ocrx_word' id='word_1_43' title='bbox 775 809 1051 872; x_wconf 76' lang='lat' dir='ltr'><strong>sacerdote</strong></span> <span class='ocrx_word' id='word_1_44' title='bbox 1105 816 1294 867; x_wconf 80' lang='lat' dir='ltr'><strong>iactum</strong></span> <span class='ocrx_word' id='word_1_45' title='bbox 1343 812 1502 864; x_wconf 82' lang='lat' dir='ltr'><strong>fuisse</strong></span> <span class='ocrx_word' id='word_1_46' title='bbox 1552 809 1963 876; x_wconf 82' lang='lat' dir='ltr'><strong>comprobatur;</strong></span> <span class='ocrx_word' id='word_1_47' title='bbox 2010 809 2100 877; x_wconf 88' lang='lat' dir='ltr'><strong>qui</strong></span> 
     </span>
    </p>
   </div>
   <div class='ocr_carea' id='block_1_8' title="bbox 525 879 2102 953">
    <p class='ocr_par' dir='ltr' id='par_1_8' title="bbox 525 879 2102 953">
     <span class='ocr_line' id='line_1_8' title="bbox 525 879 2102 953; baseline -0.002 -16"><span class='ocrx_word' id='word_1_48' title='bbox 525 883 650 938; x_wconf 90' lang='lat' dir='ltr'><strong>dum</strong></span> <span class='ocrx_word' id='word_1_49' title='bbox 675 899 769 953; x_wconf 89' lang='lat' dir='ltr'><strong>per</strong></span> <span class='ocrx_word' id='word_1_50' title='bbox 789 885 1122 939; x_wconf 75' lang='lat' dir='ltr'><strong>severitatem</strong></span> <span class='ocrx_word' id='word_1_51' title='bbox 1145 883 1327 952; x_wconf 90' lang='lat' dir='ltr'><strong>judieii</strong></span> <span class='ocrx_word' id='word_1_52' title='bbox 1359 879 1799 953; x_wconf 82' lang='lat' dir='ltr'><strong>peccantesltlios</strong></span> <span class='ocrx_word' id='word_1_53' title='bbox 1822 893 1926 933; x_wconf 90' lang='lat' dir='ltr'><strong>non</strong></span> <span class='ocrx_word' id='word_1_54' title='bbox 1949 893 2102 953; x_wconf 88' lang='lat' dir='ltr'><strong>c_oer-_-</strong></span> 
     </span>
    </p>
   </div>
   <div class='ocr_carea' id='block_1_9' title="bbox 524 948 2102 1020">
    <p class='ocr_par' dir='ltr' id='par_1_9' title="bbox 524 948 2102 1020">
     <span class='ocr_line' id='line_1_9' title="bbox 524 948 2102 1020; baseline -0.003 -11"><span class='ocrx_word' id='word_1_55' title='bbox 524 948 748 1020; x_wconf 54' lang='lat' dir='ltr'><strong>cuit,&#39;in</strong></span> <span class='ocrx_word' id='word_1_56' title='bbox 774 970 956 1010; x_wconf 89' lang='lat' dir='ltr'><strong>eorum</strong></span> <span class='ocrx_word' id='word_1_57' title='bbox 988 948 1266 1008; x_wconf 80' lang='lat' dir='ltr'><strong>vindictam</strong></span> <span class='ocrx_word' id='word_1_58' title='bbox 1300 948 1553 1006; x_wconf 82' lang='lat' dir='ltr'><strong>Dominus</strong></span> <span class='ocrx_word' id='word_1_59' title='bbox 1577 951 1721 1006; x_wconf 88' lang='lat' dir='ltr'><strong>velut</strong></span> <span class='ocrx_word' id='word_1_60' title='bbox 1746 948 2102 1004; x_wconf 84' lang='lat' dir='ltr'><strong>consentienti</strong></span> 
     </span>
    </p>
   </div>
   <div class='ocr_carea' id='block_1_10' title="bbox 525 1021 2104 1100">
    <p class='ocr_par' dir='ltr' id='par_1_10' title="bbox 525 1021 2104 1100">
     <span class='ocr_line' id='line_1_10' title="bbox 525 1021 2104 1100; baseline -0.002 -22"><span class='ocrx_word' id='word_1_61' title='bbox 525 1040 628 1100; x_wconf 85' lang='lat' dir='ltr'><strong>non</strong></span> <span class='ocrx_word' id='word_1_62' title='bbox 657 1026 897 1100; x_wconf 73' lang='lat' dir='ltr'><strong>pepercit</strong></span> <span class='ocrx_word' id='word_1_63' title='bbox 931 1025 985 1097; x_wconf 88' lang='grc' dir='ltr'><strong>(Ι</strong></span> <span class='ocrx_word' id='word_1_64' title='bbox 1012 1025 1138 1100; x_wconf 46' lang='lat' dir='ltr'><strong>Regi</strong></span> <span class='ocrx_word' id='word_1_65' title='bbox 1169 1041 1226 1100; x_wconf 75' lang='grc' dir='ltr'><strong>ιι,</strong></span> <span class='ocrx_word' id='word_1_66' title='bbox 1251 1021 1459 1095; x_wconf 71' lang='grc'><strong>27-56).</strong></span> <span class='ocrx_word' id='word_1_67' title='bbox 1489 1021 1612 1077; x_wconf 88' lang='lat' dir='ltr'><strong>Tria</strong></span> <span class='ocrx_word' id='word_1_68' title='bbox 1648 1036 1776 1090; x_wconf 88' lang='lat' dir='ltr'><strong>ergo</strong></span> <span class='ocrx_word' id='word_1_69' title='bbox 1805 1021 2104 1100; x_wconf 51' lang='lat' dir='ltr'><strong>rmoessapia</strong></span> 
     </span>
    </p>
   </div>
   <div class='ocr_carea' id='block_1_11' title="bbox 526 1091 2105 1166">
    <p class='ocr_par' dir='ltr' id='par_1_11' title="bbox 526 1091 2105 1166">
     <span class='ocr_line' id='line_1_11' title="bbox 526 1091 2105 1166; baseline -0.004 -16"><span class='ocrx_word' id='word_1_70' title='bbox 526 1096 624 1150; x_wconf 88' lang='lat' dir='ltr'><strong>hos</strong></span> <span class='ocrx_word' id='word_1_71' title='bbox 646 1091 1106 1166; x_wconf 46' lang='lat' dir='ltr'><strong>qui—dominantur</strong></span> <span class='ocrx_word' id='word_1_72' title='bbox 1124 1096 1322 1150; x_wconf 90' lang='lat' dir='ltr'><strong>habere</strong></span> <span class='ocrx_word' id='word_1_73' title='bbox 1369 1091 1620 1166; x_wconf 72' lang='lat' dir='ltr'><strong>oportet;</strong></span> <span class='ocrx_word' id='word_1_74' title='bbox 1660 1101 1915 1166; x_wconf 85' lang='lat' dir='ltr'><strong>terrorem</strong></span> <span class='ocrx_word' id='word_1_75' title='bbox 1962 1091 2105 1146; x_wconf 81' lang='lat' dir='ltr'><strong>scili-</strong></span> 
     </span>
    </p>
   </div>
   <div class='ocr_carea' id='block_1_12' title="bbox 524 1162 2106 1231">
    <p class='ocr_par' dir='ltr' id='par_1_12' title="bbox 524 1162 2106 1231">
     <span class='ocr_line' id='line_1_12' title="bbox 524 1162 2106 1231; baseline -0.003 -11"><span class='ocrx_word' id='word_1_76' title='bbox 524 1176 629 1230; x_wconf 88' lang='lat' dir='ltr'><strong>cet,</strong></span> <span class='ocrx_word' id='word_1_77' title='bbox 661 1162 714 1221; x_wconf 80' lang='lat' dir='ltr'><strong>et</strong></span> <span class='ocrx_word' id='word_1_78' title='bbox 741 1167 1149 1231; x_wconf 86' lang='lat' dir='ltr'><strong>ordinationem,</strong></span> <span class='ocrx_word' id='word_1_79' title='bbox 1182 1176 1234 1222; x_wconf 86' lang='lat' dir='ltr'><strong>et</strong></span> <span class='ocrx_word' id='word_1_80' title='bbox 1262 1162 1517 1220; x_wconf 82' lang='lat' dir='ltr'><strong>amorem.</strong></span> <span class='ocrx_word' id='word_1_81' title='bbox 1563 1163 1672 1218; x_wconf 84' lang='lat' dir='ltr'><strong>Nisi</strong></span> <span class='ocrx_word' id='word_1_82' title='bbox 1714 1162 1854 1216; x_wconf 90' lang='lat' dir='ltr'><strong>enim</strong></span> <span class='ocrx_word' id='word_1_83' title='bbox 1898 1171 2106 1216; x_wconf 87' lang='lat' dir='ltr'><strong>ametur</strong></span> 
     </span>
    </p>
   </div>
   <div class='ocr_carea' id='block_1_13' title="bbox 525 1232 2102 1303">
    <p class='ocr_par' dir='ltr' id='par_1_13' title="bbox 525 1232 2102 1303">
     <span class='ocr_line' id='line_1_13' title="bbox 525 1232 2102 1303; baseline -0.005 -11"><span class='ocrx_word' id='word_1_84' title='bbox 525 1237 771 1292; x_wconf 88' lang='lat' dir='ltr'><strong>dominus</strong></span> <span class='ocrx_word' id='word_1_85' title='bbox 797 1247 850 1292; x_wconf 88' lang='lat' dir='ltr'><strong>et</strong></span> <span class='ocrx_word' id='word_1_86' title='bbox 899 1247 1184 1303; x_wconf 83' lang='lat' dir='ltr'><strong>metuatur,</strong></span> <span class='ocrx_word' id='word_1_87' title='bbox 1217 1237 1480 1291; x_wconf 81' lang='lat' dir='ltr'><strong>ordinatio</strong></span> <span class='ocrx_word' id='word_1_88' title='bbox 1525 1235 1662 1288; x_wconf 89' lang='lat' dir='ltr'><strong>illius</strong></span> <span class='ocrx_word' id='word_1_89' title='bbox 1705 1240 1952 1288; x_wconf 87' lang='lat' dir='ltr'><strong>constare</strong></span> <span class='ocrx_word' id='word_1_90' title='bbox 2000 1232 2102 1286; x_wconf 86' lang='lat' dir='ltr'><strong>mi-</strong></span> 
     </span>
    </p>
   </div>
   <div class='ocr_carea' id='block_1_14' title="bbox 525 1304 2102 1376">
    <p class='ocr_par' dir='ltr' id='par_1_14' title="bbox 525 1304 2102 1376">
     <span class='ocr_line' id='line_1_14' title="bbox 525 1304 2102 1376; baseline -0.003 -15"><span class='ocrx_word' id='word_1_91' title='bbox 525 1309 668 1362; x_wconf 89' lang='lat' dir='ltr'><strong>nime</strong></span> <span class='ocrx_word' id='word_1_92' title='bbox 699 1309 910 1376; x_wconf 88' lang='lat' dir='ltr'><strong>poterit.</strong></span> <span class='ocrx_word' id='word_1_93' title='bbox 944 1309 1044 1364; x_wconf 84' lang='lat' dir='ltr'><strong>Per</strong></span> <span class='ocrx_word' id='word_1_94' title='bbox 1064 1307 1318 1363; x_wconf 89' lang='lat' dir='ltr'><strong>beneﬁcia</strong></span> <span class='ocrx_word' id='word_1_95' title='bbox 1346 1322 1472 1376; x_wconf 89' lang='lat' dir='ltr'><strong>ergo</strong></span> <span class='ocrx_word' id='word_1_96' title='bbox 1498 1315 1552 1360; x_wconf 92' lang='lat' dir='ltr'><strong>et</strong></span> <span class='ocrx_word' id='word_1_97' title='bbox 1586 1304 1945 1360; x_wconf 81' lang='lat' dir='ltr'><strong>aifabilitatem</strong></span> <span class='ocrx_word' id='word_1_98' title='bbox 1977 1318 2102 1372; x_wconf 83' lang='lat' dir='ltr'><strong>pro-</strong></span> 
     </span>
    </p>
   </div>
   <div class='ocr_carea' id='block_1_15' title="bbox 523 1377 2105 1448">
    <p class='ocr_par' dir='ltr' id='par_1_15' title="bbox 523 1377 2105 1448">
     <span class='ocr_line' id='line_1_15' title="bbox 523 1377 2105 1448; baseline -0.003 -16"><span class='ocrx_word' id='word_1_99' title='bbox 523 1389 669 1434; x_wconf 86' lang='lat' dir='ltr'><strong>curet</strong></span> <span class='ocrx_word' id='word_1_100' title='bbox 702 1387 759 1432; x_wconf 89' lang='lat' dir='ltr'><strong>ut</strong></span> <span class='ocrx_word' id='word_1_101' title='bbox 787 1379 1033 1448; x_wconf 84' lang='lat' dir='ltr'><strong>diligatur</strong></span> <span class='ocrx_word' id='word_1_102' title='bbox 1060 1397 1072 1434; x_wconf 89' lang='lat'><strong>:</strong></span> <span class='ocrx_word' id='word_1_103' title='bbox 1100 1389 1154 1434; x_wconf 90' lang='lat' dir='ltr'><strong>et</strong></span> <span class='ocrx_word' id='word_1_104' title='bbox 1184 1395 1276 1448; x_wconf 90' lang='lat' dir='ltr'><strong>per</strong></span> <span class='ocrx_word' id='word_1_105' title='bbox 1310 1379 1477 1446; x_wconf 87' lang='lat' dir='ltr'><strong>justas</strong></span> <span class='ocrx_word' id='word_1_106' title='bbox 1516 1377 1795 1448; x_wconf 82' lang='lat' dir='ltr'><strong>vindictas,</strong></span> <span class='ocrx_word' id='word_1_107' title='bbox 1825 1390 1929 1428; x_wconf 89' lang='lat' dir='ltr'><strong>non</strong></span> <span class='ocrx_word' id='word_1_108' title='bbox 1976 1388 2105 1441; x_wconf 88' lang='lat' dir='ltr'><strong>pro-</strong></span> 
     </span>
    </p>
   </div>
   <div class='ocr_carea' id='block_1_16' title="bbox 523 1447 2100 1518">
    <p class='ocr_par' dir='ltr' id='par_1_16' title="bbox 523 1447 2100 1518">
     <span class='ocr_line' id='line_1_16' title="bbox 523 1447 2100 1518; baseline -0.003 -14"><span class='ocrx_word' id='word_1_109' title='bbox 523 1449 651 1516; x_wconf 63' lang='lat' dir='ltr'><strong>pria!</strong></span> <span class='ocrx_word' id='word_1_110' title='bbox 703 1447 932 1518; x_wconf 66' lang='lat' dir='ltr'><strong>injuriae,</strong></span> <span class='ocrx_word' id='word_1_111' title='bbox 977 1449 1071 1504; x_wconf 89' lang='lat' dir='ltr'><strong>sed</strong></span> <span class='ocrx_word' id='word_1_112' title='bbox 1125 1447 1252 1518; x_wconf 85' lang='lat' dir='ltr'><strong>legis</strong></span> <span class='ocrx_word' id='word_1_113' title='bbox 1302 1449 1416 1513; x_wconf 89' lang='lat' dir='ltr'><strong>Dei,</strong></span> <span class='ocrx_word' id='word_1_114' title='bbox 1459 1447 1669 1502; x_wconf 88' lang='lat' dir='ltr'><strong>studeat</strong></span> <span class='ocrx_word' id='word_1_115' title='bbox 1706 1454 1765 1500; x_wconf 92' lang='lat' dir='ltr'><strong>ut</strong></span> <span class='ocrx_word' id='word_1_116' title='bbox 1817 1453 2100 1518; x_wconf 82' lang='lat' dir='ltr'><strong>metuatur.</strong></span> 
     </span>
    </p>
   </div>
   <div class='ocr_carea' id='block_1_17' title="bbox 525 1515 2105 1590">
    <p class='ocr_par' dir='ltr' id='par_1_17' title="bbox 525 1515 2105 1590">
     <span class='ocr_line' id='line_1_17' title="bbox 525 1515 2105 1590; baseline -0.004 -16"><span class='ocrx_word' id='word_1_117' title='bbox 525 1515 807 1589; x_wconf 81' lang='lat' dir='ltr'><strong>Propterea</strong></span> <span class='ocrx_word' id='word_1_118' title='bbox 835 1515 1045 1590; x_wconf 83' lang='lat' dir='ltr'><strong>queque</strong></span> <span class='ocrx_word' id='word_1_119' title='bbox 1071 1515 1199 1574; x_wconf 72' lang='lat' dir='ltr'><strong>dunt</strong></span> <span class='ocrx_word' id='word_1_120' title='bbox 1224 1520 1372 1573; x_wconf 81' lang='lat' dir='ltr'><strong>inulti</strong></span> <span class='ocrx_word' id='word_1_121' title='bbox 1401 1519 1635 1589; x_wconf 87' lang='lat' dir='ltr'><strong>pendent</strong></span> <span class='ocrx_word' id='word_1_122' title='bbox 1659 1518 1709 1570; x_wconf 94' lang='lat' dir='ltr'><strong>in</strong></span> <span class='ocrx_word' id='word_1_123' title='bbox 1736 1531 1820 1579; x_wconf 90' lang='lat' dir='ltr'><strong>eo,</strong></span> <span class='ocrx_word' id='word_1_124' title='bbox 1850 1515 1965 1590; x_wconf 84' lang='lat' dir='ltr'><strong>ipse</strong></span> <span class='ocrx_word' id='word_1_125' title='bbox 1994 1516 2105 1590; x_wconf 78' lang='lat' dir='ltr'><strong>Deo</strong></span> 
     </span>
    </p>
   </div>
   <div class='ocr_carea' id='block_1_18' title="bbox 523 1584 2106 1654">
    <p class='ocr_par' dir='ltr' id='par_1_18' title="bbox 523 1584 2106 1654">
     <span class='ocr_line' id='line_1_18' title="bbox 523 1584 2106 1654; baseline -0.002 -11"><span class='ocrx_word' id='word_1_126' title='bbox 523 1584 800 1646; x_wconf 69' lang='lat' dir='ltr'><strong>adhaerere</strong></span> <span class='ocrx_word' id='word_1_127' title='bbox 825 1584 1016 1646; x_wconf 79' lang='lat' dir='ltr'><strong>debet:</strong></span> <span class='ocrx_word' id='word_1_128' title='bbox 1051 1592 1140 1654; x_wconf 85' lang='lat' dir='ltr'><strong>qui</strong></span> <span class='ocrx_word' id='word_1_129' title='bbox 1169 1591 1315 1646; x_wconf 90' lang='lat' dir='ltr'><strong>illum</strong></span> <span class='ocrx_word' id='word_1_130' title='bbox 1344 1584 1668 1644; x_wconf 49' lang='lat' dir='ltr'><strong>iu&#39;ducatum</strong></span> <span class='ocrx_word' id='word_1_131' title='bbox 1699 1584 1990 1651; x_wconf 76' lang='lat' dir='ltr'><strong>constituit,</strong></span> <span class='ocrx_word' id='word_1_132' title='bbox 2013 1584 2106 1654; x_wconf 85' lang='lat' dir='ltr'><strong>qui</strong></span> 
     </span>
    </p>
   </div>
   <div class='ocr_carea' id='block_1_19' title="bbox 522 1655 2104 1730">
    <p class='ocr_par' dir='ltr' id='par_1_19' title="bbox 522 1655 2104 1730">
     <span class='ocr_line' id='line_1_19' title="bbox 522 1655 2104 1730; baseline -0.004 -14"><span class='ocrx_word' id='word_1_133' title='bbox 522 1659 588 1716; x_wconf 87' lang='lat' dir='ltr'><strong>ad</strong></span> <span class='ocrx_word' id='word_1_134' title='bbox 621 1662 934 1730; x_wconf 88' lang='lat' dir='ltr'><strong>portandum</strong></span> <span class='ocrx_word' id='word_1_135' title='bbox 976 1655 1260 1716; x_wconf 73' lang='lat' dir='ltr'><strong>multorum</strong></span> <span class='ocrx_word' id='word_1_136' title='bbox 1307 1676 1470 1716; x_wconf 92' lang='lat' dir='ltr'><strong>onera</strong></span> <span class='ocrx_word' id='word_1_137' title='bbox 1503 1661 1674 1729; x_wconf 86' lang='lat' dir='ltr'><strong>ipsum</strong></span> <span class='ocrx_word' id='word_1_138' title='bbox 1702 1658 1870 1730; x_wconf 86' lang='lat' dir='ltr'><strong>veluti</strong></span> <span class='ocrx_word' id='word_1_139' title='bbox 1912 1655 2104 1710; x_wconf 82' lang='lat' dir='ltr'><strong>fortio-</strong></span> 
     </span>
    </p>
   </div>
   <div class='ocr_carea' id='block_1_20' title="bbox 523 1727 2098 1790">
    <p class='ocr_par' dir='ltr' id='par_1_20' title="bbox 523 1727 2098 1790">
     <span class='ocr_line' id='line_1_20' title="bbox 523 1727 2098 1790; baseline -0.003 -6"><span class='ocrx_word' id='word_1_140' title='bbox 523 1727 638 1786; x_wconf 83' lang='lat' dir='ltr'><strong>rem</strong></span> <span class='ocrx_word' id='word_1_141' title='bbox 666 1731 930 1786; x_wconf 88' lang='lat' dir='ltr'><strong>solidavit.</strong></span> <span class='ocrx_word' id='word_1_142' title='bbox 962 1733 1192 1787; x_wconf 83' lang='lat' dir='ltr'><strong>Paxillus</strong></span> <span class='ocrx_word' id='word_1_143' title='bbox 1213 1733 1352 1787; x_wconf 89' lang='lat' dir='ltr'><strong>enim</strong></span> <span class='ocrx_word' id='word_1_144' title='bbox 1385 1732 1485 1785; x_wconf 84' lang='lat' dir='ltr'><strong>nisi</strong></span> <span class='ocrx_word' id='word_1_145' title='bbox 1513 1727 1647 1785; x_wconf 86' lang='lat' dir='ltr'><strong>bene</strong></span> <span class='ocrx_word' id='word_1_146' title='bbox 1679 1730 1811 1784; x_wconf 82' lang='lat' dir='ltr'><strong>ﬁxus</strong></span> <span class='ocrx_word' id='word_1_147' title='bbox 1844 1727 2098 1790; x_wconf 89' lang='lat' dir='ltr'><strong>ﬁrmetur,</strong></span> 
     </span>
    </p>
   </div>
   <div class='ocr_carea' id='block_1_21' title="bbox 524 1799 2106 1870">
    <p class='ocr_par' dir='ltr' id='par_1_21' title="bbox 524 1799 2106 1870">
     <span class='ocr_line' id='line_1_21' title="bbox 524 1799 2106 1870; baseline -0.001 -15"><span class='ocrx_word' id='word_1_148' title='bbox 524 1810 575 1856; x_wconf 90' lang='lat' dir='ltr'><strong>et</strong></span> <span class='ocrx_word' id='word_1_149' title='bbox 604 1802 758 1857; x_wconf 88' lang='lat' dir='ltr'><strong>alicui</strong></span> <span class='ocrx_word' id='word_1_150' title='bbox 791 1802 998 1858; x_wconf 81' lang='lat' dir='ltr'><strong>fortiori</strong></span> <span class='ocrx_word' id='word_1_151' title='bbox 1035 1803 1324 1866; x_wconf 61' lang='lat' dir='ltr'><strong>adhaereat,</strong></span> <span class='ocrx_word' id='word_1_152' title='bbox 1353 1818 1512 1858; x_wconf 90' lang='lat' dir='ltr'><strong>omne</strong></span> <span class='ocrx_word' id='word_1_153' title='bbox 1543 1799 1682 1870; x_wconf 91' lang='lat' dir='ltr'><strong>quod</strong></span> <span class='ocrx_word' id='word_1_154' title='bbox 1733 1800 1784 1853; x_wconf 91' lang='lat' dir='ltr'><strong>in</strong></span> <span class='ocrx_word' id='word_1_155' title='bbox 1814 1814 1879 1853; x_wconf 92' lang='lat' dir='ltr'><strong>eo</strong></span> <span class='ocrx_word' id='word_1_156' title='bbox 1908 1799 2106 1870; x_wconf 86' lang='lat' dir='ltr'><strong>pendet</strong></span> 
     </span>
    </p>
   </div>
   <div class='ocr_carea' id='block_1_22' title="bbox 521 1869 2099 1942">
    <p class='ocr_par' dir='ltr' id='par_1_22' title="bbox 521 1869 2099 1942">
     <span class='ocr_line' id='line_1_22' title="bbox 521 1869 2099 1942; baseline -0.004 -14"><span class='ocrx_word' id='word_1_157' title='bbox 521 1872 628 1928; x_wconf 87' lang='lat' dir='ltr'><strong>cito</strong></span> <span class='ocrx_word' id='word_1_158' title='bbox 655 1873 874 1938; x_wconf 86' lang='lat' dir='ltr'><strong>labitur;</strong></span> <span class='ocrx_word' id='word_1_159' title='bbox 906 1884 960 1930; x_wconf 93' lang='lat' dir='ltr'><strong>et</strong></span> <span class='ocrx_word' id='word_1_160' title='bbox 1001 1873 1116 1940; x_wconf 89' lang='lat' dir='ltr'><strong>ipse</strong></span> <span class='ocrx_word' id='word_1_161' title='bbox 1158 1875 1364 1928; x_wconf 91' lang='lat' dir='ltr'><strong>solutus</strong></span> <span class='ocrx_word' id='word_1_162' title='bbox 1403 1889 1432 1925; x_wconf 93' lang='lat' dir='ltr'><strong>a</strong></span> <span class='ocrx_word' id='word_1_163' title='bbox 1471 1869 1644 1942; x_wconf 84' lang='lat' dir='ltr'><strong>rigore</strong></span> <span class='ocrx_word' id='word_1_164' title='bbox 1670 1885 1778 1942; x_wconf 71' lang='lat' dir='ltr'><strong>sua:</strong></span> <span class='ocrx_word' id='word_1_165' title='bbox 1819 1869 2099 1942; x_wconf 85' lang='lat' dir='ltr'><strong>ﬁrmitatis,</strong></span> 
     </span>
    </p>
   </div>
   <div class='ocr_carea' id='block_1_23' title="bbox 521 1940 2106 2010">
    <p class='ocr_par' dir='ltr' id='par_1_23' title="bbox 521 1940 2106 2010">
     <span class='ocr_line' id='line_1_23' title="bbox 521 1940 2106 2010; baseline -0.002 -12"><span class='ocrx_word' id='word_1_166' title='bbox 521 1958 640 1998; x_wconf 89' lang='lat' dir='ltr'><strong>cum</strong></span> <span class='ocrx_word' id='word_1_167' title='bbox 671 1945 924 1999; x_wconf 88' lang='lat' dir='ltr'><strong>oneribus</strong></span> <span class='ocrx_word' id='word_1_168' title='bbox 971 1945 1036 1998; x_wconf 88' lang='lat' dir='ltr'><strong>ad</strong></span> <span class='ocrx_word' id='word_1_169' title='bbox 1083 1954 1277 2000; x_wconf 86' lang='lat' dir='ltr'><strong>terram</strong></span> <span class='ocrx_word' id='word_1_170' title='bbox 1321 1940 1598 2000; x_wconf 84' lang='lat' dir='ltr'><strong>delabitur.</strong></span> <span class='ocrx_word' id='word_1_171' title='bbox 1635 1941 1722 1998; x_wconf 91' lang='lat' dir='ltr'><strong>Sic</strong></span> <span class='ocrx_word' id='word_1_172' title='bbox 1757 1949 1811 1996; x_wconf 89' lang='lat' dir='ltr'><strong>et</strong></span> <span class='ocrx_word' id='word_1_173' title='bbox 1854 1940 2106 2010; x_wconf 84' lang='lat' dir='ltr'><strong>princeps</strong></span> 
     </span>
    </p>
   </div>
   <div class='ocr_carea' id='block_1_24' title="bbox 521 2011 2105 2085">
    <p class='ocr_par' dir='ltr' id='par_1_24' title="bbox 521 2011 2105 2085">
     <span class='ocr_line' id='line_1_24' title="bbox 521 2011 2105 2085; baseline -0.002 -18"><span class='ocrx_word' id='word_1_174' title='bbox 521 2015 622 2068; x_wconf 86' lang='lat' dir='ltr'><strong>nisi</strong></span> <span class='ocrx_word' id='word_1_175' title='bbox 652 2031 748 2069; x_wconf 90' lang='lat' dir='ltr'><strong>suo</strong></span> <span class='ocrx_word' id='word_1_176' title='bbox 775 2015 1048 2070; x_wconf 89' lang='lat' dir='ltr'><strong>Conditori</strong></span> <span class='ocrx_word' id='word_1_177' title='bbox 1085 2016 1428 2085; x_wconf 85' lang='lat' dir='ltr'><strong>pertinaciter</strong></span> <span class='ocrx_word' id='word_1_178' title='bbox 1455 2013 1760 2085; x_wconf 75' lang='lat' dir='ltr'><strong>adhteserit,</strong></span> <span class='ocrx_word' id='word_1_179' title='bbox 1793 2019 1847 2066; x_wconf 91' lang='lat' dir='ltr'><strong>et</strong></span> <span class='ocrx_word' id='word_1_180' title='bbox 1892 2011 2023 2079; x_wconf 91' lang='lat' dir='ltr'><strong>ipse,</strong></span> <span class='ocrx_word' id='word_1_181' title='bbox 2051 2017 2105 2065; x_wconf 89' lang='lat' dir='ltr'><strong>et</strong></span> 
     </span>
    </p>
   </div>
   <div class='ocr_carea' id='block_1_25' title="bbox 521 2083 2102 2154">
    <p class='ocr_par' dir='ltr' id='par_1_25' title="bbox 521 2083 2102 2154">
     <span class='ocr_line' id='line_1_25' title="bbox 521 2083 2102 2154; baseline -0.002 -15"><span class='ocrx_word' id='word_1_182' title='bbox 521 2099 680 2140; x_wconf 89' lang='lat' dir='ltr'><strong>omne</strong></span> <span class='ocrx_word' id='word_1_183' title='bbox 724 2087 862 2154; x_wconf 89' lang='lat' dir='ltr'><strong>quod</strong></span> <span class='ocrx_word' id='word_1_184' title='bbox 903 2083 1161 2152; x_wconf 85' lang='lat' dir='ltr'><strong>continet,</strong></span> <span class='ocrx_word' id='word_1_185' title='bbox 1192 2087 1296 2140; x_wconf 90' lang='lat' dir='ltr'><strong>cito</strong></span> <span class='ocrx_word' id='word_1_186' title='bbox 1325 2085 1550 2153; x_wconf 89' lang='lat' dir='ltr'><strong>deperit.</strong></span> <span class='ocrx_word' id='word_1_187' title='bbox 1597 2083 1821 2150; x_wconf 83' lang='lat' dir='ltr'><strong>Quidam</strong></span> <span class='ocrx_word' id='word_1_188' title='bbox 1874 2095 2102 2154; x_wconf 82' lang='lat' dir='ltr'><strong>namque</strong></span> 
     </span>
    </p>
   </div>
   <div class='ocr_carea' id='block_1_26' title="bbox 521 2151 2102 2226">
    <p class='ocr_par' dir='ltr' id='par_1_26' title="bbox 521 2151 2102 2226">
     <span class='ocr_line' id='line_1_26' title="bbox 521 2151 2102 2226; baseline -0.004 -15"><span class='ocrx_word' id='word_1_189' title='bbox 521 2170 618 2226; x_wconf 80' lang='lat' dir='ltr'><strong>per</strong></span> <span class='ocrx_word' id='word_1_190' title='bbox 639 2151 947 2211; x_wconf 84' lang='lat' dir='ltr'><strong>dominandi</strong></span> <span class='ocrx_word' id='word_1_191' title='bbox 973 2155 1032 2210; x_wconf 78' lang='lat' dir='ltr'><strong>ol‘</strong></span> <span class='ocrx_word' id='word_1_192' title='bbox 1031 2151 1206 2212; x_wconf 85' lang='lat' dir='ltr'><strong>ﬁcium</strong></span> <span class='ocrx_word' id='word_1_193' title='bbox 1231 2157 1348 2226; x_wconf 80' lang='lat' dir='ltr'><strong>pius</strong></span> <span class='ocrx_word' id='word_1_194' title='bbox 1378 2151 1487 2210; x_wconf 88' lang='lat' dir='ltr'><strong>Deo</strong></span> <span class='ocrx_word' id='word_1_195' title='bbox 1515 2155 1975 2226; x_wconf 66' lang='lat' dir='ltr'><strong>appropinquant,</strong></span> <span class='ocrx_word' id='word_1_196' title='bbox 1983 2151 2102 2220; x_wconf 83' lang='lat' dir='ltr'><strong>qui-</strong></span> 
     </span>
    </p>
   </div>
   <div class='ocr_carea' id='block_1_27' title="bbox 520 2222 2098 2298">
    <p class='ocr_par' dir='ltr' id='par_1_27' title="bbox 520 2222 2098 2298">
     <span class='ocr_line' id='line_1_27' title="bbox 520 2222 2098 2298; baseline -0.004 -17"><span class='ocrx_word' id='word_1_197' title='bbox 520 2222 644 2298; x_wconf 68' lang='lat' dir='ltr'><strong>dam</strong></span> <span class='ocrx_word' id='word_1_198' title='bbox 673 2228 920 2295; x_wconf 90' lang='lat' dir='ltr'><strong>imposito</strong></span> <span class='ocrx_word' id='word_1_199' title='bbox 945 2227 1047 2283; x_wconf 86' lang='lat' dir='ltr'><strong>sibi</strong></span> <span class='ocrx_word' id='word_1_200' title='bbox 1075 2222 1345 2298; x_wconf 77' lang='lat' dir='ltr'><strong>dignitatis</strong></span> <span class='ocrx_word' id='word_1_201' title='bbox 1377 2222 1600 2298; x_wconf 72' lang='lat' dir='ltr'><strong>honore</strong></span> <span class='ocrx_word' id='word_1_202' title='bbox 1622 2225 1919 2298; x_wconf 74' lang='lat' dir='ltr'><strong>deteriores</strong></span> <span class='ocrx_word' id='word_1_203' title='bbox 1946 2222 2098 2298; x_wconf 63' lang='lat' dir='ltr'><strong>ﬁu_nt2</strong></span> 
     </span>
    </p>
   </div>
   <div class='ocr_carea' id='block_1_28' title="bbox 518 2292 2103 2368">
    <p class='ocr_par' dir='ltr' id='par_1_28' title="bbox 518 2292 2103 2368">
     <span class='ocr_line' id='line_1_28' title="bbox 518 2292 2103 2368; baseline -0.003 -18"><span class='ocrx_word' id='word_1_204' title='bbox 518 2296 728 2368; x_wconf 79' lang='lat' dir='ltr'><strong>Moyses</strong></span> <span class='ocrx_word' id='word_1_205' title='bbox 751 2292 894 2352; x_wconf 81' lang='lat' dir='ltr'><strong>enim</strong></span> <span class='ocrx_word' id='word_1_206' title='bbox 939 2292 1157 2366; x_wconf 77' lang='lat' dir='ltr'><strong>accepto</strong></span> <span class='ocrx_word' id='word_1_207' title='bbox 1199 2299 1376 2368; x_wconf 86' lang='lat' dir='ltr'><strong>populi</strong></span> <span class='ocrx_word' id='word_1_208' title='bbox 1404 2297 1617 2357; x_wconf 89' lang='lat' dir='ltr'><strong>ducatu,</strong></span> <span class='ocrx_word' id='word_1_209' title='bbox 1651 2293 1964 2368; x_wconf 58' lang='lat' dir='ltr'><strong>ﬁuniliprius</strong></span> <span class='ocrx_word' id='word_1_210' title='bbox 2009 2292 2103 2346; x_wconf 91' lang='lat' dir='ltr'><strong>Dei</strong></span> 
     </span>
    </p>
   </div>
   <div class='ocr_carea' id='block_1_29' title="bbox 522 2364 2103 2439">
    <p class='ocr_par' dir='ltr' id='par_1_29' title="bbox 522 2364 2103 2439">
     <span class='ocr_line' id='line_1_29' title="bbox 522 2364 2103 2439; baseline -0.002 -20"><span class='ocrx_word' id='word_1_211' title='bbox 522 2364 878 2439; x_wconf 63' lang='lat' dir='ltr'><strong>[petitionibus</strong></span> <span class='ocrx_word' id='word_1_212' title='bbox 905 2364 1152 2424; x_wconf 85' lang='lat' dir='ltr'><strong>utebatur</strong></span> <span class='ocrx_word' id='word_1_213' title='bbox 1199 2364 1391 2439; x_wconf 51' lang='lat' dir='ltr'><strong>(Eneti.</strong></span> <span class='ocrx_word' id='word_1_214' title='bbox 1427 2383 1616 2431; x_wconf 88' lang='grc' dir='ltr'>χχχιιι,</span> <span class='ocrx_word' id='word_1_215' title='bbox 1649 2364 1759 2439; x_wconf 80' lang='grc' dir='ltr'><strong>Η).</strong></span> <span class='ocrx_word' id='word_1_216' title='bbox 1801 2364 1931 2439; x_wconf 74' lang='lat' dir='ltr'><strong>Salii</strong></span> <span class='ocrx_word' id='word_1_217' title='bbox 1974 2377 2103 2439; x_wconf 82' lang='lat' dir='ltr'><strong>vero</strong></span> 
     </span>
    </p>
   </div>
   <div class='ocr_carea' id='block_1_30' title="bbox 521 2434 2103 2506">
    <p class='ocr_par' dir='ltr' id='par_1_30' title="bbox 521 2434 2103 2506">
     <span class='ocr_line' id='line_1_30' title="bbox 521 2434 2103 2506; baseline -0.003 -16"><span class='ocrx_word' id='word_1_218' title='bbox 521 2437 660 2506; x_wconf 83' lang='lat' dir='ltr'><strong>ﬁlius</strong></span> <span class='ocrx_word' id='word_1_219' title='bbox 680 2437 770 2492; x_wconf 87' lang='lat' dir='ltr'><strong>Cis</strong></span> <span class='ocrx_word' id='word_1_220' title='bbox 799 2447 1072 2506; x_wconf 79' lang='lat' dir='ltr'><strong>postquam</strong></span> <span class='ocrx_word' id='word_1_221' title='bbox 1102 2434 1308 2506; x_wconf 87' lang='lat' dir='ltr'><strong>sceptra</strong></span> <span class='ocrx_word' id='word_1_222' title='bbox 1333 2439 1482 2504; x_wconf 76' lang='lat' dir='ltr'><strong>regni</strong></span> <span class='ocrx_word' id='word_1_223' title='bbox 1513 2434 1766 2505; x_wconf 80' lang='lat' dir='ltr'><strong>suscepit,</strong></span> <span class='ocrx_word' id='word_1_224' title='bbox 1797 2450 1890 2502; x_wconf 88' lang='lat' dir='ltr'><strong>per</strong></span> <span class='ocrx_word' id='word_1_225' title='bbox 1921 2434 2103 2506; x_wconf 78' lang='lat' dir='ltr'><strong>inobo-</strong></span> 
     </span>
    </p>
   </div>
   <div class='ocr_carea' id='block_1_31' title="bbox 520 2503 2097 2576">
    <p class='ocr_par' dir='ltr' id='par_1_31' title="bbox 520 2503 2097 2576">
     <span class='ocr_line' id='line_1_31' title="bbox 520 2503 2097 2576; baseline -0.004 -14"><span class='ocrx_word' id='word_1_226' title='bbox 520 2505 732 2562; x_wconf 74' lang='lat' dir='ltr'><strong>dientite</strong></span> <span class='ocrx_word' id='word_1_227' title='bbox 773 2503 1072 2576; x_wconf 76' lang='lat' dir='ltr'><strong>superbiam</strong></span> <span class='ocrx_word' id='word_1_228' title='bbox 1119 2503 1284 2562; x_wconf 78' lang='lat' dir='ltr'><strong>Deum</strong></span> <span class='ocrx_word' id='word_1_229' title='bbox 1330 2503 1549 2560; x_wconf 80' lang='lat' dir='ltr'><strong>t)ii‘eitdit</strong></span> <span class='ocrx_word' id='word_1_230' title='bbox 1598 2503 1952 2576; x_wconf 24' lang='lat' dir='ltr'><strong>(l‘Regaxv,</strong></span> <span class='ocrx_word' id='word_1_231' title='bbox 1985 2503 2097 2576; x_wconf 73' lang='grc' dir='ltr'>ιι).</span> 
     </span>
    </p>
   </div>
   <div class='ocr_carea' id='block_1_32' title="bbox 521 2574 2103 2648">
    <p class='ocr_par' dir='ltr' id='par_1_32' title="bbox 521 2574 2103 2648">
     <span class='ocr_line' id='line_1_32' title="bbox 521 2574 2103 2648; baseline -0.003 -17"><span class='ocrx_word' id='word_1_232' title='bbox 521 2578 631 2632; x_wconf 75' lang='lat' dir='ltr'><strong>ltex</strong></span> <span class='ocrx_word' id='word_1_233' title='bbox 661 2574 909 2633; x_wconf 85' lang='lat' dir='ltr'><strong>Salomon</strong></span> <span class='ocrx_word' id='word_1_234' title='bbox 938 2590 1212 2648; x_wconf 77' lang='lat' dir='ltr'><strong>postquam</strong></span> <span class='ocrx_word' id='word_1_235' title='bbox 1243 2579 1407 2647; x_wconf 84' lang='lat' dir='ltr'><strong>patris</strong></span> <span class='ocrx_word' id='word_1_236' title='bbox 1437 2578 1519 2632; x_wconf 89' lang='lat' dir='ltr'><strong>sui</strong></span> <span class='ocrx_word' id='word_1_237' title='bbox 1552 2575 1716 2648; x_wconf 81' lang='lat' dir='ltr'><strong>David</strong></span> <span class='ocrx_word' id='word_1_238' title='bbox 1757 2574 1938 2648; x_wconf 83' lang='lat' dir='ltr'><strong>sedem</strong></span> <span class='ocrx_word' id='word_1_239' title='bbox 1963 2575 2103 2648; x_wconf 81' lang='lat' dir='ltr'><strong>obti-</strong></span> 
     </span>
    </p>
   </div>
   <div class='ocr_carea' id='block_1_33' title="bbox 519 2645 2104 2713">
    <p class='ocr_par' dir='ltr' id='par_1_33' title="bbox 519 2645 2104 2713">
     <span class='ocr_line' id='line_1_33' title="bbox 519 2645 2104 2713; baseline -0.002 -11"><span class='ocrx_word' id='word_1_240' title='bbox 519 2648 654 2713; x_wconf 86' lang='lat' dir='ltr'><strong>nuit,</strong></span> <span class='ocrx_word' id='word_1_241' title='bbox 683 2649 822 2704; x_wconf 87' lang='lat' dir='ltr'><strong>Deus</strong></span> <span class='ocrx_word' id='word_1_242' title='bbox 863 2645 1008 2704; x_wconf 85' lang='lat' dir='ltr'><strong>illum</strong></span> <span class='ocrx_word' id='word_1_243' title='bbox 1041 2645 1178 2705; x_wconf 85' lang='lat' dir='ltr'><strong>ultra</strong></span> <span class='ocrx_word' id='word_1_244' title='bbox 1217 2645 1403 2704; x_wconf 81' lang='lat' dir='ltr'><strong>omnes</strong></span> <span class='ocrx_word' id='word_1_245' title='bbox 1434 2647 1685 2702; x_wconf 84' lang='lat' dir='ltr'><strong>mortales</strong></span> <span class='ocrx_word' id='word_1_246' title='bbox 1723 2645 1866 2700; x_wconf 87' lang='lat' dir='ltr'><strong>velut</strong></span> <span class='ocrx_word' id='word_1_247' title='bbox 1923 2645 1988 2699; x_wconf 93' lang='lat' dir='ltr'><strong>ad</strong></span> <span class='ocrx_word' id='word_1_248' title='bbox 2019 2645 2104 2699; x_wconf 78' lang='lat' dir='ltr'><strong>in—</strong></span> 
     </span>
    </p>
   </div>
   <div class='ocr_carea' id='block_1_34' title="bbox 521 2717 2104 2789">
    <p class='ocr_par' dir='ltr' id='par_1_34' title="bbox 521 2717 2104 2789">
     <span class='ocr_line' id='line_1_34' title="bbox 521 2717 2104 2789; baseline 0.001 -17"><span class='ocrx_word' id='word_1_249' title='bbox 521 2721 793 2789; x_wconf 78' lang='lat' dir='ltr'><strong>numerosi</strong></span> <span class='ocrx_word' id='word_1_250' title='bbox 847 2721 1028 2789; x_wconf 86' lang='lat' dir='ltr'><strong>populi</strong></span> <span class='ocrx_word' id='word_1_251' title='bbox 1078 2721 1514 2788; x_wconf 87' lang='lat' dir='ltr'><strong>gubernationem</strong></span> <span class='ocrx_word' id='word_1_252' title='bbox 1563 2717 1839 2789; x_wconf 79' lang='lat' dir='ltr'><strong>sapientiae</strong></span> <span class='ocrx_word' id='word_1_253' title='bbox 1879 2730 2104 2789; x_wconf 81' lang='lat' dir='ltr'><strong>munero.</strong></span> 
     </span>
    </p>
   </div>
   <div class='ocr_carea' id='block_1_35' title="bbox 519 2785 2104 2861">
    <p class='ocr_par' dir='ltr' id='par_1_35' title="bbox 519 2785 2104 2861">
     <span class='ocr_line' id='line_1_35' title="bbox 519 2785 2104 2861; baseline -0.002 -18"><span class='ocrx_word' id='word_1_254' title='bbox 519 2785 865 2861; x_wconf 78' lang='lat' dir='ltr'><strong>donavit_(llt</strong></span> <span class='ocrx_word' id='word_1_255' title='bbox 893 2785 1015 2860; x_wconf 70' lang='lat' dir='ltr'><strong>lirg.</strong></span> <span class='ocrx_word' id='word_1_256' title='bbox 1049 2785 1125 2853; x_wconf 82' lang='lat' dir='ltr'><strong>ut,</strong></span> <span class='ocrx_word' id='word_1_257' title='bbox 1159 2791 1246 2861; x_wconf 74' lang='grc'><strong>12)</strong></span> <span class='ocrx_word' id='word_1_258' title='bbox 1273 2809 1286 2844; x_wconf 88' lang='lat'><strong>:</strong></span> <span class='ocrx_word' id='word_1_259' title='bbox 1319 2807 1349 2845; x_wconf 91' lang='lat' dir='ltr'><strong>e</strong></span> <span class='ocrx_word' id='word_1_260' title='bbox 1372 2785 1641 2861; x_wconf 83' lang='lat' dir='ltr'><strong>contrario</strong></span> <span class='ocrx_word' id='word_1_261' title='bbox 1667 2785 2104 2861; x_wconf 81' lang='lat' dir='ltr'><strong>vero_.lero_hoam</strong></span> 
     </span>
    </p>
   </div>
   <div class='ocr_carea' id='block_1_36' title="bbox 519 2857 2101 2932">
    <p class='ocr_par' dir='ltr' id='par_1_36' title="bbox 519 2857 2101 2932">
     <span class='ocr_line' id='line_1_36' title="bbox 519 2857 2101 2932; baseline 0 -20"><span class='ocrx_word' id='word_1_262' title='bbox 519 2873 706 2916; x_wconf 82' lang='lat' dir='ltr'><strong>servus</strong></span> <span class='ocrx_word' id='word_1_263' title='bbox 733 2857 1050 2927; x_wconf 75' lang='lat' dir='ltr'><strong>Salomonis,</strong></span> <span class='ocrx_word' id='word_1_264' title='bbox 1082 2857 1362 2932; x_wconf 73' lang='lat' dir='ltr'><strong>postquam</strong></span> <span class='ocrx_word' id='word_1_265' title='bbox 1385 2861 1536 2928; x_wconf 82' lang='lat' dir='ltr'><strong>regni</strong></span> <span class='ocrx_word' id='word_1_266' title='bbox 1560 2859 1750 2932; x_wconf 77' lang='lat' dir='ltr'><strong>domus</strong></span> <span class='ocrx_word' id='word_1_267' title='bbox 1789 2857 1954 2911; x_wconf 86' lang='lat' dir='ltr'><strong>David</strong></span> <span class='ocrx_word' id='word_1_268' title='bbox 1981 2872 2101 2932; x_wconf 82' lang='lat' dir='ltr'><strong>par-</strong></span> 
     </span>
    </p>
   </div>
   <div class='ocr_carea' id='block_1_37' title="bbox 521 2928 2102 3000">
    <p class='ocr_par' dir='ltr' id='par_1_37' title="bbox 521 2928 2102 3000">
     <span class='ocr_line' id='line_1_37' title="bbox 521 2928 2102 3000; baseline -0.001 -15"><span class='ocrx_word' id='word_1_269' title='bbox 521 2938 630 3000; x_wconf 81' lang='lat' dir='ltr'><strong>tem</strong></span> <span class='ocrx_word' id='word_1_270' title='bbox 677 2935 975 3000; x_wconf 86' lang='lat' dir='ltr'><strong>occupavit,</strong></span> <span class='ocrx_word' id='word_1_271' title='bbox 1018 2928 1097 2986; x_wconf 56' lang='lat' dir='ltr'><strong>ad&#39;</strong></span> <span class='ocrx_word' id='word_1_272' title='bbox 1117 2928 1375 2988; x_wconf 90' lang='lat' dir='ltr'><strong>idolorum</strong></span> <span class='ocrx_word' id='word_1_273' title='bbox 1406 2933 1664 2986; x_wconf 87' lang='lat' dir='ltr'><strong>culturam</strong></span> <span class='ocrx_word' id='word_1_274' title='bbox 1695 2929 1881 2984; x_wconf 88' lang='lat' dir='ltr'><strong>decem</strong></span> <span class='ocrx_word' id='word_1_275' title='bbox 1907 2928 2102 3000; x_wconf 78' lang='lat' dir='ltr'><strong>tribus</strong></span> 
     </span>
    </p>
   </div>
   <div class='ocr_carea' id='block_1_38' title="bbox 519 2997 2098 3072">
    <p class='ocr_par' dir='ltr' id='par_1_38' title="bbox 519 2997 2098 3072">
     <span class='ocr_line' id='line_1_38' title="bbox 519 2997 2098 3072; baseline 0 -18"><span class='ocrx_word' id='word_1_276' title='bbox 519 2998 702 3065; x_wconf 82' lang='lat' dir='ltr'><strong>Israel,</strong></span> <span class='ocrx_word' id='word_1_277' title='bbox 751 2997 1065 3069; x_wconf 62' lang='grc' dir='ltr'>(ιυέυιειίιιιι</span> <span class='ocrx_word' id='word_1_278' title='bbox 1109 3004 1159 3056; x_wconf 88' lang='lat' dir='ltr'><strong>in</strong></span> <span class='ocrx_word' id='word_1_279' title='bbox 1209 3013 1357 3072; x_wconf 85' lang='lat' dir='ltr'><strong>parte</strong></span> <span class='ocrx_word' id='word_1_280' title='bbox 1411 3002 1684 3072; x_wconf 66' lang='lat' dir='ltr'><strong>Samaria),</strong></span> <span class='ocrx_word' id='word_1_281' title='bbox 1729 2997 2098 3072; x_wconf 76' lang='lat' dir='ltr'><strong>divertit__(1d.</strong></span> 
     </span>
    </p>
   </div>
   <div class='ocr_carea' id='block_1_39' title="bbox 518 3068 2098 3143">
    <p class='ocr_par' dir='ltr' id='par_1_39' title="bbox 518 3068 2098 3143">
     <span class='ocr_line' id='line_1_39' title="bbox 518 3068 2098 3143; baseline -0.001 -20"><span class='ocrx_word' id='word_1_282' title='bbox 518 3086 612 3136; x_wconf 86' lang='grc' dir='ltr'>χιι,</span> <span class='ocrx_word' id='word_1_283' title='bbox 649 3068 866 3143; x_wconf 71' lang='lat'><strong>27-50).</strong></span> <span class='ocrx_word' id='word_1_284' title='bbox 897 3073 998 3128; x_wconf 75' lang='lat' dir='ltr'><strong>l’er</strong></span> <span class='ocrx_word' id='word_1_285' title='bbox 1041 3090 1158 3143; x_wconf 71' lang='lat' dir='ltr'><strong>qua:</strong></span> <span class='ocrx_word' id='word_1_286' title='bbox 1202 3068 1442 3143; x_wconf 83' lang='lat' dir='ltr'><strong>exempla</strong></span> <span class='ocrx_word' id='word_1_287' title='bbox 1483 3071 1755 3127; x_wconf 90' lang='lat' dir='ltr'><strong>evidenter</strong></span> <span class='ocrx_word' id='word_1_288' title='bbox 1779 3068 2098 3143; x_wconf 81' lang='lat' dir='ltr'><strong>ostenditur,</strong></span> 
     </span>
    </p>
   </div>
   <div class='ocr_carea' id='block_1_40' title="bbox 519 3140 2101 3212">
    <p class='ocr_par' dir='ltr' id='par_1_40' title="bbox 519 3140 2101 3212">
     <span class='ocr_line' id='line_1_40' title="bbox 519 3140 2101 3212; baseline -0.002 -16"><span class='ocrx_word' id='word_1_289' title='bbox 519 3141 776 3210; x_wconf 89' lang='lat' dir='ltr'><strong>quosdam</strong></span> <span class='ocrx_word' id='word_1_290' title='bbox 813 3140 863 3198; x_wconf 88' lang='lat' dir='ltr'><strong>iu</strong></span> <span class='ocrx_word' id='word_1_291' title='bbox 903 3140 1194 3198; x_wconf 85' lang='lat' dir='ltr'><strong>sublimiori</strong></span> <span class='ocrx_word' id='word_1_292' title='bbox 1239 3140 1378 3198; x_wconf 80' lang='lat' dir='ltr'><strong>statu</strong></span> <span class='ocrx_word' id='word_1_293' title='bbox 1420 3143 1488 3198; x_wconf 88' lang='lat' dir='ltr'><strong>ad</strong></span> <span class='ocrx_word' id='word_1_294' title='bbox 1531 3143 1786 3212; x_wconf 87' lang='lat' dir='ltr'><strong>majorem</strong></span> <span class='ocrx_word' id='word_1_295' title='bbox 1818 3140 2101 3212; x_wconf 80' lang='lat' dir='ltr'><strong>perfectio-</strong></span> 
     </span>
    </p>
   </div>
   <div class='ocr_carea' id='block_1_41' title="bbox 518 3210 2100 3283">
    <p class='ocr_par' dir='ltr' id='par_1_41' title="bbox 518 3210 2100 3283">
     <span class='ocr_line' id='line_1_41' title="bbox 518 3210 2100 3283; baseline -0.003 -15"><span class='ocrx_word' id='word_1_296' title='bbox 518 3227 641 3268; x_wconf 88' lang='lat' dir='ltr'><strong>nem</strong></span> <span class='ocrx_word' id='word_1_297' title='bbox 674 3229 934 3276; x_wconf 88' lang='lat' dir='ltr'><strong>crescere,</strong></span> <span class='ocrx_word' id='word_1_298' title='bbox 966 3215 1222 3282; x_wconf 89' lang='lat' dir='ltr'><strong>quosdam</strong></span> <span class='ocrx_word' id='word_1_299' title='bbox 1254 3230 1378 3269; x_wconf 88' lang='lat' dir='ltr'><strong>vero</strong></span> <span class='ocrx_word' id='word_1_300' title='bbox 1423 3230 1518 3283; x_wconf 88' lang='lat' dir='ltr'><strong>per</strong></span> <span class='ocrx_word' id='word_1_301' title='bbox 1558 3210 1895 3283; x_wconf 85' lang='lat' dir='ltr'><strong>supercilium</strong></span> <span class='ocrx_word' id='word_1_302' title='bbox 1924 3210 2100 3264; x_wconf 87' lang='lat' dir='ltr'><strong>domi-</strong></span> 
     </span>
    </p>
   </div>
   <div class='ocr_carea' id='block_1_42' title="bbox 520 3283 2102 3352">
    <p class='ocr_par' dir='ltr' id='par_1_42' title="bbox 520 3283 2102 3352">
     <span class='ocr_line' id='line_1_42' title="bbox 520 3283 2102 3352; baseline 0.001 -18"><span class='ocrx_word' id='word_1_303' title='bbox 520 3283 749 3336; x_wconf 83' lang='lat' dir='ltr'><strong>nationis</strong></span> <span class='ocrx_word' id='word_1_304' title='bbox 786 3284 852 3338; x_wconf 90' lang='lat' dir='ltr'><strong>ad</strong></span> <span class='ocrx_word' id='word_1_305' title='bbox 893 3286 1155 3340; x_wconf 81' lang='lat' dir='ltr'><strong>deteriora</strong></span> <span class='ocrx_word' id='word_1_306' title='bbox 1188 3286 1442 3340; x_wconf 83' lang='lat' dir='ltr'><strong>detinere.</strong></span> <span class='ocrx_word' id='word_1_307' title='bbox 1492 3285 1594 3340; x_wconf 88' lang='lat' dir='ltr'><strong>Per</strong></span> <span class='ocrx_word' id='word_1_308' title='bbox 1635 3283 1775 3352; x_wconf 89' lang='lat' dir='ltr'><strong>quod</strong></span> <span class='ocrx_word' id='word_1_309' title='bbox 1819 3294 2102 3352; x_wconf 85' lang='lat' dir='ltr'><strong>utrumque</strong></span> 
     </span>
    </p>
   </div>
   <div class='ocr_carea' id='block_1_43' title="bbox 520 3351 2101 3424">
    <p class='ocr_par' dir='ltr' id='par_1_43' title="bbox 520 3351 2101 3424">
     <span class='ocr_line' id='line_1_43' title="bbox 520 3351 2101 3424; baseline 0.001 -19"><span class='ocrx_word' id='word_1_310' title='bbox 520 3352 848 3424; x_wconf 78' lang='lat' dir='ltr'><strong>intelligitur,</strong></span> <span class='ocrx_word' id='word_1_311' title='bbox 896 3370 990 3409; x_wconf 90' lang='lat' dir='ltr'><strong>eos</strong></span> <span class='ocrx_word' id='word_1_312' title='bbox 1040 3357 1133 3424; x_wconf 88' lang='lat' dir='ltr'><strong>qui</strong></span> <span class='ocrx_word' id='word_1_313' title='bbox 1181 3359 1246 3410; x_wconf 89' lang='lat' dir='ltr'><strong>ad</strong></span> <span class='ocrx_word' id='word_1_314' title='bbox 1297 3358 1517 3410; x_wconf 83' lang='lat' dir='ltr'><strong>meliora</strong></span> <span class='ocrx_word' id='word_1_315' title='bbox 1566 3351 1951 3424; x_wconf 85' lang='lat' dir='ltr'><strong>conscendunt,</strong></span> <span class='ocrx_word' id='word_1_316' title='bbox 2003 3365 2101 3421; x_wconf 90' lang='lat' dir='ltr'><strong>per</strong></span> 
     </span>
    </p>
   </div>
   <div class='ocr_carea' id='block_1_44' title="bbox 519 3423 2104 3494">
    <p class='ocr_par' dir='ltr' id='par_1_44' title="bbox 519 3423 2104 3494">
     <span class='ocr_line' id='line_1_44' title="bbox 519 3423 2104 3494; baseline 0.001 -18"><span class='ocrx_word' id='word_1_317' title='bbox 519 3423 768 3480; x_wconf 81' lang='lat' dir='ltr'><strong>virtutem</strong></span> <span class='ocrx_word' id='word_1_318' title='bbox 807 3425 971 3480; x_wconf 86' lang='lat' dir='ltr'><strong>animi</strong></span> <span class='ocrx_word' id='word_1_319' title='bbox 1013 3423 1067 3480; x_wconf 86' lang='lat' dir='ltr'><strong>et</strong></span> <span class='ocrx_word' id='word_1_320' title='bbox 1095 3428 1188 3482; x_wconf 86' lang='lat' dir='ltr'><strong>Dei</strong></span> <span class='ocrx_word' id='word_1_321' title='bbox 1215 3427 1474 3481; x_wconf 77' lang='lat' dir='ltr'><strong>auxilium</strong></span> <span class='ocrx_word' id='word_1_322' title='bbox 1514 3440 1668 3494; x_wconf 90' lang='lat' dir='ltr'><strong>posse</strong></span> <span class='ocrx_word' id='word_1_323' title='bbox 1697 3423 1748 3480; x_wconf 88' lang='lat' dir='ltr'><strong>id</strong></span> <span class='ocrx_word' id='word_1_324' title='bbox 1797 3425 2018 3494; x_wconf 62' lang='lat' dir='ltr'><strong>facere;</strong></span> <span class='ocrx_word' id='word_1_325' title='bbox 2047 3430 2104 3476; x_wconf 85' lang='lat' dir='ltr'><strong>et</strong></span> 
     </span>
    </p>
   </div>
   <div class='ocr_carea' id='block_1_45' title="bbox 519 3492 2099 3564">
    <p class='ocr_par' dir='ltr' id='par_1_45' title="bbox 519 3492 2099 3564">
     <span class='ocr_line' id='line_1_45' title="bbox 519 3492 2099 3564; baseline 0 -16"><span class='ocrx_word' id='word_1_326' title='bbox 519 3508 612 3548; x_wconf 90' lang='lat' dir='ltr'><strong>cos</strong></span> <span class='ocrx_word' id='word_1_327' title='bbox 641 3496 731 3564; x_wconf 88' lang='lat' dir='ltr'><strong>qui</strong></span> <span class='ocrx_word' id='word_1_328' title='bbox 776 3496 842 3552; x_wconf 86' lang='lat' dir='ltr'><strong>ad</strong></span> <span class='ocrx_word' id='word_1_329' title='bbox 883 3496 1146 3552; x_wconf 80' lang='lat' dir='ltr'><strong>deteriora</strong></span> <span class='ocrx_word' id='word_1_330' title='bbox 1176 3492 1528 3558; x_wconf 72' lang='lat' dir='ltr'><strong>divcrtuutur,</strong></span> <span class='ocrx_word' id='word_1_331' title='bbox 1565 3511 1660 3564; x_wconf 87' lang='lat' dir='ltr'><strong>per</strong></span> <span class='ocrx_word' id='word_1_332' title='bbox 1705 3493 1897 3564; x_wconf 75' lang='lat' dir='ltr'><strong>mentis</strong></span> <span class='ocrx_word' id='word_1_333' title='bbox 1935 3492 2099 3548; x_wconf 82' lang='lat' dir='ltr'><strong>imbe-</strong></span> 
     </span>
    </p>
   </div>
   <div class='ocr_carea' id='block_1_46' title="bbox 519 3561 2102 3637">
    <p class='ocr_par' dir='ltr' id='par_1_46' title="bbox 519 3561 2102 3637">
     <span class='ocr_line' id='line_1_46' title="bbox 519 3561 2102 3637; baseline 0.001 -20"><span class='ocrx_word' id='word_1_334' title='bbox 519 3561 789 3637; x_wconf 77' lang='lat' dir='ltr'><strong>ciuitatem</strong></span> <span class='ocrx_word' id='word_1_335' title='bbox 843 3568 1040 3636; x_wconf 85' lang='lat' dir='ltr'><strong>pariter</strong></span> <span class='ocrx_word' id='word_1_336' title='bbox 1087 3578 1142 3622; x_wconf 91' lang='lat' dir='ltr'><strong>ct</strong></span> <span class='ocrx_word' id='word_1_337' title='bbox 1182 3561 1803 3637; x_wconf 41' lang='lat' dir='ltr'><strong>negligentiam—errare.</strong></span> <span class='ocrx_word' id='word_1_338' title='bbox 1853 3561 2102 3637; x_wconf 80' lang='lat' dir='ltr'><strong>Undect</strong></span> 
     </span>
    </p>
   </div>
   <div class='ocr_carea' id='block_1_47' title="bbox 518 3634 2098 3707">
    <p class='ocr_par' dir='ltr' id='par_1_47' title="bbox 518 3634 2098 3707">
     <span class='ocr_line' id='line_1_47' title="bbox 518 3634 2098 3707; baseline -0.003 -18"><span class='ocrx_word' id='word_1_339' title='bbox 518 3634 791 3692; x_wconf 79' lang='lat' dir='ltr'><strong>domitw&#39;n</strong></span> <span class='ocrx_word' id='word_1_340' title='bbox 835 3634 1036 3707; x_wconf 79' lang='lat' dir='ltr'><strong>abSque</strong></span> <span class='ocrx_word' id='word_1_341' title='bbox 1069 3634 1274 3692; x_wconf 49' lang='lat' dir='ltr'><strong>virtute&#39;</strong></span> <span class='ocrx_word' id='word_1_342' title='bbox 1304 3634 1412 3692; x_wconf 71' lang='grc' dir='ltr'><strong>[ἵει-ἰ</strong></span> <span class='ocrx_word' id='word_1_343' title='bbox 1455 3654 1560 3696; x_wconf 88' lang='lat' dir='ltr'><strong>non</strong></span> <span class='ocrx_word' id='word_1_344' title='bbox 1591 3636 1768 3707; x_wconf 86' lang='lat' dir='ltr'><strong>decet,</strong></span> <span class='ocrx_word' id='word_1_345' title='bbox 1800 3651 1957 3707; x_wconf 83' lang='lat' dir='ltr'><strong>quam</strong></span> <span class='ocrx_word' id='word_1_346' title='bbox 1987 3634 2098 3707; x_wconf 88' lang='lat' dir='ltr'><strong>vir-</strong></span> 
     </span>
    </p>
   </div>
   <div class='ocr_carea' id='block_1_48' title="bbox 519 3704 2100 3770">
    <p class='ocr_par' dir='ltr' id='par_1_48' title="bbox 519 3704 2100 3770">
     <span class='ocr_line' id='line_1_48' title="bbox 519 3704 2100 3770; baseline -0.001 -11"><span class='ocrx_word' id='word_1_347' title='bbox 519 3704 1016 3766; x_wconf 80' lang='lat' dir='ltr'><strong>tutemtullatentts</strong></span> <span class='ocrx_word' id='word_1_348' title='bbox 1064 3710 1178 3764; x_wconf 90' lang='lat' dir='ltr'><strong>sine</strong></span> <span class='ocrx_word' id='word_1_349' title='bbox 1219 3709 1312 3763; x_wconf 87' lang='lat' dir='ltr'><strong>Dei</strong></span> <span class='ocrx_word' id='word_1_350' title='bbox 1360 3709 1555 3762; x_wconf 81' lang='lat' dir='ltr'><strong>auxilio</strong></span> <span class='ocrx_word' id='word_1_351' title='bbox 1587 3706 1762 3760; x_wconf 90' lang='lat' dir='ltr'><strong>habet.</strong></span> <span class='ocrx_word' id='word_1_352' title='bbox 1809 3705 1908 3770; x_wconf 90' lang='lat' dir='ltr'><strong>Qui</strong></span> <span class='ocrx_word' id='word_1_353' title='bbox 1956 3704 2100 3762; x_wconf 87' lang='lat' dir='ltr'><strong>enim</strong></span> 
     </span>
    </p>
   </div>
   <div class='ocr_carea' id='block_1_49' title="bbox 519 3774 2091 3844">
    <p class='ocr_par' dir='ltr' id='par_1_49' title="bbox 519 3774 2091 3844">
     <span class='ocr_line' id='line_1_49' title="bbox 519 3774 2091 3844; baseline -0.001 -14"><span class='ocrx_word' id='word_1_354' title='bbox 519 3777 664 3832; x_wconf 87' lang='lat' dir='ltr'><strong>nulla</strong></span> <span class='ocrx_word' id='word_1_355' title='bbox 691 3787 885 3844; x_wconf 88' lang='lat' dir='ltr'><strong>tuetur,</strong></span> <span class='ocrx_word' id='word_1_356' title='bbox 918 3781 964 3833; x_wconf 90' lang='lat' dir='ltr'><strong>si</strong></span> <span class='ocrx_word' id='word_1_357' title='bbox 1013 3795 1116 3834; x_wconf 90' lang='lat' dir='ltr'><strong>non</strong></span> <span class='ocrx_word' id='word_1_358' title='bbox 1163 3779 1321 3836; x_wconf 88' lang='lat' dir='ltr'><strong>habet</strong></span> <span class='ocrx_word' id='word_1_359' title='bbox 1367 3777 1724 3832; x_wconf 78' lang='lat' dir='ltr'><strong>fortitudinem</strong></span> <span class='ocrx_word' id='word_1_360' title='bbox 1767 3774 1952 3839; x_wconf 89' lang='lat' dir='ltr'><strong>animi,</strong></span> <span class='ocrx_word' id='word_1_361' title='bbox 1988 3790 2091 3828; x_wconf 90' lang='lat' dir='ltr'><strong>non</strong></span> 
     </span>
    </p>
   </div>
   <div class='ocr_carea' id='block_1_50' title="bbox 520 3844 2097 3924">
    <p class='ocr_par' dir='ltr' id='par_1_50' title="bbox 520 3844 2097 3924">
     <span class='ocr_line' id='line_1_50' title="bbox 520 3844 2097 3924; baseline -0.003 -22"><span class='ocrx_word' id='word_1_362' title='bbox 520 3848 659 3924; x_wconf 69' lang='lat' dir='ltr'><strong>valet</strong></span> <span class='ocrx_word' id='word_1_363' title='bbox 687 3849 739 3924; x_wconf 85' lang='lat' dir='ltr'><strong>id</strong></span> <span class='ocrx_word' id='word_1_364' title='bbox 769 3865 924 3924; x_wconf 86' lang='lat' dir='ltr'><strong>agere</strong></span> <span class='ocrx_word' id='word_1_365' title='bbox 954 3868 974 3924; x_wconf 86' lang='lat'><strong>:_</strong></span> <span class='ocrx_word' id='word_1_366' title='bbox 995 3849 1243 3924; x_wconf 79' lang='lat' dir='ltr'><strong>quoniam</strong></span> <span class='ocrx_word' id='word_1_367' title='bbox 1269 3865 1484 3924; x_wconf 72' lang='lat' dir='ltr'><strong>magna</strong></span> <span class='ocrx_word' id='word_1_368' title='bbox 1503 3844 2097 3924; x_wconf 39' lang='lat' dir='ltr'><strong>magnis“infestaiioni-</strong></span> 
     </span>
    </p>
   </div>
   <div class='ocr_carea' id='block_1_51' title="bbox 517 3916 2100 3986">
    <p class='ocr_par' dir='ltr' id='par_1_51' title="bbox 517 3916 2100 3986">
     <span class='ocr_line' id='line_1_51' title="bbox 517 3916 2100 3986; baseline -0.001 -14"><span class='ocrx_word' id='word_1_369' title='bbox 517 3917 618 3980; x_wconf 78' lang='lat' dir='ltr'><strong>bus</strong></span> <span class='ocrx_word' id='word_1_370' title='bbox 649 3921 729 3974; x_wconf 85' lang='lat' dir='ltr'><strong>vel</strong></span> <span class='ocrx_word' id='word_1_371' title='bbox 771 3916 1178 3974; x_wconf 70' lang='lat' dir='ltr'><strong>adversitatibus</strong></span> <span class='ocrx_word' id='word_1_372' title='bbox 1205 3916 1384 3974; x_wconf 84' lang='lat' dir='ltr'><strong>solent</strong></span> <span class='ocrx_word' id='word_1_373' title='bbox 1419 3916 1681 3980; x_wconf 82' lang='lat' dir='ltr'><strong>laborare.</strong></span> <span class='ocrx_word' id='word_1_374' title='bbox 1713 3916 1898 3972; x_wconf 87' lang='lat' dir='ltr'><strong>Oumis</strong></span> <span class='ocrx_word' id='word_1_375' title='bbox 1943 3916 2100 3986; x_wconf 78' lang='lat' dir='ltr'><strong>igitur</strong></span> 
     </span>
    </p>
   </div>
   <div class='ocr_carea' id='block_1_52' title="bbox 519 3989 2099 4059">
    <p class='ocr_par' dir='ltr' id='par_1_52' title="bbox 519 3989 2099 4059">
     <span class='ocr_line' id='line_1_52' title="bbox 519 3989 2099 4059; baseline -0.003 -16"><span class='ocrx_word' id='word_1_376' title='bbox 519 3989 609 4057; x_wconf 88' lang='lat' dir='ltr'><strong>qui</strong></span> <span class='ocrx_word' id='word_1_377' title='bbox 641 3999 852 4057; x_wconf 80' lang='lat' dir='ltr'><strong>praeest,</strong></span> <span class='ocrx_word' id='word_1_378' title='bbox 893 3990 994 4044; x_wconf 87' lang='lat' dir='ltr'><strong>hoc</strong></span> <span class='ocrx_word' id='word_1_379' title='bbox 1035 3992 1275 4059; x_wconf 87' lang='lat' dir='ltr'><strong>primitus</strong></span> <span class='ocrx_word' id='word_1_380' title='bbox 1315 3999 1420 4046; x_wconf 86' lang='lat' dir='ltr'><strong>tota</strong></span> <span class='ocrx_word' id='word_1_381' title='bbox 1451 3989 1612 4043; x_wconf 87' lang='lat' dir='ltr'><strong>animi</strong></span> <span class='ocrx_word' id='word_1_382' title='bbox 1653 3989 1948 4044; x_wconf 87' lang='lat' dir='ltr'><strong>intentione</strong></span> <span class='ocrx_word' id='word_1_383' title='bbox 1977 4001 2099 4059; x_wconf 86' lang='lat' dir='ltr'><strong>pro-</strong></span> 
     </span>
    </p>
   </div>
   <div class='ocr_carea' id='block_1_53' title="bbox 520 4057 2102 4128">
    <p class='ocr_par' dir='ltr' id='par_1_53' title="bbox 520 4057 2102 4128">
     <span class='ocr_line' id='line_1_53' title="bbox 520 4057 2102 4128; baseline -0.001 -17"><span class='ocrx_word' id='word_1_384' title='bbox 520 4067 693 4128; x_wconf 81' lang='lat' dir='ltr'><strong>curet,</strong></span> <span class='ocrx_word' id='word_1_385' title='bbox 722 4071 780 4112; x_wconf 89' lang='lat' dir='ltr'><strong>ut</strong></span> <span class='ocrx_word' id='word_1_386' title='bbox 805 4076 900 4128; x_wconf 85' lang='lat' dir='ltr'><strong>per</strong></span> <span class='ocrx_word' id='word_1_387' title='bbox 924 4057 1101 4114; x_wconf 83' lang='lat' dir='ltr'><strong>omnia</strong></span> <span class='ocrx_word' id='word_1_388' title='bbox 1129 4059 1198 4116; x_wconf 90' lang='lat' dir='ltr'><strong>de</strong></span> <span class='ocrx_word' id='word_1_389' title='bbox 1225 4060 1318 4114; x_wconf 88' lang='lat' dir='ltr'><strong>Dei</strong></span> <span class='ocrx_word' id='word_1_390' title='bbox 1347 4059 1608 4128; x_wconf 86' lang='lat' dir='ltr'><strong>adjutorio</strong></span> <span class='ocrx_word' id='word_1_391' title='bbox 1634 4061 1849 4112; x_wconf 87' lang='lat' dir='ltr'><strong>omnino</strong></span> <span class='ocrx_word' id='word_1_392' title='bbox 1873 4074 1974 4110; x_wconf 87' lang='lat' dir='ltr'><strong>non</strong></span> <span class='ocrx_word' id='word_1_393' title='bbox 2003 4057 2102 4111; x_wconf 91' lang='lat' dir='ltr'><strong>du-</strong></span> 
     </span>
    </p>
   </div>
   <div class='ocr_carea' id='block_1_54' title="bbox 518 4125 2096 4200">
    <p class='ocr_par' dir='ltr' id='par_1_54' title="bbox 518 4125 2096 4200">
     <span class='ocr_line' id='line_1_54' title="bbox 518 4125 2096 4200; baseline 0 -18"><span class='ocrx_word' id='word_1_394' title='bbox 518 4125 670 4200; x_wconf 67' lang='lat' dir='ltr'><strong>bitet.</strong></span> <span class='ocrx_word' id='word_1_395' title='bbox 697 4129 752 4184; x_wconf 89' lang='lat' dir='ltr'><strong>Si</strong></span> <span class='ocrx_word' id='word_1_396' title='bbox 783 4125 1012 4198; x_wconf 78' lang='lat' dir='ltr'><strong>namque</strong></span> <span class='ocrx_word' id='word_1_397' title='bbox 1032 4132 1255 4200; x_wconf 64' lang='lat' dir='ltr'><strong>coeperit</strong></span> <span class='ocrx_word' id='word_1_398' title='bbox 1278 4131 1330 4184; x_wconf 89' lang='lat' dir='ltr'><strong>in</strong></span> <span class='ocrx_word' id='word_1_399' title='bbox 1359 4125 1562 4184; x_wconf 76' lang='lat' dir='ltr'><strong>actibus</strong></span> <span class='ocrx_word' id='word_1_400' title='bbox 1591 4131 1700 4200; x_wconf 88' lang='lat' dir='ltr'><strong>suis</strong></span> <span class='ocrx_word' id='word_1_401' title='bbox 1726 4129 2096 4182; x_wconf 77' lang='lat' dir='ltr'><strong>auxiliatorem</strong></span> 
     </span>
    </p>
   </div>
   <div class='ocr_carea' id='block_1_55' title="bbox 521 4195 2099 4265">
    <p class='ocr_par' dir='ltr' id='par_1_55' title="bbox 521 4195 2099 4265">
     <span class='ocr_line' id='line_1_55' title="bbox 521 4195 2099 4265; baseline 0.001 -14"><span class='ocrx_word' id='word_1_402' title='bbox 521 4195 720 4254; x_wconf 87' lang='lat' dir='ltr'><strong>habere</strong></span> <span class='ocrx_word' id='word_1_403' title='bbox 763 4195 1041 4254; x_wconf 81' lang='lat' dir='ltr'><strong>Dominum</strong></span> <span class='ocrx_word' id='word_1_404' title='bbox 1071 4195 1430 4265; x_wconf 81' lang='lat' dir='ltr'><strong>dominorum,</strong></span> <span class='ocrx_word' id='word_1_405' title='bbox 1465 4200 1639 4256; x_wconf 90' lang='lat' dir='ltr'><strong>nullus</strong></span> <span class='ocrx_word' id='word_1_406' title='bbox 1671 4199 1941 4254; x_wconf 90' lang='lat' dir='ltr'><strong>hominum</strong></span> <span class='ocrx_word' id='word_1_407' title='bbox 1972 4214 2099 4252; x_wconf 89' lang='lat' dir='ltr'><strong>con-</strong></span> 
     </span>
    </p>
   </div>
   <div class='ocr_carea' id='block_1_56' title="bbox 521 4267 2098 4340">
    <p class='ocr_par' dir='ltr' id='par_1_56' title="bbox 521 4267 2098 4340">
     <span class='ocr_line' id='line_1_56' title="bbox 521 4267 2098 4340; baseline -0.001 -16"><span class='ocrx_word' id='word_1_408' title='bbox 521 4270 743 4338; x_wconf 80' lang='lat' dir='ltr'><strong>temptui</strong></span> <span class='ocrx_word' id='word_1_409' title='bbox 775 4272 966 4338; x_wconf 91' lang='lat' dir='ltr'><strong>poterit</strong></span> <span class='ocrx_word' id='word_1_410' title='bbox 1008 4271 1204 4340; x_wconf 82' lang='lat' dir='ltr'><strong>habere</strong></span> <span class='ocrx_word' id='word_1_411' title='bbox 1252 4271 1366 4340; x_wconf 90' lang='lat' dir='ltr'><strong>ejus</strong></span> <span class='ocrx_word' id='word_1_412' title='bbox 1393 4271 1720 4326; x_wconf 83' lang='lat' dir='ltr'><strong>dominatum</strong></span> <span class='ocrx_word' id='word_1_413' title='bbox 1751 4288 1764 4322; x_wconf 87' lang='lat'><strong>:</strong></span> <span class='ocrx_word' id='word_1_414' title='bbox 1817 4267 1940 4340; x_wconf 84' lang='lat' dir='ltr'><strong>Non</strong></span> <span class='ocrx_word' id='word_1_415' title='bbox 1966 4270 2098 4340; x_wconf 82' lang='lat' dir='ltr'><strong>enim</strong></span> 
     </span>
    </p>
   </div>
   <div class='ocr_carea' id='block_1_57' title="bbox 519 4339 2094 4413">
    <p class='ocr_par' dir='ltr' id='par_1_57' title="bbox 519 4339 2094 4413">
     <span class='ocr_line' id='line_1_57' title="bbox 519 4339 2094 4413; baseline 0 -21"><span class='ocrx_word' id='word_1_416' title='bbox 519 4348 592 4400; x_wconf 74' lang='lat' dir='ltr'><strong>est</strong></span> <span class='ocrx_word' id='word_1_417' title='bbox 619 4349 837 4413; x_wconf 75' lang='lat' dir='ltr'><strong>potestas</strong></span> <span class='ocrx_word' id='word_1_418' title='bbox 866 4341 963 4396; x_wconf 83' lang='lat' dir='ltr'><strong>nisi</strong></span> <span class='ocrx_word' id='word_1_419' title='bbox 990 4358 1020 4394; x_wconf 92' lang='lat' dir='ltr'><strong>a</strong></span> <span class='ocrx_word' id='word_1_420' title='bbox 1058 4339 1167 4395; x_wconf 82' lang='lat' dir='ltr'><strong>Deo</strong></span> <span class='ocrx_word' id='word_1_421' title='bbox 1197 4339 1370 4413; x_wconf 86' lang='lat' dir='ltr'><strong>(Rom.</strong></span> <span class='ocrx_word' id='word_1_422' title='bbox 1412 4358 1524 4408; x_wconf 83' lang='grc' dir='ltr'>χιιι,</span> <span class='ocrx_word' id='word_1_423' title='bbox 1554 4341 1628 4413; x_wconf 79' lang='grc'><strong>1).</strong></span> <span class='ocrx_word' id='word_1_424' title='bbox 1659 4341 1774 4410; x_wconf 87' lang='lat' dir='ltr'><strong>Ipse</strong></span> <span class='ocrx_word' id='word_1_425' title='bbox 1815 4339 2094 4413; x_wconf 47' lang='lat' dir='ltr'><strong>enimcle;</strong></span> 
     </span>
    </p>
   </div>
   <div class='ocr_carea' id='block_1_58' title="bbox 519 4410 2098 4480">
    <p class='ocr_par' dir='ltr' id='par_1_58' title="bbox 519 4410 2098 4480">
     <span class='ocr_line' id='line_1_58' title="bbox 519 4410 2098 4480; baseline -0.001 -16"><span class='ocrx_word' id='word_1_426' title='bbox 519 4421 612 4464; x_wconf 86' lang='lat' dir='ltr'><strong>vat</strong></span> <span class='ocrx_word' id='word_1_427' title='bbox 635 4411 702 4466; x_wconf 92' lang='lat' dir='ltr'><strong>de</strong></span> <span class='ocrx_word' id='word_1_428' title='bbox 740 4420 974 4466; x_wconf 84' lang='lat' dir='ltr'><strong>stercore</strong></span> <span class='ocrx_word' id='word_1_429' title='bbox 1002 4410 1250 4480; x_wconf 85' lang='lat' dir='ltr'><strong>egenum,</strong></span> <span class='ocrx_word' id='word_1_430' title='bbox 1275 4423 1326 4466; x_wconf 91' lang='lat' dir='ltr'><strong>et</strong></span> <span class='ocrx_word' id='word_1_431' title='bbox 1369 4413 1554 4468; x_wconf 83' lang='lat' dir='ltr'><strong>sedere</strong></span> <span class='ocrx_word' id='word_1_432' title='bbox 1583 4410 1707 4466; x_wconf 79' lang='lat' dir='ltr'><strong>facit</strong></span> <span class='ocrx_word' id='word_1_433' title='bbox 1734 4426 1854 4466; x_wconf 91' lang='lat' dir='ltr'><strong>cum</strong></span> <span class='ocrx_word' id='word_1_434' title='bbox 1896 4410 2098 4480; x_wconf 86' lang='lat' dir='ltr'><strong>princi-</strong></span> 
     </span>
    </p>
   </div>
   <div class='ocr_carea' id='block_1_59' title="bbox 520 4481 2099 4553">
    <p class='ocr_par' dir='ltr' id='par_1_59' title="bbox 520 4481 2099 4553">
     <span class='ocr_line' id='line_1_59' title="bbox 520 4481 2099 4553; baseline 0.003 -21"><span class='ocrx_word' id='word_1_435' title='bbox 520 4481 676 4553; x_wconf 86' lang='lat' dir='ltr'><strong>pibus</strong></span> <span class='ocrx_word' id='word_1_436' title='bbox 701 4482 876 4551; x_wconf 88' lang='lat' dir='ltr'><strong>populi</strong></span> <span class='ocrx_word' id='word_1_437' title='bbox 917 4482 997 4536; x_wconf 89' lang='lat' dir='ltr'><strong>sui</strong></span> <span class='ocrx_word' id='word_1_438' title='bbox 1029 4483 1194 4553; x_wconf 81' lang='lat' dir='ltr'><strong>(Psat.</strong></span> <span class='ocrx_word' id='word_1_439' title='bbox 1223 4499 1350 4548; x_wconf 84' lang='lat' dir='ltr'><strong>cxu,</strong></span> <span class='ocrx_word' id='word_1_440' title='bbox 1382 4484 1438 4550; x_wconf 87' lang='grc'><strong>7)</strong></span> <span class='ocrx_word' id='word_1_441' title='bbox 1467 4501 1478 4534; x_wconf 91' lang='lat'><strong>:</strong></span> <span class='ocrx_word' id='word_1_442' title='bbox 1511 4491 1566 4538; x_wconf 92' lang='lat' dir='ltr'><strong>et</strong></span> <span class='ocrx_word' id='word_1_443' title='bbox 1587 4483 1806 4553; x_wconf 80' lang='lat' dir='ltr'><strong>deponit</strong></span> <span class='ocrx_word' id='word_1_444' title='bbox 1849 4489 2099 4553; x_wconf 85' lang='lat' dir='ltr'><strong>potentes</strong></span> 
     </span>
    </p>
   </div>
   <div class='ocr_carea' id='block_1_60' title="bbox 519 4549 2098 4626">
    <p class='ocr_par' dir='ltr' id='par_1_60' title="bbox 519 4549 2098 4626">
     <span class='ocr_line' id='line_1_60' title="bbox 519 4549 2098 4626; baseline 0.001 -22"><span class='ocrx_word' id='word_1_445' title='bbox 519 4549 588 4606; x_wconf 81' lang='lat' dir='ltr'><strong>de</strong></span> <span class='ocrx_word' id='word_1_446' title='bbox 629 4549 783 4626; x_wconf 73' lang='lat' dir='ltr'><strong>sede,</strong></span> <span class='ocrx_word' id='word_1_447' title='bbox 811 4560 865 4607; x_wconf 89' lang='lat' dir='ltr'><strong>et</strong></span> <span class='ocrx_word' id='word_1_448' title='bbox 901 4549 1107 4626; x_wconf 75' lang='lat' dir='ltr'><strong>exultat</strong></span> <span class='ocrx_word' id='word_1_449' title='bbox 1135 4553 1368 4626; x_wconf 75' lang='lat' dir='ltr'><strong>humiles</strong></span> <span class='ocrx_word' id='word_1_450' title='bbox 1411 4549 1557 4626; x_wconf 87' lang='lat' dir='ltr'><strong>(Luc.</strong></span> <span class='ocrx_word' id='word_1_451' title='bbox 1597 4571 1637 4618; x_wconf 88' lang='lat'><strong>1,</strong></span> <span class='ocrx_word' id='word_1_452' title='bbox 1659 4549 1793 4624; x_wconf 40' lang='lat'><strong>‘59.),</strong></span> <span class='ocrx_word' id='word_1_453' title='bbox 1815 4549 1885 4626; x_wconf 74' lang='lat' dir='ltr'><strong>ut</strong></span> <span class='ocrx_word' id='word_1_454' title='bbox 1914 4551 2098 4626; x_wconf 39' lang='lat' dir='ltr'><strong>subdi:</strong></span> 
     </span>
    </p>
   </div>
   <div class='ocr_carea' id='block_1_61' title="bbox 517 4621 2096 4746">
    <p class='ocr_par' dir='ltr' id='par_1_61' title="bbox 517 4621 2096 4746">
     <span class='ocr_line' id='line_1_61' title="bbox 517 4621 2096 4746; baseline -0.001 -69"><span class='ocrx_word' id='word_1_455' title='bbox 517 4630 613 4746; x_wconf 62' lang='lat' dir='ltr'><strong>Bis</strong></span> <span class='ocrx_word' id='word_1_456' title='bbox 651 4622 744 4677; x_wconf 87' lang='lat' dir='ltr'><strong>ﬁat</strong></span> <span class='ocrx_word' id='word_1_457' title='bbox 769 4624 942 4679; x_wconf 88' lang='lat' dir='ltr'><strong>omnis</strong></span> <span class='ocrx_word' id='word_1_458' title='bbox 985 4625 1213 4680; x_wconf 87' lang='lat' dir='ltr'><strong>mundus</strong></span> <span class='ocrx_word' id='word_1_459' title='bbox 1244 4625 1373 4691; x_wconf 86' lang='lat' dir='ltr'><strong>Deo,</strong></span> <span class='ocrx_word' id='word_1_460' title='bbox 1405 4621 1458 4680; x_wconf 85' lang='lat' dir='ltr'><strong>et</strong></span> <span class='ocrx_word' id='word_1_461' title='bbox 1495 4633 1646 4695; x_wconf 89' lang='lat' dir='ltr'><strong>egeat</strong></span> <span class='ocrx_word' id='word_1_462' title='bbox 1685 4621 1858 4678; x_wconf 85' lang='lat' dir='ltr'><strong>omnis</strong></span> <span class='ocrx_word' id='word_1_463' title='bbox 1900 4621 2096 4693; x_wconf 72' lang='lat' dir='ltr'><strong>gloria‘</strong></span> 
     </span>
     <span class='ocr_line' id='line_1_62' title="bbox 567 4708 636 4746; baseline 0 0"><span class='ocrx_word' id='word_1_464' title='bbox 567 4708 636 4746; x_wconf 83' lang='lat' dir='ltr'><strong>ct.</strong></span> 
     </span>
    </p>
   </div>
   <div class='ocr_carea' id='block_1_62' title="bbox 567 4708 636 4747">
    <p class='ocr_par' dir='ltr' id='par_1_62' title="bbox 567 4708 636 4747">
     <span class='ocr_line' id='line_1_63' title="bbox 567 4708 636 4747; baseline -0.014 0"><span class='ocrx_word' id='word_1_465' title='bbox 567 4708 636 4747; x_wconf 81' lang='lat' dir='ltr'><strong>Cl.</strong></span> 
     </span>
    </p>
   </div>
   <div class='ocr_carea' id='block_1_63' title="bbox 591 4761 2101 4822">
    <p class='ocr_par' dir='ltr' id='par_1_63' title="bbox 591 4761 2101 4822">
     <span class='ocr_line' id='line_1_64' title="bbox 591 4761 2101 4822; baseline -0.002 -2"><span class='ocrx_word' id='word_1_466' title='bbox 591 4762 866 4822; x_wconf 81' lang='lat' dir='ltr'><strong>GRADUS</strong></span> <span class='ocrx_word' id='word_1_467' title='bbox 929 4763 1039 4820; x_wconf 84' lang='lat' dir='ltr'><strong>Vll.</strong></span> <span class='ocrx_word' id='word_1_468' title='bbox 1103 4763 1418 4821; x_wconf 80' lang='lat' dir='ltr'><strong>Christianus</strong></span> <span class='ocrx_word' id='word_1_469' title='bbox 1473 4765 1826 4820; x_wconf 77' lang='lat' dir='ltr'><strong>contentiosus.</strong></span> <span class='ocrx_word' id='word_1_470' title='bbox 1884 4761 2101 4819; x_wconf 80' lang='lat' dir='ltr'><strong>Conten-</strong></span> 
     </span>
    </p>
   </div>
   <div class='ocr_carea' id='block_1_64' title="bbox 521 4833 2098 4906">
    <p class='ocr_par' dir='ltr' id='par_1_64' title="bbox 521 4833 2098 4906">
     <span class='ocr_line' id='line_1_65' title="bbox 521 4833 2098 4906; baseline 0.001 -20"><span class='ocrx_word' id='word_1_471' title='bbox 521 4833 671 4889; x_wconf 77' lang='lat' dir='ltr'><strong>tionis</strong></span> <span class='ocrx_word' id='word_1_472' title='bbox 697 4851 882 4890; x_wconf 76' lang='lat' dir='ltr'><strong>causaz.</strong></span> <span class='ocrx_word' id='word_1_473' title='bbox 912 4836 990 4890; x_wconf 88' lang='lat' dir='ltr'><strong>An</strong></span> <span class='ocrx_word' id='word_1_474' title='bbox 1027 4838 1078 4890; x_wconf 89' lang='lat' dir='ltr'><strong>in</strong></span> <span class='ocrx_word' id='word_1_475' title='bbox 1107 4836 1294 4890; x_wconf 77' lang='lat' dir='ltr'><strong>nutatio</strong></span> <span class='ocrx_word' id='word_1_476' title='bbox 1337 4836 1530 4906; x_wconf 84' lang='lat' dir='ltr'><strong>aliquid</strong></span> <span class='ocrx_word' id='word_1_477' title='bbox 1567 4836 1732 4889; x_wconf 84' lang='lat' dir='ltr'><strong>amari</strong></span> <span class='ocrx_word' id='word_1_478' title='bbox 1777 4835 1970 4888; x_wconf 80' lang='lat' dir='ltr'><strong>debeat.</strong></span> <span class='ocrx_word' id='word_1_479' title='bbox 2000 4834 2098 4906; x_wconf 81' lang='lat' dir='ltr'><strong>Se-</strong></span> 
     </span>
    </p>
   </div>
   <div class='ocr_carea' id='block_1_65' title="bbox 517 4905 2100 4975">
    <p class='ocr_par' dir='ltr' id='par_1_65' title="bbox 517 4905 2100 4975">
     <span class='ocr_line' id='line_1_66' title="bbox 517 4905 2100 4975; baseline -0.001 -17"><span class='ocrx_word' id='word_1_480' title='bbox 517 4906 717 4974; x_wconf 89' lang='lat' dir='ltr'><strong>ptimus</strong></span> <span class='ocrx_word' id='word_1_481' title='bbox 744 4906 1015 4961; x_wconf 88' lang='lat' dir='ltr'><strong>abusionis</strong></span> <span class='ocrx_word' id='word_1_482' title='bbox 1061 4906 1255 4975; x_wconf 87' lang='lat' dir='ltr'><strong>gradus</strong></span> <span class='ocrx_word' id='word_1_483' title='bbox 1298 4917 1396 4970; x_wconf 89' lang='lat' dir='ltr'><strong>est,</strong></span> <span class='ocrx_word' id='word_1_484' title='bbox 1421 4905 1762 4960; x_wconf 30' lang='lat' dir='ltr'><strong>’cliristianus</strong></span> <span class='ocrx_word' id='word_1_485' title='bbox 1804 4905 2100 4959; x_wconf 86' lang='lat' dir='ltr'><strong>contentio-</strong></span> 
     </span>
    </p>
   </div>
   <div class='ocr_carea' id='block_1_66' title="bbox 519 4976 2099 5046">
    <p class='ocr_par' dir='ltr' id='par_1_66' title="bbox 519 4976 2099 5046">
     <span class='ocr_line' id='line_1_67' title="bbox 519 4976 2099 5046; baseline 0.001 -18"><span class='ocrx_word' id='word_1_486' title='bbox 519 4989 650 5046; x_wconf 80' lang='lat' dir='ltr'><strong>sus:</strong></span> <span class='ocrx_word' id='word_1_487' title='bbox 684 4977 772 5045; x_wconf 85' lang='lat' dir='ltr'><strong>qui</strong></span> <span class='ocrx_word' id='word_1_488' title='bbox 810 4992 929 5031; x_wconf 90' lang='lat' dir='ltr'><strong>cum</strong></span> <span class='ocrx_word' id='word_1_489' title='bbox 981 4977 1438 5046; x_wconf 87' lang='lat' dir='ltr'><strong>participationem</strong></span> <span class='ocrx_word' id='word_1_490' title='bbox 1486 4976 1715 5030; x_wconf 90' lang='lat' dir='ltr'><strong>nominis</strong></span> <span class='ocrx_word' id='word_1_491' title='bbox 1760 4976 1980 5046; x_wconf 74' lang='lat' dir='ltr'><strong>Christi</strong></span> <span class='ocrx_word' id='word_1_492' title='bbox 2008 4991 2099 5044; x_wconf 87' lang='lat' dir='ltr'><strong>per</strong></span> 
     </span>
    </p>
   </div>
   <div class='ocr_carea' id='block_1_67' title="bbox 519 5045 2096 5116">
    <p class='ocr_par' dir='ltr' id='par_1_67' title="bbox 519 5045 2096 5116">
     <span class='ocr_line' id='line_1_68' title="bbox 519 5045 2096 5116; baseline 0 -17"><span class='ocrx_word' id='word_1_493' title='bbox 519 5045 680 5100; x_wconf 88' lang='lat' dir='ltr'><strong>ﬁdem</strong></span> <span class='ocrx_word' id='word_1_494' title='bbox 711 5056 763 5100; x_wconf 91' lang='lat' dir='ltr'><strong>et</strong></span> <span class='ocrx_word' id='word_1_495' title='bbox 804 5047 1130 5116; x_wconf 87' lang='lat' dir='ltr'><strong>Baptismum</strong></span> <span class='ocrx_word' id='word_1_496' title='bbox 1172 5045 1486 5116; x_wconf 68' lang='lat' dir='ltr'><strong>Susceperit,</strong></span> <span class='ocrx_word' id='word_1_497' title='bbox 1521 5057 1706 5101; x_wconf 87' lang='lat' dir='ltr'><strong>contra</strong></span> <span class='ocrx_word' id='word_1_498' title='bbox 1731 5045 1929 5101; x_wconf 83' lang='lat' dir='ltr'><strong>Christi</strong></span> <span class='ocrx_word' id='word_1_499' title='bbox 1956 5045 2096 5100; x_wconf 87' lang='lat' dir='ltr'><strong>dicta</strong></span> 
     </span>
    </p>
   </div>
   <div class='ocr_carea' id='block_1_68' title="bbox 519 5116 2092 5186">
    <p class='ocr_par' dir='ltr' id='par_1_68' title="bbox 519 5116 2092 5186">
     <span class='ocr_line' id='line_1_69' title="bbox 519 5116 2092 5186; baseline 0 -17"><span class='ocrx_word' id='word_1_500' title='bbox 519 5124 574 5186; x_wconf 83' lang='lat' dir='ltr'><strong>et</strong></span> <span class='ocrx_word' id='word_1_501' title='bbox 619 5117 968 5186; x_wconf 89' lang='lat' dir='ltr'><strong>propositum,</strong></span> <span class='ocrx_word' id='word_1_502' title='bbox 1001 5117 1181 5174; x_wconf 91' lang='lat' dir='ltr'><strong>mundi</strong></span> <span class='ocrx_word' id='word_1_503' title='bbox 1225 5118 1421 5174; x_wconf 86' lang='lat' dir='ltr'><strong>caduca</strong></span> <span class='ocrx_word' id='word_1_504' title='bbox 1468 5117 1856 5173; x_wconf 88' lang='lat' dir='ltr'><strong>delcctamcnla</strong></span> <span class='ocrx_word' id='word_1_505' title='bbox 1904 5116 2092 5186; x_wconf 78' lang='lat' dir='ltr'><strong>diligit.</strong></span> 
     </span>
    </p>
   </div>
   <div class='ocr_carea' id='block_1_69' title="bbox 519 5185 2096 5258">
    <p class='ocr_par' dir='ltr' id='par_1_69' title="bbox 519 5185 2096 5258">
     <span class='ocr_line' id='line_1_70' title="bbox 519 5185 2096 5258; baseline 0 -17"><span class='ocrx_word' id='word_1_506' title='bbox 519 5185 690 5241; x_wconf 83' lang='lat' dir='ltr'><strong>Omne</strong></span> <span class='ocrx_word' id='word_1_507' title='bbox 711 5185 892 5253; x_wconf 81' lang='lat' dir='ltr'><strong>‘cnim,</strong></span> <span class='ocrx_word' id='word_1_508' title='bbox 925 5187 992 5243; x_wconf 90' lang='lat' dir='ltr'><strong>de</strong></span> <span class='ocrx_word' id='word_1_509' title='bbox 1029 5203 1135 5258; x_wconf 91' lang='lat' dir='ltr'><strong>quo</strong></span> <span class='ocrx_word' id='word_1_510' title='bbox 1177 5189 1534 5257; x_wconf 89' lang='lat' dir='ltr'><strong>contenditur,</strong></span> <span class='ocrx_word' id='word_1_511' title='bbox 1581 5198 1673 5243; x_wconf 88' lang='lat' dir='ltr'><strong>aut</strong></span> <span class='ocrx_word' id='word_1_512' title='bbox 1715 5195 1924 5258; x_wconf 79' lang='lat' dir='ltr'><strong>propter</strong></span> <span class='ocrx_word' id='word_1_513' title='bbox 1972 5185 2096 5256; x_wconf 84' lang='lat' dir='ltr'><strong>pro-</strong></span> 
     </span>
    </p>
   </div>
   <div class='ocr_carea' id='block_1_70' title="bbox 517 5258 2100 5329">
    <p class='ocr_par' dir='ltr' id='par_1_70' title="bbox 517 5258 2100 5329">
     <span class='ocr_line' id='line_1_71' title="bbox 517 5258 2100 5329; baseline 0.001 -19"><span class='ocrx_word' id='word_1_514' title='bbox 517 5259 688 5329; x_wconf 86' lang='lat' dir='ltr'><strong>priam</strong></span> <span class='ocrx_word' id='word_1_515' title='bbox 715 5258 830 5327; x_wconf 87' lang='lat' dir='ltr'><strong>ejus</strong></span> <span class='ocrx_word' id='word_1_516' title='bbox 859 5259 932 5313; x_wconf 90' lang='lat' dir='ltr'><strong>rei</strong></span> <span class='ocrx_word' id='word_1_517' title='bbox 961 5259 1319 5326; x_wconf 90' lang='lat' dir='ltr'><strong>dilectionem,</strong></span> <span class='ocrx_word' id='word_1_518' title='bbox 1339 5259 1404 5314; x_wconf 92' lang='lat' dir='ltr'><strong>de</strong></span> <span class='ocrx_word' id='word_1_519' title='bbox 1425 5276 1526 5329; x_wconf 88' lang='lat' dir='ltr'><strong>qua</strong></span> <span class='ocrx_word' id='word_1_520' title='bbox 1552 5259 1740 5329; x_wconf 87' lang='lat' dir='ltr'><strong>agitur,</strong></span> <span class='ocrx_word' id='word_1_521' title='bbox 1765 5269 1854 5312; x_wconf 86' lang='lat' dir='ltr'><strong>aut</strong></span> <span class='ocrx_word' id='word_1_522' title='bbox 1882 5265 2100 5328; x_wconf 86' lang='lat' dir='ltr'><strong>preptcr</strong></span> 
     </span>
    </p>
   </div>
   <div class='ocr_carea' id='block_1_71' title="bbox 517 5328 2098 5400">
    <p class='ocr_par' dir='ltr' id='par_1_71' title="bbox 517 5328 2098 5400">
     <span class='ocr_line' id='line_1_72' title="bbox 517 5328 2098 5400; baseline 0.001 -19"><span class='ocrx_word' id='word_1_523' title='bbox 517 5328 734 5400; x_wconf 87' lang='lat' dir='ltr'><strong>alterius</strong></span> <span class='ocrx_word' id='word_1_524' title='bbox 762 5343 1020 5400; x_wconf 77' lang='lat' dir='ltr'><strong>amorem,</strong></span> <span class='ocrx_word' id='word_1_525' title='bbox 1048 5345 1165 5398; x_wconf 66' lang='lat' dir='ltr'><strong>quae</strong></span> <span class='ocrx_word' id='word_1_526' title='bbox 1192 5330 1291 5383; x_wconf 86' lang='lat' dir='ltr'><strong>sub</strong></span> <span class='ocrx_word' id='word_1_527' title='bbox 1330 5328 1514 5386; x_wconf 78' lang='lat' dir='ltr'><strong>odiOsa</strong></span> <span class='ocrx_word' id='word_1_528' title='bbox 1540 5328 1717 5400; x_wconf 86' lang='lat' dir='ltr'><strong>specie</strong></span> <span class='ocrx_word' id='word_1_529' title='bbox 1755 5331 1903 5396; x_wconf 90' lang='lat' dir='ltr'><strong>latet,</strong></span> <span class='ocrx_word' id='word_1_530' title='bbox 1932 5343 2098 5400; x_wconf 87' lang='lat' dir='ltr'><strong>appe-</strong></span> 
     </span>
    </p>
   </div>
   <div class='ocr_carea' id='block_1_72' title="bbox 517 5398 2098 5471">
    <p class='ocr_par' dir='ltr' id='par_1_72' title="bbox 517 5398 2098 5471">
     <span class='ocr_line' id='line_1_73' title="bbox 517 5398 2098 5471; baseline 0.002 -20"><span class='ocrx_word' id='word_1_531' title='bbox 517 5399 644 5454; x_wconf 89' lang='lat' dir='ltr'><strong>titur</strong></span> <span class='ocrx_word' id='word_1_532' title='bbox 677 5416 692 5451; x_wconf 88' lang='lat'><strong>:</strong></span> <span class='ocrx_word' id='word_1_533' title='bbox 723 5398 1189 5471; x_wconf 87' lang='lat' dir='ltr'><strong>quemadmodum,</strong></span> <span class='ocrx_word' id='word_1_534' title='bbox 1215 5401 1360 5456; x_wconf 86' lang='lat' dir='ltr'><strong>verbi</strong></span> <span class='ocrx_word' id='word_1_535' title='bbox 1387 5398 1584 5471; x_wconf 61' lang='lat' dir='ltr'><strong>gratia,</strong></span> <span class='ocrx_word' id='word_1_536' title='bbox 1607 5401 1826 5467; x_wconf 92' lang='lat' dir='ltr'><strong>bellum,</strong></span> <span class='ocrx_word' id='word_1_537' title='bbox 1858 5399 2098 5454; x_wconf 91' lang='lat' dir='ltr'><strong>animoso</strong></span> 
     </span>
    </p>
   </div>
   <div class='ocr_carea' id='block_1_73' title="bbox 515 5470 2097 5538">
    <p class='ocr_par' dir='ltr' id='par_1_73' title="bbox 515 5470 2097 5538">
     <span class='ocr_line' id='line_1_74' title="bbox 515 5470 2097 5538; baseline -0.001 -14"><span class='ocrx_word' id='word_1_538' title='bbox 515 5470 984 5538; x_wconf 77' lang='lat' dir='ltr'><strong>compugnandum</strong></span> <span class='ocrx_word' id='word_1_539' title='bbox 1033 5470 1300 5534; x_wconf 90' lang='lat' dir='ltr'><strong>conﬁictu,</strong></span> <span class='ocrx_word' id='word_1_540' title='bbox 1334 5470 1456 5527; x_wconf 90' lang='lat' dir='ltr'><strong>cum</strong></span> <span class='ocrx_word' id='word_1_541' title='bbox 1500 5472 1684 5527; x_wconf 89' lang='lat' dir='ltr'><strong>odiosa</strong></span> <span class='ocrx_word' id='word_1_542' title='bbox 1725 5487 1810 5526; x_wconf 90' lang='lat' dir='ltr'><strong>res</strong></span> <span class='ocrx_word' id='word_1_543' title='bbox 1850 5472 1938 5533; x_wconf 90' lang='lat' dir='ltr'><strong>sit,</strong></span> <span class='ocrx_word' id='word_1_544' title='bbox 1973 5484 2097 5538; x_wconf 90' lang='lat' dir='ltr'><strong>pro-</strong></span> 
     </span>
    </p>
   </div>
   <div class='ocr_carea' id='block_1_74' title="bbox 516 5541 2097 5613">
    <p class='ocr_par' dir='ltr' id='par_1_74' title="bbox 516 5541 2097 5613">
     <span class='ocr_line' id='line_1_75' title="bbox 516 5541 2097 5613; baseline 0.003 -23"><span class='ocrx_word' id='word_1_545' title='bbox 516 5547 634 5613; x_wconf 83' lang='lat' dir='ltr'><strong>pter</strong></span> <span class='ocrx_word' id='word_1_546' title='bbox 659 5554 894 5613; x_wconf 79' lang='lat' dir='ltr'><strong>amorem</strong></span> <span class='ocrx_word' id='word_1_547' title='bbox 919 5541 1152 5613; x_wconf 87' lang='lat' dir='ltr'><strong>victoriae</strong></span> <span class='ocrx_word' id='word_1_548' title='bbox 1173 5551 1225 5597; x_wconf 88' lang='lat' dir='ltr'><strong>et</strong></span> <span class='ocrx_word' id='word_1_549' title='bbox 1246 5543 1500 5598; x_wconf 87' lang='lat' dir='ltr'><strong>libertatis</strong></span> <span class='ocrx_word' id='word_1_550' title='bbox 1526 5543 1896 5613; x_wconf 87' lang='lat' dir='ltr'><strong>peragitur;ct</strong></span> <span class='ocrx_word' id='word_1_551' title='bbox 1915 5541 2097 5613; x_wconf 82' lang='lat' dir='ltr'><strong>multae</strong></span> 
     </span>
    </p>
   </div>
   <div class='ocr_carea' id='block_1_75' title="bbox 516 5607 2099 5680">
    <p class='ocr_par' dir='ltr' id='par_1_75' title="bbox 516 5607 2099 5680">
     <span class='ocr_line' id='line_1_76' title="bbox 516 5607 2099 5680; baseline 0.003 -20"><span class='ocrx_word' id='word_1_552' title='bbox 516 5607 633 5662; x_wconf 70' lang='lat' dir='ltr'><strong>alia:</strong></span> <span class='ocrx_word' id='word_1_553' title='bbox 657 5608 862 5664; x_wconf 84' lang='lat' dir='ltr'><strong>dilectae</strong></span> <span class='ocrx_word' id='word_1_554' title='bbox 902 5612 1107 5680; x_wconf 89' lang='lat' dir='ltr'><strong>species</strong></span> <span class='ocrx_word' id='word_1_555' title='bbox 1137 5613 1236 5668; x_wconf 89' lang='lat' dir='ltr'><strong>sub</strong></span> <span class='ocrx_word' id='word_1_556' title='bbox 1263 5613 1448 5668; x_wconf 91' lang='lat' dir='ltr'><strong>odioso</strong></span> <span class='ocrx_word' id='word_1_557' title='bbox 1483 5607 1677 5669; x_wconf 71' lang='lat' dir='ltr'><strong>labore</strong></span> <span class='ocrx_word' id='word_1_558' title='bbox 1694 5613 1775 5668; x_wconf 85' lang='lat' dir='ltr'><strong>vel</strong></span> <span class='ocrx_word' id='word_1_559' title='bbox 1817 5610 2099 5666; x_wconf 82' lang='lat' dir='ltr'><strong>formidine</strong></span> 
     </span>
    </p>
   </div>
   <div class='ocr_carea' id='block_1_76' title="bbox 514 5679 2090 5755">
    <p class='ocr_par' dir='ltr' id='par_1_76' title="bbox 514 5679 2090 5755">
     <span class='ocr_line' id='line_1_77' title="bbox 514 5679 2090 5755; baseline 0.001 -23"><span class='ocrx_word' id='word_1_560' title='bbox 514 5679 645 5733; x_wconf 84' lang='lat' dir='ltr'><strong>satis</strong></span> <span class='ocrx_word' id='word_1_561' title='bbox 667 5679 1002 5737; x_wconf 81' lang='lat' dir='ltr'><strong>contensiose</strong></span> <span class='ocrx_word' id='word_1_562' title='bbox 1023 5693 1360 5753; x_wconf 84' lang='lat' dir='ltr'><strong>expetuntur.</strong></span> <span class='ocrx_word' id='word_1_563' title='bbox 1392 5684 1544 5741; x_wconf 90' lang='lat' dir='ltr'><strong>Unde</strong></span> <span class='ocrx_word' id='word_1_564' title='bbox 1573 5694 1812 5755; x_wconf 88' lang='lat' dir='ltr'><strong>patenter</strong></span> <span class='ocrx_word' id='word_1_565' title='bbox 1834 5681 2090 5754; x_wconf 88' lang='lat' dir='ltr'><strong>intelligi-</strong></span> 
     </span>
    </p>
   </div>
   <div class='ocr_carea' id='block_1_77' title="bbox 578 5818 1204 5886">
    <p class='ocr_par' dir='ltr' id='par_1_77' title="bbox 578 5818 1204 5886">
     <span class='ocr_line' id='line_1_78' title="bbox 578 5818 1204 5886; baseline 0.013 -20"><span class='ocrx_word' id='word_1_566' title='bbox 578 5823 592 5849; x_wconf 71' lang='grc' dir='ltr'><strong>ε</strong></span> <span class='ocrx_word' id='word_1_567' title='bbox 629 5819 768 5881; x_wconf 74' lang='lat' dir='ltr'><strong>Alias,</strong></span> <span class='ocrx_word' id='word_1_568' title='bbox 791 5818 1003 5886; x_wconf 78' lang='lat' dir='ltr'><strong>erigatur</strong></span> <span class='ocrx_word' id='word_1_569' title='bbox 1033 5819 1204 5885; x_wconf 77' lang='lat' dir='ltr'><strong>gloria.</strong></span> 
     </span>
    </p>
   </div>
   <div class='ocr_carea' id='block_1_78' title="bbox 1967 337 2328 396">
    <p class='ocr_par' dir='ltr' id='par_1_78' title="bbox 1967 337 2328 396">
     <span class='ocr_line' id='line_1_79' title="bbox 1967 337 2328 396; baseline 0.008 -7"><span class='ocrx_word' id='word_1_570' title='bbox 1967 340 2005 390; x_wconf 79' lang='grc' dir='ltr'><strong>Λ</strong></span> <span class='ocrx_word' id='word_1_571' title='bbox 2016 337 2328 396; x_wconf 76' lang='lat' dir='ltr'><strong>PPENDIX.</strong></span> 
     </span>
    </p>
   </div>
   <div class='ocr_carea' id='block_1_79' title="bbox 3657 341 3802 405">
    <p class='ocr_par' dir='ltr' id='par_1_79' title="bbox 3657 341 3802 405">
     <span class='ocr_line' id='line_1_80' title="bbox 3657 341 3802 405; baseline 0.034 -5"><span class='ocrx_word' id='word_1_572' title='bbox 3657 341 3802 405; x_wconf 69' lang='grc'><strong>1084</strong></span> 
     </span>
    </p>
   </div>
   <div class='ocr_carea' id='block_1_80' title="bbox 2213 450 3790 526">
    <p class='ocr_par' dir='ltr' id='par_1_80' title="bbox 2213 450 3790 526">
     <span class='ocr_line' id='line_1_81' title="bbox 2213 450 3790 526; baseline 0.003 -19"><span class='ocrx_word' id='word_1_573' title='bbox 2213 461 2332 518; x_wconf 87' lang='lat' dir='ltr'><strong>tur,</strong></span> <span class='ocrx_word' id='word_1_574' title='bbox 2363 450 2490 508; x_wconf 88' lang='lat' dir='ltr'><strong>nihil</strong></span> <span class='ocrx_word' id='word_1_575' title='bbox 2519 451 2767 526; x_wconf 89' lang='lat' dir='ltr'><strong>contendi</strong></span> <span class='ocrx_word' id='word_1_576' title='bbox 2799 467 2953 522; x_wconf 80' lang='lat' dir='ltr'><strong>posse</strong></span> <span class='ocrx_word' id='word_1_577' title='bbox 2980 501 2994 521; x_wconf 78' lang='lat'><strong>,</strong></span> <span class='ocrx_word' id='word_1_578' title='bbox 3038 453 3138 510; x_wconf 87' lang='lat' dir='ltr'><strong>nisi</strong></span> <span class='ocrx_word' id='word_1_579' title='bbox 3169 463 3385 526; x_wconf 80' lang='lat' dir='ltr'><strong>propter</strong></span> <span class='ocrx_word' id='word_1_580' title='bbox 3411 453 3572 514; x_wconf 82' lang='lat' dir='ltr'><strong>dilect</strong></span> <span class='ocrx_word' id='word_1_581' title='bbox 3587 457 3790 526; x_wconf 77' lang='lat' dir='ltr'><strong>ionem,</strong></span> 
     </span>
    </p>
   </div>
   <div class='ocr_carea' id='block_1_81' title="bbox 2211 525 3793 595">
    <p class='ocr_par' dir='ltr' id='par_1_81' title="bbox 2211 525 3793 595">
     <span class='ocr_line' id='line_1_82' title="bbox 2211 525 3793 595; baseline 0 -17"><span class='ocrx_word' id='word_1_582' title='bbox 2211 534 2474 593; x_wconf 85' lang='lat' dir='ltr'><strong>speratam</strong></span> <span class='ocrx_word' id='word_1_583' title='bbox 2506 525 2706 580; x_wconf 80' lang='lat' dir='ltr'><strong>scilicet</strong></span> <span class='ocrx_word' id='word_1_584' title='bbox 2736 534 2788 580; x_wconf 88' lang='lat' dir='ltr'><strong>et</strong></span> <span class='ocrx_word' id='word_1_585' title='bbox 2828 526 3242 595; x_wconf 77' lang='lat' dir='ltr'><strong>subsequentem</strong></span> <span class='ocrx_word' id='word_1_586' title='bbox 3273 525 3566 584; x_wconf 86' lang='lat' dir='ltr'><strong>amabilem</strong></span> <span class='ocrx_word' id='word_1_587' title='bbox 3608 525 3793 585; x_wconf 59' lang='lat' dir='ltr'><strong>reum;</strong></span> 
     </span>
    </p>
   </div>
   <div class='ocr_carea' id='block_1_82' title="bbox 2210 596 3794 670">
    <p class='ocr_par' dir='ltr' id='par_1_82' title="bbox 2210 596 3794 670">
     <span class='ocr_line' id='line_1_83' title="bbox 2210 596 3794 670; baseline 0.004 -21"><span class='ocrx_word' id='word_1_588' title='bbox 2210 596 2559 658; x_wconf 74' lang='lat' dir='ltr'><strong>perationem.</strong></span> <span class='ocrx_word' id='word_1_589' title='bbox 2601 597 2700 662; x_wconf 89' lang='lat' dir='ltr'><strong>Qui</strong></span> <span class='ocrx_word' id='word_1_590' title='bbox 2745 597 2902 670; x_wconf 81' lang='lat' dir='ltr'><strong>igitur</strong></span> <span class='ocrx_word' id='word_1_591' title='bbox 2931 596 2997 651; x_wconf 88' lang='lat' dir='ltr'><strong>de</strong></span> <span class='ocrx_word' id='word_1_592' title='bbox 3025 597 3223 650; x_wconf 88' lang='lat' dir='ltr'><strong>mundo</strong></span> <span class='ocrx_word' id='word_1_593' title='bbox 3268 600 3518 666; x_wconf 65' lang='lat' dir='ltr'><strong>praesenti</strong></span> <span class='ocrx_word' id='word_1_594' title='bbox 3560 615 3630 654; x_wconf 81' lang='lat' dir='ltr'><strong>ex</strong></span> <span class='ocrx_word' id='word_1_595' title='bbox 3657 615 3794 670; x_wconf 75' lang='lat' dir='ltr'><strong>qua-</strong></span> 
     </span>
    </p>
   </div>
   <div class='ocr_carea' id='block_1_83' title="bbox 2210 667 3789 740">
    <p class='ocr_par' dir='ltr' id='par_1_83' title="bbox 2210 667 3789 740">
     <span class='ocr_line' id='line_1_84' title="bbox 2210 667 3789 740; baseline 0.005 -21"><span class='ocrx_word' id='word_1_596' title='bbox 2210 681 2436 740; x_wconf 82' lang='lat' dir='ltr'><strong>cumque</strong></span> <span class='ocrx_word' id='word_1_597' title='bbox 2462 682 2618 740; x_wconf 83' lang='lat' dir='ltr'><strong>causa</strong></span> <span class='ocrx_word' id='word_1_598' title='bbox 2648 667 2939 740; x_wconf 84' lang='lat' dir='ltr'><strong>contendit,</strong></span> <span class='ocrx_word' id='word_1_599' title='bbox 2971 670 3246 740; x_wconf 85' lang='lat' dir='ltr'><strong>perspicue</strong></span> <span class='ocrx_word' id='word_1_600' title='bbox 3285 670 3518 740; x_wconf 85' lang='lat' dir='ltr'><strong>ostendit</strong></span> <span class='ocrx_word' id='word_1_601' title='bbox 3550 667 3694 740; x_wconf 77' lang='lat' dir='ltr'><strong>quod</strong></span> <span class='ocrx_word' id='word_1_602' title='bbox 3725 671 3789 727; x_wconf 83' lang='lat' dir='ltr'><strong>il-</strong></span> 
     </span>
    </p>
   </div>
   <div class='ocr_carea' id='block_1_84' title="bbox 2211 737 3792 810">
    <p class='ocr_par' dir='ltr' id='par_1_84' title="bbox 2211 737 3792 810">
     <span class='ocr_line' id='line_1_85' title="bbox 2211 737 3792 810; baseline 0.005 -20"><span class='ocrx_word' id='word_1_603' title='bbox 2211 737 2318 790; x_wconf 92' lang='lat' dir='ltr'><strong>lum</strong></span> <span class='ocrx_word' id='word_1_604' title='bbox 2347 737 2536 810; x_wconf 80' lang='lat' dir='ltr'><strong>diligit.</strong></span> <span class='ocrx_word' id='word_1_605' title='bbox 2579 738 2855 810; x_wconf 79' lang='lat' dir='ltr'><strong>Quomodo</strong></span> <span class='ocrx_word' id='word_1_606' title='bbox 2881 753 3007 805; x_wconf 86' lang='lat' dir='ltr'><strong>ergo</strong></span> <span class='ocrx_word' id='word_1_607' title='bbox 3034 739 3286 794; x_wconf 86' lang='lat' dir='ltr'><strong>mundum</strong></span> <span class='ocrx_word' id='word_1_608' title='bbox 3327 738 3472 810; x_wconf 88' lang='lat' dir='ltr'><strong>diligi</strong></span> <span class='ocrx_word' id='word_1_609' title='bbox 3502 737 3597 809; x_wconf 75' lang='lat' dir='ltr'><strong>per</strong></span> <span class='ocrx_word' id='word_1_610' title='bbox 3623 737 3792 798; x_wconf 68' lang='lat' dir='ltr'><strong>Ioan-</strong></span> 
     </span>
    </p>
   </div>
   <div class='ocr_carea' id='block_1_85' title="bbox 2209 808 3788 881">
    <p class='ocr_par' dir='ltr' id='par_1_85' title="bbox 2209 808 3788 881">
     <span class='ocr_line' id='line_1_86' title="bbox 2209 808 3788 881; baseline 0.005 -21"><span class='ocrx_word' id='word_1_611' title='bbox 2209 823 2334 881; x_wconf 80' lang='lat' dir='ltr'><strong>nem</strong></span> <span class='ocrx_word' id='word_1_612' title='bbox 2354 808 2579 881; x_wconf 85' lang='lat' dir='ltr'><strong>Spiritus</strong></span> <span class='ocrx_word' id='word_1_613' title='bbox 2605 809 2771 864; x_wconf 88' lang='lat' dir='ltr'><strong>sancti</strong></span> <span class='ocrx_word' id='word_1_614' title='bbox 2803 823 3075 864; x_wconf 88' lang='lat' dir='ltr'><strong>sermones</strong></span> <span class='ocrx_word' id='word_1_615' title='bbox 3107 808 3446 874; x_wconf 74' lang='lat' dir='ltr'><strong>interdicunt,</strong></span> <span class='ocrx_word' id='word_1_616' title='bbox 3475 808 3668 881; x_wconf 85' lang='lat' dir='ltr'><strong>quibus</strong></span> <span class='ocrx_word' id='word_1_617' title='bbox 3693 815 3788 880; x_wconf 86' lang='lat' dir='ltr'><strong>ait,</strong></span> 
     </span>
    </p>
   </div>
   <div class='ocr_carea' id='block_1_86' title="bbox 2212 877 3793 950">
    <p class='ocr_par' dir='ltr' id='par_1_86' title="bbox 2212 877 3793 950">
     <span class='ocr_line' id='line_1_87' title="bbox 2212 877 3793 950; baseline 0.005 -20"><span class='ocrx_word' id='word_1_618' title='bbox 2212 877 2386 950; x_wconf 78' lang='lat' dir='ltr'><strong>Nolite</strong></span> <span class='ocrx_word' id='word_1_619' title='bbox 2415 880 2624 948; x_wconf 81' lang='lat' dir='ltr'><strong>diligere</strong></span> <span class='ocrx_word' id='word_1_620' title='bbox 2663 881 2938 944; x_wconf 83' lang='lat' dir='ltr'><strong>mundum,</strong></span> <span class='ocrx_word' id='word_1_621' title='bbox 2965 896 3122 950; x_wconf 81' lang='lat' dir='ltr'><strong>neque</strong></span> <span class='ocrx_word' id='word_1_622' title='bbox 3147 897 3206 950; x_wconf 74' lang='lat' dir='ltr'><strong>ea</strong></span> <span class='ocrx_word' id='word_1_623' title='bbox 3233 896 3344 950; x_wconf 68' lang='lat' dir='ltr'><strong>qua:</strong></span> <span class='ocrx_word' id='word_1_624' title='bbox 3372 881 3424 935; x_wconf 84' lang='lat' dir='ltr'><strong>in</strong></span> <span class='ocrx_word' id='word_1_625' title='bbox 3453 877 3646 936; x_wconf 66' lang='lat' dir='ltr'><strong>mundo</strong></span> <span class='ocrx_word' id='word_1_626' title='bbox 3673 877 3793 938; x_wconf 73' lang='lat' dir='ltr'><strong>sunt</strong></span> 
     </span>
    </p>
   </div>
   <div class='ocr_carea' id='block_1_87' title="bbox 2210 949 3794 1022">
    <p class='ocr_par' dir='ltr' id='par_1_87' title="bbox 2210 949 3794 1022">
     <span class='ocr_line' id='line_1_88' title="bbox 2210 949 3794 1022; baseline 0.004 -19"><span class='ocrx_word' id='word_1_627' title='bbox 2210 949 2251 1019; x_wconf 92' lang='lat' dir='ltr'><strong>(l</strong></span> <span class='ocrx_word' id='word_1_628' title='bbox 2277 949 2431 1003; x_wconf 87' lang='lat' dir='ltr'><strong>Joan.</strong></span> <span class='ocrx_word' id='word_1_629' title='bbox 2461 966 2518 1022; x_wconf 84' lang='grc' dir='ltr'><strong>ιι,</strong></span> <span class='ocrx_word' id='word_1_630' title='bbox 2563 951 2694 1022; x_wconf 75' lang='lat' dir='ltr'><strong>l5)?</strong></span> <span class='ocrx_word' id='word_1_631' title='bbox 2721 950 2901 1006; x_wconf 86' lang='lat' dir='ltr'><strong>Mundi</strong></span> <span class='ocrx_word' id='word_1_632' title='bbox 2931 949 3073 1004; x_wconf 88' lang='lat' dir='ltr'><strong>enim</strong></span> <span class='ocrx_word' id='word_1_633' title='bbox 3100 949 3252 1005; x_wconf 82' lang='lat' dir='ltr'><strong>amor</strong></span> <span class='ocrx_word' id='word_1_634' title='bbox 3291 961 3345 1006; x_wconf 88' lang='lat' dir='ltr'><strong>et</strong></span> <span class='ocrx_word' id='word_1_635' title='bbox 3384 951 3476 1006; x_wconf 91' lang='lat' dir='ltr'><strong>Dei</strong></span> <span class='ocrx_word' id='word_1_636' title='bbox 3508 956 3710 1022; x_wconf 87' lang='lat' dir='ltr'><strong>pariter</strong></span> <span class='ocrx_word' id='word_1_637' title='bbox 3735 955 3794 1011; x_wconf 83' lang='lat' dir='ltr'><strong>in</strong></span> 
     </span>
    </p>
   </div>
   <div class='ocr_carea' id='block_1_88' title="bbox 2208 1021 3796 1092">
    <p class='ocr_par' dir='ltr' id='par_1_88' title="bbox 2208 1021 3796 1092">
     <span class='ocr_line' id='line_1_89' title="bbox 2208 1021 3796 1092; baseline 0.005 -18"><span class='ocrx_word' id='word_1_638' title='bbox 2208 1035 2316 1092; x_wconf 84' lang='lat' dir='ltr'><strong>uno</strong></span> <span class='ocrx_word' id='word_1_639' title='bbox 2342 1021 2505 1077; x_wconf 90' lang='lat' dir='ltr'><strong>corde</strong></span> <span class='ocrx_word' id='word_1_640' title='bbox 2539 1021 2848 1076; x_wconf 86' lang='lat' dir='ltr'><strong>cohabitare</strong></span> <span class='ocrx_word' id='word_1_641' title='bbox 2891 1037 2996 1076; x_wconf 92' lang='lat' dir='ltr'><strong>non</strong></span> <span class='ocrx_word' id='word_1_642' title='bbox 3041 1032 3291 1091; x_wconf 91' lang='lat' dir='ltr'><strong>possunt;</strong></span> <span class='ocrx_word' id='word_1_643' title='bbox 3335 1021 3796 1092; x_wconf 84' lang='lat' dir='ltr'><strong>quemadmodum</strong></span> 
     </span>
    </p>
   </div>
   <div class='ocr_carea' id='block_1_89' title="bbox 2208 1091 3796 1165">
    <p class='ocr_par' dir='ltr' id='par_1_89' title="bbox 2208 1091 3796 1165">
     <span class='ocr_line' id='line_1_90' title="bbox 2208 1091 3796 1165; baseline 0.005 -21"><span class='ocrx_word' id='word_1_644' title='bbox 2208 1091 2386 1165; x_wconf 82' lang='lat' dir='ltr'><strong>iidem</strong></span> <span class='ocrx_word' id='word_1_645' title='bbox 2425 1092 2564 1165; x_wconf 82' lang='lat' dir='ltr'><strong>oculi</strong></span> <span class='ocrx_word' id='word_1_646' title='bbox 2591 1092 2814 1165; x_wconf 73' lang='lat' dir='ltr'><strong>_c.telum</strong></span> <span class='ocrx_word' id='word_1_647' title='bbox 2859 1092 3056 1165; x_wconf 84' lang='lat' dir='ltr'><strong>pariter</strong></span> <span class='ocrx_word' id='word_1_648' title='bbox 3111 1102 3162 1146; x_wconf 91' lang='lat' dir='ltr'><strong>et</strong></span> <span class='ocrx_word' id='word_1_649' title='bbox 3213 1091 3407 1165; x_wconf 79' lang='lat' dir='ltr'><strong>terrain</strong></span> <span class='ocrx_word' id='word_1_650' title='bbox 3450 1109 3796 1165; x_wconf 77' lang='lat' dir='ltr'><strong>nequaquam.</strong></span> 
     </span>
    </p>
   </div>
   <div class='ocr_carea' id='block_1_90' title="bbox 2208 1161 3798 1232">
    <p class='ocr_par' dir='ltr' id='par_1_90' title="bbox 2208 1161 3798 1232">
     <span class='ocr_line' id='line_1_91' title="bbox 2208 1161 3798 1232; baseline 0.003 -16"><span class='ocrx_word' id='word_1_651' title='bbox 2208 1161 2558 1229; x_wconf 89' lang='lat' dir='ltr'><strong>conspiciunt.</strong></span> <span class='ocrx_word' id='word_1_652' title='bbox 2587 1161 2688 1218; x_wconf 91' lang='lat' dir='ltr'><strong>Sed</strong></span> <span class='ocrx_word' id='word_1_653' title='bbox 2721 1161 3096 1232; x_wconf 87' lang='lat' dir='ltr'><strong>requirendqu</strong></span> <span class='ocrx_word' id='word_1_654' title='bbox 3125 1173 3224 1230; x_wconf 91' lang='lat' dir='ltr'><strong>est,</strong></span> <span class='ocrx_word' id='word_1_655' title='bbox 3257 1163 3302 1218; x_wconf 90' lang='lat' dir='ltr'><strong>si</strong></span> <span class='ocrx_word' id='word_1_656' title='bbox 3343 1179 3470 1218; x_wconf 88' lang='lat' dir='ltr'><strong>vere</strong></span> <span class='ocrx_word' id='word_1_657' title='bbox 3499 1161 3555 1218; x_wconf 79' lang='lat' dir='ltr'><strong>in</strong></span> <span class='ocrx_word' id='word_1_658' title='bbox 3590 1161 3798 1220; x_wconf 78' lang='lat' dir='ltr'><strong>utendo</strong></span> 
     </span>
    </p>
   </div>
   <div class='ocr_carea' id='block_1_91' title="bbox 2207 1232 3797 1303">
    <p class='ocr_par' dir='ltr' id='par_1_91' title="bbox 2207 1232 3797 1303">
     <span class='ocr_line' id='line_1_92' title="bbox 2207 1232 3797 1303; baseline 0.004 -19"><span class='ocrx_word' id='word_1_659' title='bbox 2207 1232 2402 1303; x_wconf 82' lang='lat' dir='ltr'><strong>aliquid</strong></span> <span class='ocrx_word' id='word_1_660' title='bbox 2433 1236 2519 1297; x_wconf 87' lang='lat' dir='ltr'><strong>sit,</strong></span> <span class='ocrx_word' id='word_1_661' title='bbox 2557 1233 2694 1302; x_wconf 87' lang='lat' dir='ltr'><strong>quod</strong></span> <span class='ocrx_word' id='word_1_662' title='bbox 2725 1233 2890 1288; x_wconf 86' lang='lat' dir='ltr'><strong>amari</strong></span> <span class='ocrx_word' id='word_1_663' title='bbox 2916 1233 3140 1296; x_wconf 86' lang='lat' dir='ltr'><strong>debeat;</strong></span> <span class='ocrx_word' id='word_1_664' title='bbox 3174 1243 3228 1288; x_wconf 87' lang='lat' dir='ltr'><strong>et</strong></span> <span class='ocrx_word' id='word_1_665' title='bbox 3255 1235 3372 1303; x_wconf 89' lang='lat' dir='ltr'><strong>quis</strong></span> <span class='ocrx_word' id='word_1_666' title='bbox 3415 1235 3486 1290; x_wconf 88' lang='lat' dir='ltr'><strong>sit</strong></span> <span class='ocrx_word' id='word_1_667' title='bbox 3511 1235 3599 1290; x_wconf 91' lang='lat' dir='ltr'><strong>ille</strong></span> <span class='ocrx_word' id='word_1_668' title='bbox 3629 1252 3797 1290; x_wconf 79' lang='lat' dir='ltr'><strong>mun-</strong></span> 
     </span>
    </p>
   </div>
   <div class='ocr_carea' id='block_1_92' title="bbox 2207 1302 3797 1377">
    <p class='ocr_par' dir='ltr' id='par_1_92' title="bbox 2207 1302 3797 1377">
     <span class='ocr_line' id='line_1_93' title="bbox 2207 1302 3797 1377; baseline 0.004 -21"><span class='ocrx_word' id='word_1_669' title='bbox 2207 1302 2326 1367; x_wconf 89' lang='lat' dir='ltr'><strong>dus,</strong></span> <span class='ocrx_word' id='word_1_670' title='bbox 2374 1319 2531 1372; x_wconf 86' lang='lat' dir='ltr'><strong>quem</strong></span> <span class='ocrx_word' id='word_1_671' title='bbox 2561 1303 2706 1377; x_wconf 78' lang='lat' dir='ltr'><strong>diligi</strong></span> <span class='ocrx_word' id='word_1_672' title='bbox 2752 1304 2930 1358; x_wconf 84' lang='lat' dir='ltr'><strong>diviua</strong></span> <span class='ocrx_word' id='word_1_673' title='bbox 2961 1304 3189 1377; x_wconf 89' lang='lat' dir='ltr'><strong>eloquia_</strong></span> <span class='ocrx_word' id='word_1_674' title='bbox 3213 1302 3410 1377; x_wconf 79' lang='lat' dir='ltr'><strong>vetant.</strong></span> <span class='ocrx_word' id='word_1_675' title='bbox 3464 1304 3630 1377; x_wconf 83' lang='lat' dir='ltr'><strong>Terra</strong></span> <span class='ocrx_word' id='word_1_676' title='bbox 3661 1322 3797 1377; x_wconf 81' lang='lat' dir='ltr'><strong>ergo</strong></span> 
     </span>
    </p>
   </div>
   <div class='ocr_carea' id='block_1_93' title="bbox 2208 1374 3796 1448">
    <p class='ocr_par' dir='ltr' id='par_1_93' title="bbox 2208 1374 3796 1448">
     <span class='ocr_line' id='line_1_94' title="bbox 2208 1374 3796 1448; baseline 0.004 -22"><span class='ocrx_word' id='word_1_677' title='bbox 2208 1387 2326 1427; x_wconf 91' lang='lat' dir='ltr'><strong>cum</strong></span> <span class='ocrx_word' id='word_1_678' title='bbox 2357 1374 2698 1448; x_wconf 81' lang='lat' dir='ltr'><strong>nascentibus</strong></span> <span class='ocrx_word' id='word_1_679' title='bbox 2723 1389 2793 1428; x_wconf 73' lang='lat' dir='ltr'><strong>ex</strong></span> <span class='ocrx_word' id='word_1_680' title='bbox 2825 1390 2908 1448; x_wconf 82' lang='lat' dir='ltr'><strong>ea,</strong></span> <span class='ocrx_word' id='word_1_681' title='bbox 2945 1384 3000 1430; x_wconf 90' lang='lat' dir='ltr'><strong>et</strong></span> <span class='ocrx_word' id='word_1_682' title='bbox 3037 1374 3796 1448; x_wconf 57' lang='lat' dir='ltr'><strong>metallis,“animantibus,</strong></span> 
     </span>
    </p>
   </div>
   <div class='ocr_carea' id='block_1_94' title="bbox 2208 1444 3790 1513">
    <p class='ocr_par' dir='ltr' id='par_1_94' title="bbox 2208 1444 3790 1513">
     <span class='ocr_line' id='line_1_95' title="bbox 2208 1444 3790 1513; baseline 0.004 -15"><span class='ocrx_word' id='word_1_683' title='bbox 2208 1453 2261 1498; x_wconf 87' lang='lat' dir='ltr'><strong>et</strong></span> <span class='ocrx_word' id='word_1_684' title='bbox 2292 1445 2682 1512; x_wconf 87' lang='lat' dir='ltr'><strong>pulchritudine</strong></span> <span class='ocrx_word' id='word_1_685' title='bbox 2709 1445 2955 1507; x_wconf 85' lang='lat' dir='ltr'><strong>vestium,</strong></span> <span class='ocrx_word' id='word_1_686' title='bbox 2982 1452 3036 1499; x_wconf 90' lang='lat' dir='ltr'><strong>et</strong></span> <span class='ocrx_word' id='word_1_687' title='bbox 3055 1444 3498 1500; x_wconf 87' lang='lat' dir='ltr'><strong>oblectationibus</strong></span> <span class='ocrx_word' id='word_1_688' title='bbox 3519 1444 3790 1513; x_wconf 65' lang='lat' dir='ltr'><strong>ciborum,</strong></span> 
     </span>
    </p>
   </div>
   <div class='ocr_carea' id='block_1_95' title="bbox 2208 1515 3791 1586">
    <p class='ocr_par' dir='ltr' id='par_1_95' title="bbox 2208 1515 3791 1586">
     <span class='ocr_line' id='line_1_96' title="bbox 2208 1515 3791 1586; baseline 0.003 -18"><span class='ocrx_word' id='word_1_689' title='bbox 2208 1523 2261 1568; x_wconf 90' lang='lat' dir='ltr'><strong>et</strong></span> <span class='ocrx_word' id='word_1_690' title='bbox 2289 1515 2362 1586; x_wconf 85' lang='lat' dir='ltr'><strong>iis</strong></span> <span class='ocrx_word' id='word_1_691' title='bbox 2403 1532 2520 1584; x_wconf 63' lang='lat' dir='ltr'><strong>qua:</strong></span> <span class='ocrx_word' id='word_1_692' title='bbox 2546 1516 2611 1570; x_wconf 90' lang='lat' dir='ltr'><strong>ad</strong></span> <span class='ocrx_word' id='word_1_693' title='bbox 2639 1516 2752 1572; x_wconf 81' lang='lat' dir='ltr'><strong>inec</strong></span> <span class='ocrx_word' id='word_1_694' title='bbox 2778 1516 3064 1584; x_wconf 88' lang='lat' dir='ltr'><strong>pertinent,</strong></span> <span class='ocrx_word' id='word_1_695' title='bbox 3108 1531 3214 1570; x_wconf 89' lang='lat' dir='ltr'><strong>non</strong></span> <span class='ocrx_word' id='word_1_696' title='bbox 3251 1515 3398 1586; x_wconf 78' lang='lat' dir='ltr'><strong>diligi</strong></span> <span class='ocrx_word' id='word_1_697' title='bbox 3441 1518 3791 1586; x_wconf 62' lang='lat' dir='ltr'><strong>praecipitur;</strong></span> 
     </span>
    </p>
   </div>
   <div class='ocr_carea' id='block_1_96' title="bbox 2207 1585 3791 1656">
    <p class='ocr_par' dir='ltr' id='par_1_96' title="bbox 2207 1585 3791 1656">
     <span class='ocr_line' id='line_1_97' title="bbox 2207 1585 3791 1656; baseline 0.002 -16"><span class='ocrx_word' id='word_1_698' title='bbox 2207 1585 2300 1646; x_wconf 89' lang='lat' dir='ltr'><strong>sed</strong></span> <span class='ocrx_word' id='word_1_699' title='bbox 2334 1588 2626 1654; x_wconf 77' lang='lat' dir='ltr'><strong>proximus,</strong></span> <span class='ocrx_word' id='word_1_700' title='bbox 2666 1596 2882 1655; x_wconf 88' lang='lat' dir='ltr'><strong>propter</strong></span> <span class='ocrx_word' id='word_1_701' title='bbox 2909 1602 3068 1656; x_wconf 88' lang='lat' dir='ltr'><strong>quem</strong></span> <span class='ocrx_word' id='word_1_702' title='bbox 3109 1591 3222 1642; x_wconf 79' lang='lat' dir='ltr'><strong>inec</strong></span> <span class='ocrx_word' id='word_1_703' title='bbox 3258 1585 3452 1643; x_wconf 75' lang='lat' dir='ltr'><strong>omnia</strong></span> <span class='ocrx_word' id='word_1_704' title='bbox 3475 1585 3618 1643; x_wconf 21' lang='lat' dir='ltr'><strong>lactat</strong></span> <span class='ocrx_word' id='word_1_705' title='bbox 3642 1600 3791 1654; x_wconf 86' lang='lat' dir='ltr'><strong>sunt,</strong></span> 
     </span>
    </p>
   </div>
   <div class='ocr_carea' id='block_1_97' title="bbox 2207 1657 3786 1727">
    <p class='ocr_par' dir='ltr' id='par_1_97' title="bbox 2207 1657 3786 1727">
     <span class='ocr_line' id='line_1_98' title="bbox 2207 1657 3786 1727; baseline 0.002 -15"><span class='ocrx_word' id='word_1_706' title='bbox 2207 1657 2376 1716; x_wconf 81' lang='lat' dir='ltr'><strong>amari</strong></span> <span class='ocrx_word' id='word_1_707' title='bbox 2399 1657 2632 1725; x_wconf 89' lang='lat' dir='ltr'><strong>jubctur.</strong></span> <span class='ocrx_word' id='word_1_708' title='bbox 2681 1658 2806 1711; x_wconf 84' lang='lat' dir='ltr'><strong>llaec</strong></span> <span class='ocrx_word' id='word_1_709' title='bbox 2828 1657 2970 1711; x_wconf 88' lang='lat' dir='ltr'><strong>enim</strong></span> <span class='ocrx_word' id='word_1_710' title='bbox 2999 1657 3172 1711; x_wconf 84' lang='lat' dir='ltr'><strong>omnia</strong></span> <span class='ocrx_word' id='word_1_711' title='bbox 3205 1658 3474 1727; x_wconf 70' lang='lat' dir='ltr'><strong>prmdicta,</strong></span> <span class='ocrx_word' id='word_1_712' title='bbox 3506 1658 3654 1714; x_wconf 86' lang='lat' dir='ltr'><strong>velut</strong></span> <span class='ocrx_word' id='word_1_713' title='bbox 3679 1675 3786 1714; x_wconf 87' lang='lat' dir='ltr'><strong>nou</strong></span> 
     </span>
    </p>
   </div>
   <div class='ocr_carea' id='block_1_98' title="bbox 2208 1727 3784 1798">
    <p class='ocr_par' dir='ltr' id='par_1_98' title="bbox 2208 1727 3784 1798">
     <span class='ocr_line' id='line_1_99' title="bbox 2208 1727 3784 1798; baseline 0.004 -19"><span class='ocrx_word' id='word_1_714' title='bbox 2208 1742 2477 1795; x_wconf 88' lang='lat' dir='ltr'><strong>mansura,</strong></span> <span class='ocrx_word' id='word_1_715' title='bbox 2494 1728 2556 1783; x_wconf 91' lang='lat' dir='ltr'><strong>ad</strong></span> <span class='ocrx_word' id='word_1_716' title='bbox 2578 1729 2850 1782; x_wconf 85' lang='lat' dir='ltr'><strong>caelestem</strong></span> <span class='ocrx_word' id='word_1_717' title='bbox 2878 1727 3100 1796; x_wconf 85' lang='lat' dir='ltr'><strong>patriam</strong></span> <span class='ocrx_word' id='word_1_718' title='bbox 3124 1738 3404 1798; x_wconf 81' lang='lat' dir='ltr'><strong>pergentes</strong></span> <span class='ocrx_word' id='word_1_719' title='bbox 3430 1730 3784 1786; x_wconf 88' lang='lat' dir='ltr'><strong>concomitari</strong></span> 
     </span>
    </p>
   </div>
   <div class='ocr_carea' id='block_1_99' title="bbox 2208 1799 3789 1870">
    <p class='ocr_par' dir='ltr' id='par_1_99' title="bbox 2208 1799 3789 1870">
     <span class='ocr_line' id='line_1_100' title="bbox 2208 1799 3789 1870; baseline 0.003 -20"><span class='ocrx_word' id='word_1_720' title='bbox 2208 1810 2516 1870; x_wconf 85' lang='lat' dir='ltr'><strong>nequeunt:</strong></span> <span class='ocrx_word' id='word_1_721' title='bbox 2551 1799 2774 1868; x_wconf 84' lang='lat' dir='ltr'><strong>proximi</strong></span> <span class='ocrx_word' id='word_1_722' title='bbox 2804 1814 2951 1864; x_wconf 89' lang='lat' dir='ltr'><strong>vero,</strong></span> <span class='ocrx_word' id='word_1_723' title='bbox 2976 1799 3120 1870; x_wconf 85' lang='lat' dir='ltr'><strong>velut</strong></span> <span class='ocrx_word' id='word_1_724' title='bbox 3163 1801 3402 1870; x_wconf 74' lang='lat' dir='ltr'><strong>inausuri</strong></span> <span class='ocrx_word' id='word_1_725' title='bbox 3445 1800 3584 1870; x_wconf 89' lang='lat' dir='ltr'><strong>regis</strong></span> <span class='ocrx_word' id='word_1_726' title='bbox 3611 1799 3789 1856; x_wconf 76' lang='lat' dir='ltr'><strong>colue-</strong></span> 
     </span>
    </p>
   </div>
   <div class='ocr_carea' id='block_1_100' title="bbox 2209 1869 3792 1940">
    <p class='ocr_par' dir='ltr' id='par_1_100' title="bbox 2209 1869 3792 1940">
     <span class='ocr_line' id='line_1_101' title="bbox 2209 1869 3792 1940; baseline 0.004 -19"><span class='ocrx_word' id='word_1_727' title='bbox 2209 1869 2384 1935; x_wconf 87' lang='lat' dir='ltr'><strong>redes,</strong></span> <span class='ocrx_word' id='word_1_728' title='bbox 2435 1871 2752 1938; x_wconf 85' lang='lat' dir='ltr'><strong>semetipsos</strong></span> <span class='ocrx_word' id='word_1_729' title='bbox 2799 1870 3021 1924; x_wconf 87' lang='lat' dir='ltr'><strong>licenter</strong></span> <span class='ocrx_word' id='word_1_730' title='bbox 3067 1869 3294 1924; x_wconf 86' lang='lat' dir='ltr'><strong>invicem</strong></span> <span class='ocrx_word' id='word_1_731' title='bbox 3343 1869 3587 1940; x_wconf 81' lang='lat' dir='ltr'><strong>diligunt.</strong></span> <span class='ocrx_word' id='word_1_732' title='bbox 3634 1871 3792 1938; x_wconf 85' lang='lat' dir='ltr'><strong>Quod</strong></span> 
     </span>
    </p>
   </div>
   <div class='ocr_carea' id='block_1_101' title="bbox 2207 1940 3789 2010">
    <p class='ocr_par' dir='ltr' id='par_1_101' title="bbox 2207 1940 3789 2010">
     <span class='ocr_line' id='line_1_102' title="bbox 2207 1940 3789 2010; baseline 0.001 -16"><span class='ocrx_word' id='word_1_733' title='bbox 2207 1953 2335 2008; x_wconf 82' lang='lat' dir='ltr'><strong>ergo</strong></span> <span class='ocrx_word' id='word_1_734' title='bbox 2365 1955 2576 2010; x_wconf 89' lang='lat' dir='ltr'><strong>semper</strong></span> <span class='ocrx_word' id='word_1_735' title='bbox 2605 1941 2654 1994; x_wconf 89' lang='lat' dir='ltr'><strong>in</strong></span> <span class='ocrx_word' id='word_1_736' title='bbox 2699 1940 2897 1994; x_wconf 90' lang='lat' dir='ltr'><strong>mundo</strong></span> <span class='ocrx_word' id='word_1_737' title='bbox 2941 1955 3048 1996; x_wconf 89' lang='lat' dir='ltr'><strong>non</strong></span> <span class='ocrx_word' id='word_1_738' title='bbox 3099 1950 3278 1996; x_wconf 89' lang='lat' dir='ltr'><strong>manet</strong></span> <span class='ocrx_word' id='word_1_739' title='bbox 3325 1950 3378 1996; x_wconf 86' lang='lat' dir='ltr'><strong>et</strong></span> <span class='ocrx_word' id='word_1_740' title='bbox 3422 1956 3544 1995; x_wconf 86' lang='lat' dir='ltr'><strong>cum</strong></span> <span class='ocrx_word' id='word_1_741' title='bbox 3588 1942 3789 1996; x_wconf 86' lang='lat' dir='ltr'><strong>mundo</strong></span> 
     </span>
    </p>
   </div>
   <div class='ocr_carea' id='block_1_102' title="bbox 2207 2011 3790 2084">
    <p class='ocr_par' dir='ltr' id='par_1_102' title="bbox 2207 2011 3790 2084">
     <span class='ocr_line' id='line_1_103' title="bbox 2207 2011 3790 2084; baseline 0.003 -22"><span class='ocrx_word' id='word_1_742' title='bbox 2207 2012 2406 2084; x_wconf 80' lang='lat' dir='ltr'><strong>parith</strong></span> <span class='ocrx_word' id='word_1_743' title='bbox 2432 2012 2658 2084; x_wconf 78' lang='lat' dir='ltr'><strong>deﬁciet,</strong></span> <span class='ocrx_word' id='word_1_744' title='bbox 2692 2021 2748 2067; x_wconf 89' lang='lat' dir='ltr'><strong>et</strong></span> <span class='ocrx_word' id='word_1_745' title='bbox 2781 2012 2892 2079; x_wconf 88' lang='lat' dir='ltr'><strong>ipse</strong></span> <span class='ocrx_word' id='word_1_746' title='bbox 2919 2011 3168 2084; x_wconf 86' lang='lat' dir='ltr'><strong>mundus,</strong></span> <span class='ocrx_word' id='word_1_747' title='bbox 3199 2027 3304 2066; x_wconf 91' lang='lat' dir='ltr'><strong>non</strong></span> <span class='ocrx_word' id='word_1_748' title='bbox 3347 2013 3513 2066; x_wconf 85' lang='lat' dir='ltr'><strong>amari</strong></span> <span class='ocrx_word' id='word_1_749' title='bbox 3545 2014 3790 2084; x_wconf 67' lang='lat' dir='ltr'><strong>praccipi-</strong></span> 
     </span>
    </p>
   </div>
   <div class='ocr_carea' id='block_1_103' title="bbox 2211 2081 3788 2152">
    <p class='ocr_par' dir='ltr' id='par_1_103' title="bbox 2211 2081 3788 2152">
     <span class='ocr_line' id='line_1_104' title="bbox 2211 2081 3788 2152; baseline 0.003 -20"><span class='ocrx_word' id='word_1_750' title='bbox 2211 2091 2313 2134; x_wconf 92' lang='lat' dir='ltr'><strong>tur.</strong></span> <span class='ocrx_word' id='word_1_751' title='bbox 2343 2081 2622 2137; x_wconf 83' lang='lat' dir='ltr'><strong>Proximus</strong></span> <span class='ocrx_word' id='word_1_752' title='bbox 2646 2093 2844 2144; x_wconf 90' lang='lat' dir='ltr'><strong>autcm,</strong></span> <span class='ocrx_word' id='word_1_753' title='bbox 2877 2081 2965 2150; x_wconf 91' lang='lat' dir='ltr'><strong>qui</strong></span> <span class='ocrx_word' id='word_1_754' title='bbox 3004 2091 3086 2136; x_wconf 90' lang='lat' dir='ltr'><strong>est</strong></span> <span class='ocrx_word' id='word_1_755' title='bbox 3117 2097 3237 2150; x_wconf 88' lang='lat' dir='ltr'><strong>pars</strong></span> <span class='ocrx_word' id='word_1_756' title='bbox 3276 2084 3424 2152; x_wconf 81' lang='lat' dir='ltr'><strong>regni</strong></span> <span class='ocrx_word' id='word_1_757' title='bbox 3463 2081 3788 2142; x_wconf 48' lang='lat' dir='ltr'><strong>cmlestis&#39;iu</strong></span> 
     </span>
    </p>
   </div>
   <div class='ocr_carea' id='block_1_104' title="bbox 2207 2153 3784 2222">
    <p class='ocr_par' dir='ltr' id='par_1_104' title="bbox 2207 2153 3784 2222">
     <span class='ocr_line' id='line_1_105' title="bbox 2207 2153 3784 2222; baseline 0.001 -18"><span class='ocrx_word' id='word_1_758' title='bbox 2207 2160 2348 2205; x_wconf 89' lang='lat' dir='ltr'><strong>terra</strong></span> <span class='ocrx_word' id='word_1_759' title='bbox 2379 2163 2432 2207; x_wconf 92' lang='lat' dir='ltr'><strong>et</strong></span> <span class='ocrx_word' id='word_1_760' title='bbox 2467 2155 2604 2208; x_wconf 91' lang='lat' dir='ltr'><strong>inter</strong></span> <span class='ocrx_word' id='word_1_761' title='bbox 2629 2153 2732 2208; x_wconf 91' lang='lat' dir='ltr'><strong>ima</strong></span> <span class='ocrx_word' id='word_1_762' title='bbox 2777 2153 3094 2216; x_wconf 72' lang='lat' dir='ltr'><strong>elementa‘,</strong></span> <span class='ocrx_word' id='word_1_763' title='bbox 3127 2167 3158 2206; x_wconf 89' lang='lat' dir='ltr'><strong>a</strong></span> <span class='ocrx_word' id='word_1_764' title='bbox 3204 2155 3352 2222; x_wconf 85' lang='lat' dir='ltr'><strong>regni</strong></span> <span class='ocrx_word' id='word_1_765' title='bbox 3396 2153 3654 2209; x_wconf 65' lang='lat' dir='ltr'><strong>caelorum</strong></span> <span class='ocrx_word' id='word_1_766' title='bbox 3685 2170 3784 2222; x_wconf 78' lang='lat' dir='ltr'><strong>ap-</strong></span> 
     </span>
    </p>
   </div>
   <div class='ocr_carea' id='block_1_105' title="bbox 2207 2223 3790 2294">
    <p class='ocr_par' dir='ltr' id='par_1_105' title="bbox 2207 2223 3790 2294">
     <span class='ocr_line' id='line_1_106' title="bbox 2207 2223 3790 2294; baseline 0.003 -20"><span class='ocrx_word' id='word_1_767' title='bbox 2207 2223 2523 2294; x_wconf 82' lang='lat' dir='ltr'><strong>petitoribus</strong></span> <span class='ocrx_word' id='word_1_768' title='bbox 2562 2239 2668 2278; x_wconf 88' lang='lat' dir='ltr'><strong>non</strong></span> <span class='ocrx_word' id='word_1_769' title='bbox 2707 2224 2998 2294; x_wconf 84' lang='lat' dir='ltr'><strong>incongrue</strong></span> <span class='ocrx_word' id='word_1_770' title='bbox 3033 2233 3262 2288; x_wconf 88' lang='lat' dir='ltr'><strong>amatur,</strong></span> <span class='ocrx_word' id='word_1_771' title='bbox 3305 2223 3430 2278; x_wconf 89' lang='lat' dir='ltr'><strong>dum</strong></span> <span class='ocrx_word' id='word_1_772' title='bbox 3475 2225 3530 2278; x_wconf 93' lang='lat' dir='ltr'><strong>in</strong></span> <span class='ocrx_word' id='word_1_773' title='bbox 3575 2239 3790 2284; x_wconf 77' lang='lat' dir='ltr'><strong>summa</strong></span> 
     </span>
    </p>
   </div>
   <div class='ocr_carea' id='block_1_106' title="bbox 2208 2293 3786 2364">
    <p class='ocr_par' dir='ltr' id='par_1_106' title="bbox 2208 2293 3786 2364">
     <span class='ocr_line' id='line_1_107' title="bbox 2208 2293 3786 2364; baseline 0.004 -20"><span class='ocrx_word' id='word_1_774' title='bbox 2208 2293 2295 2345; x_wconf 88' lang='lat' dir='ltr'><strong>illa</strong></span> <span class='ocrx_word' id='word_1_775' title='bbox 2326 2295 2491 2362; x_wconf 86' lang='lat' dir='ltr'><strong>patria</strong></span> <span class='ocrx_word' id='word_1_776' title='bbox 2519 2296 2568 2348; x_wconf 93' lang='lat' dir='ltr'><strong>in</strong></span> <span class='ocrx_word' id='word_1_777' title='bbox 2604 2293 3132 2349; x_wconf 34' lang='lat' dir='ltr'><strong>aeternum’cobicres</strong></span> <span class='ocrx_word' id='word_1_778' title='bbox 3158 2294 3454 2350; x_wconf 88' lang='lat' dir='ltr'><strong>habebitur.</strong></span> <span class='ocrx_word' id='word_1_779' title='bbox 3493 2294 3786 2364; x_wconf 80' lang='lat' dir='ltr'><strong>Propterea</strong></span> 
     </span>
    </p>
   </div>
   <div class='ocr_carea' id='block_1_107' title="bbox 2207 2364 3784 2434">
    <p class='ocr_par' dir='ltr' id='par_1_107' title="bbox 2207 2364 3784 2434">
     <span class='ocr_line' id='line_1_108' title="bbox 2207 2364 3784 2434; baseline 0.004 -20"><span class='ocrx_word' id='word_1_780' title='bbox 2207 2378 2333 2434; x_wconf 77' lang='lat' dir='ltr'><strong>vero</strong></span> <span class='ocrx_word' id='word_1_781' title='bbox 2355 2365 2584 2420; x_wconf 87' lang='lat' dir='ltr'><strong>mundus</strong></span> <span class='ocrx_word' id='word_1_782' title='bbox 2613 2380 2844 2434; x_wconf 68' lang='lat' dir='ltr'><strong>praesens</strong></span> <span class='ocrx_word' id='word_1_783' title='bbox 2872 2380 2981 2420; x_wconf 91' lang='lat' dir='ltr'><strong>non</strong></span> <span class='ocrx_word' id='word_1_784' title='bbox 3006 2364 3148 2434; x_wconf 82' lang='lat' dir='ltr'><strong>diligi</strong></span> <span class='ocrx_word' id='word_1_785' title='bbox 3177 2366 3486 2434; x_wconf 88' lang='lat' dir='ltr'><strong>imperatur,</strong></span> <span class='ocrx_word' id='word_1_786' title='bbox 3518 2381 3584 2419; x_wconf 91' lang='lat' dir='ltr'><strong>ne</strong></span> <span class='ocrx_word' id='word_1_787' title='bbox 3623 2381 3654 2419; x_wconf 89' lang='lat' dir='ltr'><strong>a</strong></span> <span class='ocrx_word' id='word_1_788' title='bbox 3685 2365 3784 2422; x_wconf 88' lang='lat' dir='ltr'><strong>Dei</strong></span> 
     </span>
    </p>
   </div>
   <div class='ocr_carea' id='block_1_108' title="bbox 2207 2433 3784 2506">
    <p class='ocr_par' dir='ltr' id='par_1_108' title="bbox 2207 2433 3784 2506">
     <span class='ocr_line' id='line_1_109' title="bbox 2207 2433 3784 2506; baseline 0.006 -21"><span class='ocrx_word' id='word_1_789' title='bbox 2207 2433 2490 2506; x_wconf 81' lang='lat' dir='ltr'><strong>dilectione</strong></span> <span class='ocrx_word' id='word_1_790' title='bbox 2523 2433 2728 2490; x_wconf 88' lang='lat' dir='ltr'><strong>alienus</strong></span> <span class='ocrx_word' id='word_1_791' title='bbox 2760 2436 2940 2490; x_wconf 59' lang='lat' dir='ltr'><strong>saeculi</strong></span> <span class='ocrx_word' id='word_1_792' title='bbox 2979 2433 3202 2506; x_wconf 77' lang='lat' dir='ltr'><strong>dilector</strong></span> <span class='ocrx_word' id='word_1_793' title='bbox 3241 2433 3462 2506; x_wconf 85' lang='lat' dir='ltr'><strong>quisque</strong></span> <span class='ocrx_word' id='word_1_794' title='bbox 3499 2435 3784 2506; x_wconf 79' lang='lat' dir='ltr'><strong>efﬁciatur.</strong></span> 
     </span>
    </p>
   </div>
   <div class='ocr_carea' id='block_1_109' title="bbox 2206 2503 3784 2580">
    <p class='ocr_par' dir='ltr' id='par_1_109' title="bbox 2206 2503 3784 2580">
     <span class='ocr_line' id='line_1_110' title="bbox 2206 2503 3784 2580; baseline 0.002 -23"><span class='ocrx_word' id='word_1_795' title='bbox 2206 2503 2319 2558; x_wconf 81' lang='lat' dir='ltr'><strong>Non</strong></span> <span class='ocrx_word' id='word_1_796' title='bbox 2347 2521 2473 2580; x_wconf 82' lang='lat' dir='ltr'><strong>ergo</strong></span> <span class='ocrx_word' id='word_1_797' title='bbox 2497 2506 2656 2580; x_wconf 86' lang='lat' dir='ltr'><strong>debet</strong></span> <span class='ocrx_word' id='word_1_798' title='bbox 2682 2507 2952 2580; x_wconf 81' lang='lat' dir='ltr'><strong>contendi,</strong></span> <span class='ocrx_word' id='word_1_799' title='bbox 2983 2505 3125 2580; x_wconf 84' lang='lat' dir='ltr'><strong>quod</strong></span> <span class='ocrx_word' id='word_1_800' title='bbox 3147 2503 3270 2580; x_wconf 31' lang='lat' dir='ltr'><strong>pou:</strong></span> <span class='ocrx_word' id='word_1_801' title='bbox 3298 2503 3422 2580; x_wconf 79' lang='lat' dir='ltr'><strong>licet</strong></span> <span class='ocrx_word' id='word_1_802' title='bbox 3445 2507 3653 2580; x_wconf 56' lang='grc' dir='ltr'><strong>ειιιιςιιῆτΔ</strong></span> <span class='ocrx_word' id='word_1_803' title='bbox 3681 2505 3784 2578; x_wconf 83' lang='lat' dir='ltr'><strong>Igi-</strong></span> 
     </span>
    </p>
   </div>
   <div class='ocr_carea' id='block_1_110' title="bbox 2209 2576 3786 2646">
    <p class='ocr_par' dir='ltr' id='par_1_110' title="bbox 2209 2576 3786 2646">
     <span class='ocr_line' id='line_1_111' title="bbox 2209 2576 3786 2646; baseline 0.003 -17"><span class='ocrx_word' id='word_1_804' title='bbox 2209 2584 2293 2629; x_wconf 89' lang='lat' dir='ltr'><strong>tur</strong></span> <span class='ocrx_word' id='word_1_805' title='bbox 2338 2577 2690 2642; x_wconf 89' lang='lat' dir='ltr'><strong>christianus,</strong></span> <span class='ocrx_word' id='word_1_806' title='bbox 2719 2577 2808 2646; x_wconf 89' lang='lat' dir='ltr'><strong>qui</strong></span> <span class='ocrx_word' id='word_1_807' title='bbox 2856 2576 3086 2631; x_wconf 79' lang='lat' dir='ltr'><strong>nominis</strong></span> <span class='ocrx_word' id='word_1_808' title='bbox 3135 2577 3334 2631; x_wconf 86' lang='lat' dir='ltr'><strong>Christi</strong></span> <span class='ocrx_word' id='word_1_809' title='bbox 3381 2576 3786 2632; x_wconf 78' lang='lat' dir='ltr'><strong>similitudinem</strong></span> 
     </span>
    </p>
   </div>
   <div class='ocr_carea' id='block_1_111' title="bbox 2208 2648 3781 2718">
    <p class='ocr_par' dir='ltr' id='par_1_111' title="bbox 2208 2648 3781 2718">
     <span class='ocr_line' id='line_1_112' title="bbox 2208 2648 3781 2718; baseline 0.003 -20"><span class='ocrx_word' id='word_1_810' title='bbox 2208 2655 2376 2718; x_wconf 67' lang='lat' dir='ltr'><strong>terret,</strong></span> <span class='ocrx_word' id='word_1_811' title='bbox 2404 2663 2611 2702; x_wconf 90' lang='lat' dir='ltr'><strong>morum</strong></span> <span class='ocrx_word' id='word_1_812' title='bbox 2651 2663 2862 2718; x_wconf 90' lang='lat' dir='ltr'><strong>quoque</strong></span> <span class='ocrx_word' id='word_1_813' title='bbox 2891 2649 3004 2716; x_wconf 88' lang='lat' dir='ltr'><strong>ejus</strong></span> <span class='ocrx_word' id='word_1_814' title='bbox 3034 2648 3434 2703; x_wconf 91' lang='lat' dir='ltr'><strong>similitudinem</strong></span> <span class='ocrx_word' id='word_1_815' title='bbox 3465 2648 3662 2703; x_wconf 87' lang='lat' dir='ltr'><strong>habere</strong></span> <span class='ocrx_word' id='word_1_816' title='bbox 3686 2649 3781 2703; x_wconf 88' lang='lat' dir='ltr'><strong>de-</strong></span> 
     </span>
    </p>
   </div>
   <div class='ocr_carea' id='block_1_112' title="bbox 2206 2715 3786 2789">
    <p class='ocr_par' dir='ltr' id='par_1_112' title="bbox 2206 2715 3786 2789">
     <span class='ocr_line' id='line_1_113' title="bbox 2206 2715 3786 2789; baseline 0.002 -18"><span class='ocrx_word' id='word_1_817' title='bbox 2206 2715 2317 2789; x_wconf 72' lang='lat' dir='ltr'><strong>bet.</strong></span> <span class='ocrx_word' id='word_1_818' title='bbox 2346 2715 2680 2774; x_wconf 80' lang='lat' dir='ltr'><strong>Christianus</strong></span> <span class='ocrx_word' id='word_1_819' title='bbox 2725 2715 2866 2774; x_wconf 77' lang='lat' dir='ltr'><strong>enim</strong></span> <span class='ocrx_word' id='word_1_820' title='bbox 2916 2715 3073 2774; x_wconf 86' lang='lat' dir='ltr'><strong>nemo</strong></span> <span class='ocrx_word' id='word_1_821' title='bbox 3116 2729 3261 2789; x_wconf 83' lang='lat' dir='ltr'><strong>recte</strong></span> <span class='ocrx_word' id='word_1_822' title='bbox 3299 2719 3511 2786; x_wconf 87' lang='lat' dir='ltr'><strong>dicitur,</strong></span> <span class='ocrx_word' id='word_1_823' title='bbox 3559 2719 3664 2772; x_wconf 90' lang='lat' dir='ltr'><strong>nisi</strong></span> <span class='ocrx_word' id='word_1_824' title='bbox 3692 2719 3786 2789; x_wconf 85' lang='lat' dir='ltr'><strong>qui</strong></span> 
     </span>
    </p>
   </div>
   <div class='ocr_carea' id='block_1_113' title="bbox 2205 2787 3782 2860">
    <p class='ocr_par' dir='ltr' id='par_1_113' title="bbox 2205 2787 3782 2860">
     <span class='ocr_line' id='line_1_114' title="bbox 2205 2787 3782 2860; baseline 0.001 -18"><span class='ocrx_word' id='word_1_825' title='bbox 2205 2787 2420 2860; x_wconf 75' lang='lat' dir='ltr'><strong>Christo</strong></span> <span class='ocrx_word' id='word_1_826' title='bbox 2446 2791 2680 2845; x_wconf 89' lang='lat' dir='ltr'><strong>moribus</strong></span> <span class='ocrx_word' id='word_1_827' title='bbox 2707 2800 3030 2860; x_wconf 71' lang='lat' dir='ltr'><strong>coaequatur.</strong></span> <span class='ocrx_word' id='word_1_828' title='bbox 3053 2791 3126 2844; x_wconf 91' lang='lat' dir='ltr'><strong>De</strong></span> <span class='ocrx_word' id='word_1_829' title='bbox 3146 2788 3358 2844; x_wconf 80' lang='lat' dir='ltr'><strong>Christo</strong></span> <span class='ocrx_word' id='word_1_830' title='bbox 3383 2805 3510 2846; x_wconf 85' lang='lat' dir='ltr'><strong>vero</strong></span> <span class='ocrx_word' id='word_1_831' title='bbox 3534 2804 3632 2858; x_wconf 86' lang='lat' dir='ltr'><strong>per</strong></span> <span class='ocrx_word' id='word_1_832' title='bbox 3657 2787 3782 2860; x_wconf 76' lang='lat' dir='ltr'><strong>pro-</strong></span> 
     </span>
    </p>
   </div>
   <div class='ocr_carea' id='block_1_114' title="bbox 2207 2857 3783 2931">
    <p class='ocr_par' dir='ltr' id='par_1_114' title="bbox 2207 2857 3783 2931">
     <span class='ocr_line' id='line_1_115' title="bbox 2207 2857 3783 2931; baseline 0.001 -19"><span class='ocrx_word' id='word_1_833' title='bbox 2207 2857 2418 2926; x_wconf 90' lang='lat' dir='ltr'><strong>phetam</strong></span> <span class='ocrx_word' id='word_1_834' title='bbox 2442 2861 2512 2915; x_wconf 87' lang='lat' dir='ltr'><strong>ita</strong></span> <span class='ocrx_word' id='word_1_835' title='bbox 2535 2862 2783 2931; x_wconf 87' lang='lat' dir='ltr'><strong>scribitur</strong></span> <span class='ocrx_word' id='word_1_836' title='bbox 2809 2857 2990 2914; x_wconf 53' lang='lat' dir='ltr'><strong>{Ecce</strong></span> <span class='ocrx_word' id='word_1_837' title='bbox 3014 2877 3140 2931; x_wconf 87' lang='lat' dir='ltr'><strong>puer</strong></span> <span class='ocrx_word' id='word_1_838' title='bbox 3163 2876 3302 2915; x_wconf 82' lang='lat' dir='ltr'><strong>meus</strong></span> <span class='ocrx_word' id='word_1_839' title='bbox 3325 2877 3473 2931; x_wconf 81' lang='lat' dir='ltr'><strong>quem</strong></span> <span class='ocrx_word' id='word_1_840' title='bbox 3505 2857 3783 2930; x_wconf 49' lang='lat' dir='ltr'><strong>clegifcle—</strong></span> 
     </span>
    </p>
   </div>
   <div class='ocr_carea' id='block_1_115' title="bbox 2205 2930 3785 3001">
    <p class='ocr_par' dir='ltr' id='par_1_115' title="bbox 2205 2930 3785 3001">
     <span class='ocr_line' id='line_1_116' title="bbox 2205 2930 3785 3001; baseline 0.001 -17"><span class='ocrx_word' id='word_1_841' title='bbox 2205 2938 2314 2984; x_wconf 79' lang='lat' dir='ltr'><strong>ctus</strong></span> <span class='ocrx_word' id='word_1_842' title='bbox 2339 2948 2495 2996; x_wconf 80' lang='lat' dir='ltr'><strong>utens,</strong></span> <span class='ocrx_word' id='word_1_843' title='bbox 2535 2930 2837 3001; x_wconf 75' lang='lat' dir='ltr'><strong>complacuit</strong></span> <span class='ocrx_word' id='word_1_844' title='bbox 2862 2933 2912 2984; x_wconf 89' lang='lat' dir='ltr'><strong>in</strong></span> <span class='ocrx_word' id='word_1_845' title='bbox 2939 2930 3029 2984; x_wconf 84' lang='lat' dir='ltr'><strong>illo</strong></span> <span class='ocrx_word' id='word_1_846' title='bbox 3061 2932 3155 2985; x_wconf 86' lang='lat' dir='ltr'><strong>sibi</strong></span> <span class='ocrx_word' id='word_1_847' title='bbox 3200 2930 3372 2985; x_wconf 81' lang='lat' dir='ltr'><strong>anima</strong></span> <span class='ocrx_word' id='word_1_848' title='bbox 3404 2949 3534 2985; x_wconf 81' lang='lat' dir='ltr'><strong>mea.</strong></span> <span class='ocrx_word' id='word_1_849' title='bbox 3580 2931 3785 2985; x_wconf 79' lang='lat' dir='ltr'><strong>Portam</strong></span> 
     </span>
    </p>
   </div>
   <div class='ocr_carea' id='block_1_116' title="bbox 2203 3001 3779 3072">
    <p class='ocr_par' dir='ltr' id='par_1_116' title="bbox 2203 3001 3779 3072">
     <span class='ocr_line' id='line_1_117' title="bbox 2203 3001 3779 3072; baseline 0 -16"><span class='ocrx_word' id='word_1_850' title='bbox 2203 3002 2435 3071; x_wconf 71' lang='lat' dir='ltr'><strong>spiritum</strong></span> <span class='ocrx_word' id='word_1_851' title='bbox 2463 3018 2630 3056; x_wconf 84' lang='lat' dir='ltr'><strong>meum</strong></span> <span class='ocrx_word' id='word_1_852' title='bbox 2666 3019 2818 3072; x_wconf 80' lang='lat' dir='ltr'><strong>super</strong></span> <span class='ocrx_word' id='word_1_853' title='bbox 2846 3019 2978 3056; x_wconf 76' lang='lat' dir='ltr'><strong>eum.</strong></span> <span class='ocrx_word' id='word_1_854' title='bbox 3015 3001 3132 3056; x_wconf 80' lang='lat' dir='ltr'><strong>Non</strong></span> <span class='ocrx_word' id='word_1_855' title='bbox 3173 3002 3453 3070; x_wconf 80' lang='lat' dir='ltr'><strong>contendet,</strong></span> <span class='ocrx_word' id='word_1_856' title='bbox 3483 3007 3639 3072; x_wconf 76' lang='lat' dir='ltr'><strong>neque</strong></span> <span class='ocrx_word' id='word_1_857' title='bbox 3659 3002 3779 3072; x_wconf 22' lang='lat' dir='ltr'><strong>icta-</strong></span> 
     </span>
    </p>
   </div>
   <div class='ocr_carea' id='block_1_117' title="bbox 2203 3071 3782 3145">
    <p class='ocr_par' dir='ltr' id='par_1_117' title="bbox 2203 3071 3782 3145">
     <span class='ocr_line' id='line_1_118' title="bbox 2203 3071 3782 3145; baseline 0 -20"><span class='ocrx_word' id='word_1_858' title='bbox 2203 3073 2380 3145; x_wconf 82' lang='lat' dir='ltr'><strong>mabit,</strong></span> <span class='ocrx_word' id='word_1_859' title='bbox 2399 3089 2571 3145; x_wconf 69' lang='lat' dir='ltr'><strong>neque</strong></span> <span class='ocrx_word' id='word_1_860' title='bbox 2593 3071 2761 3145; x_wconf 79' lang='lat' dir='ltr'><strong>audiet</strong></span> <span class='ocrx_word' id='word_1_861' title='bbox 2785 3073 2967 3142; x_wconf 84' lang='lat' dir='ltr'><strong>aliquis</strong></span> <span class='ocrx_word' id='word_1_862' title='bbox 2993 3073 3052 3145; x_wconf 83' lang='lat' dir='ltr'><strong>in</strong></span> <span class='ocrx_word' id='word_1_863' title='bbox 3078 3074 3257 3145; x_wconf 72' lang='lat' dir='ltr'><strong>plateis</strong></span> <span class='ocrx_word' id='word_1_864' title='bbox 3290 3089 3456 3126; x_wconf 84' lang='lat' dir='ltr'><strong>vocent</strong></span> <span class='ocrx_word' id='word_1_865' title='bbox 3486 3071 3595 3145; x_wconf 78' lang='lat' dir='ltr'><strong>ejus</strong></span> <span class='ocrx_word' id='word_1_866' title='bbox 3625 3071 3782 3144; x_wconf 84' lang='lat' dir='ltr'><strong>(Isai.</strong></span> 
     </span>
    </p>
   </div>
   <div class='ocr_carea' id='block_1_118' title="bbox 2203 3142 3788 3210">
    <p class='ocr_par' dir='ltr' id='par_1_118' title="bbox 2203 3142 3788 3210">
     <span class='ocr_line' id='line_1_119' title="bbox 2203 3142 3788 3210; baseline 0 -12"><span class='ocrx_word' id='word_1_867' title='bbox 2203 3158 2332 3208; x_wconf 74' lang='lat' dir='ltr'><strong>XLII,</strong></span> <span class='ocrx_word' id='word_1_868' title='bbox 2362 3143 2460 3206; x_wconf 80' lang='lat' dir='ltr'><strong>i5;</strong></span> <span class='ocrx_word' id='word_1_869' title='bbox 2495 3142 2682 3196; x_wconf 78' lang='lat' dir='ltr'><strong>Matth.</strong></span> <span class='ocrx_word' id='word_1_870' title='bbox 2712 3160 2808 3208; x_wconf 84' lang='lat' dir='ltr'><strong>xu,</strong></span> <span class='ocrx_word' id='word_1_871' title='bbox 2840 3145 2951 3210; x_wconf 82' lang='grc'><strong>18).</strong></span> <span class='ocrx_word' id='word_1_872' title='bbox 2987 3144 3125 3198; x_wconf 90' lang='lat' dir='ltr'><strong>Ecce</strong></span> <span class='ocrx_word' id='word_1_873' title='bbox 3151 3143 3394 3198; x_wconf 88' lang='lat' dir='ltr'><strong>Christus</strong></span> <span class='ocrx_word' id='word_1_874' title='bbox 3423 3142 3527 3197; x_wconf 81' lang='lat' dir='ltr'><strong>non</strong></span> <span class='ocrx_word' id='word_1_875' title='bbox 3562 3142 3788 3198; x_wconf 84' lang='lat' dir='ltr'><strong>conten-</strong></span> 
     </span>
    </p>
   </div>
   <div class='ocr_carea' id='block_1_119' title="bbox 2203 3213 3787 3282">
    <p class='ocr_par' dir='ltr' id='par_1_119' title="bbox 2203 3213 3787 3282">
     <span class='ocr_line' id='line_1_120' title="bbox 2203 3213 3787 3282; baseline 0 -14"><span class='ocrx_word' id='word_1_876' title='bbox 2203 3213 2300 3278; x_wconf 87' lang='lat' dir='ltr'><strong>dit,</strong></span> <span class='ocrx_word' id='word_1_877' title='bbox 2331 3229 2504 3282; x_wconf 87' lang='lat' dir='ltr'><strong>neqne</strong></span> <span class='ocrx_word' id='word_1_878' title='bbox 2525 3216 2771 3268; x_wconf 87' lang='lat' dir='ltr'><strong>clamavit</strong></span> <span class='ocrx_word' id='word_1_879' title='bbox 2797 3231 2810 3266; x_wconf 92' lang='lat'>:</span> <span class='ocrx_word' id='word_1_880' title='bbox 2839 3225 2891 3269; x_wconf 91' lang='lat' dir='ltr'><strong>et</strong></span> <span class='ocrx_word' id='word_1_881' title='bbox 2916 3224 2968 3268; x_wconf 91' lang='lat' dir='ltr'><strong>tu</strong></span> <span class='ocrx_word' id='word_1_882' title='bbox 2999 3217 3042 3268; x_wconf 88' lang='lat' dir='ltr'><strong>si</strong></span> <span class='ocrx_word' id='word_1_883' title='bbox 3074 3229 3278 3268; x_wconf 90' lang='lat' dir='ltr'><strong>morum</strong></span> <span class='ocrx_word' id='word_1_884' title='bbox 3304 3213 3500 3270; x_wconf 89' lang='lat' dir='ltr'><strong>Christi</strong></span> <span class='ocrx_word' id='word_1_885' title='bbox 3531 3215 3787 3270; x_wconf 87' lang='lat' dir='ltr'><strong>similitu-</strong></span> 
     </span>
    </p>
   </div>
   <div class='ocr_carea' id='block_1_120' title="bbox 2204 3284 3788 3353">
    <p class='ocr_par' dir='ltr' id='par_1_120' title="bbox 2204 3284 3788 3353">
     <span class='ocr_line' id='line_1_121' title="bbox 2204 3284 3788 3353; baseline 0.002 -16"><span class='ocrx_word' id='word_1_886' title='bbox 2204 3284 2380 3338; x_wconf 89' lang='lat' dir='ltr'><strong>dinem</strong></span> <span class='ocrx_word' id='word_1_887' title='bbox 2425 3288 2654 3340; x_wconf 87' lang='lat' dir='ltr'><strong>rctiuere</strong></span> <span class='ocrx_word' id='word_1_888' title='bbox 2683 3289 2851 3353; x_wconf 90' lang='lat' dir='ltr'><strong>cupis,</strong></span> <span class='ocrx_word' id='word_1_889' title='bbox 2882 3301 2948 3339; x_wconf 90' lang='lat' dir='ltr'><strong>ne</strong></span> <span class='ocrx_word' id='word_1_890' title='bbox 2977 3285 3306 3351; x_wconf 89' lang='lat' dir='ltr'><strong>contendas;</strong></span> <span class='ocrx_word' id='word_1_891' title='bbox 3339 3301 3408 3341; x_wconf 89' lang='lat' dir='ltr'><strong>ne</strong></span> <span class='ocrx_word' id='word_1_892' title='bbox 3445 3285 3703 3340; x_wconf 84' lang='lat' dir='ltr'><strong>abusivus</strong></span> <span class='ocrx_word' id='word_1_893' title='bbox 3733 3285 3788 3340; x_wconf 91' lang='lat' dir='ltr'><strong>in</strong></span> 
     </span>
    </p>
   </div>
   <div class='ocr_carea' id='block_1_121' title="bbox 2204 3354 3789 3411">
    <p class='ocr_par' dir='ltr' id='par_1_121' title="bbox 2204 3354 3789 3411">
     <span class='ocr_line' id='line_1_122' title="bbox 2204 3354 3789 3411; baseline 0.001 -2"><span class='ocrx_word' id='word_1_894' title='bbox 2204 3354 2444 3410; x_wconf 86' lang='lat' dir='ltr'><strong>Ecclesia</strong></span> <span class='ocrx_word' id='word_1_895' title='bbox 2482 3355 2804 3410; x_wconf 79' lang='lat' dir='ltr'><strong>christianos</strong></span> <span class='ocrx_word' id='word_1_896' title='bbox 2837 3356 3053 3410; x_wconf 85' lang='lat' dir='ltr'><strong>existas.</strong></span> <span class='ocrx_word' id='word_1_897' title='bbox 3094 3356 3217 3410; x_wconf 88' lang='lat' dir='ltr'><strong>Suis</strong></span> <span class='ocrx_word' id='word_1_898' title='bbox 3257 3357 3398 3411; x_wconf 91' lang='lat' dir='ltr'><strong>enim</strong></span> <span class='ocrx_word' id='word_1_899' title='bbox 3430 3355 3789 3411; x_wconf 85' lang='lat' dir='ltr'><strong>sectatoribus</strong></span> 
     </span>
    </p>
   </div>
   <div class='ocr_carea' id='block_1_122' title="bbox 2203 3425 3786 3496">
    <p class='ocr_par' dir='ltr' id='par_1_122' title="bbox 2203 3425 3786 3496">
     <span class='ocr_line' id='line_1_123' title="bbox 2203 3425 3786 3496; baseline 0.001 -16"><span class='ocrx_word' id='word_1_900' title='bbox 2203 3425 2448 3482; x_wconf 80' lang='lat' dir='ltr'><strong>Christus</strong></span> <span class='ocrx_word' id='word_1_901' title='bbox 2480 3429 2748 3496; x_wconf 76' lang='lat' dir='ltr'><strong>praecepit,</strong></span> <span class='ocrx_word' id='word_1_902' title='bbox 2784 3425 2957 3480; x_wconf 81' lang='lat' dir='ltr'><strong>Nolite</strong></span> <span class='ocrx_word' id='word_1_903' title='bbox 2977 3429 3143 3481; x_wconf 82' lang='lat' dir='ltr'><strong>vocari</strong></span> <span class='ocrx_word' id='word_1_904' title='bbox 3167 3427 3344 3490; x_wconf 85' lang='lat' dir='ltr'><strong>rnbbi;</strong></span> <span class='ocrx_word' id='word_1_905' title='bbox 3383 3443 3513 3480; x_wconf 82' lang='lat' dir='ltr'><strong>unus</strong></span> <span class='ocrx_word' id='word_1_906' title='bbox 3543 3437 3616 3480; x_wconf 82' lang='lat' dir='ltr'><strong>est</strong></span> <span class='ocrx_word' id='word_1_907' title='bbox 3646 3429 3786 3482; x_wconf 82' lang='lat' dir='ltr'><strong>enim</strong></span> 
     </span>
    </p>
   </div>
   <div class='ocr_carea' id='block_1_123' title="bbox 2204 3496 3791 3568">
    <p class='ocr_par' dir='ltr' id='par_1_123' title="bbox 2204 3496 3791 3568">
     <span class='ocr_line' id='line_1_124' title="bbox 2204 3496 3791 3568; baseline 0.001 -18"><span class='ocrx_word' id='word_1_908' title='bbox 2204 3499 2440 3568; x_wconf 81' lang='lat' dir='ltr'><strong>magister</strong></span> <span class='ocrx_word' id='word_1_909' title='bbox 2479 3508 2656 3562; x_wconf 81' lang='lat' dir='ltr'><strong>vester,</strong></span> <span class='ocrx_word' id='word_1_910' title='bbox 2684 3498 2766 3566; x_wconf 85' lang='lat' dir='ltr'><strong>qui</strong></span> <span class='ocrx_word' id='word_1_911' title='bbox 2793 3507 2863 3551; x_wconf 84' lang='lat' dir='ltr'><strong>est</strong></span> <span class='ocrx_word' id='word_1_912' title='bbox 2888 3496 3113 3552; x_wconf 78' lang='lat' dir='ltr'><strong>Christus</strong></span> <span class='ocrx_word' id='word_1_913' title='bbox 3141 3514 3160 3551; x_wconf 89' lang='lat'><strong><em>:</em></strong></span> <span class='ocrx_word' id='word_1_914' title='bbox 3190 3507 3460 3568; x_wconf 22' lang='lat' dir='ltr'><strong>etipatrem</strong></span> <span class='ocrx_word' id='word_1_915' title='bbox 3497 3499 3658 3552; x_wconf 83' lang='lat' dir='ltr'><strong>nolite</strong></span> <span class='ocrx_word' id='word_1_916' title='bbox 3703 3514 3791 3552; x_wconf 78' lang='grc' dir='ltr'><strong>ιό‹</strong></span> 
     </span>
    </p>
   </div>
   <div class='ocr_carea' id='block_1_124' title="bbox 2203 3567 3790 3638">
    <p class='ocr_par' dir='ltr' id='par_1_124' title="bbox 2203 3567 3790 3638">
     <span class='ocr_line' id='line_1_125' title="bbox 2203 3567 3790 3638; baseline 0.003 -18"><span class='ocrx_word' id='word_1_917' title='bbox 2203 3567 2319 3621; x_wconf 82' lang='lat' dir='ltr'><strong>care</strong></span> <span class='ocrx_word' id='word_1_918' title='bbox 2351 3585 2502 3638; x_wconf 81' lang='lat' dir='ltr'><strong>super</strong></span> <span class='ocrx_word' id='word_1_919' title='bbox 2529 3577 2748 3632; x_wconf 83' lang='lat' dir='ltr'><strong>terram;</strong></span> <span class='ocrx_word' id='word_1_920' title='bbox 2787 3584 2918 3621; x_wconf 88' lang='lat' dir='ltr'><strong>unus</strong></span> <span class='ocrx_word' id='word_1_921' title='bbox 2953 3578 3024 3622; x_wconf 82' lang='lat' dir='ltr'><strong>est</strong></span> <span class='ocrx_word' id='word_1_922' title='bbox 3053 3569 3186 3624; x_wconf 79' lang='lat' dir='ltr'><strong>enim</strong></span> <span class='ocrx_word' id='word_1_923' title='bbox 3225 3567 3381 3622; x_wconf 84' lang='lat' dir='ltr'><strong>Pater</strong></span> <span class='ocrx_word' id='word_1_924' title='bbox 3423 3578 3584 3622; x_wconf 78' lang='lat' dir='ltr'><strong>vester</strong></span> <span class='ocrx_word' id='word_1_925' title='bbox 3607 3569 3696 3638; x_wconf 81' lang='lat' dir='ltr'><strong>qui</strong></span> <span class='ocrx_word' id='word_1_926' title='bbox 3734 3569 3790 3624; x_wconf 78' lang='lat' dir='ltr'><strong>in</strong></span> 
     </span>
    </p>
   </div>
   <div class='ocr_carea' id='block_1_125' title="bbox 2202 3638 3782 3711">
    <p class='ocr_par' dir='ltr' id='par_1_125' title="bbox 2202 3638 3782 3711">
     <span class='ocr_line' id='line_1_126' title="bbox 2202 3638 3782 3711; baseline 0 -19"><span class='ocrx_word' id='word_1_927' title='bbox 2202 3640 2337 3711; x_wconf 66' lang='lat' dir='ltr'><strong>rte/is</strong></span> <span class='ocrx_word' id='word_1_928' title='bbox 2361 3650 2452 3693; x_wconf 86' lang='lat' dir='ltr'><strong>est.</strong></span> <span class='ocrx_word' id='word_1_929' title='bbox 2486 3639 2684 3711; x_wconf 61' lang='lat' dir='ltr'><strong>Omnes</strong></span> <span class='ocrx_word' id='word_1_930' title='bbox 2709 3639 2956 3711; x_wconf 63' lang='lat' dir='ltr'><strong>eninttvos</strong></span> <span class='ocrx_word' id='word_1_931' title='bbox 2995 3643 3175 3711; x_wconf 77' lang='lat' dir='ltr'><strong>fratres</strong></span> <span class='ocrx_word' id='word_1_932' title='bbox 3205 3640 3319 3693; x_wconf 85' lang='lat' dir='ltr'><strong>estis</strong></span> <span class='ocrx_word' id='word_1_933' title='bbox 3364 3638 3573 3711; x_wconf 71' lang='lat' dir='ltr'><strong>(tilattlz.</strong></span> <span class='ocrx_word' id='word_1_934' title='bbox 3626 3655 3782 3705; x_wconf 74' lang='grc' dir='ltr'>χχιιι,</span> 
     </span>
    </p>
   </div>
   <div class='ocr_carea' id='block_1_126' title="bbox 2203 3708 3788 3781">
    <p class='ocr_par' dir='ltr' id='par_1_126' title="bbox 2203 3708 3788 3781">
     <span class='ocr_line' id='line_1_127' title="bbox 2203 3708 3788 3781; baseline -0.001 -18"><span class='ocrx_word' id='word_1_935' title='bbox 2203 3710 2256 3773; x_wconf 83' lang='grc'>8,</span> <span class='ocrx_word' id='word_1_936' title='bbox 2283 3709 2362 3781; x_wconf 91' lang='lat'><strong>9).</strong></span> <span class='ocrx_word' id='word_1_937' title='bbox 2393 3711 2596 3777; x_wconf 81' lang='lat' dir='ltr'><strong>Quibus</strong></span> <span class='ocrx_word' id='word_1_938' title='bbox 2623 3709 2704 3781; x_wconf 88' lang='lat' dir='ltr'><strong>ad_</strong></span> <span class='ocrx_word' id='word_1_939' title='bbox 2725 3709 3126 3778; x_wconf 89' lang='lat' dir='ltr'><strong>supplicandum</strong></span> <span class='ocrx_word' id='word_1_940' title='bbox 3152 3708 3430 3781; x_wconf 79' lang='lat' dir='ltr'><strong>imperavit</strong></span> <span class='ocrx_word' id='word_1_941' title='bbox 3456 3708 3666 3774; x_wconf 89' lang='lat' dir='ltr'><strong>dicens,</strong></span> <span class='ocrx_word' id='word_1_942' title='bbox 3697 3711 3788 3764; x_wconf 82' lang='lat' dir='ltr'><strong>Sic</strong></span> 
     </span>
    </p>
   </div>
   <div class='ocr_carea' id='block_1_127' title="bbox 2202 3779 3791 3850">
    <p class='ocr_par' dir='ltr' id='par_1_127' title="bbox 2202 3779 3791 3850">
     <span class='ocr_line' id='line_1_128' title="bbox 2202 3779 3791 3850; baseline 0 -16"><span class='ocrx_word' id='word_1_943' title='bbox 2202 3779 2366 3834; x_wconf 81' lang='lat' dir='ltr'><strong>autem</strong></span> <span class='ocrx_word' id='word_1_944' title='bbox 2394 3781 2597 3834; x_wconf 85' lang='lat' dir='ltr'><strong>orabitis</strong></span> <span class='ocrx_word' id='word_1_945' title='bbox 2625 3796 2643 3834; x_wconf 91' lang='lat'><strong><em>:</em></strong></span> <span class='ocrx_word' id='word_1_946' title='bbox 2671 3779 2824 3850; x_wconf 79' lang='lat' dir='ltr'><strong>Pater</strong></span> <span class='ocrx_word' id='word_1_947' title='bbox 2849 3791 3015 3850; x_wconf 78' lang='lat' dir='ltr'><strong>noster</strong></span> <span class='ocrx_word' id='word_1_948' title='bbox 3041 3782 3126 3850; x_wconf 86' lang='lat' dir='ltr'><strong>qui</strong></span> <span class='ocrx_word' id='word_1_949' title='bbox 3147 3797 3197 3835; x_wconf 86' lang='lat' dir='ltr'><strong>es</strong></span> <span class='ocrx_word' id='word_1_950' title='bbox 3226 3781 3279 3834; x_wconf 90' lang='lat' dir='ltr'><strong>in</strong></span> <span class='ocrx_word' id='word_1_951' title='bbox 3305 3779 3462 3846; x_wconf 75' lang='lat' dir='ltr'><strong>aclis,</strong></span> <span class='ocrx_word' id='word_1_952' title='bbox 3497 3781 3791 3848; x_wconf 73' lang='lat' dir='ltr'><strong>sanctifica-</strong></span> 
     </span>
    </p>
   </div>
   <div class='ocr_carea' id='block_1_128' title="bbox 2203 3848 3785 3922">
    <p class='ocr_par' dir='ltr' id='par_1_128' title="bbox 2203 3848 3785 3922">
     <span class='ocr_line' id='line_1_129' title="bbox 2203 3848 3785 3922; baseline 0.001 -18"><span class='ocrx_word' id='word_1_953' title='bbox 2203 3862 2286 3904; x_wconf 88' lang='lat' dir='ltr'><strong>tur</strong></span> <span class='ocrx_word' id='word_1_954' title='bbox 2314 3868 2493 3905; x_wconf 81' lang='lat' dir='ltr'><strong>nomen</strong></span> <span class='ocrx_word' id='word_1_955' title='bbox 2523 3861 2662 3904; x_wconf 85' lang='lat' dir='ltr'><strong>tuum</strong></span> <span class='ocrx_word' id='word_1_956' title='bbox 2691 3849 2800 3919; x_wconf 88' lang='lat' dir='ltr'><strong>(Id.</strong></span> <span class='ocrx_word' id='word_1_957' title='bbox 2822 3865 2896 3922; x_wconf 81' lang='lat' dir='ltr'><strong>vt,</strong></span> <span class='ocrx_word' id='word_1_958' title='bbox 2921 3848 3000 3922; x_wconf 88' lang='lat'><strong>9),</strong></span> <span class='ocrx_word' id='word_1_959' title='bbox 3033 3848 3086 3906; x_wconf 85' lang='lat' dir='ltr'><strong>et</strong></span> <span class='ocrx_word' id='word_1_960' title='bbox 3111 3861 3324 3906; x_wconf 63' lang='lat' dir='ltr'><strong>caetera.</strong></span> <span class='ocrx_word' id='word_1_961' title='bbox 3354 3850 3573 3905; x_wconf 86' lang='lat' dir='ltr'><strong>Frustra</strong></span> <span class='ocrx_word' id='word_1_962' title='bbox 3600 3861 3785 3906; x_wconf 86' lang='lat' dir='ltr'><strong>autem</strong></span> 
     </span>
    </p>
   </div>
   <div class='ocr_carea' id='block_1_129' title="bbox 2178 3919 3788 4002">
    <p class='ocr_par' dir='ltr' id='par_1_129' title="bbox 2178 3919 3788 4002">
     <span class='ocr_line' id='line_1_130' title="bbox 2178 3919 3788 4002; baseline 0.002 -27"><span class='ocrx_word' id='word_1_963' title='bbox 2178 3922 2471 4002; x_wconf 84' lang='lat' dir='ltr'><strong>contendit</strong></span> <span class='ocrx_word' id='word_1_964' title='bbox 2514 3923 2724 4002; x_wconf 71' lang='lat' dir='ltr'><strong>Patrem</strong></span> <span class='ocrx_word' id='word_1_965' title='bbox 2765 3937 2824 3976; x_wconf 91' lang='lat' dir='ltr'><strong>se</strong></span> <span class='ocrx_word' id='word_1_966' title='bbox 2851 3919 3048 4002; x_wconf 75' lang='lat' dir='ltr'><strong>habere</strong></span> <span class='ocrx_word' id='word_1_967' title='bbox 3078 3923 3130 4002; x_wconf 91' lang='lat' dir='ltr'><strong>in</strong></span> <span class='ocrx_word' id='word_1_968' title='bbox 3164 3931 3325 4002; x_wconf 78' lang='lat' dir='ltr'><strong>terra,</strong></span> <span class='ocrx_word' id='word_1_969' title='bbox 3353 3922 3441 3992; x_wconf 92' lang='lat' dir='ltr'><strong>qui</strong></span> <span class='ocrx_word' id='word_1_970' title='bbox 3467 3930 3692 4002; x_wconf 68' lang='lat' dir='ltr'><strong>patrem</strong></span> <span class='ocrx_word' id='word_1_971' title='bbox 3719 3931 3788 4002; x_wconf 41' lang='lat' dir='ltr'><strong>.ct.</strong></span> 
     </span>
    </p>
   </div>
   <div class='ocr_carea' id='block_1_130' title="bbox 2203 3991 3786 4062">
    <p class='ocr_par' dir='ltr' id='par_1_130' title="bbox 2203 3991 3786 4062">
     <span class='ocr_line' id='line_1_131' title="bbox 2203 3991 3786 4062; baseline 0.001 -16"><span class='ocrx_word' id='word_1_972' title='bbox 2203 3995 2424 4061; x_wconf 87' lang='lat' dir='ltr'><strong>patriam</strong></span> <span class='ocrx_word' id='word_1_973' title='bbox 2457 3993 2733 4062; x_wconf 89' lang='lat' dir='ltr'><strong>proﬁtetur</strong></span> <span class='ocrx_word' id='word_1_974' title='bbox 2761 4007 2819 4048; x_wconf 87' lang='lat' dir='ltr'><strong>se</strong></span> <span class='ocrx_word' id='word_1_975' title='bbox 2859 3991 3056 4047; x_wconf 87' lang='lat' dir='ltr'><strong>habere</strong></span> <span class='ocrx_word' id='word_1_976' title='bbox 3084 3993 3136 4047; x_wconf 91' lang='lat' dir='ltr'><strong>in</strong></span> <span class='ocrx_word' id='word_1_977' title='bbox 3167 3993 3306 4049; x_wconf 68' lang='lat' dir='ltr'><strong>coelo</strong></span> <span class='ocrx_word' id='word_1_978' title='bbox 3337 3991 3547 4062; x_wconf 58' lang='lat' dir='ltr'><strong>{cujus</strong></span> <span class='ocrx_word' id='word_1_979' title='bbox 3589 3993 3786 4062; x_wconf 76' lang='lat' dir='ltr'><strong>patria:</strong></span> 
     </span>
    </p>
   </div>
   <div class='ocr_carea' id='block_1_131' title="bbox 2202 4063 3787 4134">
    <p class='ocr_par' dir='ltr' id='par_1_131' title="bbox 2202 4063 3787 4134">
     <span class='ocr_line' id='line_1_132' title="bbox 2202 4063 3787 4134; baseline 0.002 -18"><span class='ocrx_word' id='word_1_980' title='bbox 2202 4079 2480 4132; x_wconf 86' lang='lat' dir='ltr'><strong>possessor</strong></span> <span class='ocrx_word' id='word_1_981' title='bbox 2509 4080 2666 4119; x_wconf 90' lang='lat' dir='ltr'><strong>nemo</strong></span> <span class='ocrx_word' id='word_1_982' title='bbox 2706 4063 2955 4134; x_wconf 81' lang='lat' dir='ltr'><strong>efﬁcitur,</strong></span> <span class='ocrx_word' id='word_1_983' title='bbox 2984 4063 3087 4118; x_wconf 91' lang='lat' dir='ltr'><strong>nisi</strong></span> <span class='ocrx_word' id='word_1_984' title='bbox 3116 4063 3206 4134; x_wconf 87' lang='lat' dir='ltr'><strong>qui</strong></span> <span class='ocrx_word' id='word_1_985' title='bbox 3234 4063 3302 4119; x_wconf 86' lang='lat' dir='ltr'><strong>de</strong></span> <span class='ocrx_word' id='word_1_986' title='bbox 3340 4071 3569 4118; x_wconf 74' lang='lat' dir='ltr'><strong>terrena:</strong></span> <span class='ocrx_word' id='word_1_987' title='bbox 3597 4065 3787 4134; x_wconf 68' lang='lat' dir='ltr'><strong>patria:</strong></span> 
     </span>
    </p>
   </div>
   <div class='ocr_carea' id='block_1_132' title="bbox 2203 4133 3072 4190">
    <p class='ocr_par' dir='ltr' id='par_1_132' title="bbox 2203 4133 3072 4190">
     <span class='ocr_line' id='line_1_133' title="bbox 2203 4133 3072 4190; baseline -0.003 -1"><span class='ocrx_word' id='word_1_988' title='bbox 2203 4138 2544 4190; x_wconf 87' lang='lat' dir='ltr'><strong>contentione</strong></span> <span class='ocrx_word' id='word_1_989' title='bbox 2576 4148 2800 4189; x_wconf 88' lang='lat' dir='ltr'><strong>securus</strong></span> <span class='ocrx_word' id='word_1_990' title='bbox 2829 4133 3072 4188; x_wconf 90' lang='lat' dir='ltr'><strong>habetur.</strong></span> 
     </span>
    </p>
   </div>
   <div class='ocr_carea' id='block_1_133' title="bbox 2253 4203 3789 4276">
    <p class='ocr_par' dir='ltr' id='par_1_133' title="bbox 2253 4203 3789 4276">
     <span class='ocr_line' id='line_1_134' title="bbox 2253 4203 3789 4276; baseline -0.002 -15"><span class='ocrx_word' id='word_1_991' title='bbox 2253 4206 2294 4261; x_wconf 75' lang='grc' dir='ltr'><strong>(ἶ</strong></span> <span class='ocrx_word' id='word_1_992' title='bbox 2305 4207 2342 4258; x_wconf 72' lang='grc' dir='ltr'><strong>ιι</strong></span> <span class='ocrx_word' id='word_1_993' title='bbox 2351 4207 2389 4258; x_wconf 81' lang='grc' dir='ltr'><strong>Α</strong></span> <span class='ocrx_word' id='word_1_994' title='bbox 2400 4205 2528 4262; x_wconf 90' lang='lat' dir='ltr'><strong>DUS</strong></span> <span class='ocrx_word' id='word_1_995' title='bbox 2539 4205 2576 4259; x_wconf 86' lang='lat' dir='ltr'><strong>V</strong></span> <span class='ocrx_word' id='word_1_996' title='bbox 2586 4205 2666 4259; x_wconf 88' lang='grc' dir='ltr'><strong>ΙΙΙ.</strong></span> <span class='ocrx_word' id='word_1_997' title='bbox 2675 4203 2882 4274; x_wconf 84' lang='lat' dir='ltr'><strong>Pauper</strong></span> <span class='ocrx_word' id='word_1_998' title='bbox 2893 4205 3152 4276; x_wconf 73' lang='lat' dir='ltr'><strong>superbus.</strong></span> <span class='ocrx_word' id='word_1_999' title='bbox 3163 4203 3366 4276; x_wconf 83' lang='lat' dir='ltr'><strong>Pauper</strong></span> <span class='ocrx_word' id='word_1_1000' title='bbox 3376 4203 3580 4274; x_wconf 77' lang='lat' dir='ltr'><strong>spiritu,</strong></span> <span class='ocrx_word' id='word_1_1001' title='bbox 3590 4221 3789 4276; x_wconf 81' lang='lat' dir='ltr'><strong>pauper</strong></span> 
     </span>
    </p>
   </div>
   <div class='ocr_carea' id='block_1_134' title="bbox 2202 4274 3786 4344">
    <p class='ocr_par' dir='ltr' id='par_1_134' title="bbox 2202 4274 3786 4344">
     <span class='ocr_line' id='line_1_135' title="bbox 2202 4274 3786 4344; baseline 0 -13"><span class='ocrx_word' id='word_1_1002' title='bbox 2202 4277 2421 4336; x_wconf 83' lang='lat' dir='ltr'><strong>humilis.</strong></span> <span class='ocrx_word' id='word_1_1003' title='bbox 2454 4276 2656 4331; x_wconf 78' lang='lat' dir='ltr'><strong>Nobilis</strong></span> <span class='ocrx_word' id='word_1_1004' title='bbox 2682 4291 2889 4344; x_wconf 69' lang='lat' dir='ltr'><strong>pauper.</strong></span> <span class='ocrx_word' id='word_1_1005' title='bbox 2913 4274 3142 4330; x_wconf 88' lang='lat' dir='ltr'><strong>Octavus</strong></span> <span class='ocrx_word' id='word_1_1006' title='bbox 3157 4274 3429 4331; x_wconf 85' lang='lat' dir='ltr'><strong>abusionis</strong></span> <span class='ocrx_word' id='word_1_1007' title='bbox 3452 4277 3651 4344; x_wconf 83' lang='lat' dir='ltr'><strong>gradus</strong></span> <span class='ocrx_word' id='word_1_1008' title='bbox 3680 4274 3786 4342; x_wconf 78' lang='lat' dir='ltr'><strong>est,</strong></span> 
     </span>
    </p>
   </div>
   <div class='ocr_carea' id='block_1_135' title="bbox 2203 4345 3787 4418">
    <p class='ocr_par' dir='ltr' id='par_1_135' title="bbox 2203 4345 3787 4418">
     <span class='ocr_line' id='line_1_136' title="bbox 2203 4345 3787 4418; baseline 0.001 -18"><span class='ocrx_word' id='word_1_1009' title='bbox 2203 4362 2400 4418; x_wconf 88' lang='lat' dir='ltr'><strong>pauper</strong></span> <span class='ocrx_word' id='word_1_1010' title='bbox 2415 4348 2692 4416; x_wconf 89' lang='lat' dir='ltr'><strong>superbus,</strong></span> <span class='ocrx_word' id='word_1_1011' title='bbox 2710 4345 2801 4418; x_wconf 88' lang='lat' dir='ltr'><strong>qui</strong></span> <span class='ocrx_word' id='word_1_1012' title='bbox 2823 4345 2952 4418; x_wconf 86' lang='lat' dir='ltr'><strong>nihil</strong></span> <span class='ocrx_word' id='word_1_1013' title='bbox 2975 4345 3195 4414; x_wconf 89' lang='lat' dir='ltr'><strong>habens,</strong></span> <span class='ocrx_word' id='word_1_1014' title='bbox 3215 4347 3268 4400; x_wconf 91' lang='lat' dir='ltr'><strong>in</strong></span> <span class='ocrx_word' id='word_1_1015' title='bbox 3289 4346 3591 4418; x_wconf 85' lang='lat' dir='ltr'><strong>superbiam</strong></span> <span class='ocrx_word' id='word_1_1016' title='bbox 3609 4347 3787 4418; x_wconf 81' lang='lat' dir='ltr'><strong>extol-</strong></span> 
     </span>
    </p>
   </div>
   <div class='ocr_carea' id='block_1_136' title="bbox 2203 4417 3790 4486">
    <p class='ocr_par' dir='ltr' id='par_1_136' title="bbox 2203 4417 3790 4486">
     <span class='ocr_line' id='line_1_137' title="bbox 2203 4417 3790 4486; baseline -0.003 -12"><span class='ocrx_word' id='word_1_1017' title='bbox 2203 4417 2353 4474; x_wconf 85' lang='lat' dir='ltr'><strong>litor:</strong></span> <span class='ocrx_word' id='word_1_1018' title='bbox 2370 4435 2492 4474; x_wconf 87' lang='lat' dir='ltr'><strong>cum</strong></span> <span class='ocrx_word' id='word_1_1019' title='bbox 2517 4433 2546 4472; x_wconf 93' lang='lat' dir='ltr'><strong>e</strong></span> <span class='ocrx_word' id='word_1_1020' title='bbox 2575 4417 2842 4472; x_wconf 86' lang='lat' dir='ltr'><strong>contrario</strong></span> <span class='ocrx_word' id='word_1_1021' title='bbox 2869 4417 3117 4472; x_wconf 89' lang='lat' dir='ltr'><strong>divitibus</strong></span> <span class='ocrx_word' id='word_1_1022' title='bbox 3133 4419 3310 4472; x_wconf 77' lang='lat' dir='ltr'><strong>saeculi</strong></span> <span class='ocrx_word' id='word_1_1023' title='bbox 3332 4417 3436 4472; x_wconf 91' lang='lat' dir='ltr'><strong>non</strong></span> <span class='ocrx_word' id='word_1_1024' title='bbox 3454 4417 3686 4486; x_wconf 86' lang='lat' dir='ltr'><strong>superbe</strong></span> <span class='ocrx_word' id='word_1_1025' title='bbox 3710 4431 3790 4472; x_wconf 82' lang='lat' dir='ltr'><strong>sa-</strong></span> 
     </span>
    </p>
   </div>
   <div class='ocr_carea' id='block_1_137' title="bbox 2203 4487 3788 4612">
    <p class='ocr_par' dir='ltr' id='par_1_137' title="bbox 2203 4487 3788 4612">
     <span class='ocr_line' id='line_1_138' title="bbox 2203 4487 3788 4612; baseline 0 -68"><span class='ocrx_word' id='word_1_1026' title='bbox 2203 4505 2329 4561; x_wconf 89' lang='lat' dir='ltr'><strong>pere</strong></span> <span class='ocrx_word' id='word_1_1027' title='bbox 2359 4505 2450 4559; x_wconf 86' lang='lat' dir='ltr'><strong>por</strong></span> <span class='ocrx_word' id='word_1_1028' title='bbox 2467 4490 2763 4560; x_wconf 89' lang='lat' dir='ltr'><strong>apostolum</strong></span> <span class='ocrx_word' id='word_1_1029' title='bbox 2791 4488 3010 4542; x_wconf 88' lang='lat' dir='ltr'><strong>Paulmn</strong></span> <span class='ocrx_word' id='word_1_1030' title='bbox 3033 4488 3320 4558; x_wconf 88' lang='lat' dir='ltr'><strong>imperetur</strong></span> <span class='ocrx_word' id='word_1_1031' title='bbox 3341 4488 3385 4558; x_wconf 89' lang='grc' dir='ltr'><strong>(ι</strong></span> <span class='ocrx_word' id='word_1_1032' title='bbox 3410 4487 3545 4542; x_wconf 85' lang='lat' dir='ltr'><strong>Tim.</strong></span> <span class='ocrx_word' id='word_1_1033' title='bbox 3574 4503 3648 4553; x_wconf 78' lang='lat' dir='ltr'><strong>vr,</strong></span> <span class='ocrx_word' id='word_1_1034' title='bbox 3669 4487 3788 4612; x_wconf 59' lang='grc'><strong>171).</strong></span> 
     </span>
     <span class='ocr_line' id='line_1_139' title="bbox 2203 4558 3788 4612; baseline 0 0"><span class='ocrx_word' id='word_1_1035' title='bbox 2203 4561 2335 4612; x_wconf 79' lang='lat' dir='ltr'><strong>Ouid</strong></span> <span class='ocrx_word' id='word_1_1036' title='bbox 2356 4577 2481 4612; x_wconf 70' lang='lat' dir='ltr'><strong>eruo</strong></span> <span class='ocrx_word' id='word_1_1037' title='bbox 2501 4560 2742 4612; x_wconf 88' lang='lat' dir='ltr'><strong>stolidius</strong></span> <span class='ocrx_word' id='word_1_1038' title='bbox 2757 4567 2929 4612; x_wconf 78' lang='lat' dir='ltr'><strong>potest</strong></span> <span class='ocrx_word' id='word_1_1039' title='bbox 2943 4559 3076 4612; x_wconf 87' lang='lat' dir='ltr'><strong>ﬁeri.</strong></span> <span class='ocrx_word' id='word_1_1040' title='bbox 3091 4575 3247 4612; x_wconf 82' lang='lat' dir='ltr'><strong>quam</strong></span> <span class='ocrx_word' id='word_1_1041' title='bbox 3262 4559 3432 4612; x_wconf 84' lang='lat' dir='ltr'><strong>illum.</strong></span> <span class='ocrx_word' id='word_1_1042' title='bbox 3445 4558 3532 4612; x_wconf 85' lang='lat' dir='ltr'><strong>aui</strong></span> <span class='ocrx_word' id='word_1_1043' title='bbox 3556 4573 3652 4612; x_wconf 82' lang='lat' dir='ltr'><strong>per</strong></span> <span class='ocrx_word' id='word_1_1044' title='bbox 3669 4560 3722 4612; x_wconf 90' lang='lat' dir='ltr'><strong>in</strong></span> <span class='ocrx_word' id='word_1_1045' title='bbox 3745 4577 3788 4612; x_wconf 89' lang='grc' dir='ltr'>ι-</span> 
     </span>
    </p>
   </div>
   <div class='ocr_carea' id='block_1_138' title="bbox 2203 4558 3790 4630">
    <p class='ocr_par' dir='ltr' id='par_1_138' title="bbox 2203 4558 3790 4630">
     <span class='ocr_line' id='line_1_140' title="bbox 2203 4558 3790 4630; baseline -0.003 -14"><span class='ocrx_word' id='word_1_1046' title='bbox 2203 4558 2336 4628; x_wconf 84' lang='lat' dir='ltr'><strong>Quid</strong></span> <span class='ocrx_word' id='word_1_1047' title='bbox 2356 4558 2481 4630; x_wconf 86' lang='lat' dir='ltr'><strong>ergo</strong></span> <span class='ocrx_word' id='word_1_1048' title='bbox 2501 4558 2742 4615; x_wconf 85' lang='lat' dir='ltr'><strong>stolidius</strong></span> <span class='ocrx_word' id='word_1_1049' title='bbox 2756 4567 2929 4626; x_wconf 89' lang='lat' dir='ltr'><strong>potest</strong></span> <span class='ocrx_word' id='word_1_1050' title='bbox 2943 4559 3076 4624; x_wconf 85' lang='lat' dir='ltr'><strong>ﬁeri,</strong></span> <span class='ocrx_word' id='word_1_1051' title='bbox 3091 4575 3247 4630; x_wconf 89' lang='lat' dir='ltr'><strong>quam</strong></span> <span class='ocrx_word' id='word_1_1052' title='bbox 3262 4559 3432 4626; x_wconf 86' lang='lat' dir='ltr'><strong>illum,</strong></span> <span class='ocrx_word' id='word_1_1053' title='bbox 3445 4558 3532 4628; x_wconf 91' lang='lat' dir='ltr'><strong>qui</strong></span> <span class='ocrx_word' id='word_1_1054' title='bbox 3533 4573 3652 4630; x_wconf 85' lang='lat' dir='ltr'><strong>_per</strong></span> <span class='ocrx_word' id='word_1_1055' title='bbox 3669 4558 3790 4613; x_wconf 88' lang='lat' dir='ltr'><strong>inﬁ-</strong></span> 
     </span>
    </p>
   </div>
   <div class='ocr_carea' id='block_1_139' title="bbox 2203 4629 3794 4699">
    <p class='ocr_par' dir='ltr' id='par_1_139' title="bbox 2203 4629 3794 4699">
     <span class='ocr_line' id='line_1_141' title="bbox 2203 4629 3794 4699; baseline -0.001 -12"><span class='ocrx_word' id='word_1_1056' title='bbox 2203 4649 2343 4688; x_wconf 89' lang='lat' dir='ltr'><strong>mam</strong></span> <span class='ocrx_word' id='word_1_1057' title='bbox 2389 4629 2655 4686; x_wconf 84' lang='lat' dir='ltr'><strong>miseriam</strong></span> <span class='ocrx_word' id='word_1_1058' title='bbox 2682 4630 2825 4684; x_wconf 89' lang='lat' dir='ltr'><strong>velut</strong></span> <span class='ocrx_word' id='word_1_1059' title='bbox 2845 4630 2895 4683; x_wconf 94' lang='lat' dir='ltr'><strong>in</strong></span> <span class='ocrx_word' id='word_1_1060' title='bbox 2925 4639 3119 4684; x_wconf 88' lang='lat' dir='ltr'><strong>terram</strong></span> <span class='ocrx_word' id='word_1_1061' title='bbox 3153 4629 3411 4699; x_wconf 68' lang='lat' dir='ltr'><strong>alijectus,</strong></span> <span class='ocrx_word' id='word_1_1062' title='bbox 3434 4629 3707 4684; x_wconf 79' lang='lat' dir='ltr'><strong>extt&#39;cmus</strong></span> <span class='ocrx_word' id='word_1_1063' title='bbox 3735 4639 3794 4686; x_wconf 87' lang='lat' dir='ltr'><strong>et</strong></span> 
     </span>
    </p>
   </div>
   <div class='ocr_carea' id='block_1_140' title="bbox 2204 4700 3789 4769">
    <p class='ocr_par' dir='ltr' id='par_1_140' title="bbox 2204 4700 3789 4769">
     <span class='ocr_line' id='line_1_142' title="bbox 2204 4700 3789 4769; baseline -0.001 -11"><span class='ocrx_word' id='word_1_1064' title='bbox 2204 4704 2420 4758; x_wconf 82' lang='lat' dir='ltr'><strong>humilis</strong></span> <span class='ocrx_word' id='word_1_1065' title='bbox 2448 4703 2697 4757; x_wconf 90' lang='lat' dir='ltr'><strong>incedere</strong></span> <span class='ocrx_word' id='word_1_1066' title='bbox 2723 4709 2776 4754; x_wconf 88' lang='lat' dir='ltr'><strong>et</strong></span> <span class='ocrx_word' id='word_1_1067' title='bbox 2800 4701 3103 4754; x_wconf 86' lang='lat' dir='ltr'><strong>contristari</strong></span> <span class='ocrx_word' id='word_1_1068' title='bbox 3127 4700 3401 4766; x_wconf 88' lang='lat' dir='ltr'><strong>debuerat,</strong></span> <span class='ocrx_word' id='word_1_1069' title='bbox 3432 4701 3789 4769; x_wconf 89' lang='lat' dir='ltr'><strong>supercilioso</strong></span> 
     </span>
    </p>
   </div>
   <div class='ocr_carea' id='block_1_141' title="bbox 2203 4771 3785 4844">
    <p class='ocr_par' dir='ltr' id='par_1_141' title="bbox 2203 4771 3785 4844">
     <span class='ocr_line' id='line_1_143' title="bbox 2203 4771 3785 4844; baseline -0.003 -15"><span class='ocrx_word' id='word_1_1070' title='bbox 2203 4773 2468 4844; x_wconf 74' lang='lat' dir='ltr'><strong>superbia:</strong></span> <span class='ocrx_word' id='word_1_1071' title='bbox 2501 4771 2959 4844; x_wconf 83' lang='lat' dir='ltr'><strong>tumoreinﬁatam</strong></span> <span class='ocrx_word' id='word_1_1072' title='bbox 2987 4781 3220 4844; x_wconf 83' lang='lat' dir='ltr'><strong>mentem</strong></span> <span class='ocrx_word' id='word_1_1073' title='bbox 3247 4782 3432 4826; x_wconf 87' lang='lat' dir='ltr'><strong>contra</strong></span> <span class='ocrx_word' id='word_1_1074' title='bbox 3463 4771 3631 4844; x_wconf 82' lang='lat' dir='ltr'><strong>Deum</strong></span> <span class='ocrx_word' id='word_1_1075' title='bbox 3672 4773 3785 4825; x_wconf 87' lang='lat' dir='ltr'><strong>eri-</strong></span> 
     </span>
    </p>
   </div>
   <div class='ocr_carea' id='block_1_142' title="bbox 2202 4842 3793 4917">
    <p class='ocr_par' dir='ltr' id='par_1_142' title="bbox 2202 4842 3793 4917">
     <span class='ocr_line' id='line_1_144' title="bbox 2202 4842 3793 4917; baseline -0.001 -17"><span class='ocrx_word' id='word_1_1076' title='bbox 2202 4842 2364 4917; x_wconf 82' lang='lat' dir='ltr'><strong>gere?</strong></span> <span class='ocrx_word' id='word_1_1077' title='bbox 2393 4846 2493 4917; x_wconf 86' lang='lat' dir='ltr'><strong>Per</strong></span> <span class='ocrx_word' id='word_1_1078' title='bbox 2508 4843 2647 4914; x_wconf 91' lang='lat' dir='ltr'><strong>quod</strong></span> <span class='ocrx_word' id='word_1_1079' title='bbox 2672 4842 2856 4917; x_wconf 87' lang='lat' dir='ltr'><strong>vitium</strong></span> <span class='ocrx_word' id='word_1_1080' title='bbox 2879 4842 3010 4917; x_wconf 81' lang='lat' dir='ltr'><strong>lapsi</strong></span> <span class='ocrx_word' id='word_1_1081' title='bbox 3028 4850 3360 4917; x_wconf 71' lang='lat' dir='ltr'><strong>cprruerunt,</strong></span> <span class='ocrx_word' id='word_1_1082' title='bbox 3388 4843 3544 4917; x_wconf 83' lang='lat' dir='ltr'><strong>quiin</strong></span> <span class='ocrx_word' id='word_1_1083' title='bbox 3573 4857 3793 4917; x_wconf 82' lang='lat' dir='ltr'><strong>summo</strong></span> 
     </span>
    </p>
   </div>
   <div class='ocr_carea' id='block_1_143' title="bbox 2203 4912 3792 4983">
    <p class='ocr_par' dir='ltr' id='par_1_143' title="bbox 2203 4912 3792 4983">
     <span class='ocr_line' id='line_1_145' title="bbox 2203 4912 3792 4983; baseline -0.004 -10"><span class='ocrx_word' id='word_1_1084' title='bbox 2203 4912 2321 4973; x_wconf 66' lang='grc' dir='ltr'>ὀίειί</span> <span class='ocrx_word' id='word_1_1085' title='bbox 2343 4912 2538 4972; x_wconf 86' lang='lat' dir='ltr'><strong>conditi</strong></span> <span class='ocrx_word' id='word_1_1086' title='bbox 2577 4922 2728 4968; x_wconf 90' lang='lat' dir='ltr'><strong>erant</strong></span> <span class='ocrx_word' id='word_1_1087' title='bbox 2749 4913 3178 4983; x_wconf 42' lang='lat' dir='ltr'><strong>culminchuid</strong></span> <span class='ocrx_word' id='word_1_1088' title='bbox 3203 4922 3328 4983; x_wconf 79' lang='lat' dir='ltr'><strong>ergo</strong></span> <span class='ocrx_word' id='word_1_1089' title='bbox 3356 4913 3465 4967; x_wconf 82' lang='lat' dir='ltr'><strong>vult</strong></span> <span class='ocrx_word' id='word_1_1090' title='bbox 3489 4912 3642 4982; x_wconf 90' lang='lat' dir='ltr'><strong>quasi</strong></span> <span class='ocrx_word' id='word_1_1091' title='bbox 3685 4930 3792 4981; x_wconf 84' lang='lat' dir='ltr'><strong>po-</strong></span> 
     </span>
    </p>
   </div>
   <div class='ocr_carea' id='block_1_144' title="bbox 2205 4982 3793 5052">
    <p class='ocr_par' dir='ltr' id='par_1_144' title="bbox 2205 4982 3793 5052">
     <span class='ocr_line' id='line_1_146' title="bbox 2205 4982 3793 5052; baseline -0.001 -10"><span class='ocrx_word' id='word_1_1092' title='bbox 2205 4991 2394 5042; x_wconf 87' lang='lat' dir='ltr'><strong>tens-in</strong></span> <span class='ocrx_word' id='word_1_1093' title='bbox 2437 4994 2578 5040; x_wconf 87' lang='lat' dir='ltr'><strong>terra</strong></span> <span class='ocrx_word' id='word_1_1094' title='bbox 2611 4983 2906 5051; x_wconf 90' lang='lat' dir='ltr'><strong>superbire,</strong></span> <span class='ocrx_word' id='word_1_1095' title='bbox 2940 4982 3028 5051; x_wconf 88' lang='lat' dir='ltr'><strong>qui</strong></span> <span class='ocrx_word' id='word_1_1096' title='bbox 3075 4999 3181 5052; x_wconf 81' lang='lat' dir='ltr'><strong>prae</strong></span> <span class='ocrx_word' id='word_1_1097' title='bbox 3206 4982 3454 5038; x_wconf 87' lang='lat' dir='ltr'><strong>omnibus</strong></span> <span class='ocrx_word' id='word_1_1098' title='bbox 3481 4983 3793 5040; x_wconf 87' lang='lat' dir='ltr'><strong>hominibus</strong></span> 
     </span>
    </p>
   </div>
   <div class='ocr_carea' id='block_1_145' title="bbox 2203 5052 3793 5124">
    <p class='ocr_par' dir='ltr' id='par_1_145' title="bbox 2203 5052 3793 5124">
     <span class='ocr_line' id='line_1_147' title="bbox 2203 5052 3793 5124; baseline -0.001 -10"><span class='ocrx_word' id='word_1_1099' title='bbox 2203 5060 2460 5114; x_wconf 89' lang='lat' dir='ltr'><strong>debuerat</strong></span> <span class='ocrx_word' id='word_1_1100' title='bbox 2507 5053 3078 5124; x_wconf 11' lang='lat' dir='ltr'><strong>humilisiapparerei</strong></span> <span class='ocrx_word' id='word_1_1101' title='bbox 3106 5052 3210 5108; x_wconf 91' lang='lat' dir='ltr'><strong>Sed</strong></span> <span class='ocrx_word' id='word_1_1102' title='bbox 3255 5070 3323 5110; x_wconf 91' lang='lat' dir='ltr'><strong>ne</strong></span> <span class='ocrx_word' id='word_1_1103' title='bbox 3359 5054 3425 5108; x_wconf 85' lang='lat' dir='ltr'><strong>de</strong></span> <span class='ocrx_word' id='word_1_1104' title='bbox 3468 5065 3793 5124; x_wconf 88' lang='lat' dir='ltr'><strong>paupertate</strong></span> 
     </span>
    </p>
   </div>
   <div class='ocr_carea' id='block_1_146' title="bbox 2203 5123 3797 5194">
    <p class='ocr_par' dir='ltr' id='par_1_146' title="bbox 2203 5123 3797 5194">
     <span class='ocr_line' id='line_1_148' title="bbox 2203 5123 3797 5194; baseline -0.004 -9"><span class='ocrx_word' id='word_1_1105' title='bbox 2203 5146 2296 5185; x_wconf 87' lang='lat' dir='ltr'><strong>sua</strong></span> <span class='ocrx_word' id='word_1_1106' title='bbox 2351 5127 2616 5182; x_wconf 91' lang='lat' dir='ltr'><strong>tristitiam</strong></span> <span class='ocrx_word' id='word_1_1107' title='bbox 2666 5123 2916 5190; x_wconf 88' lang='lat' dir='ltr'><strong>habeant,</strong></span> <span class='ocrx_word' id='word_1_1108' title='bbox 2957 5123 3086 5194; x_wconf 90' lang='lat' dir='ltr'><strong>quid</strong></span> <span class='ocrx_word' id='word_1_1109' title='bbox 3127 5140 3157 5178; x_wconf 89' lang='lat' dir='ltr'><strong>a</strong></span> <span class='ocrx_word' id='word_1_1110' title='bbox 3206 5125 3314 5180; x_wconf 87' lang='lat' dir='ltr'><strong>Deo</strong></span> <span class='ocrx_word' id='word_1_1111' title='bbox 3356 5123 3624 5194; x_wconf 73' lang='lat' dir='ltr'><strong>recepturi</strong></span> <span class='ocrx_word' id='word_1_1112' title='bbox 3659 5136 3797 5180; x_wconf 89' lang='lat' dir='ltr'><strong>sunt</strong></span> 
     </span>
    </p>
   </div>
   <div class='ocr_carea' id='block_1_147' title="bbox 2205 5193 3796 5270">
    <p class='ocr_par' dir='ltr' id='par_1_147' title="bbox 2205 5193 3796 5270">
     <span class='ocr_line' id='line_1_149' title="bbox 2205 5193 3796 5270; baseline -0.004 -17"><span class='ocrx_word' id='word_1_1113' title='bbox 2205 5214 2462 5270; x_wconf 89' lang='lat' dir='ltr'><strong>pauperes</strong></span> <span class='ocrx_word' id='word_1_1114' title='bbox 2483 5196 2756 5270; x_wconf 78' lang='lat' dir='ltr'><strong>attendant</strong></span> <span class='ocrx_word' id='word_1_1115' title='bbox 2788 5214 2800 5249; x_wconf 89' lang='lat'><strong>:</strong></span> <span class='ocrx_word' id='word_1_1116' title='bbox 2832 5196 2944 5264; x_wconf 88' lang='lat' dir='ltr'><strong>ipse</strong></span> <span class='ocrx_word' id='word_1_1117' title='bbox 2977 5193 3130 5249; x_wconf 79' lang='lat' dir='ltr'><strong>enim</strong></span> <span class='ocrx_word' id='word_1_1118' title='bbox 3161 5195 3347 5265; x_wconf 89' lang='lat' dir='ltr'><strong>inquit,</strong></span> <span class='ocrx_word' id='word_1_1119' title='bbox 3372 5193 3516 5270; x_wconf 79' lang='lat' dir='ltr'><strong>Beati</strong></span> <span class='ocrx_word' id='word_1_1120' title='bbox 3539 5211 3796 5270; x_wconf 66' lang='lat' dir='ltr'><strong>pauperes</strong></span> 
     </span>
    </p>
   </div>
   <div class='ocr_carea' id='block_1_148' title="bbox 2203 5265 3792 5341">
    <p class='ocr_par' dir='ltr' id='par_1_148' title="bbox 2203 5265 3792 5341">
     <span class='ocr_line' id='line_1_150' title="bbox 2203 5265 3792 5341; baseline -0.003 -17"><span class='ocrx_word' id='word_1_1121' title='bbox 2203 5265 2414 5341; x_wconf 58' lang='lat' dir='ltr'><strong>spiritu,</strong></span> <span class='ocrx_word' id='word_1_1122' title='bbox 2430 5268 2670 5339; x_wconf 82' lang='lat' dir='ltr'><strong>quoniam</strong></span> <span class='ocrx_word' id='word_1_1123' title='bbox 2709 5267 2933 5341; x_wconf 71' lang='lat' dir='ltr'><strong>ipsorum</strong></span> <span class='ocrx_word' id='word_1_1124' title='bbox 2958 5275 3028 5320; x_wconf 82' lang='lat' dir='ltr'><strong>est</strong></span> <span class='ocrx_word' id='word_1_1125' title='bbox 3056 5283 3264 5341; x_wconf 80' lang='lat' dir='ltr'><strong>regnum</strong></span> <span class='ocrx_word' id='word_1_1126' title='bbox 3292 5267 3528 5341; x_wconf 62' lang='lat' dir='ltr'><strong>aptorum</strong></span> <span class='ocrx_word' id='word_1_1127' title='bbox 3567 5265 3792 5341; x_wconf 62' lang='lat' dir='ltr'><strong>uitii.</strong></span> 
     </span>
    </p>
   </div>
   <div class='ocr_carea' id='block_1_149' title="bbox 2203 5335 3787 5409">
    <p class='ocr_par' dir='ltr' id='par_1_149' title="bbox 2203 5335 3787 5409">
     <span class='ocr_line' id='line_1_151' title="bbox 2203 5335 3787 5409; baseline -0.003 -14"><span class='ocrx_word' id='word_1_1128' title='bbox 2203 5335 2255 5406; x_wconf 74' lang='grc' dir='ltr'><strong>ν’,</strong></span> <span class='ocrx_word' id='word_1_1129' title='bbox 2280 5339 2354 5409; x_wconf 80' lang='grc'><strong>5).</strong></span> <span class='ocrx_word' id='word_1_1130' title='bbox 2389 5335 2551 5392; x_wconf 79' lang='lat' dir='ltr'><strong>Recta</strong></span> <span class='ocrx_word' id='word_1_1131' title='bbox 2586 5353 2814 5406; x_wconf 88' lang='lat' dir='ltr'><strong>namque</strong></span> <span class='ocrx_word' id='word_1_1132' title='bbox 2840 5335 3235 5409; x_wconf 84' lang='lat' dir='ltr'><strong>dispensatione</strong></span> <span class='ocrx_word' id='word_1_1133' title='bbox 3275 5335 3583 5392; x_wconf 87' lang='lat' dir='ltr'><strong>misericors</strong></span> <span class='ocrx_word' id='word_1_1134' title='bbox 3611 5335 3787 5404; x_wconf 80' lang='lat' dir='ltr'><strong>judex</strong></span> 
     </span>
    </p>
   </div>
   <div class='ocr_carea' id='block_1_150' title="bbox 2203 5408 3796 5480">
    <p class='ocr_par' dir='ltr' id='par_1_150' title="bbox 2203 5408 3796 5480">
     <span class='ocr_line' id='line_1_152' title="bbox 2203 5408 3796 5480; baseline -0.003 -14"><span class='ocrx_word' id='word_1_1135' title='bbox 2203 5408 2323 5466; x_wconf 76' lang='grc' dir='ltr'><strong>εωιί</strong></span> <span class='ocrx_word' id='word_1_1136' title='bbox 2352 5424 2572 5480; x_wconf 87' lang='lat' dir='ltr'><strong>regnum</strong></span> <span class='ocrx_word' id='word_1_1137' title='bbox 2602 5409 2716 5480; x_wconf 12' lang='lat' dir='ltr'><strong>illis,</strong></span> <span class='ocrx_word' id='word_1_1138' title='bbox 2745 5409 3048 5473; x_wconf 89' lang='lat' dir='ltr'><strong>committit,</strong></span> <span class='ocrx_word' id='word_1_1139' title='bbox 3068 5408 3274 5480; x_wconf 74' lang='lat' dir='ltr'><strong>quibus</strong></span> <span class='ocrx_word' id='word_1_1140' title='bbox 3320 5409 3468 5480; x_wconf 87' lang='lat' dir='ltr'><strong>regni</strong></span> <span class='ocrx_word' id='word_1_1141' title='bbox 3519 5416 3796 5480; x_wconf 81' lang='lat' dir='ltr'><strong>terrarum</strong></span> 
     </span>
    </p>
   </div>
   <div class='ocr_carea' id='block_1_151' title="bbox 2203 5478 3797 5551">
    <p class='ocr_par' dir='ltr' id='par_1_151' title="bbox 2203 5478 3797 5551">
     <span class='ocr_line' id='line_1_153' title="bbox 2203 5478 3797 5551; baseline -0.003 -17"><span class='ocrx_word' id='word_1_1142' title='bbox 2203 5478 2662 5551; x_wconf 83' lang='lat' dir='ltr'><strong>participationem</strong></span> <span class='ocrx_word' id='word_1_1143' title='bbox 2707 5479 2844 5532; x_wconf 89' lang='lat' dir='ltr'><strong>inter</strong></span> <span class='ocrx_word' id='word_1_1144' title='bbox 2891 5478 3142 5551; x_wconf 84' lang='lat' dir='ltr'><strong>mortales</strong></span> <span class='ocrx_word' id='word_1_1145' title='bbox 3180 5478 3395 5532; x_wconf 78' lang='lat' dir='ltr'><strong>abstulit</strong></span> <span class='ocrx_word' id='word_1_1146' title='bbox 3425 5489 3523 5551; x_wconf 12' lang='lat' dir='ltr'><strong>:_iut</strong></span> <span class='ocrx_word' id='word_1_1147' title='bbox 3565 5479 3797 5551; x_wconf 82' lang='lat' dir='ltr'><strong>ipsedi—</strong></span> 
     </span>
    </p>
   </div>
   <div class='ocr_carea' id='block_1_152' title="bbox 2204 5549 3797 5618">
    <p class='ocr_par' dir='ltr' id='par_1_152' title="bbox 2204 5549 3797 5618">
     <span class='ocr_line' id='line_1_154' title="bbox 2204 5549 3797 5618; baseline -0.002 -12"><span class='ocrx_word' id='word_1_1148' title='bbox 2204 5549 2294 5606; x_wconf 70' lang='lat' dir='ltr'><strong>ves</strong></span> <span class='ocrx_word' id='word_1_1149' title='bbox 2323 5553 2373 5604; x_wconf 91' lang='lat' dir='ltr'><strong>in</strong></span> <span class='ocrx_word' id='word_1_1150' title='bbox 2403 5552 2523 5606; x_wconf 59' lang='lat' dir='ltr'><strong>caeli</strong></span> <span class='ocrx_word' id='word_1_1151' title='bbox 2553 5551 2680 5605; x_wconf 91' lang='lat' dir='ltr'><strong>sede</strong></span> <span class='ocrx_word' id='word_1_1152' title='bbox 2704 5558 2976 5618; x_wconf 86' lang='lat' dir='ltr'><strong>appareat,</strong></span> <span class='ocrx_word' id='word_1_1153' title='bbox 3006 5549 3094 5618; x_wconf 91' lang='lat' dir='ltr'><strong>qui</strong></span> <span class='ocrx_word' id='word_1_1154' title='bbox 3126 5549 3176 5602; x_wconf 89' lang='lat' dir='ltr'><strong>in</strong></span> <span class='ocrx_word' id='word_1_1155' title='bbox 3207 5559 3347 5602; x_wconf 89' lang='lat' dir='ltr'><strong>terra</strong></span> <span class='ocrx_word' id='word_1_1156' title='bbox 3391 5549 3520 5602; x_wconf 89' lang='lat' dir='ltr'><strong>nihil</strong></span> <span class='ocrx_word' id='word_1_1157' title='bbox 3574 5550 3797 5618; x_wconf 83' lang='lat' dir='ltr'><strong>penitus</strong></span> 
     </span>
    </p>
   </div>
   <div class='ocr_carea' id='block_1_153' title="bbox 2203 5618 3795 5694">
    <p class='ocr_par' dir='ltr' id='par_1_153' title="bbox 2203 5618 3795 5694">
     <span class='ocr_line' id='line_1_155' title="bbox 2203 5618 3795 5694; baseline -0.002 -16"><span class='ocrx_word' id='word_1_1158' title='bbox 2203 5633 2470 5694; x_wconf 88' lang='lat' dir='ltr'><strong>procurat.</strong></span> <span class='ocrx_word' id='word_1_1159' title='bbox 2502 5621 2804 5676; x_wconf 83' lang='lat' dir='ltr'><strong>Cavendum</strong></span> <span class='ocrx_word' id='word_1_1160' title='bbox 2829 5635 2957 5690; x_wconf 88' lang='lat' dir='ltr'><strong>ergo</strong></span> <span class='ocrx_word' id='word_1_1161' title='bbox 2979 5619 3296 5690; x_wconf 88' lang='lat' dir='ltr'><strong>pauperibus</strong></span> <span class='ocrx_word' id='word_1_1162' title='bbox 3319 5629 3420 5686; x_wconf 90' lang='lat' dir='ltr'><strong>cst,</strong></span> <span class='ocrx_word' id='word_1_1163' title='bbox 3444 5635 3512 5676; x_wconf 88' lang='lat' dir='ltr'><strong>ne</strong></span> <span class='ocrx_word' id='word_1_1164' title='bbox 3533 5618 3660 5674; x_wconf 90' lang='lat' dir='ltr'><strong>dum</strong></span> <span class='ocrx_word' id='word_1_1165' title='bbox 3688 5635 3795 5688; x_wconf 86' lang='lat' dir='ltr'><strong>per</strong></span> 
     </span>
    </p>
   </div>
   <div class='ocr_carea' id='block_1_154' title="bbox 2267 5748 3797 5866">
    <p class='ocr_par' dir='ltr' id='par_1_154' title="bbox 2267 5748 3797 5866">
     <span class='ocr_line' id='line_1_156' title="bbox 2267 5748 3797 5866; baseline -0.001 -64"><span class='ocrx_word' id='word_1_1166' title='bbox 2267 5756 2280 5824; x_wconf 63' lang='grc' dir='ltr'><strong>ξ</strong></span> <span class='ocrx_word' id='word_1_1167' title='bbox 2319 5756 2456 5866; x_wconf 58' lang='lat' dir='ltr'><strong>Eiliiti,</strong></span> <span class='ocrx_word' id='word_1_1168' title='bbox 2489 5760 2534 5806; x_wconf 88' lang='lat' dir='ltr'><strong>et</strong></span> <span class='ocrx_word' id='word_1_1169' title='bbox 2552 5753 2741 5805; x_wconf 83' lang='lat' dir='ltr'><strong>interim</strong></span> <span class='ocrx_word' id='word_1_1170' title='bbox 2765 5766 2794 5803; x_wconf 76' lang='grc' dir='ltr'>τι</span> <span class='ocrx_word' id='word_1_1171' title='bbox 2814 5749 2965 5817; x_wconf 79' lang='lat' dir='ltr'><strong>regni,</strong></span> <span class='ocrx_word' id='word_1_1172' title='bbox 2988 5759 3078 5802; x_wconf 86' lang='lat' dir='ltr'><strong>etc.</strong></span> <span class='ocrx_word' id='word_1_1173' title='bbox 3107 5757 3188 5801; x_wconf 75' lang='lat' dir='ltr'><strong>Ms.</strong></span> <span class='ocrx_word' id='word_1_1174' title='bbox 3213 5752 3370 5813; x_wconf 63' lang='grc' dir='ltr'>ωειλ,</span> <span class='ocrx_word' id='word_1_1175' title='bbox 3406 5751 3468 5802; x_wconf 82' lang='lat' dir='ltr'><strong>ab</strong></span> <span class='ocrx_word' id='word_1_1176' title='bbox 3502 5748 3687 5803; x_wconf 60' lang='lat' dir='ltr'><strong>nuituis</strong></span> <span class='ocrx_word' id='word_1_1177' title='bbox 3705 5763 3797 5801; x_wconf 75' lang='lat' dir='ltr'><strong>re-</strong></span> 
     </span>
     <span class='ocr_line' id='line_1_157' title="bbox 2267 5830 2415 5866; baseline -0.014 0"><span class='ocrx_word' id='word_1_1178' title='bbox 2267 5830 2298 5866; x_wconf 85' lang='grc' dir='ltr'>ι.</span> <span class='ocrx_word' id='word_1_1179' title='bbox 2323 5831 2350 5865; x_wconf 89' lang='lat' dir='ltr'><strong>e</strong></span> <span class='ocrx_word' id='word_1_1180' title='bbox 2403 5851 2415 5864; x_wconf 84' lang='lat'><strong>.</strong></span> 
     </span>
    </p>
   </div>
   <div class='ocr_carea' id='block_1_155' title="bbox 2195 5829 2415 5882">
    <p class='ocr_par' dir='ltr' id='par_1_155' title="bbox 2195 5829 2415 5882">
     <span class='ocr_line' id='line_1_158' title="bbox 2195 5829 2415 5882; baseline 0 -18"><span class='ocrx_word' id='word_1_1181' title='bbox 2195 5829 2298 5882; x_wconf 83' lang='lat' dir='ltr'><strong>gm,</strong></span> <span class='ocrx_word' id='word_1_1182' title='bbox 2323 5829 2415 5866; x_wconf 84' lang='lat' dir='ltr'><strong>etc.</strong></span> 
     </span>
    </p>
   </div>
  </div>
