4076 6370
323 449 464 511 toga
1243 446 1331 504 DE
1372 445 1710 505 DUODECIM
1752 443 2138 502 Apostoxuu
2182 448 2544 510 GRADIBUS.
3436 452 3574 520 4086

318 578 608 643 egestatem
629 577 685 626 ct
711 569 1080 643 necessitatem
1111 575 1377 643 terrenum
1399 582 1619 639 regnum
1641 565 1892 640 perdunt,

267 685 276 692 .
318 641 416 714 per
442 643 635 700 mentis
657 642 817 698 etiam
838 641 1256 714 imprudentiam
1273 641 1528 695 caelorum
1553 655 1713 711 regna
1737 642 1895 697 amit-

321 711 452 769 iant.
501 714 632 768 Cum
663 714 804 767 enim
847 711 937 767 Dei
975 711 1367 781 dispensatione
1397 721 1760 782 paupertatem
1801 727 1896 767 ne—

318 785 609 840 cessariam
665 784 984 853 acceperint,
1033 784 1086 836 in
1141 783 1374 850 ipsorum
1401 781 1631 836 arbitrio
1678 781 1892 850 pendet,

322 867 498 912 utrum
530 870 786 924 pauperes
811 855 997 923 spiritu
1024 853 1146 908 sint.
1172 853 1286 906 Non
1312 853 1452 908 enim
1479 853 1901 924 quibuscumque

318 923 648 996 pauperibus
675 926 794 980 (νωΙὶ
826 940 987 992 regna
1012 925 1411 994 promittuntur,
1443 923 1535 996 sed
1569 923 1652 976 his
1677 932 1899 996 tantum-

318 994 481 1051 modo
507 997 558 1050 in
588 997 778 1065 quibus
803 995 1106 1049 divitiarum
1144 996 1372 1064 inopiam
1400 994 1699 1049 animorum
1726 994 1900 1049 humi-

318 1067 772 1148 litaseomitatur.
805 1067 1010 1136 Pauper
1035 1065 1442 1148 enim_humilis,
1472 1079 1675 1148 pauper
1711 1065 1902 1134 spiritu

313 1139 646 1208 appellatur;
675 1137 762 1207 qui
791 1151 910 1192 cum
953 1151 1152 1208 egenus
1182 1136 1312 1191 foris
1339 1136 1595 1208 cernitur,
1630 1151 1899 1208 nunquam

315 1205 371 1262 in
390 1205 707 1278 superbiam
733 1209 969 1262 elevatur
992 1205 1277 1278 Equoniam
1306 1206 1372 1260 ad
1398 1205 1693 1277 appetenda
1737 1221 1901 1277 regna

315 1277 582 1334 emtorum
610 1280 728 1347 plus
759 1280 900 1333 valet
931 1279 1121 1332 utentis
1146 1277 1440 1342 humilitas,
1475 1293 1630 1344 quam
1657 1292 1900 1347 praesen-

318 1351 453 1404 tium
479 1348 781 1404 divitiarum
811 1350 1116 1418 temporalis
1143 1357 1444 1418 paupertas.
1489 1349 1697 1401 Etenim
1729 1349 1903 1403 humi-

317 1420 400 1475 les
423 1420 511 1489 qui
531 1421 668 1476 bene
701 1419 913 1473 divitias
951 1434 1222 1488 possessas
1263 1419 1478 1485 habent,
1521 1427 1741 1488 possunt
1771 1433 1900 1487 pau-

317 1507 475 1560 peres
497 1491 685 1559 spiritu
705 1489 964 1560 appellari
994 1507 1006 1542 :
1036 1490 1295 1560 superbos
1326 1499 1504 1542 autem
1534 1489 1666 1542 nihil
1695 1489 1899 1544 haben-

319 1558 422 1627 tes,
453 1558 589 1616 haud
619 1559 832 1614 dubium
855 1571 936 1615 est
957 1558 1283 1615 beatitudine
1321 1560 1646 1628 paupertatis
1683 1560 1896 1629 privari.

319 1633 400 1686 De
441 1631 634 1701 quibus
681 1632 920 1700 utrisque
961 1640 1140 1685 sancta
1187 1629 1458 1699 Scriptura
1509 1630 1577 1683 ita
1622 1629 1898 1701 loquitur:

319 1702 415 1756 Est
441 1700 588 1772 quasi
612 1702 768 1772 dives,
793 1719 906 1756 cum
932 1701 1059 1772 nihil
1080 1701 1298 1772 jtabeat,
1328 1709 1372 1753 et
1401 1708 1471 1772 est
1501 1700 1646 1772 quasi
1664 1771 1670 1772 γ
1688 1717 1896 1769 pauper,

315 1789 436 1826 cum
453 1769 516 1826 in
541 1773 711 1825 multis
738 1771 922 1826 diuitiis
949 1772 1013 1825 sit
1043 1769 1225 1840 (Prov.
1261 1787 1370 1842 xui,
1405 1771 1480 1842 7).
1503 1771 1674 1842 Quasi
1703 1785 1904 1841 pauper

317 1858 448 1909 ergo
474 1844 525 1896 in
558 1842 737 1896 multis
764 1842 989 1906 divitiis,
1023 1851 1104 1896 cst
1137 1842 1287 1895 dives
1331 1841 1543 1894 humilis
1586 1843 1776 1909 spiritu
1808 1858 1820 1894 :
1851 1850 1904 1897 et

321 1913 456 1968 nihil
485 1913 686 1968 habens
712 1913 861 1982 quasi
888 1913 1059 1974 dives,
1094 1921 1175 1966 est
1200 1927 1400 1981 pauper
1438 1914 1702 1980 superbus
1728 1927 1903 1982 Amen-

319 1984 390 2038 tis
436 1984 646 2039 affectu.
700 1980 902 2036 Nobilis
949 1997 1076 2051 ergo
1125 1980 1320 2051 inojiia’
1354 1990 1437 2036 est
1486 1982 1680 2036 mentis
1726 1980 1904 2036 humi-

317 2053 478 2120 litas,
530 2064 584 2108 et
637 2054 830 2124 ineptae
879 2053 1075 2108 divitiae
1141 2061 1264 2106 sunt
1308 2054 1614 2124 animorum
1669 2053 1906 2107 enormi-

318 2137 425 2180 tas.
477 2123 882 2194 Providen’duin
917 2139 1044 2192 ergo
1101 2123 1424 2194 pauperibus
1470 2133 1572 2194 est,
1597 2131 1655 2177 ut
1705 2133 1905 2179 semct-

319 2197 467 2266 ipsos
521 2196 702 2266 qualrs
739 2195 844 2249 sint
873 2193 1203 2264 intelligant:
1238 2195 1437 2266 et‘quia
1467 2193 1625 2248 rebus
1649 2196 1904 2266 consequi

361 2265 463 2319 uod
511 2264 724 2336 capiunt
771 2279 874 2319 non
907 2266 1100 2330 valent,
1147 2264 1348 2320 utentis
1383 2273 1589 2319 tumore
1628 2265 1906 2334 superbire

391 2339 586 2390 sinant.

393 2405 670 2463 GRADUS
699 2405 908 2478 linea:
931 2407 1149 2476 iniquus.
1182 2405 1392 2459 Iustitia
1417 2405 1575 2478 regis.
1693 2407 1906 2478 regein-

312 2478 457 2554 justo
481 2487 600 2547 quot
632 2479 787 2554 inata.
821 2476 903 2531 Ea:
919 2475 1069 2554 juxto
1090 2494 1208 2554 rege
1229 2488 1356 2554 quo_t_
1378 2475 1530 2554 bona.
1560 2475 1906 2530 Norius’aliu-

315 2547 491 2603 sionis
517 2547 713 2618 gradus
751 2559 853 2614 est,
902 2565 994 2602 rex
1032 2547 1261 2617 iniquus.
1319 2547 1528 2601 Etenim
1568 2562 1746 2616 regem
1800 2561 1905 2601 non

318 2619 579 2688 iniquum,
634 2618 726 2672 sed
759 2629 1112 2673 correctorem
1163 2620 1466 2689 iniquorum
1512 2633 1631 2672 esse
1669 2625 1902 2689 oportet.

319 2689 453 2761 inde
478 2689 532 2744 in
557 2691 844 2761 semetipso
874 2691 1100 2742 nominis
1155 2691 1232 2742 sui
1263 2688 1588 2761 dignitatem
1638 2688 1906 2761 custodire

317 2759 482 2814 debet
511 2777 523 2812 :
551 2759 741 2814 nomen
773 2761 912 2813 cnim
939 2761 1074 2829 regis
1097 2761 1529 2814 intellectualitcr
1555 2759 1654 2811 hoc
1689 2759 1902 2822 retinet,

319 2841 381 2884 ut
410 2830 662 2900 subjectis
685 2831 929 2890 omnibus
971 2831 1194 2884 rectoris
1224 2833 1452 2885 officium
1501 2839 1766 2899 procuret.
1799 2829 1906 2883 Sed

325 2901 558 2970 qualiter
585 2902 719 2954 alios
746 2903 1014 2970 corrigere
1038 2901 1250 2970 poterit,
1301 2902 1386 2968 qui
1431 2901 1674 2969 proprios
1702 2914 1902 2970 mores,

321 2969 367 3024 si
418 2972 581 3042 iniqui
615 2974 627 3002 ¹
658 2972 782 3036 sint,
836 2969 940 3024 non
995 2969 1246 3041 cerrigit?
1294 2971 1554 3038 Quoniam
1598 2969 1905 3042 injustitia

320 3042 466 3109 regis
493 3040 751 3096 exaltatur
777 3043 989 3108 solium,
1019 3051 1073 3096 et
1103 3040 1158 3094 in
1184 3043 1405 3095 veritate
1447 3043 1584 3109 regis
1610 3040 1908 3094 Solidautur

320 3111 678 3183 gubernacula
703 3114 1038 3182 pupulorum.
1085 3111 1293 3166 Justitia
1320 3127 1449 3166 vero
1477 3112 1617 3180 regis
1666 3120 1768 3176 est,
1815 3125 1908 3165 ne-

322 3185 524 3237 minem
555 3184 751 3248 injuste
795 3199 890 3253 per
921 3183 1206 3251 potentiam
1239 3183 1561 3252 opprimere,
1593 3183 1708 3234 sine
1751 3196 1905 3253 acce-

321 3254 507 3322 ptione
521 3251 863 3322 personarum
883 3255 1019 3307 inter
1037 3256 1207 3307 virum
1234 3251 1288 3306 ct
1315 3253 1610 3321 proximum
1639 3267 1790 3304 suum
1818 3251 1906 3319 ju-

320 3324 527 3394 dicare,
556 3324 774 3378 advenis
800 3336 854 3379 et
879 3323 1092 3394 pupillis
1121 3332 1174 3379 et
1203 3323 1373 3377 viduis
1403 3322 1740 3376 defensorem
1763 3337 1902 3394 esse,

325 3393 466 3448 furta
491 3394 762 3460 cohibere,
818 3393 1077 3448 adulteria
1127 3394 1335 3464 punire,
1384 3394 1591 3462 iniquos
1627 3408 1732 3446 non
1763 3393 1909 3464 exal-

322 3473 463 3532 tare,
493 3466 787 3534 impudicos
812 3475 866 3519 ct
896 3462 1182 3519 histrionés
1224 3481 1326 3518 non
1367 3464 1590 3528 nutrire,
1620 3464 1811 3531 impios
1839 3462 1908 3516 de

325 3544 469 3590 terra
499 3536 746 3606 perdere,
790 3535 1080 3606 parricidas
1119 3545 1172 3590 et
1224 3536 1523 3605 pejerantcs
1573 3537 1751 3606 vivere
1802 3549 1906 3606 non

325 3605 525 3669 sinere.
574 3605 842 3661 Ecclesias
895 3606 1202 3670 defendere,
1251 3621 1512 3676 pauperes
1548 3605 1908 3675 eleeinosynis

323 3677 490 3742 alere,
516 3677 688 3746 justos
713 3693 874 3746 super
895 3676 1040 3747 regni
1069 3677 1276 3745 negotia
1302 3677 1644 3738 constituere,
1673 3690 1828 3728 senes
1856 3683 1910 3728 et

325 3749 597 3816 sapientes
617 3756 672 3802 et
701 3750 909 3802 sobrios
935 3747 1269 3802 oonsiliarios
1296 3747 1513 3812 habere,
1547 3761 1820 3816 magorum
1851 3753 1907 3800 ct

327 3817 656 3889 hariolorum
701 3818 1238 3889 pythonissarumquc
1297 3817 1761 3889 superstitionibus
1803 3830 1908 3870 non

329 3888 624 3954 intendere,
673 3887 998 3943 iracundiam
1043 3887 1278 3952 difi'errc,
1337 3890 1556 3956 patriam
1607 3887 1814 3940 fortiter
1856 3893 1911 3940 et

323 3959 468 4029 juSIe
489 3969 673 4014 contra
701 3960 1035 4014 adversarios
1061 3959 1366 4021 defendere,
1399 3973 1492 4026 per
1518 3959 1693 4012 orunia
1717 3958 1767 4010 in
1802 3958 1910 4010 Deo

325 4030 618 4095 confidere,
651 4030 1089 4100 prosperitatibus
1121 4046 1226 4100 non
1264 4029 1455 4082 elevari
1481 4029 1684 4100 animo,
1716 4037 1908 4100 cuncta

327 4100 550 4154 adversa
578 4097 837 4168 patienter
859 4101 1104 4161 tolerare,
1141 4099 1296 4154 fidem
1319 4099 1632 4152 catholicam
1661 4100 1713 4152 in
1741 4097 1910 4152 Deum

328 4170 553 4236 habere,
586 4173 722 4224 filios
747 4186 872 4226 suos
895 4186 998 4224 non
1034 4172 1212 4224 sinere
1235 4171 1395 4238 impie
1421 4184 1599 4239 agerc,
1630 4171 1790 4223 certis
1813 4169 1910 4222 ho-

328 4243 407 4298 ris
429 4242 756 4297 orationibus
793 4242 1057 4306 insistere,
1103 4251 1228 4296 ante
1259 4241 1414 4294 horas
1441 4254 1703 4308 congruas
1731 4241 1910 4294 cibum

329 4327 439 4368 non
469 4321 702 4382 gustare.
742 4311 832 4366 Va:
850 4313 981 4366 enim
1021 4322 1166 4367 terra:
1193 4316 1339 4382 cujus
1367 4327 1455 4364 rex
1482 4328 1604 4380 puer
1627 4320 1718 4382 est,
1751 4319 1795 4364 et
1821 4327 1912 4364 cu-

321 4385 415 4455 jus
439 4381 871 4455 principcsimanc
917 4383 1183 4455 comedunt
1232 4381 1423 4455 (:lt'ecle.
1458 4397 1508 4446 x,
1537 4382 1648 4452 16).
1685 4381 1806 4435 ΙΙωο
1829 4397 1914 4455 re:

332 4451 448 4524 gni'
480 4451 908 4524 pros'peritatemi
935 4454 985 4506 in
1018 4451 1265 4524 praesenti
1293 4451 1510 4524 faciunt,
1543 4460 1596 4506 et
1643 4466 1819 4519 regem
1846 4451 1912 4505 ad

329 4523 574 4579 emlestia
600 4539 766 4593 regna
811 4523 1029 4578 meliora
1063 4523 1376 4592 perducunt.
1405 4523 1504 4589 Qui
1533 4536 1661 4575 vero
1692 4537 1912 4593 regnum

329 4594 628 4652 secundum
651 4592 787 4649 hanc
813 4595 983 4664 legem
1003 4610 1106 4648 non
1133 4594 1425 4661 dispensat,
1449 4595 1642 4648 multas
1663 4592 1914 4646 nimirum

331 4664 684 4720 adversitatcs
710 4665 915 4734 imperii
962 4665 1173 4734 tolerat.
1205 4664 1402 4718 idcirco
1424 4665 1566 4734 enim
1606 4677 1704 4730 pax
1750 4677 1917 4732 popu-

331 4735 506 4788 lorum
525 4749 667 4805 swpe
687 4733 965 4805 rttmpitur,
985 4733 1296 4805 offendicula
1316 4734 1481 4805 etiam
1495 4733 1574 4805 de
1603 4747 1766 4801 regno
1791 4747 1916 4785 sus-

329 4805 563 4861 citantur
581 4803 616 4872 ,’
640 4803 924 4860 terrarum'
951 4820 1160 4876 quoque
1206 4803 1405 4858 fructus
1452 4803 1916 4876 diminuuntu_r,_et

331 4876 551 4934 servitia
582 4871 899 4946 pupulorum
937 4871 1353 4946 p'riepediuntur,
1380 4874 1530 4946 multi
1556 4882 1612 4927 et
1661 4871 1791 4926 varii
1818 4872 1917 4946 do-

333 4949 478 5002 lores
510 4944 916 5017 proSperitatem
941 4944 1094 5016 regni
1125 4947 1388 5017 inficiunt,
1430 4944 1710 5017 charorutv
1756 4952 1804 4996 ω
1853 4944 1915 4997 li-

333 5014 588 5074 berorum
617 5014 815 5072 mortes
847 5014 1112 5070 tristitiam
1141 5014 1442 5076 conferunt,
1472 5014 1703 5068 hostium
1737 5030 1916 5068 incur-

334 5103 426 5144 sus
457 5088 776 5158 -provincias
802 5088 1037 5157 undique
1081 5095 1310 5150 vastant,
1337 5086 1524 5140 bestia:
1547 5092 1912 5158 armentorum

333 5168 388 5229 et
428 5156 681 5229 pecorum
725 5173 913 5229 greges
933 5156 1252 5229 dilacerant,
1285 5165 1628 5229 tempestates
1679 5156 1819 5229 veris
1861 5163 1915 5229 et

333 5226 529 5285 hiemis
557 5231 578 5261 ⁸
610 5226 867 5284 terrarum
920 5226 1295 5297 fecunditatem
1327 5237 1383 5282 et
1419 5228 1581 5282 maris
1623 5226 1916 5281 ministeria

333 5300 642 5372 prohibent,
697 5309 748 5354 et
799 5298 1082 5372 aliquando
1112 5297 1390 5350 fulminum
1433 5298 1567 5352 ictus
1606 5308 1813 5372 segetes
1864 5306 1918 5352 et

334 5369 588 5426 arborum
619 5371 777 5425 flores
804 5379 857 5424 et
885 5370 1159 5440 pampinos
1186 5382 1426 5437 quosque
1457 5379 1705 5423 exurunt.
1741 5369 1912 5437 Super

334 5442 511 5495 omnia
543 5456 673 5496 vero
700 5441 838 5510 regis
865 5441 1119 5510 injustitia
1148 5455 1249 5492 non
1279 5441 1449 5510 solum
1491 5440 1770 5506 praesentis
1815 5442 1914 5492 im-

334 5513 469 5581 perii
499 5511 686 5567 faciem
714 5508 956 5576 ofi'uscat,
989 5509 1084 5566 sed
1122 5510 1280 5581 etiam
1309 5508 1450 5563 filios
1475 5523 1603 5563 suos
1651 5519 1706 5564 et
1752 5524 1915 5577 nepo-

337 5580 437 5652 tes,
469 5598 537 5636 ne
561 5591 678 5652 post
705 5582 932 5650 sercgui
969 5580 1332 5652 haereditatem
1365 5586 1609 5652 teneant,
1642 5581 1911 5652 obscurat.

335 5645 574 5723 Propter
612 5645 872 5721 piaculum
925 5653 1064 5706 enim
1108 5651 1426 5716 Salomonis,
1461 5665 1678 5721 regnum
1727 5649 1915 5704 domus

401 5832 416 5858 '
454 5834 594 5876 Jonas
619 5826 952 5896 eurel._totum
975 5827 1103 5876 hune
1123 5824 1321 5896 gradum
1337 5833 1580 5896 _tan_quam
1604 5827 1916 5896 extypriano

336 5889 583 5949 haerens,
604 5889 667 5938 de
692 5890 991 5949 institutione
1028 5885 1187 5949 regia,
1206 5900 1309 5949 cap.
1336 5887 1385 5946 '5,
1425 5885 1644 5949 legit,'ne
1666 5885 1834 5947 initiati.

411 5951 432 5984 ’
458 5947 596 6011 Alias,
621 5949 744 6001 aeri:
769 5957 812 6000 et
834 5947 1168 6016 lwrnisplueiia
1191 5947 1345 6001 turbat
1363 5947 1619 6010 terrarum,
1647 5956 1740 6000 etc.

2011 569 2182 652 lsfael
2217 570 2487 652 Dominus
2523 570 2590 628 de
2623 571 2872 630 manibus
2915 573 3142 652 filiorum
3169 577 3286 652 ejus
3327 579 3586 652 dispersit

2007 642 2103 724 ςΙΙΙ
2136 641 2263 712 Reg.
2294 658 2368 724 xl,
2403 643 2526 724 51);.
2560 651 2613 698 et
2660 654 2874 724 propter
2915 647 3170 724 justitiam
3197 641 3377 724 'David
3411 641 3590 724 'regis;

2005 713 2274 787 lucernam
2299 713 2365 767 de
2394 714 2600 770 semine
2626 715 2740 784 ejus
2756 713 2978 787 semper
3023 719 3074 772 in
3119 718 3412 777 Jerusalem
3455 713 3580 780 r'élii

2006 783 2136 853 quit.
2161 785 2304 859 Ecce
2340 795 2595 859 quantum
2637 783 2838 859 j’ustitia
2873 783 3012 859 regis
3051 789 3247 846 smculo
3270 792 3460 858 valeat,
3495 795 3578 851 in-

2007 855 2274 910 tuentibus
2301 857 2585 930 perspicue
2619 866 2788 926 patet.
2823 858 2919 913 Est
2938 855 3078 915 cnim
3106 876 3210 930 pax
3250 855 3563 930 populorum

2007 933 2240 1006 tutamen
2271 927 2472 1006 patriae,
2499 928 3011 1006 immunitas__plebi_s,
3040 927 3422 1006 munimentum
3453 950 3587 1006 gen-

2009 995 2632 1074 tis,_curailauguorum,
2675 995 2920 1074 gaudium
2954 995 3245 1074 hominum,
3301 995 3589 1074 temperies

2004 1068 2163 1134 aeris,
2197 1069 2454 1143 serenitas
2472 1071 2651 1143 magis,
2675 1079 2828 1124 terrm
2857 1068 3432 1138 fecundiLas,solatiutn
3459 1091 3589 1143 pau-

2043 1139 2525 1214 crum,__luercditas
2553 1139 2801 1214 filiorum,
2829 1152 2884 1196 et
2905 1143 3218 1214 sibimetipsi
3246 1160 3368 1214 spes
3397 1139 3590 1204 futura:

2042 1209 2642 1282 cati_tudinis.rAttamen
2673 1211 2806 1266 sciat
2830 1228 2944 1275 rex,
2977 1213 3118 1282 quod
3137 1209 3354 1270 sicut—in
3385 1214 3584 1272 throno

2008 1279 2279 1356 hominum
2314 1281 2512 1356 primus
2538 1282 2856 1356 constitutus
2885 1279 3102 1356 estjsic
3128 1286 3255 1341 etin
3300 1287 3493 1356 poenis,
3543 1287 3592 1342 si

2001 1348 2259 1418 justitiam
2289 1348 2394 1404 non
2422 1350 2622 1415 fecerit,
2654 1351 2935 1420 primatum
2963 1353 3239 1410 habiturus
3264 1348 3364 1412 est.
3388 1348 3589 1412 omnes

2008 1435 2239 1503 namque
2289 1437 2651 1503 quoscumque
2680 1425 3102 1503 peccatoressub
3129 1442 3191 1503 se
3231 1427 3283 1503 in
3337 1427 3591 1496 praesenti

2006 1491 2392 1614 {rapuit-19mm
2418 1508 2476 1548 se
2497 1493 2654 1548 modo
2695 1494 3015 1564 implacabili
3043 1495 3094 1548 in
3128 1497 3215 1552 illa
3233 1491 3402 1554 futura
3432 1512 3588 1569 pana

2023 1577 2070 1614 ta
2095 1578 2142 1614 ie
2161 1580 2196 1614 ιι
2230 1604 2242 1614 .

2023 1572 2242 1616 lubebit.

2077 1631 2353 1709 GRADUS
2397 1633 2778 1709 X._Epise0pus
2805 1637 3089 1709 negligens.
3144 1637 3281 1705 Quid
3327 1639 3594 1709 episcopus

2005 1703 2179 1778 deceat
2198 1705 2355 1776 gregi.
2395 1705 2529 1778 Quid
2545 1703 2662 1760 sibi.
2687 1703 3456 1778 Decimus—gradus'abusionis
3481 1703 3584 1778 est,

2007 1774 2302 1848 episcOpus'
2336 1777 2647 1848 negligens:
2673 1778 2760 1847 qui
2803 1774 2998 1848 gradus
3040 1780 3122 1833 sui
3149 1779 3405 1834 honorem
3451 1774 3590 1836 inter

2007 1843 2252 1934 hoii‘tii‘ies
2277 1843 2516 1934 requirit,
2546 1847 2637 1928 sed
2664 1843 2944 1934 ministerii
2963 1851 3588 1934 sui'diguitatemncomm

2007 1915 2138 1980 Deo,
2165 1931 2262 1991 pro
2288 1914 2393 1991 quo
2435 1914 2703 1987 legatione
2730 1917 2964 1991 fungitur
3007 1919 3073 1991 (ll
3099 1914 3216 1974 Cor.
3249 1937 3301 1986 ν,
3333 1922 3452 1990 20),
3483 1936 3592 1978 non

2006 1987 2269 2061 custodit.
2309 1987 2488 2042 Primo
2527 2005 2766 2061 namque
2787 1987 2852 2043 ab
2878 1987 3147 2061 episcopo,
3181 1991 3308 2061 quiti
3358 1987 3442 2046 sui
3493 2007 3590 2044 no-

2007 2056 2165 2137 minis
2219 2056 2448 2126 dignitas
2504 2056 2700 2127 teneat,
2759 2056 3112 2137 inquiratur‘p
3169 2056 3418 2137 quoniam
3467 2077 3592 2116 cunt

2007 2126 2301 2202 Episc_opus
2329 2145 2560 2198 grtncum
2591 2126 2784 2184 nomen
2815 2126 2903 2194 sit,
2934 2126 3235 2200 speculator
3265 2133 3590 2202 interpreta-

2009 2206 2110 2274 tur.
2139 2199 2313 2263 Quare
2339 2216 2466 2274 vero
2493 2203 2792 2274 Speculator
2816 2202 3049 2271 ponitur,
3088 2213 3139 2256 et
3161 2203 3287 2274 quid
3316 2220 3343 2256 a
3394 2199 3589 2274 specu-

2008 2267 2537 2342 latorerequiritur,
2578 2267 2834 2326 Dominus
2885 2274 2996 2342 ipse
3023 2267 3276 2340 denudat,
3319 2267 3440 2328 cuni
3491 2272 3596 2332 sub

2010 2337 2311 2413 Ezechielis
2350 2341 2622 2409 prephettc
2655 2358 2880 2413 persona
2907 2337 3159 2413 episcopo
3185 2337 3344 2399 officii
3372 2343 3450 2398 sui
3506 2361 3592 2398 ra-

2011 2409 2206 2482 tionem
2248 2411 2545 2482 denuntiat,
2593 2409 2669 2464 ita
2729 2409 3012 2482 inquiens:
3048 2409 3428 2481 speculatorem
3475 2413 3596 2478 dedi

2009 2489 2056 2532 te
2084 2479 2255 2552 dontui
2305 2481 2490 2552 srael.
2537 2481 2762 2536 Audiens
2787 2479 2904 2552 (ἔνθα
2944 2500 3004 2538 ex
3029 2479 3114 2538 ore
3143 2501 3250 2536 meo
3291 2499 3592 2551 sermonem,

2009 2551 2260 2604 nuntiabis
2286 2551 2355 2604 eis
2376 2567 2437 2604 ex
2465 2568 2562 2606 me.
2595 2552 2654 2606 Si
2681 2551 2856 2606 autent
2886 2554 3066 2608 videris
3115 2555 3340 2624 gladium
3391 2556 3592 2610 cciden-

2009 2631 2124 2686 tem,
2153 2632 2203 2694 et
2235 2631 2286 2674 tu
2316 2639 2416 2694 non
2444 2624 2820 2678 annuntiaveris
2844 2632 2897 2677 ut
2923 2634 3196 2679 revertatur
3234 2626 3417 2694 impius
3454 2643 3488 2678 a
3514 2625 3596 2680 ria

2008 2709 2121 2764 sua,
2146 2693 2251 2762 ipse
2275 2693 2474 2760 quidem
2497 2694 2682 2762 impius
2701 2695 2762 2746 ab
2786 2695 3046 2764 iniquitate
3071 2713 3163 2750 sua
3186 2693 3441 2760 morietur,
3472 2712 3595 2749 san-

2009 2763 2218 2836 guinein
2237 2773 2404 2817 autent
2429 2765 2542 2836 ejus
2559 2765 2624 2836 de
2650 2782 2803 2818 manu
2847 2763 2934 2819 tua
2961 2769 3228 2836 requirant.
3261 2766 3320 2820 Si
3345 2778 3510 2820 autem
3539 2775 3594 2822 tu

2011 2835 2400 2908 anniuitinucris,
2433 2845 2478 2887 et
2507 2835 2594 2908 ille
2623 2852 2722 2888 non
2745 2837 2892 2908 fuerit
2919 2835 3160 2902 reversus,
3191 2839 3299 2908 ipse
3322 2838 3522 2908 quidem
3541 2837 3596 2908 in

2009 2903 2270 2968 iniquitate
2290 2921 2381 2957 sua
2407 2906 2667 2971 morietur,
2719 2903 2804 2959 sed
2825 2917 2879 2961 tu
2919 2909 3141 2962 animant
3195 2903 3345 2961 tuam'
3377 2907 3596 2962 liberaui

2013 2973 2247 3048 (Ezeclt.
2303 2990 2378 3039 ιιι,
2432 2975 2667 3048 l7-l9).
2709 2977 2882 3048 Decet
2946 2993 3072 3047 ergo
3137 2979 3444 3048 episcopum
3505 2977 3598 3046 qui

2012 3045 2246 3098 oumium
2278 3046 2579 3114 speculator
2610 3046 2810 3116 positus
2837 3056 2944 3113 est,
2972 3045 3186 3116 peccata
3215 3045 3493 3114 diligenter
3518 3045 3598 3102 at-

2013 3116 2233 3170 tendere
2266 3133 2279 3168 :
2311 3127 2361 3170 et
2391 3127 2667 3186 postquam
2697 3119 3002 3184 attenderit,
3025 3133 3274 3174 sermone
3293 3119 3338 3176 si
3368 3119 3598 3188 potuerit

2011 3193 2066 3240 et
2093 3197 2213 3259 actu
2250 3189 2546 3256 corrigere;
2593 3189 2639 3243 si
2683 3205 2788 3243 non
2830 3191 3082 3259 potuerit,
3124 3191 3278 3259 juxta
3328 3187 3600 3257 Evangelii

2012 3258 2565 3328 regulamiseelcrum
2611 3258 2884 3328 operarios
2928 3258 3214 3316 declinare.
3246 3260 3306 3314 Si
3334 3261 3482 3328 enim,
3510 3259 3596 3313 in-

2011 3323 2127 3411 quit
2173 3329 2225 3381 iu
2255 3327 2542 3411 Evangelia
2577 3323 2890 3411 .l)oiuious,.
2919 3333 3194 3411 peccauerit
3239 3331 3292 3384 in
3341 3323 3386 3411 te

2014 3407 2149 3464 tuus,
2181 3399 2378 3472 corripe
2397 3399 2543 3453 illum
2570 3403 2699 3456 inter
2727 3410 2772 3455 te
2799 3412 2844 3456 et
2873 3399 3059 3472 ipsum.
3097 3403 3156 3458 Si
3187 3411 3234 3455 te
3255 3399 3486 3472 audierit,
3518 3401 3602 3458 ιιι.

2013 3481 2180 3523 oratus
2215 3485 2265 3522 es
2292 3470 2500 3537 fratrem
2550 3480 2690 3524 tuum
2719 3487 2737 3526 :
2764 3474 2807 3526 si
2833 3470 3020 3526 te‘non
3057 3473 3290 3536 audierit,
3318 3470 3499 3525 adhibe
3525 3481 3600 3528 te.-

2013 3555 2130 3592 cum
2154 3539 2323 3592 adhuc
2349 3557 2507 3614 unum
2531 3542 2614 3614 vel
2631 3543 2861 3614 duos,.ut
2883 3545 2939 3597 in
2967 3560 3054 3598 ore
3082 3544 3298 3600 duorum
3338 3543 3415 3614 uel
3437 3543 3594 3614 trium

2013 3619 2278 3682 steterune
2307 3610 2526 3664 verbum.
2558 3611 2616 3666 Si
2665 3610 2780 3668 illos
2809 3631 2909 3667 non
2938 3616 3174 3682 audierit,
3226 3614 3306 3667 dic
3333 3612 3596 3676 Ecclesiae.

2016 3679 2078 3752 Si
2105 3681 2381 3752 Ecclesium
2409 3699 2508 3735 non
2551 3683 2786 3746 audierit,
2819 3686 2882 3738 sit
2911 3687 2996 3739 tibi
3014 3688 3140 3740 sicut
3161 3679 3398 3738 ethnicus
3429 3695 3474 3737 et
3498 3699 3596 3752 ρας

2017 3751 2244 3826 Ιζιὲεωικε
2277 3751 2488 3826 (Matth.
2519 3769 2668 3820 xvnt,
2705 3757 2918 3826 15-17).
2950 3758 3062 3810 'l'ali
3098 3757 3284 3810 ordine
3322 3751 3600 3826 expellen-

2015 3821 2114 3896 dus
2157 3831 2258 3896 est,
2287 3821 2608 3896 quicumque
2648 3827 2850 3882 doctori
2878 3821 2987 3881 'ch
3030 3828 3280 3896 episcopo
3324 3821 3600 3896 adhaerere

2017 3894 2266 3966 noluerit.
2319 3895 2386 3949 Et
2406 3897 2496 3962 qui
2539 3898 2625 3950 tali
2659 3899 2844 3951 ordine
2889 3894 3136 3966 expulsus
3164 3897 3341 3966 fuerit,
3387 3895 3454 3948 ab
3491 3894 3598 3948 alio

2015 3963 2196 4037 aliquo
2223 3965 2442 4018 doctore
2471 3966 2550 4018 vel
2583 3969 2835 4037 episcopo
2867 3963 2971 4021 non
3011 3967 3167 4022 debet
3195 3965 3379 4036 recipi.
3408 3966 3482 4019 De
3507 3979 3599 4018 sa-

2016 4036 2233 4106 cerdote
2273 4049 2502 4105 namque
2531 4037 2582 4089 in
2622 4040 2735 4106 lege
2759 4036 3005 4094 scribitur
3037 4056 3052 4093 :
3093 4037 3308 4092 Viduam
3336 4046 3422 4088 aut
3451 4051 3602 4105 repu-

2018 4105 2208 4187 diatam
2239 4122 2339 4159 non
2379 4107 2590 4186 accipiat
2637 4105 2843 4163 uror-em
2877 4108 3057 4187 (_Le_v_it.
3081 4121 3191 4187 xxi,
3223 4105 3296 4176 7).
3329 4106 3428 4174 Qui
3472 4120 3600 4187 ergo

2019 4175 2163 4229 illtun
2192 4177 2706 4232 excomt‘i‘tunicatum
2736 4194 2764 4230 a
2814 4175 3094 4243 catholico,
3129 4179 3216 4232 illo
3249 4175 3351 4232 non
3377 4175 3598 4246 permit-

2018 4255 2182 4313 tente,
2216 4247 2314 4300 sibi
2331 4247 2654 4316 jungit,jura
2685 4248 2967 4304 sacerdotii
3019 4251 3206 4312 sancti,
3265 4245 3406 4317 quod
3443 4245 3600 4301 Citri-

2018 4319 2313 4373 stianorum
2338 4333 2504 4387 genus
2546 4321 2772 4374 electum
2804 4331 2905 4385 est,
2955 4319 3184 4374 excedit.
3239 4319 3350 4374 Hac
3394 4318 3601 4374 ratione

2019 4391 2327 4458 episcopum
2345 4389 2412 4442 ad
2429 4403 2528 4461 eos
2553 4391 2744 4460 quibus
2769 4391 2824 4444 in
2855 4392 3218 4461 Speculatione
3244 4391 3449 4460 positus
3494 4397 3596 4452 est,

2019 4457 2138 4530 esse
2165 4465 2390 4530 oportet.
2419 4457 2680 4514 Czetertnn
2719 4477 2842 4513 vero
2872 4457 3043 4530 qualis
3067 4461 3120 4514 in
3163 4457 3449 4528 semetipso
3478 4475 3598 4513 esse

1977 4553 1987 4568 ι
2020 4529 2234 4592 debeat,
2262 4527 2459 4582 Paulus
2514 4531 2783 4600 apostolus
2808 4527 3043 4598 exponit,
3072 4541 3128 4585 ut
3149 4531 3212 4584 ad
3233 4527 3451 4600 gradum
3483 4531 3597 4597 epi-

2021 4600 2167 4667 scapi
2212 4600 2429 4669 veniens
2458 4601 2526 4652 sit
2576 4599 2802 4662 sobrius,
2851 4601 3104 4669 prudens,
3137 4599 3332 4660 castus,
3362 4600 3594 4667 sapiens,

2020 4673 2311 4731 modestus,
2383 4668 2676 4738 hospitalis,
2727 4668 2864 4726 filios
2921 4671 3120 4727 habens
3175 4671 3442 4738 subditos
3475 4683 3598 4722 cum

2020 4739 2166 4792 omni
2196 4739 2458 4806 castitate,
2485 4737 2844 4796 testimonium
2874 4742 3072 4796 habens
3091 4742 3288 4796 bonum
3309 4739 3375 4792 ab
3395 4737 3476 4791 his
3503 4738 3596 4806 qui

2021 4807 2152 4863 foris
2195 4818 2334 4874 sunt,
2391 4810 2664 4878 proferens
2702 4811 2958 4866 doctrina:
3007 4811 3216 4864 fidelem
3269 4823 3594 4874 sermonem,

2022 4892 2147 4934 ante
2188 4881 2552 4950 episcopatum
2584 4899 2688 4936 non
2722 4883 2900 4952 phires
2943 4881 3142 4934 habens
3191 4892 3383 4952 uxores
3430 4893 3596 4952 quam

2022 4966 2180 5005 unam
2203 4947 2352 5014 {non
2373 4947 2694 5021 percussor,
2725 4947 2842 5006 'non
2876 4952 3140 5019 bilinguis,
3183 4966 3286 5021 non
3329 4947 3594 5021 ebriosus,

2023 5036 2140 5094 non
2157 5019 2451 5094 necpbytus
2479 5023 2518 5092 (l
2545 5022 2674 5094 Tim.
2701 5038 2776 5082 ιιι,
2805 5022 2920 5094 2-4)
2955 5039 2966 5073 :
3001 5031 3058 5094 ut
3098 5036 3191 5091 per
3216 5019 3332 5074 haec
3359 5019 3472 5094 ipse
3519 5033 3600 5094 ou-

2024 5093 2202 5147 tcndat
2229 5088 2279 5146 in
2322 5088 2502 5162 opere,
2533 5092 2672 5162 quod
2699 5093 2828 5145 alios
2854 5088 3010 5146 docet
3037 5088 3596 5162 in'sermonedoctri-

2022 5179 2123 5218 nte.
2155 5159 2387 5218 Cavean't
2410 5177 2538 5230 ergo
2552 5159 2888 5231 'nrgligeutcs
2917 5162 3171 5230 episcopi,
3200 5160 3340 5230 quod
3375 5159 3426 5214 in
3461 5169 3599 5231 tem-

2023 5250 2150 5303 pore
2179 5235 2421 5290 vindicta:
2471 5230 2726 5287 Dominus
2764 5248 2859 5302 per
2907 5232 3215 5300 prophetam
3255 5230 3601 5303 conqueritur

2024 5301 2229 5370 dicens,
2265 5303 2500 5358 Pastores
2526 5303 2622 5356 mei
2650 5303 2666 5334 ί
2692 5301 2917 5357 demoliti
2965 5313 3080 5357 sunt
3129 5301 3372 5372 populant
3408 5317 3598 5366 nicum;

2022 5387 2068 5430 et
2097 5393 2196 5429 non
2237 5375 2498 5444 pascebant
2525 5388 2721 5444 gregem
2749 5390 2912 5427 meum
2943 5383 3186 5444 pastores,
3213 5373 3300 5428 sed
3332 5374 3600 5442 pascebant

2023 5447 2310 5515 semetipsos
2355 5442 2779 5516 (Ezech.jxxtv,
2809 5444 2866 5516 8)
2899 5461 2913 5498 :
2943 5442 3044 5516 Sed
3087 5445 3260 5516 potius
3307 5452 3601 5516 procurent

2025 5517 2097 5581 hi,
2125 5513 2258 5586 quos
2278 5515 2554 5569 constituit
2571 5513 2828 5569 Dominus
2845 5513 3006 5584 super
3020 5513 3272 5569 familiam
3289 5527 3440 5586 suam
3455 5513 3598 5586 dare

2025 5582 2328 5641 illis'cibum
2375 5586 2426 5638 in
2466 5595 2704 5653 tempore
2749 5601 2846 5639 suo
2899 5582 3200 5656 mensuram
3255 5585 3412 5641 tritici
3444 5582 3597 5656 (Luc.

2024 5675 2115 5724 xu,
2148 5656 2258 5728 4’2),
2289 5671 2473 5726 puram
2488 5656 2694 5728 scilicet
2720 5664 2775 5710 et
2810 5655 3084 5724 probatam
3113 5657 3428 5728 doctrinam,
3459 5655 3602 5724 'qua-
3679 5679 3698 5728 ἐ

2024 5738 2176 5784 tenus
2210 5725 2454 5782 veniente
2485 5725 2708 5782 Domino
2735 5734 3042 5782 mereantur
3068 5728 3266 5793 audire,
3303 5727 3443 5797 Euge
3461 5739 3602 5780 serue
3690 5725 3696 5754 ⁵

2093 5948 2108 5979 ι
2143 5953 2222 5996 Ms.
2248 5947 2404 6009 Corb.,
2430 5952 2564 5998 muti.
2593 5950 2725 6012 Apud
2754 5957 2886 6014 Cyp.,
2912 5949 3066 6001 mulli.
