4076 6370
480 403 616 466 1087
638 362 680 372 λ

475 525 604 581 bone
627 531 673 579 et
691 522 857 593 ﬁdelis
881 538 899 577 :
925 523 1045 591 quia
1092 535 1250 594 supra
1273 535 1437 594 pauca
1485 519 1626 594 fuisti
1653 518 1842 594 ﬁdelis,
1868 537 2055 594 supra

472 597 638 650 multa
689 589 736 650 te
777 589 1110 658 constituam;
1155 589 1289 647 intra
1338 593 1392 645 in
1439 589 1679 661 gaudium
1731 589 1934 646 Domini
1962 589 2055 645 tui

473 663 982 738 (Nouit-1835)-

549 735 824 793 GRADUS
852 731 950 790 XI."
972 734 1122 789 Plebs
1152 735 1256 788 sine
1281 732 1569 802 disciplina.
1599 731 1884 802 Disciplina
1909 735 2049 800 quid.

401 851 404 854 -
473 805 804 864 Undecimus
819 807 1087 861 abusionis
1107 805 1298 875 gradus
1319 813 1421 875 est,
1441 803 1590 875 plebs
1615 804 1730 858 sine
1754 804 2052 872 disciplina;

475 895 596 948 qua:
623 893 742 932 cum
770 877 1062 948 disciplina:
1091 873 1555 948 exercitationibus
1574 889 1676 948 non
1703 875 1884 948 servit,
1911 889 2050 948 com-

476 943 624 1002 muni
669 964 728 1002 se
765 943 1074 1016 perditionis
1116 947 1301 1013 laqueo
1327 943 1672 1012 constringit;
1726 944 1860 1016 iram
1913 945 2052 998 enim

479 1018 690 1073 Domini
721 1014 921 1086 absque
947 1016 1242 1085 disciplina:
1287 1016 1459 1086 rigore
1487 1029 1589 1086 non
1639 1014 1856 1086 evadit.
1883 1016 2056 1083 Atque

478 1089 679 1144 idcirco
701 1084 997 1148 Psalmistae
1039 1084 1258 1140 vocibus
1292 1084 1694 1152 indisciplinatae
1727 1084 1862 1151 plebi
1916 1101 2056 1152 prae.

480 1158 706 1223 dicatur,
733 1157 1100 1227 Appreltendite
1125 1155 1466 1227 disciplinam,
1492 1171 1551 1207 ne
1579 1154 1781 1223 quando
1806 1155 2058 1208 irascatur

482 1228 732 1301 Dominus
757 1226 920 1301 (Psal.
955 1244 1010 1301 ιι,
1047 1226 1159 1296 1'2).
1205 1226 1488 1301 Disciplina
1541 1241 1668 1301 vero
1718 1233 1800 1301 est
1847 1240 2056 1280 morum

480 1299 722 1354 ordinata
753 1295 1032 1363 correctio,
1065 1305 1118 1351 et
1159 1297 1415 1365 majorum
1443 1295 1851 1362 praecedentium
1893 1311 2055 1362 regu-

482 1370 654 1424 larum
673 1369 973 1424 observatio
999 1386 1011 1420 :
1039 1366 1105 1421 de
1131 1382 1233 1435 qua
1253 1365 1530 1434 disciplina
1560 1365 1756 1419 Paulus
1787 1368 2056 1434 apostolus

481 1439 556 1494 ita
586 1440 839 1508 loquitur,
865 1440 1049 1508 dicens
1138 1455 1168 1488 η
1183 1437 1451 1508 disciplina
1474 1445 1799 1508 perseverate,
1817 1446 2058 1508 tanquam

484 1455 556 1494 Ita
586 1455 839 1508 toquttur,
866 1455 1049 1492 utcens
1073 1455 1305 1490 :matset
1347 1455 1451 1490 tma
1474 1455 1799 1507 perseverare,
1817 1455 2058 1504 umquam

484 1509 606 1579 ﬁliis
634 1509 768 1563 vobis
813 1506 958 1574 offert
987 1523 1040 1579 se
1091 1506 1250 1561 Deus.
1285 1455 1432 1572 (fuat!
1475 1507 1519 1560 si
1554 1516 1697 1560 extra
1735 1507 2059 1579 disciplinam

483 1575 623 1647 estis,
655 1581 797 1650 cujus
825 1578 1093 1650 participes
1113 1579 1234 1650 [acti
1260 1579 1374 1650 estis
1395 1593 1584 1650 omnes,
1621 1593 1738 1650 ergo
1777 1575 1994 1650 adulteri
2011 1585 2058 1630 et

483 1666 589 1720 non
617 1646 850 1720 ﬁlii'esti's
869 1648 1048 1720 (Hebr.
1077 1664 1171 1713 xu,
1201 1647 1251 1720 7,
1281 1647 1359 1720 8).
1388 1649 1490 1711 Qui
1517 1662 1642 1720 ergo
1671 1646 1894 1720 adulteri
1913 1655 2056 1710 sunt,

483 1719 602 1775 sine
619 1717 900 1788 disciplina
923 1729 1065 1785 sunt,
1089 1718 1384 1772 etcoelestis
1403 1717 1546 1782 regni
1571 1717 1930 1788 hcet-editatem
1954 1731 2059 1788 non

483 1791 700 1859 capiunt
727 1806 740 1842 :
769 1787 815 1844 Si
845 1789 944 1859 lilii
959 1797 1132 1859 autem
1176 1796 1410 1856 paterna:
1438 1787 2055 1859 dlsciplintelcorrectio-

423 1903 428 1908 .
483 1856 608 1914 nem
652 1860 844 1925 ferunt,
865 1869 917 1914 et
937 1856 1883 1926 lncreditatemquandoque-recipere
1903 1871 2061 1924 posse

481 1944 592 1984 non
621 1930 923 2001 desperant.
951 1929 1034 2001 De
1047 1945 1150 2001 qua
1176 1925 1815 2001 etiamdisclpllnalsaias
1842 1926 2059 1980 indisci-

485 1997 866 2070 plinatac'plebi
895 1997 1166 2069 praedicat,
1195 1998 1408 2070 dicens:
1453 1997 1701 2070 Quieseite
1728 2013 1895 2070 _agere
1947 2013 2062 2065 per-

481 2066 643 2140 uerse,
671 2066 844 2124 discite
864 2066 984 2124 bene
1011 2073 1174 2140 facere
1211 2067 1363 2138 (lsai.
1397 2067 1692 2140 ι,ᾼ16,17).
1728 2066 1889 2140 Et_ad
1912 2082 2062 2140 eam-

481 2139 606 2201 dem
631 2136 912 2195 Psalmista
933 2136 1166 2194 consona
1192 2136 1320 2193 voce
1340 2138 1513 2207 psallit
1541 2136 1722 2192 dicens
1751 2155 1764 2190 :
1799 2136 2008 2190 Declina
2033 2152 2065 2188 a

482 2210 640 2282 malo,
669 2219 714 2282 et
741 2212 1036 2282 [acrbonutn
1067 2208 1228 2280 (Psal.
1258 2225 1442 2282 xrxm,
1466 2207 1578 2282 15).
1610 2207 1952 2282 Ιιιΐθιίιι--φι-τιςο
1980 2215 2063 2282 est

482 2281 574 2350 qui
597 2276 777 2350 abjicit
795 2276 1131 2348 disciplinam
1168 2298 1180 2332 :
1209 2279 1368 2350 audet
1395 2279 1535 2332 enim
1563 2288 1710 2350 extra
1737 2277 1930 2350 milites
1958 2276 2058 2328 ali—

482 2346 633 2420 quid,
661 2346 755 2420 qui
777 2346 1057 2404 Dominum
1092 2349 1462 2420 cruciﬁgentcs
1497 2363 1614 2420 non
1641 2348 1770 2420 ejus
1795 2346 2066 2420 sciderunt

483 2415 737 2496 tunicam,
763 2421 849 2489 qui
874 2420 1123 2496 Ecclesiae
1142 2415 1338 2474 Christi
1362 2419 1552 2471 scindit
1569 2418 1920 2485 disciplinam.
1941 2415 2061 2496 Sic-

486 2499 549 2544 ut
601 2489 742 2543 enim
788 2491 959 2544 tunica
988 2497 1154 2543 totum
1191 2503 1384 2556 corpus
1416 2496 1611 2558 praeter
1653 2497 1811 2558 caput
1855 2489 2061 2558 tegitur;

480 2560 558 2632 i_ta
585 2559 862 2632 disciplina
904 2559 1080 2613 omnis
1127 2555 1364 2632 Ecclesia
1411 2555 1605 2632 ῥιζςιξιρι·
1639 2555 1926 2620 Christum,
1975 2557 2066 2624 qui

481 2627 743 2685 Ecclesia;
758 2627 930 2698 caput
952 2638 1052 2692 est,
1081 2637 1137 2684 et
1169 2629 1266 2683 sub
1294 2627 1574 2696 disciplina
1601 2643 1704 2680 non
1751 2635 1859 2698 est,
1879 2634 2062 2693 prote-

519 2701 625 2755 itur
649 2708 703 2756 et
739 2696 978 2754 ornatur.
1012 2699 1131 2774 lpsa
1160 2700 1300 2753 enim
1333 2700 1802 2774 tliniea__contexta
1833 2696 2062 2774 desuper

507 2765 656 2845 iterat
683 2785 786 2845 pe:
807 2779 973 2845 totum
1003 2765 1179 2845 (loqu.
1204 2784 1313 2845 xix,
1341 2767 1428 2845 2},
1463 2767 1580 2845 9.3);
1609 2769 1730 2845 quia
1761 2767 1946 2845 eadem
1978 2765 2062 2845 (li-

481 2837 705 2910 sciplina
745 2837 1054 2915 E_cclesizn'_a
1103 2841 1326 2915 Domino
1355 2837 1422 2891 de
1449 2837 1587 2915 cmlo
1633 2838 1879 2891 tribuitur
1907 2837 2064 2915 et_i_n—

481 2904 740 2980 teg'ratur.
773 2911 847 2964 De
878 2925 981 2979 qua
1009 2910 1264 2963 Dominus
1293 2925 1412 2962 cum
1439 2908 1506 2962 ad
1545 2909 1759 2980 Patrem
1789 2904 2063 2980 ascendis-

480 2977 568 3036 set
600 2989 877 3050 postquam
895 2977 1238 3050 “resurrexita
1262 2979 1506 3050 mortuis,
1534 2979 1600 3033 ad
1625 2977 1909 3050 Apostolos
1938 2989 2063 3050 suos

482 3045 802 3121 loquebatur
821 3051 1022 3115 dicens,
1056 3048 1152 3103 Vos
1177 3060 1343 3102 autent
1368 3048 1531 3121 sedete
1557 3050 1608 3101 in
1633 3049 1844 3121 civitate,
1855 3045 2062 3121 quoad-

481 3115 638 3190 usque
689 3121 970 3174 induamini
1011 3122 1190 3190 virtute
1235 3135 1296 3173 ea:
1325 3120 1426 3190 alto
1455 3117 1608 3184 (Luc.
1640 3135 1780 3190 )leY,
1811 3117 1926 3190 49).
1960 3115 2065 3168 Tu-

480 3188 601 3247 nica
644 3205 770 3260 ergo
816 3191 1056 3259 corporis
1091 3189 1308 3256 Christi,
1339 3189 1614 3259 disciplina
1631 3188 1885 3242 Ecclesiae
1928 3193 2051 3240 est:

483 3261 575 3332 qui
604 3270 783 3332 autem
803 3271 950 3316 extra
977 3260 1306 3330 disciplinam
1331 3269 1433 3324 est,
1454 3261 1668 3332 alienus
1687 3268 1767 3311 est
1792 3274 1822 3332 a
1840 3270 2063 3332 corpore

482 3326 705 3386 Christi.
731 3329 850 3384 Non
894 3326 1182 3385 scindanius
1216 3331 1368 3394 igitur
1386 3331 1548 3394 illam,
1581 3330 1669 3382 sed
1696 3328 1962 3382 sortiantur
2001 3326 2063 3377 de

479 3401 577 3473 illa
593 3403 742 3473 cujus
787 3401 851 3473 sit
880 3399 1058 3473 (Joan,
1087 3398 1320 3473 ιιιιιβξι)
1354 3399 1450 3473 :‘id
1475 3409 1556 3473 est
1577 3441 1590 3464 ,
1635 3415 1740 3452 non
1791 3398 2062 3473 solvamus

1923 406 2289 464 APPENDIX.

3598 421 3739 480 1088

2230 519 2655 598 βΒΔιΠΙΞ-Χιῐ.
2697 525 2931 598 Populus
2957 528 3065 581 sine
3092 528 3218 598 lege.
3259 527 3615 585 Duodecimus
3640 531 3736 586 ah-

2159 593 2364 668 usionis
2401 595 2596 668 gradus
2625 605 2704 651 est
2727 636 2742 661 ,
2778 593 3003 666 populus
3032 593 3158 653 sine
3175 599 3288 666 lege
3319 616 3332 652 :
3365 601 3456 668 qui
3485 599 3612 655 dum
3642 603 3735 658 Dei

2159 663 2296 718 dicta
2319 707 2332 729 ,
2371 663 2423 719 et
2454 665 2628 735 legum
2657 663 2794 722 scita
2833 663 3160 735 contemnit,
3192 663 3286 736 per
3313 663 3556 726 diversas
3583 686 3738 726 erro-

2159 749 2280 810 rum
2294 735 2406 810 vias
2429 737 2882 805 prmvaricationis
2907 739 3150 810 laqueum
3179 735 3417 794 incurrit.
3447 741 3521 794 De
3545 742 3739 810 Quibus

2160 805 2260 859 viis
2309 805 2406 860 sub
2456 821 2679 874 persona
2733 805 3152 878 pr.evaricatoris
3205 810 3385 878 pepuli
3437 805 3732 867 humanum

2159 891 2326 948 genus
2368 878 2621 945 propheta
2667 878 2738 931 ita
2777 877 3044 948 deplangit
3074 895 3086 930 :
3123 877 3235 935 Nos
3272 877 3440 934 autem
3469 883 3598 935 sicut
3626 899 3739 937 oves

2159 946 2915 1018 erravimus[unusquisquein
2944 950 3074 1001 viam
3102 965 3248 1002 suam
3289 951 3558 1005 declinavit
3583 951 3738 1017 (Isai.

2160 1031 2250 1092 [an
2272 1058 2286 1082 ,
2315 1017 2382 1085 6)
2414 1034 2426 1070 :
2459 1016 2526 1072 de
2555 1016 2872 1092 quibusvils
2901 1019 3059 1092 etiam
3091 1016 3622 1092 Sapientia‘loquitur
3648 1036 3741 1092 per

2161 1085 2498 1141 Salomonem
2524 1129 2539 1153 ,
2570 1085 2748 1141 Multa:
2785 1089 2879 1142 vita
2911 1089 3142 1143 videntur
3164 1085 3664 1154 hominibus—rectm,
3689 1101 3737 1146 et

2160 1157 2432 1232 novissima
2461 1173 2641 1232 earnnt
2663 1157 2917 1232 deducunt
2937 1159 3013 1232 ad
3026 1169 3253 1232 mortem
3283 1160 3468 1232 (Prov.
3491 1177 3600 1227 xiv,
3626 1162 3740 1232 i2).

2161 1225 2290 1291 Qua:
2321 1227 2501 1296 utique
2538 1227 2715 1280 multa:
2760 1229 3068 1297 perditionis
3095 1230 3194 1283 viae
3225 1225 3348 1284 tunc
3391 1225 3737 1297 inceduntur,

2161 1312 2282 1371 cum
2311 1312 2412 1350 una
2443 1298 2630 1364 regalis
2658 1298 2761 1371 via,
2785 1299 2872 1371 lex
2907 1299 3000 1354 Dei
3031 1299 3295 1371 videlicet,
3323 1316 3441 1369 qua:
3467 1317 3647 1371 neque
3677 1303 3745 1356 ad

2161 1365 2433 1441 dexteram
2462 1382 2630 1441 neque
2652 1367 2724 1441 ad
2752 1369 3032 1441 sinistram
3052 1365 3316 1441 declinat,
3341 1365 3445 1439 per
3473 1365 3745 1441 negligen-

2163 1438 2291 1509 tiam
2322 1436 2604 1509 deseritur.
2652 1437 2727 1491 De
2761 1455 2862 1506 qna
2889 1441 2969 1492 via
3010 1439 3264 1494 Dominus
3291 1436 3446 1496 Jesus
3471 1436 3742 1509 Chiis—tus,

2162 1506 2510 1580 qui‘estlinis
2554 1507 2682 1580 legis
2712 1509 2777 1580 ad
2815 1509 3073 1580 justitiam
3101 1511 3247 1564 omni
3290 1510 3530 1564 credenti
3561 1506 3736 1580 (llam;

2162 1592 2216 1641 ι,
2250 1577 2326 1645 4),
2359 1575 2633 1631 denuntiat
2663 1594 2674 1628 :
2708 1575 2959 1647 Ego'sum
2988 1579 3099 1642 via,
3135 1581 3313 1634 veritas
3341 1591 3389 1634 et
3415 1581 3536 1634 vita.
3571 1575 3745 1635 Nemo

2163 1647 2296 1720 venit
2323 1647 2390 1700 ad
2418 1647 2627 1720 Patren:
2655 1649 2754 1720 nisi
2784 1666 2871 1718 per
2899 1665 2976 1702 me
3003 1648 3178 1720 (Joan.
3211 1665 3321 1716 xw,
3352 1648 3385 1704 6
3402 1649 3445 1720 ).
3471 1650 3554 1704 Ad
3580 1667 3740 1720 quam

2163 1717 2301 1769 viam
2351 1731 2538 1771 omnes
2585 1717 2826 1772 homines
2871 1717 3224 1774 communiter
3270 1717 3455 1774 invitat
3502 1717 3739 1776 dicens:

2172 1783 2349 1840 Vertite
2372 1788 2439 1839 ad
2471 1804 2576 1858 ine,
2621 1804 2788 1858 attines
2817 1789 2902 1858 qui
2947 1789 3186 1841 laboratis
3211 1798 3256 1842 et
3286 1791 3478 1844 onerati
3505 1791 3624 1844 estis
3645 1833 3662 1857 ,
3691 1800 3742 1844 et

2164 1871 2254 1926 ego
2283 1871 2368 1911 vos
2393 1857 2616 1930 reﬁciam
2647 1856 2856 1930 (Μωρέ.
2887 1859 3118 1930 xt,_j28).
3155 1859 3286 1925 Quia
3316 1877 3414 1913 non
3450 1871 3522 1930 est
3565 1856 3744 1930 perso-

2166 1943 2346 1999 narum
2371 1927 2590 1999 acceplio
2616 1926 2752 1996 apud
2773 1926 2932 1980 Deum
2961 1928 3132 1996 (Rom.
3164 1945 3220 1994 ιι,
3248 1929 3340 1999 11)
3371 1949 3384 1982 :
3411 1929 3500 1984 ubi
3530 1926 3636 1985 non
3663 1942 3746 1986 est

2165 1995 2380 2051 Judaeus
2422 1995 2720 2052 et’Grtccus
2745 2039 2757 2060 ,
2813 1995 3074 2052 masculus
3106 2009 3159 2052 et
3186 1995 3381 2052 {etnina
3404 2041 3419 2063 ,
3465 2015 3653 2054 servus
3691 2009 3749 2055 et

2167 2067 2340 2137 liber,
2388 2066 2649 2120 Barbarus
2677 2077 2730 2120 et
2761 2067 2989 2137 Scytha;
3040 2069 3132 2124 sed
3178 2072 3355 2123 omnia
3401 2070 3454 2124 in
3492 2070 3744 2124 omnibus

2167 2135 2411 2190 Christus
2443 2153 2456 2189 :
2491 2151 2676 2191 omnes
2724 2135 2866 2192 enim
2915 2154 3076 2192 unum
3120 2147 3244 2192 sunt
3289 2142 3342 2194 in
3370 2139 3583 2195 Christo
3612 2140 3744 2195 Jesu

2197 2205 2367 2280 ραιαι.
2396 2223 2486 2280 ιιι,
2515 2207 2641 2280 28).
2676 2207 2823 2280 Dum
2859 2222 2998 2280 ergo
3026 2208 3269 2264 Christus
3313 2210 3432 2280 linis
3478 2218 3562 2265 cst
3609 2210 3740 2280 legis

2199 2277 2345 2330 Rom.
2377 2293 2431 2343 χ,
2459 2275 2531 2347 4)
2553 2314 2566 2336 .
2601 2275 2689 2346 qui
2717 2278 2831 2332 sine
2858 2275 2972 2347 lege
2997 2290 3117 2333 sunt
3139 2320 3153 2342 ,
3186 2280 3303 2334 sine
3327 2279 3537 2334 Christo
3568 2275 3701 2338 ﬁunt
3728 2297 3742 2336 :

2169 2347 2328 2417 igitur
2374 2354 2596 2416 populus
2639 2348 2754 2402 sine
2801 2349 2952 2416 lege,
2997 2349 3220 2417 populus
3253 2350 3372 2404 sine
3398 2350 3613 2404 Christo
3640 2360 3744 2406 est.

2170 2415 2458 2490 Abusivum
2485 2432 2613 2490 ergo
2640 2426 2722 2472 est
2749 2418 2801 2471 in
2820 2415 3161 2490 iten'tporibus
3189 2420 3460 2489 Evangelii
3491 2421 3746 2490 populum

2169 2488 2286 2561 sine
2329 2488 2444 2561 lege
2475 2486 2589 2561 ﬁeri
2614 2529 2627 2552 ,
2661 2489 3256 2561 quandoApostolis_ln
3302 2486 3520 2561 cunctas
3557 2486 3746 2561 gentes

2170 2555 2404 2631 licentl:{
2431 2555 2818 2631 prmdicationis
2863 2558 2984 2631 data
3027 2568 3108 2612 est
3137 2557 3346 2631 (Matth.
3375 2555 3586 2631 ιιινιιιζ
3618 2560 3742 2630 19),

2169 2627 2380 2700 quando
2413 2627 2698 2700 tonitruum
2736 2627 3005 2700 Evangelii
3045 2627 3381 2698 per'cunctas
3410 2630 3592 2685 smculi
3625 2627 3744 2700 par-

2172 2707 2252 2768 tcs
2282 2698 2552 2768 (intonuit;
2602 2697 2810 2768 quando
2853 2697 3201 2768 gentesque:
3254 2715 3360 2753 non
3409 2697 3746 2755 sectabantur

2165 2765 2422 2839 justitiam
2448 2809 2462 2830 ,
2491 2765 2962 2839 apprehenderunt
3003 2765 3261 2839 justitiam
3289 2770 3466 2839 (Rom.
3498 2787 3583 2835 ix,
3610 2771 3702 2839 '50)
3726 2787 3740 2835 ;

2171 2835 2498 2908 quando_qui
2532 2835 2689 2908 lange
2718 2836 2925 2892 fuerant
2947 2880 2961 2904 ,
3005 2835 3133 2893 lacti
3175 2835 3308 2893 sunt
3327 2855 3490 2908 prope
3530 2841 3585 2894 in
3619 2835 3744 2895 sau-

2168 2907 2328 2978 guine
2372 2905 2566 2960 Christi
2614 2905 2840 2978 (Ephes.
2867 2923 2937 2970 ιι,
2970 2909 3115 2976 15);
3169 2911 3256 2978 qui
3303 2905 3587 2978 aliquando
3635 2926 3744 2965 non

2171 2977 2427 3049 populus,
2471 2992 2613 3049 nunc
2626 2977 2818 3031 autem
2850 2980 3074 3046 populus
3105 2979 3202 3034 Dei
3249 2979 3299 3032 in
3328 2977 3542 3035 Christo
3569 2980 3745 3049 (Rom.

2167 3061 2241 3108 lx,
2274 3046 2365 3114 25)
2389 3066 2408 3116 γε
2442 3047 2654 3115 quando
2681 3056 2764 3101 est
2794 3057 3001 3116 tempus
3029 3050 3351 3116 acceptabile
3380 3058 3436 3104 et
3461 3046 3586 3105 dies.
3609 3052 3748 3105 salu-

2171 3116 2235 3189 tis
2266 3117 2349 3189 (ll
2368 3115 2485 3189 Cor.
2519 3134 2602 3183 vr,
2627 3117 2693 3186 2)
2721 3127 2773 3172 et
2814 3115 3048 3187 tempora
3077 3118 3336 3188 refrigerii
3373 3121 3424 3173 in
3455 3129 3749 3189 conspectu

2171 3186 2472 3251 Altissimi;
2525 3189 2737 3255 quando
2790 3186 3116 3257 unaquaeque
3165 3186 3295 3258 gens
3349 3189 3510 3244 habet
3560 3186 3751 3246 testem

2167 3258 2577 3328 Esurrcctionis
2608 3299 2622 3322 ,
2674 3258 3049 3328 quando,ipse
3097 3259 3350 3314 Dominus
3402 3270 3749 3328 protestantur,

2167 3323 2300 3378 Ecce
2331 3343 2418 3397 ego
2452 3323 2703 3380 robiscuni
2731 3344 2858 3397 sum,
2883 3323 3109 3381 oninibns
3147 3329 3318 3382 diebus
3348 3323 3500 3394 usque
3528 3331 3600 3383 ad
3623 3323 3752 3386 con:-

2167 3396 2550 3469 summationent
2569 3398 2753 3469 seaculi
2779 3396 2994 3469 (Matth.
3022 3414 3191 3452 xxvm
3211 3439 3226 3463 ,
3251 3399 3320 3452 20
3339 3401 3376 3469 ).
3410 3397 3529 3454 Non
3557 3399 3754 3456 ﬁamus

481 3465 768 3543 quidquam
793 3471 860 3526 de
889 3465 1160 3526 'mandatis
1183 3465 1419 3532 Domini,
1467 3469 1560 3523 sed
1612 3468 1972 3543 unusquisque
2005 3465 2060 3518 in

2168 3480 2297 3534 ergo
2321 3469 2434 3520 sine
2457 3467 2669 3521 Christo
2701 3467 2752 3520 in
2777 3468 2879 3520 hoc
2908 3476 3145 3536 tempore
3171 3467 3510 3537 transitorio;
3540 3485 3612 3527 ne
3637 3471 3756 3528 sine

486 3537 596 3615 quo
621 3537 840 3598 vocatus
863 3551 965 3609 est,
999 3543 1053 3595 in
1080 3557 1144 3597 eo
1172 3550 1479 3612 permaneat
1506 3540 1646 3608 apud
1679 3537 1982 3592 Dominum.

2170 3537 2325 3590 nobis
2353 3537 2594 3592 Christus
2624 3552 2744 3592 esse
2783 3538 3003 3607 incipiat
3041 3539 3095 3592 in
3125 3538 3322 3594 futuro.

487 3647 3758 3673 MM

1192 3754 1644 3816 ADMONITIO
1684 3755 1766 3816 ΙΝ
1810 3753 2303 3816 TRACTATUM
2346 3752 2994 3828 SUBSEQUENTEM.

559 3947 760 4002 Locum
791 3943 878 3999 hic
905 3958 1060 3998 suum
1089 3983 1104 4008 ,
1137 3958 1295 4012 quem
1321 3957 1385 3996 ex
1415 3941 1656 3995 instituto
1683 3955 1776 4009 per
1812 3954 1907 3994 nos
1935 3937 2124 3993 ordine
2151 3938 2302 3992 initio
2329 3938 2651 4008 Appendicis
2677 3939 2936 4010 postulat,
2970 3954 3075 3994 non
3107 3947 3272 3994 totum
3310 3938 3591 4008 occupabit
3625 3953 3761 4010 opus

484 4037 616 4094 illud
642 4079 655 4102 ,
694 4035 834 4106 quod
879 4035 1232 4105 Hieronymus
1261 4033 1554 4104 Vignierius
1598 4032 1648 4085 in
1673 4039 1875 4101 partem
1903 4030 2266 4100 Supplementi
2314 4029 2540 4099 primam
2588 4031 2966 4097 transtulerat,
3011 4031 3114 4085 hoe
3158 4031 3311 4086 titulo
3353 4039 3759 4100 prtenotatum:

493 4148 512 4180 ι
547 4128 826 4182 Tractatus
854 4125 921 4179 de
949 4135 1151 4194 septem
1180 4124 1335 4179 Vitiis
1363 4131 1417 4177 ct
1443 4131 1645 4192 septem
1675 4121 1838 4176 Donis
1865 4121 2094 4189 Spiritus
2121 4119 2293 4175 sancti
2325 4137 2336 4174 :
2370 4140 2388 4171 ι
2425 4121 2686 4190 incipiens
2710 4161 2725 4187 ,
2764 4139 2782 4171 ι
2815 4120 3030 4191 Septem
3060 4131 3185 4176 sunt
3215 4121 3343 4176 vitia
3369 4121 3704 4192 principalia.
3736 4141 3758 4176 ι

485 4219 545 4275 ld
570 4234 599 4272 a
624 4216 896 4287 Vignicrio
925 4225 1192 4286 repertum
1220 4225 1302 4269 est
1329 4215 1467 4268 inter
1493 4223 1795 4267 sanctorum
1826 4221 2036 4282 patrum
2063 4211 2390 4266 monimenta
2417 4211 2682 4279 impressa
2713 4211 2958 4275 Parisiis,
2985 4227 3128 4266 anno
3153 4212 3310 4277 1654,
3338 4227 3463 4267 cura
3489 4211 3765 4268 Guillelmi

485 4309 775 4369 Camerarii
793 4349 806 4374 ,
832 4308 997 4373 Scoti,
1028 4316 1082 4361 et
1107 4305 1512 4376 congregatione
1538 4303 1764 4358 Oratorii
1796 4302 2126 4374 presbyteri,
2155 4302 2244 4370 qui
2273 4301 2568 4370 Augustino
2587 4341 2602 4365 ,
2631 4315 2737 4355 non
2765 4302 2832 4356 ab
2856 4301 3088 4371 antiquis
3113 4301 3400 4367 codicibus,
3428 4301 3526 4357 sed
3557 4311 3763 4358 tantum

486 4421 520 4461 a
545 4403 725 4458 multis
750 4401 878 4456 viris
905 4399 1076 4453 doctis
1104 4397 1257 4452 tribui
1285 4396 1430 4450 dicit.
1458 4395 1658 4449 Verum
1701 4394 1921 4448 habetur
1947 4391 2050 4444 hoc
2079 4392 2251 4460 ipsum
2283 4389 2421 4459 apud
2463 4390 2738 4460 Hugonem
2768 4390 3096 4445 Victorinum
3125 4391 3176 4444 in
3205 4389 3343 4444 libro
3371 4390 3764 4462 Allegoriarum

487 4496 542 4552 in
570 4493 870 4548 Matthaeum
916 4489 1170 4554 secundo,
1199 4504 1316 4558 cap.
1348 4487 1399 4542 5.
1434 4485 1618 4542 Eidem
1646 4485 2035 4555 Allcgoriarum
2062 4482 2197 4536 libro
2221 4522 2235 4545 ,
2264 4495 2382 4550 cap.
2414 4480 2502 4546 19,
2537 4481 2793 4540 insertum
2832 4483 2990 4537 etiam
3027 4492 3109 4537 est
3145 4483 3459 4552 opusculum
3499 4485 3649 4540 aliud
3693 4484 3765 4540 de

487 4585 650 4642 Donis
674 4582 897 4652 Spiritus
921 4581 1117 4646 sancti,
1145 4579 1246 4633 hoc
1269 4577 1488 4633 exordio
1517 4594 1528 4629 :
1555 4595 1572 4628 ι
1594 4576 1856 4644 Scriptum
1883 4583 1983 4638 est,
2013 4573 2074 4628 Si
2103 4573 2236 4626 enim
2263 4588 2348 4625 vos
2373 4588 2486 4625 cum
2511 4572 2619 4627 sitis
2648 4573 2791 4638 mali,
2824 4592 2842 4625 ι
2877 4582 3006 4640 etc.,
3035 4573 3174 4644 quod
3204 4573 3441 4642 ejusdem
3469 4573 3766 4631 Camerarii

487 4673 799 4730 auctoritate
822 4712 836 4736 ,
864 4686 960 4740 pro
985 4668 1262 4739 Augustini
1290 4668 1546 4721 Sermone
1571 4664 1794 4720 dederat
1821 4663 2120 4732 Vignierlus
2153 4661 2212 4716 in
2240 4661 2430 4736 eadem
2473 4662 2836 4732 Supplementi
2882 4673 3030 4734 parte
3055 4704 3070 4730 ,
3099 4679 3204 4718 non
3229 4665 3383 4734 longe
3413 4672 3536 4720 ante
3563 4665 3766 4720 dictum

487 4769 769 4818 tractatum
799 4760 865 4814 de
909 4768 1110 4829 septem
1136 4757 1312 4812 Vitiis.
1357 4755 1491 4810 lluic
1521 4770 1679 4825 porro
1724 4753 1966 4807 tractatui
1994 4751 2334 4821 conjunctum
2363 4761 2507 4806 recte
2551 4761 2695 4807 esset
2722 4752 2863 4807 istud
2888 4754 3222 4822 Opnsculum,
3251 4753 3393 4823 quod
3419 4763 3474 4809 et
3497 4768 3766 4810 summam

488 4852 652 4907 habet
693 4867 812 4906 cum
857 4851 950 4905 illo
991 4849 1302 4904 afﬁnitatem
1329 4890 1344 4914 ,
1377 4858 1431 4902 et
1470 4847 1674 4902 confert
1702 4844 1943 4899 nonnihil
1969 4844 2035 4898 ad
2076 4845 2192 4912 ejus
2222 4845 2602 4915 integritatem.
2650 4843 2918 4913 Opusculo
2959 4845 3101 4899 enim
3148 4847 3390 4915 sejuncto
3420 4845 3767 4916 imperfectus

487 4941 695 5006 videtur
722 4949 978 4995 tractatus
1003 4981 1018 5007 ,
1065 4947 1155 4992 aut
1184 4937 1335 4992 titulo
1360 4937 1548 4992 saltem
1575 4951 1668 5006 per
1695 4934 2017 5003 Vignierium
2051 4933 2289 5003 praefixo.
2319 4949 2420 5004 qua
2449 4942 2602 5003 parte
2652 4933 2719 4988 de
2765 4934 2928 4989 Donis
2969 4935 3195 5005 Spiritus
3225 4937 3393 4992 sancti
3433 4938 3766 5009 inscribitur,

487 5030 894 5100 haudquaquam
923 5027 1271 5096 respondens.
1318 5027 1582 5081 Caeterum
1633 5025 1804 5094 aptior
1849 5033 1930 5078 est
1972 5022 2112 5091 apud
2148 5021 2418 5092 llugonem
2462 5023 2736 5094 inscriptio
2765 5033 3018 5079 tractatus
3048 5026 3099 5080 in
3146 5025 3286 5082 hunc
3330 5028 3551 5084 modum
3584 5048 3597 5084 :
3631 5049 3648 5082 ‹
3687 5031 3766 5086 De

489 5131 696 5193 septem
727 5120 964 5176 Peccatis
993 5120 1303 5174 mortalibus
1329 5161 1342 5186 ,
1391 5127 1575 5173 contra
1623 5133 1741 5186 qua:
1778 5117 1956 5170 valent
2003 5116 2258 5170 orationis
2300 5116 2581 5172 dominicae
2627 5118 2951 5186 petitiones:
2989 5138 3007 5171 ι
3035 5134 3159 5175 cum
3203 5121 3333 5176 nihil
3379 5123 3523 5178 aliud
3551 5124 3623 5178 sit
3663 5125 3768 5181 nisi

490 5211 732 5283 quaedam
777 5202 1065 5265 dominicae
1083 5209 1338 5262 orationis
1365 5217 1676 5277 septemque
1719 5205 1832 5275 ejus
1860 5206 2173 5274 petitionum
2214 5205 2471 5262 adversus
2496 5214 2700 5275 septem
2725 5209 2850 5262 vitia
2887 5211 3172 5280 expositio.
3205 5212 3410 5282 Hugoni
3437 5229 3598 5283 porro
3637 5231 3766 5272 suus

492 5305 581 5358 ille
611 5310 861 5358 tractatus
887 5308 1134 5365 maneat,
1177 5299 1358 5353 multis
1380 5339 1394 5364 ,
1437 5299 1480 5353 si
1507 5313 1592 5352 res
1619 5307 1895 5366 posceret,
1924 5297 2251 5364 argumentis
2296 5298 2392 5366 ipsi
2422 5302 2759 5354 asscrendus.
2785 5300 2980 5355 Confer
3000 5342 3014 5368 ,
3047 5303 3091 5356 si
3123 5303 3299 5371 lubet,
3329 5305 3517 5361 librum
3547 5309 3710 5376 ipsius
3733 5308 3764 5364 Ξ

491 5397 560 5450 de
582 5393 939 5449 Sacramentis
963 5434 977 5459 ,
1006 5402 1141 5461 part.
1175 5392 1242 5447 15
1263 5432 1276 5456 ,
1307 5407 1424 5460 cap.
1458 5393 1478 5445 1
1513 5431 1525 5456 ,
1555 5400 1606 5446 et
1633 5390 1863 5445 Summa:
1903 5391 2288 5444 sententiarum
2320 5399 2603 5446 tractatum
2631 5393 2664 5447 '5
2685 5435 2698 5458 ,
2731 5404 2850 5463 cap.
2882 5395 2948 5450 16
2975 5437 2987 5460 ,
3018 5397 3104 5451 ubi
3132 5398 3316 5453 eadem
3359 5401 3517 5469 plane
3559 5404 3764 5457 ratione

493 5493 698 5553 septem
726 5482 850 5536 vitia
876 5481 1139 5549 descripta
1182 5481 1436 5550 reperies.
1484 5480 1673 5536 Iisdem
1705 5495 1916 5550 quoque
1944 5479 2122 5533 verbis
2167 5479 2251 5533 hic
2296 5480 2567 5537 deﬁnitum
2613 5485 2663 5536 in
2710 5500 2907 5554 genere
2935 5488 3139 5552 vitium,
3184 5499 3341 5558 atque
3386 5493 3436 5545 in
3485 5493 3625 5547 libro
3652 5494 3768 5562 ejus

497 5575 952 5630 Misccllaneormn
979 5572 1168 5640 primo.
1195 5572 1329 5636 Quid
1353 5572 1422 5626 sit
1443 5573 1535 5626 Dei
1568 5588 1780 5635 nomen,
1805 5572 2102 5641 expositum
2129 5586 2233 5625 non
2261 5587 2412 5626 secus
2439 5587 2500 5628 ac
2527 5574 2577 5628 in
2606 5575 2710 5629 alio
2738 5585 2962 5632 tractatu
2988 5579 3221 5649 llngonis
3245 5597 3402 5652 super
3429 5583 3728 5656 Magniﬁcat
3749 5601 3771 5639 :

499 5674 555 5721 ct
593 5663 656 5717 de
684 5663 941 5732 captanda
969 5662 1061 5715 Dei
1089 5661 1453 5716 benevolentia
1483 5662 1632 5716 initio
1677 5662 1998 5732 precationis
2025 5661 2212 5715 similia
2245 5677 2363 5717 cum
2413 5663 2514 5719 hoc
2553 5665 2730 5720 libello
2759 5666 2915 5722 habet
2955 5678 3204 5726 tractatus
3235 5673 3469 5743 ejusdem
3512 5675 3581 5730 de
3608 5676 3772 5733 Modo

499 5752 706 5811 orandi.
758 5751 1032 5806 Postremo
1075 5759 1353 5815 tractatus,
1401 5767 1556 5821 quem
1603 5753 1813 5821 scripsit
1838 5752 1904 5806 de
1935 5752 2164 5821 quinque
2188 5753 2481 5822 -Scptenis,
2518 5756 2627 5810 sive
2659 5757 2984 5826 Septenariis
3010 5803 3023 5828 ,
3057 5761 3229 5820 editus
3273 5764 3326 5821 in
3371 5766 3532 5823 citato
3562 5767 3700 5824 libro
3727 5770 3771 5825 2

503 5848 915 5921 Allegoriarum,
941 5861 1056 5918 cap.
1088 5847 1175 5916 15,
1207 5855 1474 5905 auctorem
1503 5848 1659 5919 plane
1688 5848 1934 5906 eumdem
1965 5863 2086 5905 cum
2117 5855 2342 5908 tractatu
2370 5851 2436 5909 de
2461 5862 2666 5924 septem
2697 5855 2846 5913 V'itiis
2871 5856 3037 5915 refert
3695 5919 3703 5943 ι
3733 5873 3779 5904 »ι

4029 5425 4031 5466 l

4030 5813 4031 5850 ι

4029 5937 4031 6000 l
