4076 6370
467 334 609 393 1105

461 456 632 511 ceret,
660 442 1056 517 Cogitatiouum,
1094 441 1226 517 inter
1255 457 1307 498 se
1329 442 1540 517 invicem
1564 443 1908 517 accusantium
1926 484 1940 507 ,
1969 452 2058 517 aut

464 521 617 575 etiam
647 512 1022 588 defendentium
1041 556 1057 581 ,
1088 514 1141 568 in
1174 514 1255 588 die
1290 531 1389 584 qua
1421 514 1673 588 judicabit
1698 512 1849 588 Deus
1862 514 2059 588 occulta

468 585 729 646 hominum
751 585 1029 657 secundum
1050 586 1361 657 evangelium
1381 585 1543 638 meum
1559 585 1734 655 (llam.
1755 602 1812 651 ιι,
1830 586 1919 653 I5,
1944 585 2054 657 I6).

539 658 766 715 CAPUT
822 656 1012 711 XXVI.
1061 656 1235 711 Beata:
1280 657 1393 710 vita:
1437 657 1667 724 felicitas.
1723 658 1887 711 Amor
1916 656 2057 726 prai-

466 730 640 789 sentis
702 730 883 784 saaculi
935 728 1094 793 dicit,
1148 727 1286 795 Quid
1340 726 1642 797 pulchrius,
1697 729 1824 797 quid
1887 728 2056 783 hone-

468 805 627 867 stius,
642 801 768 872 quid
791 800 1090 864 venustius,
1106 798 1306 872 quidve
1326 807 1502 868 potest
1523 813 1643 872 esse
1668 799 2053 872 delectabilins,

466 890 628 945 quam
659 869 916 945 'quoddin
963 869 1213 945 priesenti
1261 870 1368 945 vita
1409 870 1645 945 quotidie
1685 871 1987 945 cernimus?
2013 871 2058 926 Ο

465 941 629 1015 quam
646 941 905 998 mirabilis
919 942 1040 997 coeli
1059 955 1271 1015 camera
1290 941 1342 995 in
1364 941 1759 1015 aereijucundo,
1780 944 1830 996 in
1855 943 1907 1015 lu
1915 944 2058 997 mine

463 1012 598 1072 Solis
622 1057 636 1080 ,
672 1015 724 1068 in
750 1023 1036 1083 augmento
1060 1012 1200 1066 luna:
1227 1021 1384 1080 atque
1414 1012 1623 1067 defectu
1643 1054 1656 1076 ,
1702 1014 1754 1066 in
1799 1014 2058 1068 varietate

467 1087 745 1143 stellarum
772 1095 826 1141 et
852 1084 1039 1139 cursu!
1070 1100 1228 1153 quam
1258 1084 1591 1139 oblectabilis
1615 1093 1755 1139 term
1790 1085 1842 1138 in
1867 1101 2056 1139 nemo-

466 1174 589 1214 rum
616 1157 855 1218 floribus,
896 1157 947 1209 in
991 1156 1243 1209 fluetunm
1283 1156 1631 1211 suavitatibus
1656 1198 1670 1223 ,
1702 1156 1754 1209 in
1783 1166 2057 1224 pratorum

465 1230 869 1298 rivulornmque
894 1227 1308 1298 amcenitatibus,
1335 1226 1391 1281 in
1416 1236 1653 1297 segetum
1681 1227 1873 1281 culmis
1899 1227 2054 1282 luxu-

466 1296 848 1362 riantibus,in
889 1299 1163 1352 vinearum
1199 1296 1341 1350 foliis
1381 1307 1435 1352 et
1478 1296 1847 1353 botrionibus‘
1885 1299 2057 1368 plenis

392 1402 395 1405 -
466 1372 779 1443 palmitibus
805 1413 817 1433 ,
843 1369 896 1423 in
937 1368 1416 1443 silvarumumbris
1446 1377 1501 1424 et
1526 1370 1698 1439 planis
1725 1370 1975 1435 exitibus,
2004 1371 2058 1425 in

467 1440 729 1513 equorum
758 1450 811 1495 et
835 1456 1025 1495 canum
1050 1440 1292 1513 cursibus
1310 1480 1327 1506 ,
1358 1441 1411 1494 in
1441 1455 1720 1513 cervorum
1750 1450 1807 1497 et
1832 1456 2052 1510 caprea-

465 1512 587 1570 rum
625 1515 846 1567 saltibus
868 1555 882 1579 ,
924 1513 975 1566 in
1016 1512 1324 1580 accipitrum
1364 1512 1657 1571 volatibus.
1689 1515 1739 1566 in
1767 1527 2056 1583 pavonum,

468 1585 857 1649 columbarum,
894 1594 1261 1652 turturumque
1285 1583 1475 1651 pennis
1501 1593 1555 1638 et
1580 1584 1762 1650 collis,
1790 1585 1840 1638 in
1871 1585 2057 1639 domo-

469 1672 591 1710 rum
628 1656 782 1724 pictis
807 1655 972 1707 muris
1002 1664 1056 1707 et
1092 1654 1461 1723 laquearibus,
1492 1655 1544 1709 in
1588 1671 1906 1726 organorum
1943 1672 2059 1710 om-

465 1728 723 1796 niumque
763 1726 1087 1779 musicorum
1118 1726 1336 1780 tinnulis
1380 1726 1623 1781 cantibus
1646 1769 1660 1791 ,
1695 1728 1746 1781 in
1774 1728 2057 1781 mulierum

468 1799 709 1853 venustis
726 1798 1052 1864 aSpectibus,
1073 1810 1363 1866 earumque
1393 1798 1693 1868 superciliis
1715 1807 1769 1852 et
1796 1798 2054 1866 crinibus,

467 1869 639 1925 oculis
665 1880 718 1923 et
756 1869 904 1936 genis
926 1909 938 1929 ,
968 1877 1180 1938 gutture
1220 1875 1275 1921 et
1312 1868 1497 1935 labiis,
1532 1884 1661 1923 naso
1695 1878 1751 1924 et
1788 1870 2053 1935 manibus,

468 1951 630 2010 atque
656 1940 989 1993 extrinsecus
1016 1939 1268 1992 adhibitis
1299 1955 1433 1992 auro
1460 1947 1514 1993 et
1547 1942 1774 2010 gemmis
1791 1940 2057 1995 distinctis

469 2012 762 2067 monilibus
783 2052 796 2073 ,
830 2022 882 2065 et
906 2011 948 2064 si
982 2026 1082 2078 qua
1123 2019 1248 2063 sunt
1270 2011 1372 2064 alia
1399 2026 1517 2078 qnze
1543 2012 1703 2066 modo
1731 2027 1835 2065 non
1868 2012 2059 2066 recolit

474 2085 702 2138 sensus!
736 2081 842 2138 Sed
888 2097 1040 2135 amor
1076 2082 1261 2149 patria:
1289 2083 1524 2136 caelestis
1560 2083 1881 2151 respondet,
1924 2082 1979 2137 Si
2008 2092 2060 2138 te

466 2153 567 2210 ista
597 2155 867 2211 delectant
891 2169 1009 2220 qu:e
1040 2153 1139 2205 sub
1176 2152 1313 2207 coelo
1344 2162 1483 2216 sunt,
1517 2169 1563 2207 Sl
1607 2169 1789 2208 carcer
1836 2154 1903 2208 ita
1946 2155 2058 2223 pul-

466 2226 600 2280 cher
627 2237 738 2290 est;
772 2225 973 2293 patria,
1002 2224 1189 2277 civitas
1214 2233 1267 2277 et
1295 2223 1485 2279 domus
1500 2225 1673 2294 qualis
1698 2224 1820 2279 est?
1847 2226 1901 2279 Si
1934 2226 2057 2280 talia

466 2305 596 2352 sunt
624 2313 742 2359 qua:
771 2296 950 2349 colunt
978 2294 1272 2364 peregrini;
1303 2296 1479 2364 qualia
1500 2306 1758 2364 suutqutc
1782 2295 2058 2364 possident

466 2368 597 2421 ﬁlii?
627 2366 682 2423 Si
715 2368 963 2421 mortales
1003 2375 1056 2419 et
1097 2366 1275 2419 miseri
1326 2367 1377 2418 in
1432 2370 1529 2421 hac
1572 2368 1678 2421 vita
1712 2368 1887 2421 taliter
1934 2375 2060 2422 sunt

466 2438 795 2493 remunerati
823 2455 835 2496 ;
868 2437 1194 2490 immortales
1221 2445 1278 2491 et
1312 2437 1455 2491 beati
1484 2439 1711 2505 qualiter
1739 2449 1862 2491 sunt
1889 2439 1940 2491 in
1971 2440 2059 2493 illa

465 2510 575 2564 vita
623 2508 811 2563 ditati?
850 2508 1182 2576 Quapropter
1213 2508 1428 2562 recedat
1456 2524 1607 2561 amor
1650 2511 1929 2578 przesentis
1959 2524 2059 2563 saa-

466 2580 607 2647 cuIi,
643 2580 696 2633 in
726 2594 831 2649 quo
857 2580 1030 2632 nullus
1060 2580 1128 2631 ita
1159 2580 1421 2642 nascitur,
1459 2587 1516 2632 ut
1545 2595 1649 2632 non
1686 2581 1979 2633 moriatur:
2005 2590 2061 2636 et

469 2650 727 2706 succedat
755 2665 907 2704 amor
938 2649 1100 2703 futuri
1130 2649 1310 2704 saeculi
1335 2692 1349 2715 ,
1383 2650 1435 2702 in
1465 2665 1571 2719 quo
1598 2651 1677 2705 sic
1702 2666 1888 2706 onmes
1918 2652 2058 2706 vivi-

466 2721 715 2789 ﬁcantur,
758 2730 816 2776 ut
854 2721 1104 2789 deinceps
1139 2736 1245 2774 non
1291 2721 1624 2775 moriantur:
1650 2722 1735 2777 ubi
1771 2724 1915 2777 nulla
1959 2723 2057 2778 ad-

465 2796 695 2848 versitas
728 2793 922 2855 turbat,
963 2792 1109 2847 nulla
1141 2793 1432 2847 necessitas
1457 2803 1721 2862 angustat,
1762 2794 1901 2849 nulla
1943 2811 2059 2850 mo-

466 2863 635 2936 Iestia
680 2865 976 2936 inquietat,
1030 2863 1130 2936 sed
1160 2864 1437 2936 perennis
1501 2865 1683 2919 laetitia
1749 2876 1952 2936 regnat.
2002 2869 2059 2923 Si

469 2934 690 3008 quaeris,
706 2934 843 3008 quid
867 2935 955 3008 ibi
995 2935 1093 2998 sit,
1126 2935 1213 2989 ubi
1241 2935 1441 3008 taliset
1466 2944 1609 2989 tanta
1629 2934 1908 2991 beatitudo
1935 2955 2055 3008 per.

467 3005 611 3079 sistit
633 3023 645 3059 :
670 3006 822 3060 aliter
849 3004 952 3079 dici
985 3021 1090 3079 non
1124 3015 1298 3079 potest
1331 3005 1464 3073 nisi,
1497 3007 1764 3079 Quidquid
1794 3004 2057 3079 boni'est,

466 3075 541 3150 ibi
563 3086 673 3150 est;
693 3086 759 3150 et
785 3076 1043 3150 quidquid
1071 3077 1194 3150 mali
1224 3077 1620 3150 est,_nunquam
1654 3075 1722 3133 ibi
1748 3089 1850 3135 est.
1880 3075 2056 3150 Quod,

466 3145 666 3223 inquis,
691 3145 821 3223 illud
844 3146 1042 3223 bonum
1064 3146 1178 3223 est;l
1212 3147 1348 3223 Quid
1378 3145 1829 3223 nte—interrogas?
1857 3145 2055 3223 A'pro;

466 3216 636 3290 pheta
667 3226 721 3271 et
760 3218 1018 3290 Apostolo
1064 3218 1341 3272 definitum
1370 3229 1452 3274 est
1476 3238 1489 3274 :
1517 3220 1665 3287 Quod
1704 3216 2053 3290 oculusfin-

468 3287 679 3352 quiunt,
729 3304 834 3341 non
875 3288 1030 3349 vidit,
1081 3297 1129 3342 et
1172 3290 1313 3342 auris
1352 3293 1701 3357 non‘audivit,
1747 3310 1836 3346 nec
1876 3287 1929 3348 in
1974 3312 2060 3351 cor

469 3357 691 3436 hominis
718 3359 1429 3436 ascendit,_quteprwparavit
1457 3360 1600 3436 Deus
1626 3364 1703 3416 his
1732 3365 1817 3436 qui
1842 3364 2060 3436 diligunt

468 3444 582 3502 eum
606 3428 758 3502 (Isai.
786 3429 1070 3502 thv,_47;rl
1099 3428 1217 3485 Cor.
1236 3428 1294 3498 ιι,
1328 3431 1409 3502 9).
1452 3432 1535 3486 Ad
1573 3434 1714 3488 hanc
1744 3428 2060 3494 felicitatem

470 3498 657 3572 multis
682 3498 877 3572 saeculi
890 3499 1089 3555 divitiis
1110 3498 1438 3572 constipatus
1452 3503 1616 3559 David
1634 3504 1916 3561 anhelabat
1936 3523 2061 3566 cum

470 3569 708 3633 diceret,
741 3571 878 3646 Quid
898 3572 1032 3646 lui/ti
1060 3582 1214 3625 restat
1234 3569 1333 3646 {in
1360 3574 1519 3646 uelo,
1553 3584 1599 3629 et
1624 3592 1655 3629 a
1691 3586 1736 3629 te
1767 3578 1891 3646 quid
1926 3582 2063 3635 volui

471 3656 624 3725 super
650 3652 844 3725 terram
862 3640 1036 3725 (Psal.
1052 3644 1391 3725 ἰχλχιιρὸρ,
1414 3644 1587 3700 Multis
1616 3640 1881 3725 regalibus
1907 3650 2062 3725 dapi-

468 3709 572 3790 bus
591 3709 893 3790 abundans
930 3714 1142 3790 dicebat
1164 3756 1184 3790 ,_
1204 3709 1464 3790 __Sat_i_abor
1482 3726 1616 3770 ‘cum
1656 3709 2063 3790 nianifestabiiur

470 3781 636 3852 gloria
663 3794 763 3857 tua
806 3783 976 3857 (Psaﬁl.
1018 3800 1131 3851 xvr,
1166 3783 1381 3857 IS)._Et
1417 3802 1651 3853 rursum,
1693 3781 1864 3844 Silivit
1890 3796 2063 3849 anima

471 3869 585 3929 mea
603 3854 671 3906 ad
895 3856 1061 3929 vivum
1080 3898 1095 3921 ,
1136 3854 1339 3929 quando
1365 3858 1561 3911 veniam
1584 3870 1635 3913 et
1661 3864 1915 3929 apparebo
1946 3876 2064 3921 ante

471 3925 655 4006 [aciem
677 3926 771 3979 Dei
800 3925 971 3993 (Psal.
996 3942 1102 4006 xu,
1137 3926 1227 3995 5)?
1252 3927 1589 4006 Rursumque
1612 3972 1625 3995 ,
1674 3925 1786 3986 Heu
1814 3953 1907 3999 me,
1943 3940 2065 4006 quia

470 3994 886 4076 ipeolatus’meus
918 3994 1245 4076 prolongatus
1273 4008 1345 4052 est
1377 3994 1550 4076 (Psal.
1570 3994 1714 4076 cxlx,
1740 4005 1825 4076 5)!
1855 3994 1987 4062 llin'c
2010 4018 2065 4065 et

471 4062 697 4138 Paulus,
715 4066 881 4138 _Cupio
908 4062 1118 4121 dissolvi
1149 4079 1195 4123 et
1217 4085 1322 4123 esse
1349 4062 1464 4124 cum
1490 4062 1722 4138 Christo}
1751 4062 1909 4133 multo
1930 4062 2064 4134 enim

472 4136 651 4209 melius
670 4135 933 4209 (Philipp.
960 4154 997 4202 1,
1026 4138 1142 4209 25).

543 4206 638 4261 llis
667 4208 1035 4292 ita‘deeursis2
1068 4206 1372 4292 quanquam
1401 4214 2057 4292 multaprtetermiserim,

476 4285 677 4349 tamen,
711 4287 768 4331 ut
796 4278 925 4331 mihi
955 4278 1182 4348 videtur,
1217 4278 1386 4337 hostis
1426 4278 1930 4347 nostri'fornicautis
1970 4278 2062 4349 ea:

474 4358 590 4403 stra
612 4348 644 4431 ’_
661 4349 971 4431 monstravi,
1003 4352 1309 4431 quibushpie
1339 4356 1577 4431 viventes
1607 4359 1660 4413 in
1691 4360 1902 4417 Christo
1937 4348 2065 4422 Jesu

474 4434 583 4491 non
613 4420 808 4474 desinit
835 4420 1170 4491 impugnare.
1200 4420 1304 4479 Sed
1332 4441 1431 4480 nec
1462 4428 1545 4480 his
1573 4440 1853 4484 contentus
1874 4420 2063 4490 diabo;

472 4490 560 4544 Ius
579 4491 647 4573 ad
667 4491 767 4544 alia
793 4490 1121 4573 convertitur
1154 4507 1483 4573 argumenta,
1510 4498 1634 4552 dum
1666 4502 1980 4570 quibusdam
2008 4506 2063 4561 in

473 4563 681 4645 somnis
706 4563 898 4645 sazpius
923 4579 1056 4645 vera
1078 4563 1405 4645 pronuntiat,
1427 4576 1497 4645 _ut
1525 4585 1618 4624 eos
1649 4563 1967 4645 quandoque
1995 4578 2064 4632 ad

470 4631 758 4716 falsitatem
786 4631 1092 4716 pertrahat,
1115 4637 1242 4691 dum
1267 4631 1596 4716 dormientes
1617 4631 1741 4697 ante
1771 4631 1952 4701 horam
1977 4631 2065 4704 vel

471 4712 685 4787 tempus
714 4710 1035 4789 exsuscitat,
1071 4717 1128 4789 ut
1158 4724 1251 4764 eos
1282 4710 1584 4789 vigiliarum
1618 4723 1856 4784 tempore
1876 4760 1890 4783 ,
1939 4735 2065 4789 gra-

476 4777 1221 4855 vissimosomnodeprimat,
1254 4777 1374 4855 cum
1409 4784 1696 4851 psallentes
1725 4777 1887 4855 atque
1906 4777 2067 4845 oian-

473 4855 553 4901 tes
581 4847 770 4919 sibilis,
795 4849 1133 4915 stridoribus,
1158 4847 1438 4907 latratibus
1458 4855 1682 4910 diversis
1704 4869 1757 4912 et
1781 4847 2066 4919 inconditis

471 4918 714 5000 vocibus,
740 4919 899 4989 juctis
920 4923 1078 4976 etiam
1108 4924 1370 5000 lapidibus
1394 4926 1476 5000 vel
1506 4930 1832 5000 stercoribus
1857 4918 2067 5000 perturé-

473 4988 585 5069 bat,
615 4998 673 5043 ιιι
699 4988 793 5070 eos
814 5007 1028 5070 quoq_uo
1050 4988 1206 5063 pacto
1228 5011 1256 5047 a
1282 4996 1541 5070 spirituali
1558 5004 1733 5068 ‘opere
1760 4988 2061 5070 retr-aliens,

473 5061 661 5139 inanes
690 5061 914 5139 eiﬁciat_._
937 5061 1016 5118 Tu
1047 5061 1257 5139 autem,
1290 5061 1451 5139 homo
1482 5061 1856 5139 lien-vigilanti
1890 5061 2065 5132 studio

472 5132 837 5212 attendequae
862 5132 1006 5212 dico,
1033 5135 1241 5212 et_mihi
1262 5137 1432 5208 magis
1454 5132 1629 5194 adhuc
1654 5132 1915 5212 siupenda
1942 5162 2066 5202 nar-

472 5203 609 5256 ranti
641 5202 794 5255 tidem
825 5206 1060 5272 przebeto
1088 5205 1131 5259 ⁸.

542 5271 769 5328 CAPUT
798 5271 1011 5330 XXVII.
1044 5274 1250 5332 Diaboli
1276 5277 1509 5335 inaudita
1539 5285 1766 5339 tentatio.
1797 5284 1902 5342 Cur
1944 5306 2063 5359 per-

534 5364 555 5429 ξ
579 5372 658 5429 Ms.
686 5368 876 5429 Regius,
897 5366 950 5418 in
966 5368 1129 5419 botris.

539 5426 561 5496 ξ
583 5428 656 5496 sie
669 5426 775 5496 Mss}
804 5426 869 5496 At
882 5431 1018 5491 editi,
1044 5431 1162 5496 quid
1179 5434 1307 5485 enim
1325 5433 1445 5486 mihi
1464 5443 1535 5487 est
1556 5435 1579 5488 ?

535 5486 883 5567 1ludiust/fortia
905 5486 1095 5567 castra'._
1120 5500 1374 5567 Sequimur
1393 5507 1471 5548 Ms.
1488 5486 1883 5567 G’ertnanensem,
1899 5507 1976 5555 cui
1998 5506 2067 5558 fa-
2140 5506 2143 5509 ⁷

470 5556 599 5634 292E
615 5551 872 5634 11‘3'5‘9992;
883 5559 1183 5634 _#!__E‘?gi“§:
1199 5551 1331 5612 Ἱιοδεί
1368 5568 1529 5613 nostra
1569 5551 2068 5634 ΐονηιὶάᾶιῖᾶιῐφῖα

470 5612 600 5678 facta
620 5618 720 5673 est;
744 5612 905 5665 castra
923 5612 1077 5678 enim:
1094 5612 1188 5671 etc'.

532 5672 749 5750 inuno
757 5682 861 5750 his,
876 5679 946 5728 sic
965 5672 1219 5750 clauditur,
1234 5690 1280 5734 et
1296 5686 1482 5750 veritati
1493 5702 1600 5750 quae
1617 5696 1661 5740 te
1678 5701 1809 5744 vocat
1824 5699 1871 5744 et
1891 5692 2067 5749 blande

469 5733 1107 5852 :{fM‘lggmabem
1132 5733 1250 5799 Vide

1928 323 2296 383 APPENDIX.

3619 326 3758 383 1104

2164 443 2339 497 missa.
2370 440 2655 512 Cuiusdam
2687 440 2949 497 relatione
2972 452 3145 511 nuper
3182 438 3578 512 cognoviqnod
3608 441 3751 499 dico.

2165 514 2260 585 Vir
2284 511 2498 581 quidam
2524 513 2801 585 religiosus
2825 522 2983 583 atque
3006 513 3057 566 in
3082 511 3395 585 monachico
3420 511 3603 585 habitu
3626 529 3757 569 con-

2163 580 2400 651 sdtutus,
2430 595 2614 639 nostro
2627 580 2784 639 'nunc
2811 580 3055 653 tempore
3071 583 3272 653 antiqui
3295 582 3465 637 hostis
3487 593 3571 638 est
3601 585 3754 640 inau-

2163 654 2271 709 dita
2303 658 2598 711 tentatione
2627 656 2864 726 pulsatus
2891 674 2904 709 :
2942 658 3011 708 ita
3052 664 3108 708 ιιι
3135 654 3273 708 idem
3306 655 3572 725 malignus
3599 658 3757 724 Spiri-

2163 734 2247 780 tus
2272 729 2715 783 vestimentorum
2759 727 2872 796 ejus
2901 726 3186 793 particulas
3230 735 3379 780 extra
3412 728 3559 781 illum
3593 729 3755 784 etiam

2162 800 2484 869 compositas
2528 798 2799 853 immunda
2850 798 3151 851 colluvione
3196 798 3436 853 crebrius
3488 798 3752 865 ftedaret;

2163 868 2353 937 queein
2379 880 2583 925 tantum
2612 878 2727 925 erat
2757 869 3042 932 horrenda,
3075 868 3235 923 fetida
3260 879 3311 923 et
3339 870 3517 929 noxia,
3550 880 3608 924 ut
3634 886 3756 939 pars

2160 943 2390 995 vestium
2432 957 2593 1012 quam
2623 942 2918 1012 tetigisset,
2972 941 3100 995 nulli
3126 940 3399 1012 ideinceps
3445 952 3590 995 esset
3641 943 3755 998 usui

2163 1021 2306 1081 apta,
2336 1011 2639 1083 quanquam
2672 1011 2860 1066 fuisset
2888 1012 3087 1064 abluta.
3123 1011 3198 1065 De
3227 1027 3331 1079 quo
3356 1028 3473 1065 cum
3520 1013 3751 1067 interro-

2161 1093 2315 1153 gatus
2332 1083 2572 1149 fuissem,
2594 1100 2689 1138 cur
2705 1084 3039 1151 omnipotens
3059 1084 3198 1136 Deus
3212 1084 3372 1137 talem
3392 1096 3612 1137 versuto
3638 1100 3754 1139 ser-

2162 1156 2305 1224 penti
2327 1164 2639 1219 potestatem
2661 1155 2711 1207 in
2742 1170 2864 1207 eum
2903 1154 3147 1219 dederit,
3182 1156 3429 1223 reSpondi
3452 1174 3463 1208 :
3489 1156 3555 1209 ljt
3578 1157 3754 1211 Cordis

2162 1226 2685 1295 ejusimmunditiam
2708 1225 2832 1279 foris
2867 1225 3203 1288 ostenderet;
3228 1226 3367 1292 quod
3401 1243 3669 1295 numquam
3700 1228 3752 1281 in

2163 1300 2410 1351 exteriori
2429 1298 2609 1351 habitu
2628 1296 2866 1357 fecisset,
2890 1297 2987 1349 nisi
3008 1298 3313 1350 interiorem
3329 1296 3546 1350 omnino
3565 1315 3752 1351 corru-

2163 1369 2328 1450 pisset
2347 1411 2365 1450 ,ν
2381 1370 2585 1450 scilicet
2600 1377 2691 1449 aut
2708 1367 3084 1450 ilLiiinIlalth‘I.
3111 1368 3438 1450 blasphemia
3460 1411 3474 1433 ,
3499 1378 3592 1450 aut
3607 1380 3751 1450 certe

2163 1438 2304 1493 inani
2321 1449 2375 1495 et
2391 1456 2522 1494 vana
2538 1440 2725 1510 gloria.
2746 1440 2935 1510 Sanies
2952 1438 3146 1509 quippe
3165 1441 3303 1491 intus
3322 1439 3371 1491 in
3394 1439 3578 1505 corde,
3611 1439 3750 1495 foras

2160 1525 2259 1580 per
2273 1509 2587 1565 vestimenta
2602 1512 2851 1564 manavit.
2871 1509 3063 1577 Quem,
3082 1512 3201 1580 quia
3223 1511 3377 1578 longe
3394 1512 3597 1579 positos
3614 1521 3746 1577 erat,

2162 1596 2262 1651 ego
2277 1582 2491 1652 quidem
2508 1599 2613 1638 non
2630 1582 2734 1635 vidi
2752 1599 2764 1643 ;
2784 1582 2877 1636 sed
2896 1591 3093 1643 tamen,
3114 1588 3171 1634 ut
3185 1582 3435 1645 arbitror,
3457 1581 3569 1635 haec
3583 1582 3632 1635 in
3660 1582 3749 1637 illo

2161 1668 2288 1707 vere
2328 1654 2568 1723 praavidi.
2614 1653 2764 1721 Quod
2797 1656 2840 1707 si
2883 1667 2987 1705 non
3017 1660 3101 1707 est
3129 1653 3229 1716 ita,
3274 1652 3528 1721 numquid
3573 1663 3747 1708 tamen

2161 1723 2360 1779 factum
2393 1735 2607 1793 putatur
2631 1727 2743 1780 sine
2773 1726 2969 1778 causa?
3002 1723 3097 1777 Est
3125 1732 3402 1793 propterea
3430 1732 3663 1793 gestum,
3693 1733 3750 1779 ut

2163 1796 2214 1849 in
2244 1811 2309 1850 eo
2337 1796 2649 1851 munditiam
2677 1796 2853 1851 cordis
2877 1796 3087 1849 foeditas
3113 1795 3201 1849 illa
3226 1803 3485 1858 servaret,
3517 1811 3582 1850 ne
3612 1794 3747 1850 hanc

2162 1866 2387 1921 callidus
2424 1868 2595 1922 bustis
2638 1867 2809 1921 inanis
2838 1867 3020 1935 glorim
3052 1867 3254 1919 macula
3304 1866 3561 1922 foedaret:
3596 1867 3748 1922 sicuti

2161 1938 2392 2005 Paulus,
2426 1954 2494 1993 ne
2536 1940 2603 1994 de
2646 1938 3009 2005 magnitudine
3058 1937 3439 1991 revelationnm
3483 1947 3743 2005 tumeret,

2161 2010 2437 2064 stimulum
2467 2011 2642 2063 carnis
2668 2010 2873 2076 accepit
2905 2008 2971 2078 (II
2995 2007 3113 2061 Cor.
3136 2010 3319 2078 xu,7).
3345 2010 3423 2064 Sit
3449 2010 3626 2079 itaque
3657 2010 3750 2065 ho-

2161 2095 2280 2135 rum
2311 2082 2607 2151 quodlibet.
2638 2082 2746 2134 Aut
2770 2090 2915 2133 certe
2944 2082 2987 2132 si
3016 2095 3121 2132 non
3154 2081 3345 2148 fuerit,
3386 2082 3638 2150 numquid
3669 2090 3748 2135 ta-

2162 2168 2284 2206 men
2313 2153 2455 2221 quod
2483 2162 2778 2206 extremum
2812 2153 3078 2221 pesiturus
3099 2166 3239 2216 sum,
3273 2168 3455 2206 verum
3488 2169 3593 2206 non
3617 2152 3750 2206 erit?

2163 2222 2359 2277 Verum
2392 2233 2474 2278 est
2510 2225 2747 2289 omnino,
2782 2238 2964 2276 verum
2997 2232 3079 2277 est
3118 2222 3260 2292 quod
3301 2223 3459 2278 dico:
3494 2239 3599 2277 non
3632 2239 3750 2278 esse

2163 2296 2519 2367 colluvionem,
2536 2295 2676 2347 illam
2698 2295 3030 2367 extrinsecus
3048 2297 3238 2367 animae
3262 2296 3494 2362 noxiam,
3518 2296 3563 2350 si
3582 2297 3749 2367 ipsam

2162 2379 2377 2419 servare
2405 2366 2667 2419 studuerit
2695 2366 2835 2418 intus
2862 2367 3038 2419 cordis
3068 2366 3400 2420 munditiam.

2233 2436 2459 2509 CAPUT
2502 2436 2737 2509 XXVIII.
2802 2436 3087 2505 Perfectum
3137 2454 3240 2509 esse
3281 2439 3567 2506 quempiam
3609 2455 3752 2509 posse

2162 2508 2216 2561 in
2246 2508 2429 2577 patria.
2486 2507 2610 2572 Quis
2638 2525 2750 2561 vere
2792 2509 2896 2561 suis
2948 2508 3213 2561 renuntiet.
3262 2508 3373 2575 Quo
3415 2527 3564 2562 sensu
3606 2507 3749 2562 nemo

2162 2579 2669 2652 prapheta_acceptus
2708 2580 2760 2652 in
2792 2580 2975 2649 patria.
3008 2578 3221 2652 Regula:
3246 2578 3587 2635 Benedictina:
3618 2596 3750 2652 pra:-

2162 2650 2384 2703 conium.
2416 2649 2643 2715 Interea,
2675 2651 2812 2704 sicut
2844 2659 2897 2703 tu
2929 2652 3041 2721 ipse
3071 2650 3305 2705 indicare
3334 2652 3562 2719 curasti,
3593 2649 3753 2707 audio

2162 2722 2423 2790 quosdam
2453 2722 2593 2791 apud
2620 2736 2716 2775 vos
2745 2722 2921 2777 dicere
2941 2763 2955 2785 ,
2990 2738 3093 2776 non
3128 2736 3283 2791 posse
3309 2724 3539 2793 aliquem
3572 2725 3625 2778 in
3656 2740 3751 2793 pa-

2164 2793 2263 2847 tria
2305 2809 2415 2848 suae
2456 2794 2746 2847 nativitatis
2786 2793 3080 2864 perfectum
3129 2808 3288 2849 esse:
3334 2796 3459 2849 illud
3502 2797 3553 2848 in
3596 2811 3755 2865 argu-

2163 2874 2402 2919 mentum
2432 2877 2769 2921 assumeutes
2797 2866 2937 2935 quod
2970 2866 3225 2919 Dominus
3253 2866 3406 2931 dixit,
3442 2865 3605 2919 Nemo
3631 2881 3753 2934 pro-

2164 2936 2316 3006 pheta
2343 2947 2574 3000 acceptus
2595 2948 2666 2990 est
2690 2938 2743 2990 in
2770 2939 2933 3007 patria
2962 2954 3053 2991 sua
3081 2936 3291 3007 (Matth.
3316 2953 3432 2999 xm,
3463 2938 3570 3007 57).
3607 2939 3757 3002 Quos

2164 3008 2338 3077 primo
2367 3018 2577 3078 Oportet
2604 3006 2809 3063 ratione
2833 3009 3073 3063 veritatis
3102 3006 3271 3061 refelli
3295 3024 3308 3072 ;
3342 3018 3395 3062 et
3423 3008 3499 3061 sic
3532 3006 3753 3062 demum

2164 3081 2392 3149 qualiter
2412 3080 2752 3151 intelligenda
2774 3080 2841 3134 sit
2860 3080 3063 3148 prolata
3084 3079 3347 3151 sententia
3368 3079 3751 3133 demonstrari.

2164 3150 2400 3205 Audiant
2442 3150 2605 3221 igitur
2636 3152 2896 3220 patienter
2934 3150 3023 3220 qui
3054 3151 3167 3204 hzec
3210 3150 3424 3215 dicunt,
3471 3151 3593 3220 quia
3625 3151 3755 3205 dum

2164 3236 2383 3275 sensum
2421 3236 2587 3276 sacra:
2615 3223 2901 3291 Scriptum
2928 3221 3216 3291 prudenter
3240 3237 3343 3275 non
3372 3221 3753 3287 considerant,

2164 3307 2303 3362 pene
2334 3309 2523 3348 omnes
2550 3303 2762 3347 sanctos
2792 3301 3160 3347 contemnunt.
3194 3293 3249 3346 Si
3286 3294 3429 3347 enim
3469 3294 3539 3347 ita
3570 3303 3657 3348 est
3697 3300 3759 3346 ut

2164 3374 2449 3419 asserunt:
2481 3379 2609 3434 ergo
2634 3373 2894 3434 quotquot
2918 3381 2983 3419 ex
3008 3365 3263 3420 Romanis
3293 3365 3575 3429 conversi,
3609 3363 3757 3434 apud

2164 3434 2435 3491 Romanos
2459 3435 2693 3507 degunt;
2721 3445 2977 3507 quotquot
2999 3452 3064 3491 ex
3085 3436 3306 3501 Graecis,
3334 3436 3471 3507 apud
3493 3434 3752 3507 Grtecos;

2167 3517 2426 3577 quotquot
2454 3522 2520 3562 ex
2560 3506 2701 3561 Italis
2722 3549 2736 3570 ,
2769 3507 2905 3576 apud
2936 3506 3131 3574 Italos;
3164 3506 3425 3578 quotqubt
3451 3522 3516 3563 ex
3546 3506 3751 3578 Iberis,

2166 3579 2309 3645 apud
2339 3579 2551 3642 Iberos;
2586 3586 2843 3648 quotquot
2883 3593 2946 3632 ex
2977 3577 3327 3644 Germanicis,
3360 3579 3496 3648 apud
3526 3577 3755 3634 Germa-

2169 3649 2350 3714 uicos;
2396 3656 2656 3719 quotquot
2683 3664 2747 3703 ex
2776 3650 3151 3720 Aquitanicis,
3195 3650 3333 3719 apud
3368 3650 3753 3720 Aquitanicos;

2167 3730 2425 3789 quotquot
2451 3736 2520 3774 ex
2550 3719 2887 3786 Britannicis,
2920 3721 3058 3789 apud
3086 3719 3452 3785 Britannicos;
3486 3728 3755 3790 quotquot

2168 3806 2231 3845 ex
2261 3790 2623 3861 Anglis,apud
2663 3792 2862 3860 Anglos
2904 3792 3150 3861 religiose
3190 3792 3405 3856 vivunt,
3454 3790 3755 3861 imperfecti

2169 3872 2342 3916 erunt.
2372 3862 2513 3916 Ecce
2543 3862 2735 3915 Paulus
2768 3871 2823 3915 et
2867 3863 3128 3915 Antonius
3167 3878 3234 3916 ex
3283 3862 3565 3928 Thebaais,
3614 3861 3759 3932 apud

2170 3932 2431 3987 Thebaeus
2463 3934 2683 4002 perfecti
2710 3942 2832 3985 sunt
2862 3950 2874 3985 :
2904 3949 3030 3987 ecce
3060 3934 3295 3987 Hilarion
3326 3950 3391 3987 ex
3429 3933 3756 3997 I’alzestinis,

2169 4006 2307 4072 apud
2352 4005 2665 4059 Palaestinos
2716 4003 2980 4070 perfectus
3025 4014 3104 4058 cst
3134 4023 3145 4057 :
3179 4020 3303 4059 ecce
3345 4005 3648 4059 ll‘lacharius
3690 4020 3760 4059 ex

2168 4076 2469 4147 Egyptiis,
2516 4076 2653 4145 apud
2684 4074 2962 4146 Egyptios
3001 4075 3270 4145 perfectus
3318 4085 3436 4130 est:
3470 4091 3598 4131 ecce.
3627 4075 3761 4130 Oxi-

2168 4146 2350 4202 rincus
2380 4148 2563 4200 civitas
2582 4188 2597 4213 ,
2630 4162 2695 4201 ex
2718 4158 2721 4159 '
2744 4149 2971 4216 propriis
2998 4146 3202 4200 civibus
3234 4158 3341 4201 tota
3368 4146 3603 4216 perfecta
3634 4156 3718 4200 est
3741 4188 3758 4215 ,

2168 4234 2295 4273 ecce
2318 4260 2332 4283 ,
2374 4228 2430 4270 ut
2469 4218 2533 4271 ad
2564 4218 2638 4290 (ιι)
2670 4218 2870 4271 vicinos
2898 4228 3112 4272 nostros
3139 4220 3442 4283 veniamus,
3481 4219 3763 4290 Protasius

2169 4300 2222 4344 et
2268 4290 2553 4343 Gervasius
2602 4289 2652 4342 in
2703 4290 2914 4357 propria
2967 4291 3065 4345 hac
3115 4290 3494 4343 Mediolanensi
3542 4289 3763 4345 civitate

2171 4360 2490 4430 propriaque
2514 4360 2671 4413 domo
2700 4368 2993 4421 manentes,
3019 4376 3081 4412 ac
3111 4375 3205 4428 per
3229 4359 3415 4415 decem
3447 4376 3618 4415 annos
3645 4377 3764 4415 mo-

2171 4430 2465 4482 nachorum
2497 4432 2654 4481 vitam
2681 4439 3013 4494 exercentes,
3042 4431 3112 4483 ita
3141 4430 3361 4501 perfecti
3390 4441 3515 4485 sunt
3542 4443 3595 4486 ut
3621 4448 3765 4486 mar-

2170 4509 2314 4570 tyres
2364 4500 2572 4552 fierent.
2619 4501 2698 4552 An
2740 4502 2871 4554 forte
2915 4502 3026 4555 sola
3072 4500 3247 4556 vestra
3294 4504 3565 4571 provincia
3609 4514 3762 4557 extra

2171 4571 2310 4625 hanc
2338 4572 2574 4640 regulam
2611 4572 2711 4623 crit
2740 4583 2957 4641 excepta
2990 4591 3002 4624 :
3035 4582 3091 4627 ut
3121 4590 3224 4627 non
3254 4574 3321 4629 de
3348 4575 3619 4681 propriis,
3666 4573 3764 4628 sed

2173 4652 2374 4681 tantum
2418 4643 2485 4681 {In
2509 4644 2776 4681 pttranoic
2822 4645 3005 4681 Imhnql
3050 4644 3336 4681 ηυιηαρὶιηο
3398 4645 3762 4681 Q-nnnondnm

2173 4652 2375 4715 tantum
2418 4643 2485 4696 de
2509 4644 2777 4697 extraneis
2821 4645 3010 4697 habeat
3049 4643 3370 4699 monachos?
3398 4643 3764 4715 Satagendum

2172 4714 2332 4783 igitur
2357 4716 2523 4783 magis
2546 4723 2647 4781 est,
2678 4724 2734 4767 ut
2761 4715 2847 4769 ubi
2872 4716 2991 4784 quis
3018 4715 3369 4785 fuerit,’juxta
3398 4714 3763 4785 perfecturum

2171 4785 2406 4857 regulam
2432 4788 2624 4857 vivat:
2658 4802 2761 4839 non
2794 4797 3072 4855 parentum
3093 4830 3105 4847 ,
3154 4804 3259 4840 non
3304 4789 3724 4857 propinquorum
3747 4828 3762 4850 ,

2173 4871 2277 4909 non
2296 4854 2535 4927 affinium
2558 4854 2841 4922 illecebris,
2872 4873 2900 4910 a
2924 4859 3005 4911 via
3031 4854 3368 4927 perfectionis
3394 4854 3643 4913 declinet.
3674 4857 3767 4913 Sic

2172 4938 2335 4999 certe,
2341 4926 2492 4994 juxta
2522 4927 2821 4982 Servatoris
2854 4930 2868 4959 ¹
2903 4926 3242 4993 sententiam,
3287 4929 3419 4999 patri
3461 4932 3727 4999 matrique
3748 4972 3765 4996 ,

2173 4997 2445 5060 fratribus,
2489 4998 2777 5062 sororibus,
2820 5002 3093 5067 uxoribus,
3133 4997 3583 5065 ﬁliis,‘domibus,
3621 4997 3769 5070 agris

2172 5078 2227 5123 et
2269 5070 2632 5142 Cttnctishquzu
2673 5071 2905 5138 possidet
2953 5073 3261 5127 renuntiare
3301 5072 3492 5126 valebit
3535 5071 3769 5142 (Matth.

2174 5156 2296 5205 χιχ,
2325 5140 2442 5213 29).
2475 5140 2588 5194 Hoc
2614 5152 2786 5213 autem
2816 5143 2934 5196 dico
2962 5159 3065 5197 non
3098 5159 3202 5213 quo
3227 5140 3555 5207 secessures,
3581 5144 3671 5212 qui
3698 5142 3773 5197 de

2171 5227 2340 5281 regno
2369 5211 2435 5265 ad
2461 5227 2701 5281 regnum,
2735 5212 2801 5266 de
2844 5214 3053 5282 publico
3080 5211 3146 5268 ad
3174 5230 3412 5268 eremum
3446 5211 3732 5268 transeunt
3753 5254 3771 5280 ,

2171 5297 2379 5337 summa
2412 5282 2568 5355 laude
2612 5298 2716 5336 non
2746 5283 2939 5355 ducam
2969 5302 2982 5337 :
3015 5285 3108 5339 sed
3152 5301 3259 5355 quo
3304 5285 3423 5339 illos
3467 5285 3632 5340 etiam
3676 5285 3774 5354 qui

2173 5355 2341 5427 magis
2367 5352 2644 5427 affectibus
2676 5356 2897 5423 patriam
2922 5354 3127 5425 fugiunt
3158 5352 3317 5426 quam
3345 5356 3615 5427 gressibus
3637 5398 3654 5425 ,
3685 5352 3773 5411 fe-

2173 5425 2301 5496 lices
2327 5436 2488 5495 atque
2516 5425 2791 5496 perfectos
2806 5428 3104 5481 ostendam.

2243 5495 2482 5553 Obsecro
2510 5495 2685 5568 itaque
2723 5498 2875 5569 illos,
2907 5498 2997 5570 qui
3036 5499 3152 5555 haec
3179 5497 3323 5571 apud
3342 5513 3438 5556 vos
3462 5498 3584 5556 ﬁeri
3608 5513 3776 5571 posse

2238 5701 2254 5729 ³
2279 5705 2405 5759 Mss,
2430 5697 2699 5750 Salvatoris.

2237 5760 2310 5824 (ιι)
2337 5768 2618 5830 Benevento
2651 5763 2813 5830 enim,
2850 5763 2953 5830 ubi,
2974 5763 3191 5827 degebat
3236 5770 3524 5830 Autpertus,
3561 5763 3780 5818 vidntur:

2174 5830 2254 5871 est
2272 5825 2607 5887 Mediolanum,
2631 5825 2673 5877 si
2696 5840 2807 5877 cum
2828 5825 3060 5879 Oxirinoo'
3071 5825 3394 5892 comparetur.
