4076 6370
365 404 511 464 1105

359 522 663 603 denegari},
705 523 765 602 ut
792 516 1034 603 vigilanti
1074 516 1250 603 studio
1292 515 1669 603 considerent,
1717 532 1816 603 cur
1842 532 1951 577 non

359 587 555 649 dixerit
583 587 872 655 Dominus;
891 589 1061 645 Nemo
1085 587 1343 659 propheta
1373 588 1638 657 perfectus
1661 589 1824 645 estin
1854 604 1952 659 pa-

362 664 465 718 tria
509 677 623 717 sua.
673 660 779 717 Sed
807 661 875 715 ibi
906 660 1033 731 quid
1074 659 1217 714 aliud
1260 659 1661 731 intelligendum
1702 670 1816 726 est,
1850 661 1953 716 nisi

357 735 483 805 quia
507 747 615 805 non
636 740 914 805 acceptum
927 732 1429 805 dixit,_nequaquam
1452 732 1759 805 receptum?
1784 732 1953 805 quod:
2001 780 2017 793 .

357 801 464 876 que
491 804 560 859 de
587 801 821 874 antiquis
839 801 1133 876 ‘P_rophe_ti_s
1162 810 1215 856 et
1236 817 1328 876 _se_
1345 802 1461 872 ipso
1488 801 1689 876 dictum
1730 803 1953 873 intelligi

358 871 553 943 voluit,
596 876 687 945 qui
716 871 856 944 apud
882 872 1211 945 incredulos
1227 871 1444 945 Iudaeos
1483 890 1591 928 non
1622 874 1838 929 fuerunt
1862 871 1953 929 ac-

356 947 534 1016 cepti,
578 943 675 1016 sed
720 943 889 1015 magis
931 944 1131 1015 spreti,
1180 943 1453 1014 Stephano
1478 945 1545 1000 ad
1580 960 1673 1000 eos
1702 945 1947 1013 dicente,

358 1015 525 1085 Quem
568 1015 942 1086 Prophetarum
980 1032 1083 1069 non
1122 1023 1240 1069 sunt
1278 1018 1521 1085 persecuti
1562 1026 1727 1086 patres
1765 1018 1952 1071 vestri?

352 1090 442 1160 qui
472 1088 877 1160 prauuutialiant
903 1086 966 1140 de
993 1086 1375 1160 adventugjusti,
1403 1088 1547 1160 cujus
1571 1104 1657 1142 vos
1682 1105 1813 1160 nunc
1850 1088 1950 1142 Ito-

352 1157 558 1213 inicidw
584 1169 630 1213 et
656 1157 937 1230 proditores
968 1158 1135 1230 fuistis
1168 1157 1304 1230 (Act.
1336 1173 1409 1213 vn
1427 1199 1441 1222 ,
1472 1158 1589 1227 52).
1618 1159 1748 1227 Quis
1770 1167 1950 1214 autem

351 1246 461 1285 non
492 1227 671 1285 videat
698 1238 912 1300 quantae
941 1227 1290 1301 temeritatis,
1339 1238 1656 1300 quantaeque
1694 1230 1763 1285 sit
1806 1246 1949 1301 prae-

351 1301 698 1370 sumptionis,
716 1298 959 1370 aliquem
986 1300 1085 1353 sibi
1113 1298 1389 1370 prophetae
1419 1298 1612 1356 nomen
1635 1298 1949 1357 assumere?

352 1371 435 1426 Tu
464 1369 623 1443 igitur
646 1387 767 1426 cum
797 1369 1074 1426 c'haritatis
1099 1369 1381 1427 atiectione
1408 1372 1539 1428 tales
1564 1372 1857 1444 redargue,
1889 1380 1945 1429 et

1316 399 1524 459 LIBER
1561 398 1652 458 DE
1689 397 2121 460 SOBRIETATE
2162 401 2252 460 ET
2279 402 2686 462 CASTITATE.
2746 422 2747 425 ‘

3520 412 3663 472 “06

2056 518 2208 590 juxta
2237 519 2476 597 regulam
2503 527 2714 597 patrum
2741 519 2921 597 vivere
2946 536 3159 597 semper
3184 526 3339 584 stude
3357 568 3373 597 ,
3419 531 3657 588 maxime

2062 600 2238 646 autem
2280 592 2448 645 sancti
2486 593 2810 647 confessoris
2837 592 3132 651 Benedicti.
3179 598 3293 654 Non
3321 592 3562 657 declines
3589 604 3658 660 ab

2062 676 2123 715 ea
2149 676 2451 733 quoquam,
2495 678 2595 718 nec
2635 664 2712 718 illi
2745 663 2911 720 addas
2977 667 3241 738 uidpiam,
3281 686 3381 727 nec
3422 673 3654 729 minuas.

2062 732 2257 787 Totum
2284 734 2425 788 enim
2450 735 2590 791 auod
2619 735 2841 791 sufficit.
2877 682 3036 791 habet
3055 780 3069 791 .
3099 747 3154 791 et
3184 755 3442 791 nusnuam
3474 744 3654 791 minus

2061 732 2257 811 :l‘otum
2284 734 2425 811 enim
2450 735 2590 804 quod
2609 735 2841 811 sufﬁcit,
2877 732 3036 811 habet
3055 732 3083 805 ,’
3099 747 3154 794 et
3184 732 3445 811 nusquam
3473 744 3656 800 minus

2062 802 2269 879 habet:
2313 802 2483 879 cujus
2513 806 2671 879 verba
2714 802 2873 879 atque
2920 802 3140 879 imperia
3188 802 3479 869 sectatores
3526 830 3658 873 suos

2061 875 2358 957 perducunt
2388 876 2455 930 ad
2481 877 2602 931 coeli
2644 875 2857 947 palatia.
2883 875 3070 957 Ecce,
3102 880 3279 957 frater
3304 883 3652 957 charissime,

2061 950 2199 1001 inter
2227 955 2451 1019 caeteras
2480 962 2627 1003 meas
2657 950 3033 1019 occupationes
3059 953 3200 1007 hunc
3225 954 3316 1008 tibi
3345 950 3654 1013 sermonem

2060 1018 2351 1101 nocturnis.
2368 1019 2534 1084 horis,
2565 1020 2687 1075 licet
2704 1018 3245 1109 .inc’ulta‘venustate,
3275 1025 3471 1109 dictavi
3496 1036 3659 1109 atque

2060 1090 2415 1163 conscripsi;
2441 1105 2598 1163 quem
2628 1090 2751 1163 quia
2793 1094 3133 1163 epistolarem
3176 1096 3396 1151 modum
3425 1090 3658 1154 transire

2059 1162 2319 1230 cognovi,
2363 1161 2601 1216 libellum
2644 1161 2841 1232 potius
2864 1165 2939 1219 De
2978 1164 3243 1220 Conﬂictu
3281 1168 3531 1222 vitiorum
3577 1178 3664 1223 at-

2059 1245 2187 1307 que_
2214 1232 2469 1307 virtutum
2508 1248 2836 1307 nuncupare,
2863 1236 3064 1291 malui:
3096 1237 3151 1291 in
3186 1254 3293 1307 quo
3332 1240 3376 1293 si
3418 1238 3657 1293 aedifica-

2058 1303 2460 1431 gonisdagguid
2489 1305 2789 1374 repereris,
2823 1305 2966 1381 hunc
2990 1303 3275 1380 legendum
3304 1318 3361 1365 et
3388 1309 3507 1366 aliis
3536 1318 3655 1365 tra-

2103 1389 2193 1430 ere
2260 1390 2287 1429 e
2360 1392 2405 1431 s.

2103 1389 2193 1430 ere
2221 1389 2405 1431 GCDCS.

567 1598 806 1709 DE
877 1594 1935 1715 SOBRIETATI

2094 1604 2332 1715 ET
2393 1603 3438 1783 casm-mnu:

1617 1805 1964 1893 LIBER
2008 1808 2364 1904 UNUS:

1497 1964 1906 2029 INCERTI
1974 1968 2503 2032 AUCTORIS.

1794 2119 2217 2180 eam»

419 2244 648 2302 CAPUT
686 2243 968 2302 PRIMUM.
1009 2244 1144 2300 Vitia
1168 2244 1268 2300 tria
1290 2245 1613 2300 declinanda.
1646 2244 1947 2301 Sobrietatis

349 2318 485 2374 laus.
516 2317 787 2371 Ebrietatis
811 2318 970 2371 mala.
1012 2316 1129 2389 Yini
1154 2334 1298 2371 usus.
1328 2317 1410 2370 Ad
1435 2318 1557 2389 quid
1586 2319 1746 2389 utilis.
1775 2317 1946 2380 Quare

351 2388 698 2444 sacerdotibus
718 2389 976 2443 inhibitus.
1000 2388 1271 2442 Ebrietatis
1294 2387 1634 2442 incommoda.
1662 2387 1945 2456 Scriptum

345 2460 526 2531 quibus
555 2460 649 2513 hoc
673 2461 849 2513 vitium
877 2461 1171 2514 damnatur.
1204 2459 1270 2531 {Ir
1290 2461 1429 2529 tpula
1449 2459 1744 2531 ‘lugeutibus
1774 2460 1827 2512 in
1852 2474 1939 2511 ex.

347 2529 536 2602 sequiis
565 2531 627 2585 ab
643 2532 836 2602 kamicis
872 2532 1136 2602 ingeritur.
1187 2529 1401 2599 Corpori
1443 2529 1943 2602 animoqueiinfesta

347 2599 580 2657 ebrietas.
627 2599 759 2657 Cum
808 2599 1110 2656 morialium
1158 2602 1425 2656 mutabilis
1466 2599 1744 2657 mens‘vel
1786 2600 1942 2655 bonis

348 2673 635 2744 aliquando
658 2674 741 2727 vel
768 2674 921 2727 malis
948 2673 1328 2727 intentionibus
1356 2673 1670 2735 delectetur,
1700 2673 1941 2741 plerique

348 2760 443 2799 seu
470 2744 805 2815 paenitudine
831 2746 1092 2799 malorum
1120 2745 1187 2799 ad
1213 2754 1361 2798 actus
1388 2745 1578 2809 bonos,
1612 2744 1725 2798 sive
1752 2757 1938 2815 socor-

346 2815 433 2871 dia
464 2814 660 2871 mentis
691 2831 759 2871 ex
786 2817 941 2869 bonis
969 2817 1034 2870 ad
1076 2816 1245 2870 malos
1279 2816 1578 2885 praecipites
1604 2814 1937 2869 transferan-

348 2894 461 2951 tur;
504 2887 807 2955 disputandi
839 2888 1090 2942 materias
1130 2902 1339 2941 morum
1382 2886 1826 2954 pouderatoribus
1853 2885 1938 2953 gi-

344 2967 536 3028 gnunt,
556 2959 747 3029 quibus
762 2959 954 3027 agnitis
969 2958 1199 3013 correcti
1224 2959 1487 3029 laetentur,
1506 2957 1938 3029 inconvertibiles

346 3027 525 3083 autem
548 3027 599 3083 in
622 3030 733 3083 suis
751 3030 945 3099 iniquis
964 3029 1202 3083 moribus
1222 3027 1634 3083 confundantur.
1660 3027 1936 3099 Difficilius

344 3114 576 3169 namque
605 3098 865 3155 bonorum
910 3100 1234 3169 appetitores
1264 3100 1535 3164 invenias,
1566 3114 1725 3167 quam
1761 3098 1936 3153 malo-

342 3186 464 3225 rum
508 3170 811 3227 desertores
837 3189 850 3223 :
884 3174 1003 3241 quia
1033 3171 1439 3240 quamplurimis
1478 3179 1533 3225 et
1560 3185 1700 3239 pene
1728 3169 1937 3225 cunctis

344 3241 661 3296 mortalibus
688 3242 864 3296 dulcia
893 3251 1019 3297 sunt
1046 3244 1215 3311 magis
1244 3257 1305 3296 ea
1336 3257 1456 3310 qua:
1485 3256 1701 3296 carnem
1732 3241 1932 3309 fovent,

343 3328 503 3383 quam
543 3328 662 3383 qua:
703 3328 733 3367 a
770 3314 909 3367 vitiis
946 3313 1176 3367 frenant.
1206 3313 1272 3367 Et
1301 3313 1553 3382 quoniam
1584 3313 1743 3383 studii
1787 3328 1937 3368 com-

344 3382 501 3437 moda
530 3399 559 3437 a
592 3384 744 3439 nobis
772 3384 1102 3453 suggerenda
1133 3393 1256 3437 sunt
1284 3385 1579 3438 honestatis
1606 3384 1646 3451 ¹,
1678 3382 1938 3439 admone-

340 3470 463 3510 mus
507 3457 559 3509 in
606 3456 695 3508 tali
744 3458 1015 3526 proposito
1057 3456 1289 3510 militare
1334 3456 1929 3524 volentem,rsegnem,

340 3528 737 3581 somnolentum
781 3539 939 3595 atque
981 3527 1332 3582 temulentum
1376 3542 1497 3581 esse
1537 3541 1641 3579 non
1689 3526 1929 3581 debere:

339 3599 592 3666 queuiam
629 3598 697 3649 ab
728 3597 812 3651 his
838 3599 979 3652 vitiis
1009 3599 1177 3653 tribus
1214 3598 1312 3651 nisi
1347 3599 1466 3666 quis
1510 3597 1666 3651 fuerit
1695 3596 1932 3652 declina-

340 3675 462 3727 tus,
506 3682 729 3723 securus
755 3684 1023 3738 nunquam
1052 3684 1171 3723 esse
1215 3678 1385 3738 potest
1410 3669 1493 3722 vel
1525 3678 1694 3731 tutus,
1740 3669 1848 3723 imo
1879 3676 1934 3724 et

338 3739 591 3807 periculis
621 3740 868 3793 omnibus
889 3780 905 3803 ,
936 3750 991 3795 et
1018 3740 1119 3808 ipsi
1141 3741 1300 3794 etiam
1333 3740 1491 3794 morti
1523 3740 1624 3793 erit
1649 3740 1694 3793 is
1720 3754 1933 3808 semper

337 3809 621 3881 obnoxius.
662 3810 940 3864 Fortitudo
969 3811 1112 3865 enim
1158 3811 1426 3867 inimicum
1464 3811 1747 3879 opprimit,
1790 3811 1930 3881 vigi-

336 3880 504 3935 lantia
532 3880 871 3935 tendentibus
899 3883 1115 3936 insidias
1135 3884 1330 3945 obstat,
1361 3882 1624 3936 sobrietas
1644 3897 1771 3936 vero
1792 3880 1931 3951 prie-

337 3962 582 4019 paratum
608 3968 703 4005 cor
730 3952 961 4006 hominis
1002 3954 1145 4007 facit.
1180 3954 1466 4021 Pmptcrea
1496 3954 1637 4005 enim
1670 3953 1930 4009 Dominus

338 4022 486 4094 Deus
516 4033 699 4077 noster
727 4034 946 4091 paterno
966 4024 1154 4078 allectu
1177 4040 1274 4094 per
1298 4023 1593 4092 Prophetas
1618 4032 1671 4077 et
1700 4024 1930 4091 Aposto-

336 4093 420 4147 los
450 4109 576 4147 suos
601 4094 753 4148 nobis
781 4096 1050 4164 prtecepit,
1074 4096 1141 4147 ab
1162 4096 1409 4149 euntibus
1433 4095 1591 4158 vitiis,
1623 4103 1677 4147 et
1698 4095 1930 4151 maxime

335 4164 405 4219 ab
439 4165 728 4231 ebrietate,
772 4182 891 4236 quae
920 4167 1156 4220 omnium
1190 4167 1439 4220 vitiorum
1465 4181 1658 4236 gurges
1685 4175 1795 4232 est,
1832 4182 1927 4235 pe-

334 4236 482 4290 nitus
509 4236 799 4293 abstincre.
836 4238 911 4291 De
937 4238 1089 4307 cujus
1112 4237 1221 4291 vitii
1248 4240 1269 4268 ²
1303 4239 1444 4291 malo
1475 4239 1718 4292 volumus
1742 4236 1928 4292 lectori

335 4308 605 4376 aliquanta
656 4308 925 4375 proferre,
967 4325 1123 4378 quem
1164 4317 1366 4363 tantum
1407 4310 1621 4375 monitis
1652 4310 1929 4363 hortamur

333 4378 572 4431 animum
607 4379 866 4433 intentum
905 4394 1204 4449 apponere,
1238 4390 1291 4433 et
1319 4382 1551 4433 sermoni
1581 4389 1792 4447 nostro,
1823 4379 1925 4434 etsi

336 4449 516 4503 minus
543 4451 740 4503 lucenti
767 4465 926 4519 quam
968 4451 1180 4505 auditus
1208 4452 1371 4519 exigit
1394 4451 1760 4520 eloquentium
1778 4490 1795 4515 ,
1830 4466 1925 4504 ve-

333 4522 477 4575 niam
507 4522 653 4574 dare.
696 4521 991 4575 Suademus
1016 4523 1157 4575 enim
1189 4523 1463 4576 auditores
1506 4523 1764 4575 rationem
1795 4520 1926 4577 dicti

331 4592 532 4645 debere
576 4594 882 4657 advertere,
923 4608 1026 4645 nou
1076 4592 1251 4646 fucum
1293 4592 1588 4661 spumantis
1619 4593 1919 4661 sermonis,

331 4671 426 4716 aut
467 4662 811 4717 artitiriosam
859 4664 1216 4730 eloalucntiam
1259 4671 1590 4731 exspectare.
1636 4662 1789 4717 Unde
1817 4664 1925 4731 pri-

331 4737 492 4787 mitus
539 4746 755 4803 propter
801 4735 959 4787 libelli
1004 4735 1212 4799 titulum
1251 4736 1334 4788 vel
1381 4734 1668 4798 decorem,
1720 4732 1923 4790 fructus

329 4813 386 4860 et
427 4805 565 4859 bona
610 4806 912 4861 sobrietatis
957 4806 1007 4859 iu
1051 4816 1305 4874 quantum
1358 4819 1639 4873 possumus
1680 4805 1921 4873 profera-

332 4892 484 4937 mus;
518 4886 572 4931 et
614 4887 799 4947 postea
825 4876 1098 4932 ebrietatis
1129 4877 1408 4933 indecoras
1446 4875 1722 4931 molestias
1749 4876 1924 4946 publi-

326 4960 534 5001 CCIIIUS.

399 5019 673 5073 Sobrietas
704 5034 933 5088 namque
979 5019 1195 5074 caSIitas
1237 5028 1319 5076 est
1368 5036 1558 5078 sensus
1600 5028 1655 5076 et
1701 5020 1916 5085 mentis,

327 5091 695 5145 membrorum
722 5090 961 5145 omnium
1011 5091 1358 5161 corporisque
1409 5094 1608 5155 tutela,
1660 5092 1921 5147 castitatis

327 5161 702 5232 pudicitimque
744 5163 1016 5217 munimen
1042 5205 1056 5227 ,
1108 5162 1296 5231 pudori
1340 5165 1609 5233 proxima,
1671 5163 1920 5217 amicitia:

328 5234 583 5304 pacisque
622 5248 802 5301 serva,
853 5233 1118 5288 honestati
1148 5248 1361 5302 semper
1387 5235 1689 5304 conjuncta,
1733 5235 1920 5288 crimi-

326 5318 458 5358 num
488 5303 846 5375 vitiorumque
889 5304 1127 5360 onmium
1164 5305 1405 5374 profuga,
1457 5303 1585 5360 recti
1623 5305 1809 5375 judicii
1835 5314 1918 5361 te-

327 5389 454 5447 nax,
484 5376 762 5431 memoria:
790 5377 1282 5445 recordationisque
1307 5377 1675 5445 inseparabilis
1704 5379 1918 5447 sapien-

327 5446 423 5513 tia,
457 5457 789 5502 secretorum
819 5456 1018 5513 custos,
1047 5449 1229 5503 arcani
1256 5449 1520 5515 velamen,
1555 5446 1841 5504 lectionum
1865 5457 1921 5505 et

323 5517 589 5576 doctrinae
613 5533 804 5589 capax,
834 5520 1134 5574 studiorum
1163 5528 1217 5575 et
1241 5520 1436 5573 artium
1466 5520 1725 5574 bonarum
1754 5521 1917 5575 disci-

324 5592 453 5661 pula
494 5590 694 5661 pariter
740 5600 794 5645 et
843 5591 1113 5661 magistra,
1159 5592 1489 5661 ingeniorum
1539 5591 1917 5661 capiendorum

324 5660 665 5732 pedisSequa,
698 5662 853 5717 bonae
882 5660 1038 5715 famae
1064 5660 1275 5733 semper
1328 5663 1501 5730 avida,
1546 5662 1601 5717 in
1637 5663 1918 5732 cogitatio-

325 5733 483 5789 nibus
508 5733 739 5789 salubria
765 5742 925 5805 atque
952 5735 1104 5790 utilia
1124 5749 1316 5793 creans
1339 5774 1357 5804 ,
1401 5734 1613 5791 virtutis
1649 5734 1920 5806 singulare

390 5869 406 5927 ξ
434 5866 577 5927 forte,
601 5867 822 5919 honestis.

390 5922 411 5961 ι
436 5931 514 5975 Μαι.
543 5922 737 5991 negtiis.
761 5922 990 5980 undatim

2052 2242 2328 2326 auxilium,
2358 2251 2551 2301 cuncta
2580 2259 2701 2301 cum
2747 2247 2957 2326 ratione
2993 2248 3304 2326 disponens,
3338 2254 3391 2308 in
3426 2267 3655 2326 congre-

2050 2314 2263 2394 gatione
2294 2315 2641 2394 honestorum
2683 2333 2744 2394 se
2787 2320 2957 2394 ipsam
2994 2314 3209 2394 semper
3249 2314 3653 2394 ingerens.USo-

2052 2385 2248 2467 brietas
2291 2389 2644 2467 temeritatem
2691 2385 2844 2459 fugii,
2894 2385 3143 2467 pericula
3171 2385 3363 2467 cuncia
3390 2396 3646 2467 declinat,

2050 2456 2248 2535 mutuis
2300 2458 2492 2535 officiis
2540 2456 2913 2529 obtemperat,
2966 2463 3271 2535 superbiam
3328 2456 3651 2535 detestatur,

2048 2525 2283 2607 domum
2308 2527 2680 2607 familiamque
2708 2525 2833 2607 eum
2880 2525 3249 2591 moderatione
3274 2538 3558 2607 gubernat,
3592 2525 3656 2595 ti;

2048 2597 2192 2673 dem,
2221 2598 2323 2653 sibi
2365 2597 2825 2673 committentibus
2869 2614 3066 2670 servat,
3119 2616 3191 2673 et,
3240 2597 3303 2661 ιιῖ
3342 2597 3653 2667 summatim

2048 2669 2387 2745 breviterque
2424 2671 2625 2745 dicam,
2664 2674 2973 2730 sobrietatis
3020 2669 3417 2745 perseverantia
3447 2682 3652 2738 inuesti-

2047 2741 2561 2818 mabilis_est_animi
2588 2743 2903 2818 fortitudo:
2931 2741 3117 2802 omnes
3145 2765 3261 2803 eam
3293 2752 3543 2818 virtutes,
3590 2761 3648 2809 et

2047 2826 2234 2892 omnes
2264 2812 2479 2894 laudum
2521 2831 2736 2894 semper
2768 2817 2907 2871 tituli
2934 2821 3340 2891 concupiscunt,
3370 2825 3494 2894 quia
3523 2812 3644 2881 sine

2047 2882 2161 2956 ipsa
2188 2885 2370 2938 ornari
2386 2892 2477 2956 aut
2497 2882 2707 2953 place—re
2735 2903 2841 2942 non
2874 2882 3114 2956 possunt.

2116 2953 2161 3033 E
2189 2963 2381 3009 contra
2408 2954 2640 3033 ebrietas
2677 2958 2743 3012 ab
2773 2953 2965 3013 animm
2996 2959 3187 3033 injuria
3224 2963 3430 3033 incipit,
3467 2973 3521 3021 et
3548 2966 3651 3022 ila-

2051 3025 2307 3100 gitiorum
2336 3028 2574 3100 omnium
2603 3038 2775 3083 mater
2796 3038 2896 3093 est,
2924 3025 3201 3100 culparum
3226 3025 3471 3100 materia,
3493 3038 3651 3093 radix

2044 3096 2349 3176 criminum,
2391 3099 2541 3164 origo
2570 3101 2809 3154 omnium
2851 3096 3126 3176 vitiorum,
3156 3106 3390 3159 turbatio
3431 3096 3645 3176 capitis,

2044 3168 2326 3247 subversip
2374 3184 2585 3247 sensus,
2622 3173 3151 3247 tempestaslingure,
3188 3178 3421 3243 procella
3448 3168 3647 3247 carpo;

2042 3239 2138 3303 ris,
2170 3238 2511 3317 naufragium
2552 3238 2833 3317 castitatis.
2864 3238 3110 3317 Ebrietas
3138 3238 3393 3317 temporis
3424 3238 3647 3306 amissio

2042 3317 2144 3375 est,
2170 3310 2719 3387 insaniavoluntaria,
2753 3315 3139 3387 ignotiiiniosus
3167 3310 3413 3387 languor,
3444 3322 3643 3377 mentis

2042 3396 2187 3460 sana:
2236 3382 2593 3460 debilitatiof,
2624 3385 2896 3460 turpitudo
2944 3403 3174 3453 morum,
3217 3382 3449 3446 dédecus
3497 3393 3644 3460 vitae,

2040 3450 2336 3527 honestatis
2385 3454 2621 3527 infamia,
2670 3450 2863 3510 anima:
2917 3450 3238 3524 corruptela.
3276 3462 3536 3527 Ebrietas,
3586 3450 3648 3519 ut

2040 3523 2313 3600 cernimus
2354 3526 2610 3594 quotidie,
2662 3529 2961 3600 amplarum
3016 3523 3334 3586 familiarum
3383 3523 3644 3600 plurimos

2038 3593 2308 3657 labefacit,
2350 3605 2402 3650 et
2434 3612 2557 3650 cura
2591 3593 2992 3671 gubernationis
3019 3602 3322 3669 destitutus,
3353 3593 3641 3671 parentum

2038 3680 2367 3745 avorumque
2396 3682 2613 3721 suorum
2643 3669 2777 3724 bene
2806 3670 3005 3745 diuque
3032 3669 3535 3745 Congrcgataatque
3558 3676 3642 3731 in-

2038 3738 2185 3860 ﬁcanti
2228 3738 2397 3806 pretio
2439 3750 2745 3807 comparata
2782 3744 2870 3794 vili
2916 3738 3464 3800 nummo'di:trahere
3494 3748 3640 3803 facit.

2089 3808 2284 3860 brietas
2308 3808 2359 3860 in
2392 3819 2617 3860 utroque
2644 3826 2780 3860 sexu
2826 3824 3014 3860 cunam
3050 3817 3183 3860 m:tl:t
3220 3834 3433 3860 smnm-r
3473 3833 3638 3860 anno-

2089 3808 2284 3862 brietas
2308 3808 2359 3887 i_n
2392 3819 2617 3887 utroque
2644 3826 2781 3887 sexu
2826 3824 3015 3887 cuncta
3050 3817 3184 3869 mala
3220 3834 3433 3885 semper
3473 3833 3638 3887 appe-

2036 3880 2116 3943 tit,
2146 3887 2200 3933 et
2244 3879 2470 3934 nefanda
2502 3884 2805 3936 committit.
2850 3884 3094 3939 Ebrietas
3127 3879 3370 3940 lituorem
3417 3879 3637 3944 Dei-au-

2035 3948 2161 4023 fert,
2208 3948 2446 4023 futurum
2505 3952 2613 4007 Dei
2642 3954 2899 4023 judicium
2930 3955 2995 4008 de
3030 3958 3190 4011 corde
3231 3973 3288 4011 se
3330 3959 3643 4017 habentium

2036 4021 2191 4100 tollit.
2220 4022 2483 4100 Ebrietas,
2510 4021 2991 4100 utaitApostolus,
3022 4044 3184 4095 regna
3207 4032 3444 4085 cwlestia
3473 4048 3639 4100 appe-

2036 4092 2270 4147 tentibus
2295 4093 2523 4165 denegat
2551 4096 2567 4165 (
2594 4096 2611 4147 l
2641 4092 2756 4149 Cor.
2787 4114 2861 4162 vi,
2896 4098 3005 4164 10).
3043 4092 3283 4154 Ebrietas
3331 4092 3637 4159 temulentis

2033 4171 2273 4238 tempora
2304 4163 2529 4229 furatur,
2558 4163 2674 4221 dies
2703 4169 2947 4235 subripit,
2971 4163 3201 4238 depositi
3234 4173 3310 4225 sui
3336 4189 3440 4225 non
3474 4174 3638 4228 remi-

2034 4236 2274 4299 niscitur,
2307 4246 2360 4290 et
2400 4246 2532 4308 ante
2580 4238 2729 4291 illum
2781 4243 2948 4308 posita
2983 4236 3079 4295 nec
3114 4253 3291 4297 mente
3323 4261 3421 4298 nec
3468 4246 3641 4300 oculis

2032 4316 2317 4383 contuetur
2350 4307 2587 4383 gfamulo
2618 4325 2747 4383 vero
2786 4307 2892 4383 non
2922 4315 3092 4383 solum
3126 4315 3281 4367 [idem
3313 4315 3507 4383 aufert,
3541 4315 3638 4370 sed

2032 4378 2191 4452 etiam
2216 4377 2459 4452 fraudum
2494 4390 2546 4433 et
2573 4381 2847 4435 servitutis
2893 4381 3069 4435 ofticio
3114 4385 3353 4440 inutilem
3382 4377 3539 4452 facit;
3581 4395 3642 4443 et

2030 4447 2143 4522 alia
2165 4449 2303 4500 mala
2335 4465 2453 4522 qtue
2480 4452 2860 4522 comprehendi
2894 4468 2997 4505 non
3032 4467 3275 4522 possunt.

2104 4518 2169 4598 Et
2194 4520 2446 4598 quoniam
2474 4521 2852 4598 abaliquautis
2880 4523 2986 4576 vini
3007 4518 3118 4598 uiou
3137 4536 3463 4598 temperatur
3481 4544 3635 4595 usus,

2030 4588 2125 4667 sed
2172 4590 2348 4667 potius
2386 4588 2671 4667 appetitur
2700 4608 2990 4667 excessus;
3039 4588 3263 4650 habitu;
3300 4601 3541 4667 corporis
3581 4588 3638 4657 et

2027 4659 2518 4736 vitaepcriculum,
2572 4671 2626 4715 et
2665 4664 2931 4736 opinionis
2961 4681 3023 4718 ac
3055 4667 3211 4721 fatum
3254 4659 3636 4736 gravissimum

2028 4731 2319 4809 acquiritur
2355 4730 2631 4809 damnum.
2662 4730 2806 4809 Nam
2824 4735 3074 4809 fomentis
3100 4730 3469 4807 corporalibus
3500 4755 3630 4809 pro-

2028 4801 2200 4875 visum
2232 4810 2314 4856 est
2341 4803 2461 4875 vini
2491 4818 2687 4859 munus
2716 4824 2729 4857 τ
2760 4806 3105 4861 abutentibus
3153 4801 3363 4875 penitus
3404 4801 3632 4869 interdi-

2026 4873 2185 4946 citur,
2225 4880 2285 4946 et
2321 4874 2625 4930 sobrietatis
2670 4876 2947 4946 disciplina
2979 4873 3328 4933 custodienda
3372 4883 3630 4939 sancitur.

2027 4943 2125 4998 Est
2151 4942 2364 5013 quidem
2394 4946 2445 4999 in
2473 4948 2654 5001 multis
2682 4942 2821 5001 vitae
2835 4949 3140 5002 mortalium
3168 4952 3349 5004 vinum
3380 4968 3631 5008 necessa-

2026 5016 2187 5081 rium,
2235 5014 2465 5070 debilem
2510 5018 2843 5073 stomachum
2898 5019 3104 5084 reﬁcit,
3148 5023 3289 5076 vires
3317 5021 3630 5082 deﬁcientes

2026 5094 2257 5155 reparat,
2298 5088 2565 5155 algentem
2592 5089 2803 5157 frigore
2845 5089 3106 5156 calefacit,
3138 5093 3453 5148 vulneribus
3483 5094 3630 5149 infu-

2026 5172 2143 5233 sum
2173 5157 2435 5233 medetur,
2466 5158 2718 5233 antidotis
2762 5161 2922 5213 etiam
2956 5161 3291 5233 diversisque
3318 5165 3632 5222 medicami-

2025 5228 2181 5309 nibus
2196 5228 2502 5296 adjunctum
2525 5230 2748 5309 salutem
2763 5239 3047 5309 pperatur,
3069 5228 3339 5309 tristitiam
3361 5245 3622 5309 removet,

2026 5300 2309 5373 languores
2337 5314 2525 5373 omnes
2552 5300 2717 5371 animi
2746 5300 2908 5366 delet,
2942 5303 3180 5359 laetitiam
3212 5305 3460 5373 infundit,
3488 5300 3624 5363 con-'-

2023 5371 2171 5424 vivas
2193 5370 2413 5425 honesta
2458 5370 2682 5425 miscere
2705 5372 2975 5448 colloquia
3005 5376 3174 5448 facit:
3207 5377 3365 5446 paulo
3396 5370 3628 5448 amplius

2026 5456 2159 5495 vero
2188 5452 2479 5513 sumptum,
2514 5442 2719 5510 potanti
2764 5444 2993 5513 quodam
3024 5447 3183 5502 modo
3207 5442 3541 5505 convertitur
3571 5453 3627 5509 in

2025 5527 2310 5567 venenum.
2342 5512 2631 5581 Propterea
2660 5512 2802 5568 enim
2830 5516 2937 5569 vini
2966 5517 3340 5573 abstinentiam
3372 5522 3627 5578 sacerdo-

2025 5584 2168 5663 tibus
2198 5584 2374 5663 primo_
2400 5592 2454 5638 et
2478 5584 2677 5663 Levitis
2704 5600 2743 5663 a_
2774 5586 3255 5663 Dominolegimus
3282 5590 3620 5663 imperatam,

2024 5657 2144 5725 quia
2173 5655 2450 5726 oportebat
2478 5665 2537 5710 ut
2564 5656 2638 5709 illi
2665 5657 2913 5726 primitus
2940 5655 3241 5716 sobriétatis
3273 5655 3491 5718 modum
3522 5655 3619 5720 ob;

2023 5725 2346 5798 servandum
2382 5725 2735 5797 susciperent,
2769 5729 2861 5798 qui
2900 5733 3110 5788 caeteris
3155 5735 3468 5791 mortalibus
3511 5750 3621 5792 non

2024 5796 2200 5863 dictis,
2232 5796 2328 5852 sed
2363 5797 2514 5853 factis
2536 5796 2807 5870 praecepta
2850 5799 3031 5858 divina
3059 5805 3391 5862 observanda
3435 5804 3617 5863 trade-

2092 5930 2113 5968 ί
2136 5939 2217 5983 Ml.
2243 5934 2439 5997 Regius,
2463 5935 2589 5988 male
2608 5944 2729 5989 sana
2750 5935 3029 5991 debititatio.
