4076 6370
485 410 626 467 “07

481 535 621 590 rent,
649 535 700 584 et
729 525 987 582 castitatis
1024 535 1076 582 et.
1102 525 1398 582 sanctitatis
1426 525 1659 584 litoribus
1688 523 2060 596 adimplerent,

481 599 718 658 Levitico
755 599 892 654 libro
931 599 1162 665 dicente,
1202 597 1270 651 Et
1314 597 1441 651 dixit
1468 596 1536 649 ad
1577 595 1771 662 Aaron,
1811 595 1995 656 Vinum
2023 595 2070 654 et

481 687 629 726 omne
667 670 802 739 quod
851 669 1095 724 inebriare
1139 678 1316 739 potest,
1349 685 1450 740 non
1489 666 1661 722 bibatis
1691 677 1742 722 tu
1773 679 1819 724 et
1849 670 1942 738 ﬁlii
1972 671 2066 740 tui,

480 751 528 796 et
555 738 760 812 quando
801 741 1000 796 intratis
1039 742 1088 794 in
1132 738 1507 822 tabernacitlum
1556 740 1842 822 testimonii,
1875 757 1936 794 ne
1963 738 2069 822 mo;

480 811 718 867 riantini:
743 815 858 882 quia
885 822 1192 882 prwceptum
1217 811 1573 879 sempiternum
1601 820 1671 864 est
1707 811 1757 864 in
1790 815 2071 882 generatio-

480 883 628 938 nibus
654 885 824 940 νέειν-ξε
851 882 1036 954 (Leait.
1065 900 1116 948 x,
1156 883 1231 947 9).
1275 882 1522 936 Ezechiel
1565 899 1774 952 quoque
1809 885 2068 954 propheta

479 955 728 1010 sit'niliter
755 955 901 1017 dicit,
927 953 991 1008 Et
1022 956 1188 1009 vinum
1216 971 1314 1008 non
1345 954 1470 1006 bibet
1491 956 1649 1007 omnis
1671 953 1923 1021 sacerdos,
1957 973 2070 1010 cum

478 1025 689 1082 introire
715 1028 915 1092 cmperit
962 1028 1013 1082 in
1057 1026 1241 1080 utrizmt
1282 1026 1490 1078 interius
1530 1024 1738 1096 (Ezeclz.
1774 1042 1918 1093 xuv,
1951 1026 2066 1090 2|).

480 1096 776 1152 Auctorum
813 1113 936 1151 vero
970 1097 1302 1151 smeularium
1352 1097 1723 1166 quamplurimi
1769 1097 2069 1154 sobrietatis

479 1177 744 1238 praecepta
788 1168 937 1223 libris
983 1169 1221 1236 plurimis
1269 1167 1587 1222 ediderunt:
1622 1185 1846 1236 quorum
1891 1185 2069 1224 asser-

481 1238 655 1308 tiones
695 1249 878 1294 contra
925 1239 1199 1298 ebrietatis
1251 1238 1374 1292 vitia
1422 1255 1525 1294 non
1573 1238 1907 1308 proferimus,
1948 1240 2070 1308 quia

481 1307 710 1364 htuuana
734 1311 886 1365 decet
916 1311 1126 1376 dixinis,
1162 1326 1264 1363 non
1292 1309 1467 1362 divina
1493 1307 1736 1363 humanis
1755 1307 2072 1364 testimoniis

479 1381 805 1436 confirmari.
851 1383 1023 1449 Quare
1067 1382 1222 1435 debet
1285 1396 1515 1450 congrua
1573 1381 1941 1435 observatione
1987 1397 2073 1435 so-

481 1449 682 1505 brietas
703 1468 822 1507 cum
855 1452 1166 1506 sacerdotali
1195 1449 1617 1505 affecturcrtare
1650 1468 1662 1503 :
1696 1451 1815 1520 quia
1844 1453 1930 1520 qui
1964 1470 2067 1506 non

482 1521 695 1576 sobrius
716 1525 1002 1580 accesserit
1027 1523 1092 1577 ad
1120 1523 1316 1578 divina:
1345 1522 1636 1592 majestatis
1663 1523 1928 1588 altarium,
1952 1538 2072 1577 scn-

479 1592 578 1646 tiet
609 1594 901 1650 immotum
930 1595 1114 1650 mortis
1141 1594 1433 1650 interitum.
1457 1595 1786 1662 Quicumque
1815 1595 1953 1646 enim
1978 1595 2073 1648 ho-

479 1677 612 1716 nore
641 1666 957 1719 sacerdotali
989 1665 1262 1750 prrerlitus,
1291 1665 1573 1750 proximus
1611 1661 1769 1716 fuerit
1805 1664 2068 1749 ebrietati,

477 1733 683 1787 vicinus
713 1745 794 1790 est
822 1735 1028 1790 ultioni.
1079 1733 1142 1789 Et
1187 1737 1239 1788 in
1281 1750 1373 1789 eos
1402 1735 1490 1803 qui
1534 1734 1646 1788 Deo
1677 1736 1993 1802 proximam,
2027 1738 2071 1792 si

477 1803 668 1876 fuerint
702 1807 995 1873 temulenti,
1043 1807 1222 1876 procul
1251 1823 1354 1860 non
1383 1814 1506 1859 sunt
1544 1805 1790 1858 vindicue
1821 1822 1939 1875 quae
1968 1823 2071 1861 sae-

480 1874 645 1929 viant.
677 1876 817 1946 Ergo
845 1874 1083 1948 quisquis
1113 1877 1291 1930 divino
1331 1891 1552 1948 munere
1591 1874 1846 1931 sacerdos
1869 1879 2070 1932 consti—

478 1952 642 2011 tutus,
687 1947 988 2002 vinolentus
1032 1948 1319 2002 accesserit
1367 1947 1433 2000 ad
1485 1949 1800 2001 sacramenti
1835 1948 2073 2002 celebra-

482 2017 704 2085 tionem,
751 2023 938 2073 mortis
981 2018 1370 2088 consequcnd2e
1417 2035 1522 2071 non
1557 2019 1713 2073 habet
1739 2018 2065 2073 dilationem.

478 2086 786 2142 Cllllll'al'ills
820 2107 1046 2160 namque.
1077 2086 1470 2159 est'unicuique
1515 2090 1588 2143 rei
1636 2105 1846 2160 semper
1888 2106 2070 2143 exces-

477 2173 569 2231 sus
601 2176 612 2210 :
647 2171 699 2213 et
730 2160 781 2214 in
813 2177 1148 2231 quocumque
1196 2176 1325 2220 sexu
1359 2162 1602 2214 nimietas
1629 2161 1860 2214 adhibita
1891 2161 2067 2226 fuerit,

473 2229 661 2300 vitium
698 2229 842 2286 facit.
872 2229 1346 2300 Qualequidtplid
1391 2231 1800 2284 inunctleratum
1851 2232 2066 2286 indisci-

475 2299 840 2372 pliualumque
860 2311 961 2368 est,
982 2299 1280 2372 proximum
1304 2301 1470 2356 ruina:
1496 2301 1836 2371 consequitur
1856 2318 2065 2368 casum;

483 2373 604 2439 quia
637 2373 720 2424 ubi
766 2373 955 2427 modus
983 2390 1086 2426 non
1119 2383 1219 2432 est,
1251 2373 1540 2442 periculum
1573 2381 1737 2424 totum
1767 2381 1848 2426 est
1878 2389 1890 2426 :
1920 2390 2068 2443 qua:-

475 2456 703 2512 cumque
725 2459 809 2499 res
835 2460 938 2498 non
972 2444 1130 2498 habet
1160 2451 1662 2512 tempm'amentum,
1694 2445 1986 2518 praecipitat
2016 2446 2066 2498 in

476 2513 718 2566 exitium.

549 2584 636 2638 Sic
667 2585 844 2654 itaque
867 2584 994 2638 dum
1025 2585 1262 2654 quisquis
1289 2583 1692 2650 immoderatus,
1719 2583 2068 2654 convivioque

477 2655 704 2718 medius,
743 2655 954 2710 amissis
983 2656 1254 2709 modestim
1283 2654 1466 2737 frenis,
1496 2656 1678 2710 insana
1708 2654 1864 2709 fuerit
1891 2655 2067 2738 ebrie-

475 2731 584 2779 tate
619 2735 932 2796 prostratus,
966 2741 1183 2780 aveasos
1212 2726 1426 2795 respicit
1456 2734 1721 2792 mltanles,
1755 2741 1886 2796 quos
1928 2726 2063 2782 inlc-

475 2810 600 2864 gros
643 2797 823 2852 videre
875 2799 1130 2867 nequivit,
1173 2807 1264 2850 aut
1305 2811 1553 2852 sermone
1594 2798 1751 2866 longo
1800 2798 2064 2866 superﬂua

473 2867 636 2921 verba
661 2869 872 2935 emittit,
902 2879 955 2922 et
993 2885 1124 2922 vana
1149 2867 1287 2923 dicta
1313 2868 1603 2938 componit,
1639 2869 1774 2924 male
1801 2869 2059 2935 clamans,

475 2945 529 2990 et
558 2938 692 2993 bene
735 2939 834 2993 sibi
865 2955 1083 3002 sonans,
1116 2939 1257 2992 vultu
1285 2939 1494 3008 dejecto
1526 2940 1746 3010 supinus
1773 2940 2059 3009 accumbit,

472 3023 694 3064 vomens
720 3019 772 3064 et
798 3012 877 3065 sui
905 3011 1122 3064 omnino
1150 3012 1380 3076 nescius,
1429 3011 1788 3080 spectaculum
1822 3011 2064 3065 convivio

471 3080 675 3148 prlebel
706 3097 718 3134 :
751 3091 803 3136 ct
840 3083 968 3136 dum
997 3081 1125 3136 nihil
1157 3081 1504 3154 consequitur
1540 3098 1748 3144 sanum,
1779 3082 1926 3154 nullo
1957 3083 2060 3136 alio

471 3162 696 3220 cogente
721 3163 914 3224 praeter
946 3153 1145 3217 vinum,
1176 3153 1350 3208 cordis
1373 3153 1451 3206 sui
1483 3168 1673 3224 arcana
1709 3153 1973 3224 patefacit,
2006 3164 2059 3208 et

473 3223 765 3306 amicorum
796 3225 896 3280 sibi
939 3229 1222 3306 commissa
1267 3233 1468 3306 secreta
1508 3223 1560 3305 in
1604 3223 2058 3306 mediuurprodit.

473 3291 552 3362 ᾼ(1
585 3295 828 3350 universa
873 3305 1051 3349 autem
1097 3295 1178 3348 vel
1223 3295 1550 3350 crudelitatis
1592 3294 1676 3348 vel
1721 3291 2062 3362 turpitudinis

471 3360 705 3438 facinora
740 3369 1086 3438 perpetranda
1120 3365 1288 3421 facilis
1331 3367 1618 3438 invenitur,
1661 3366 1745 3418 cui
1786 3360 1929 3419 nulla
1972 3382 2058 3420 so-

471 3429 601 3503 bria:
635 3429 1014 3503 mentis-ratio,
1059 3439 1150 3492 sed
1181 3439 1411 3491 ebrietas
1448 3435 1772 3491 dominatur.
1822 3438 2061 3492 Assumit

470 3501 611 3562 inter
654 3510 840 3578 pocula
889 3501 1079 3577 iniusta
1131 3511 1444 3574 certamina,
1494 3516 1547 3562 et
1594 3507 1750 3561 nullis
1799 3509 2061 3564 stantibus

469 3580 644 3659 causis
696 3595 938 3659 asperam
994 3579 1188 3635 excitat
1238 3581 1412 3659 rixam
1455 3578 1623 3648 :quia
1670 3579 2058 3659 interponendo

471 3648 630 3701 verba
673 3648 828 3718 vana,
873 3651 1094 3731 aliorum
1142 3651 1451 3731 sanaalicla
1495 3665 1599 3703 non
1651 3649 1861 3730 patitur,
1909 3659 1962 3703 et
2006 3651 2057 3731 in

469 3723 845 3777 contumeliam
894 3722 1114 3792 erigitur
1145 3723 1509 3788 convivarum,
1543 3730 1594 3774 et
1625 3721 1842 3774 crimina
1871 3722 2057 3790 proxi-

469 3804 698 3846 morum.

539 3859 662 3925 Ista,
697 3863 865 3918 lector
907 3871 966 3917 ut
1017 3861 1244 3917 libenter
1286 3861 1536 3932 accipias,
1585 3861 1978 3916 admonendum
2009 3873 2058 3919 te

467 3933 684 4004 credidi.
715 3935 891 4001 Quare
921 3934 1034 4004 lege
1060 3944 1213 3989 caute
1244 3934 1382 3987 Petri
1416 3934 1639 4004 apostoli
1681 3933 1960 4001 epistolam
1991 3934 2056 3990 ad

469 3999 688 4074 gentes,
721 3999 863 4058 Pauli
895 4005 960 4058 ad
974 3999 1278 4068 'ltomanos,
1299 4005 1361 4056 ad
1385 3999 1694 4058 Corinthios
1720 3999 1964 4074 primam,
1992 4005 2056 4059 ad

468 4069 749 4138 Ephesios,
781 4075 845 4127 ad
875 4076 1394 4137 'l‘hcssaloniccnses,
1429 4075 1496 4126 ad
1545 4069 1740 4127 Titum:
1792 4076 2056 4130 l’rmterca

467 4139 535 4193 ad
581 4145 893 4200 ebrietatem
943 4147 1230 4200 cavendam
1281 4147 1559 4200 Dominum
1593 4155 1832 4198 nostrum
1874 4145 2054 4200 Jesum

465 4209 735 4285 Christum
765 4217 884 4269 audi
933 4217 981 4269 in
1026 4217 1312 4285 Evangelio
1351 4215 1611 4270 dicentem
1646 4233 1660 4269 :
1692 4217 1940 4269 Attendite
1966 4232 2055 4270 vo-

465 4284 559 4360 bis,
591 4287 682 4350 ait,
733 4304 793 4360 ne
835 4291 963 4360 forte
1002 4284 1270 4360 grurrutiir
1299 4287 1460 4360 corda,
1482 4303 1640 4338 vestra
1683 4286 1735 4339 in
1766 4288 1978 4360 crapula
2008 4297 2056 4343 et

467 4354 700 4412 ebrietate
727 4354 876 4426 (Lu'c.
913 4354 1031 4424 xxi,
1063 4357 1172 4480 5i).
1206 4358 1270 4412 Et
1318 4358 1568 4409 Dominus
1599 4372 1754 4410 servo
1787 4354 2052 4426 irascitur,

469 4427 552 4478 cui
583 4429 774 4480 n'lultas
803 4431 982 4480 plagas
1005 4431 1054 4480 in
1082 4447 1126 4480 at
1153 4439 1310 4480 ventu
1336 4445 1432 4480 suo
1463 4429 1735 4480 imnonere
1760 4431 2052 4480 commina-

469 4427 552 4478 cui
583 4429 774 4500 multas
803 4431 982 4500 plagas
1005 4431 1054 4483 in
1082 4427 1310 4482 adventu
1336 4445 1432 4481 suo
1463 4429 1735 4495 imponere
1760 4431 2056 4500 commina-

465 4503 572 4568 tur.
608 4499 782 4566 Quare
804 4498 1092 4556 abstinete
1124 4515 1217 4553 vos
1246 4500 1364 4554 talia
1411 4507 1628 4567 agentes
1655 4500 1736 4554 vel
1773 4498 2046 4568 facientes,

467 4567 728 4626 abstinete
758 4581 980 4626 vestram
1013 4571 1290 4636 insaniam,
1319 4581 1371 4624 et
1398 4571 1641 4624 homines
1669 4586 1763 4624 vos
1792 4567 2053 4628 humanos

465 4643 789 4710 cognoscite,
836 4655 886 4696 ct
928 4651 1123 4696 tantam
1157 4643 1533 4712 turpitudinem
1576 4657 1606 4696 a
1638 4641 1786 4698 vobis
1816 4642 2048 4712 abjicite,

465 4718 519 4762 et
545 4712 814 4768 ebrietatis
841 4715 1058 4768 crimina
1094 4715 1216 4768 totis
1261 4715 1460 4766 viribus
1498 4712 1777 4768 declinato.
1805 4713 2050 4768 Rustica-

467 4795 588 4854 num
637 4786 872 4854 quidem,
920 4783 1012 4840 sed
1062 4800 1247 4839 sanmn
1287 4785 1483 4837 dictum
1528 4784 1827 4838 advertite:
1865 4785 2049 4838 Vinum

465 4853 944 4936 medicamentum;
983 4857 1095 4924 plus
1134 4855 1280 4925 justo
1323 4867 1590 4936 sumptum
1624 4871 1886 4936 venenum
1932 4870 2052 4936 esse

465 4926 819 4996 cognoscitur.
853 4927 1074 4982 Tantam
1120 4943 1246 4996 ergo
1278 4925 1654 4995 turpitudinem
1685 4943 1709 4978 τι
1739 4927 1889 4980 vobis
1913 4925 2049 4994 abji-

465 4994 588 5062 cite,
621 5007 672 5050 ct
701 4998 971 5053 ebrietatis
1009 4994 1226 5051 crimina
1273 4994 1394 5052 totis
1422 4998 1620 5052 viribus
1646 4997 1928 5051 declinato.
1959 4997 2052 5052 Ju-

464 5067 744 5132 cunditati,
775 5085 882 5122 non
913 5069 1154 5124 ebrietati
1183 5079 1358 5122 creata
1389 5075 1472 5121 est
1505 5067 1610 5120 vini
1643 5078 1828 5122 natura
1862 5067 2046 5138 (Eccli.

467 5151 627 5203 XXXI,
654 5138 744 5210 '55)
772 5157 785 5206 ;
814 5155 912 5211 per
949 5141 1099 5208 cujus
1129 5140 1547 5211 moderationem
1581 5140 1694 5211 sitis
1738 5140 2044 5211 exstingua-

465 5216 570 5282 tur,
601 5225 704 5262 non
727 5209 912 5278 tamen
945 5219 1000 5264 ut
1039 5227 1204 5282 usque
1238 5209 1302 5264 ad
1343 5209 1652 5282 ebrietatem
1685 5209 2051 5264 bibatur.’Fu-

500 5278 569 5352 ite
594 5283 884 5350 crapulam,
913 5297 973 5336 ea
1006 5278 1286 5352 loquentes
1312 5289 1402 5334 aut
1445 5279 1715 5349 iacientes,
1743 5282 1933 5352 quibus
1963 5297 2050 5336 so.-

500 5293 569 5332 ue
594 5293 884 5350 crapulam,
913 5297 973 5336 ea
1008 5293 1286 5350 loquentes
1312 5293 1402 5334 aut
1445 5293 1715 5349 lactentes,
1743 5293 1933 5352 qlllbllS
1963 5297 2049 5336 so.-

462 5293 565 5422 farii
617 5369 720 5406 non
771 5355 1107 5408 erubescant.
1165 5351 1350 5422 Fugite
1399 5352 1709 5422 crapulam,
1752 5367 1871 5422 qure
1922 5353 2049 5408 solis

377 5465 388 5494 ἱ
464 5418 765 5488 lugentibus
813 5440 842 5477 a
889 5418 1286 5478 consolantibus
1326 5418 1511 5476 amicis
1557 5422 1636 5476 vel
1685 5418 1942 5494 proximis
1994 5425 2046 5479 in

377 5494 424 5542 ε.
461 5494 730 5564 exsequiis
760 5495 1035 5564 ingeritur.
1083 5494 1241 5548 Dolor
1283 5494 1423 5549 enim
1463 5494 1641 5549 amissi
1685 5495 1886 5547 funeris
1934 5495 2049 5550 sine

463 5562 569 5633 vini
597 5565 780 5630 quavis
811 5562 1078 5620 nimietate
1119 5567 1397 5633 temperari
1432 5582 1533 5618 non
1567 5576 1757 5632 potest.
1790 5566 1867 5617 Tu
1895 5581 2042 5632 vero,

465 5646 496 5683 0
529 5631 688 5685 homo
726 5636 1026 5704 incolumis,
1055 5631 1290 5716 quotidie
1337 5637 1462 5690 vino
1512 5631 1734 5707 cogente
1778 5631 2048 5716 desidia-aa

465 5719 680 5778 \olllere
724 5717 820 5778 :et
863 5715 1009 5762 tanto
1057 5709 1297 5778 repit-ris,
1349 5717 1548 5777 quanto
1590 5715 1804 5776 possent
1835 5707 2045 5778 plurimi

464 5787 585 5827 cum
613 5777 941 5843 jucunditate
973 5777 1160 5842 lretari,
1202 5789 1255 5832 et
1293 5780 1470 5832 sobrie
1497 5780 1741 5832 saturari.
1771 5777 1886 5832 Non
1915 5794 2047 5832 con—

463 5846 666 5899 sideras
694 5857 844 5917 turpe
871 5864 1008 5914 esse,
1053 5850 1168 5917 plus
1213 5848 1310 5910 sibi
1351 5851 1484 5904 velle
1530 5850 1724 5903 inferre
1754 5852 2043 5914 hominem,

464 5931 622 5985 quam
649 5919 810 5988 capit,
843 5933 942 5974 nec
968 5920 1228 5974 stomachi
1263 5920 1342 5973 sui
1374 5935 1533 5974 nosse
1558 5919 1901 5975 mensuram?
1930 5919 2046 5976 Non

1939 413 2308 472 APPENDIX.

3631 439 3767 498 “08

2179 535 2510 620 considerata
2528 539 2767 620 ebrietati
2815 543 3278 620 devinctum,_su:e
3331 557 3608 620 potestatis
3648 574 3773 614 esse

2177 621 2282 662 non
2311 610 2510 676 posse?
2546 611 2740 690 illquid
2788 616 3035 690 potando
3070 616 3200 672 facis
3243 610 3513 690 excessus,
3567 610 3774 686 nisi—ut

2177 692 2281 763 per.
2299 684 2729 763 provocationem
2757 687 2863 763 vini
2904 687 3194 763 insolescas
3224 691 3274 746 in
3309 695 3456 763 [iejtis
3475 684 3772 758 ?'Nascitur_

2176 763 2240 802 ex
2270 750 2365 806 hac
2388 755 2606 837 potandi
2628 755 2962 839 infelicitate
2981 759 3120 816 inter
3152 750 3466 839 provocatos
3495 750 3770 839 ei‘ifriiia'.

2176 831 2357 911 εςιξιεοδ
2387 824 2736 911 iglmiiliiiiosa
2777 832 3020 911 certatio,
3051 842 3104 887 et
3133 824 3473 911 vincentiest
3497 824 3772 911 turpitudo

2176 891 2430 948 ὁριρνιοτζ
2465 897 2544 974 Ex_
2574 897 2694 974 hoc_
2719 900 2858 974 enim
2893 891 3177 960 multorum
3222 891 3469 962 tnen'ihra
3499 891 3769 974 iiii-JH;

2177 974 2382 1028 cusant,
2415 978 2466 1020 et
2496 970 2621 1024 vino
2665 970 2862 1036 dedita,
2911 988 3190 1045 pra-coquo
3222 979 3494 1037 debilitate
3521 994 3574 1037 et
3604 970 3768 1042 cruda

2176 1047 2450 1113 scaectute
2479 1051 2834 1108 marcescunt,
2866 1056 2916 1099 et
2941 1046 3115 1102 adhuc
3139 1059 3295 1104 :etate
3318 1052 3515 1108 virides
3542 1059 3767 1113 tremula

2176 1106 2472 1188 vihl‘alione
2516 1106 2855 1181 quassantur.
2903 1115 3031 1172 lude
3078 1121 3354 1188 pulmones

2175 1179 2482 1258 quotidiana
2531 1179 2858 1252 putrescunt,
2891 1195 2944 1242 et
2967 1205 3060 1256 per
3078 1179 3183 1246 'ora
3226 1194 3386 1248 veluti
3434 1179 3767 1254 mortuorum

2177 1252 2394 1332 spiritus
2425 1263 2589 1332 tetros
2614 1258 2857 1332 mittunt._
2901 1252 2978 1314 ln'
3006 1260 3085 1314 his
3111 1279 3237 1332 ergo
3269 1265 3463 1322 talibus
3489 1284 3594 1324 non
3625 1252 3770 1326 alia

2177 1320 2301 1384 ulla,
2336 1326 2635 1411 non‘ullum
2663 1330 2908 1397 gerenda:
2937 1332 3056 1411 vita:
3094 1320 3398 1411 consilium,
3439 1320 3550 1411 non
3565 1320 3766 1411 "géiiiil

2177 1407 2293 1469 rum
2323 1406 2412 1469 aut
2441 1397 2724 1451 lectionum
2768 1403 3044 1469 memoria,
3079 1421 3176 1459 nec
3206 1407 3307 1461 ulla
3348 1397 3542 1464 artium
3571 1397 3661 1467 aunt
3689 1415 3768 1466 in-

2177 1461 2394 1550 ilustrim
2443 1469 2772 1550 providentia
2805 1461 3047 1550 {utpote
3089 1493 3242 1544 quem

2177 1532 2390 1592 bentem
2422 1532 2550 1620 solis
2586 1541 2878 1598 occidentis
2910 1532 3050 1600 videt
3091 1532 3330 1622 occasus“,
3375 1532 3768 1622 eliciet—ia

2178 1617 2478 1694 iioct'antem
2506 1611 2802 1694 insperatus
2831 1626 3054 1694 occupat
3074 1619 3205 1694 dies,
3232 1631 3278 1694 et
3303 1611 3426 1678 dum
3445 1623 3554 1694 jugi
3583 1611 3766 1679 anien-

2179 1677 2245 1763 iia
2273 1678 2360 1763 die
2388 1677 2647 1763 nocteque
2689 1677 3073 1763 discumbendo
3100 1677 3358 1763 dormitat
3394 1677 3486 1748 aut
3504 1677 3763 1763 obibit,

2177 1746 2277 1804 hac
2304 1752 2406 1806 vita
2432 1746 2606 1808 adhuc
2631 1757 2831 1822 positus
2852 1759 3088 1826 quotidie
3113 1762 3385 1829 sepelitur.

2245 1841 2473 1923 CAPUT
2518 1844 2580 1923 ll.
2629 1844 2916 1923 Doritinicm
2942 1850 3160 1923 uirgines
3198 1854 3388 1923 regulis
3423 1857 3761 1918 instruuntur.

2186 1910 2660 1996 Vigili’c‘e[fragores2
2695 1917 2954 1996 Sed_quid
2996 1910 3122 1996 jam
3151 1910 3345 1996 dicam,
3399 1927 3479 1980 vel
3515 1910 3765 1996 quidm—lia:

2175 1986 2359 2064 ccam?
2389 1983 2564 2064 _Hujus
2594 1987 2752 2064 igitur
2780 1983 3050 2045 ebrietatis
3082 1994 3124 2046 si
3153 1983 3422 2064 quidpiam
3467 1983 3768 2057 ill-feminis

2175 2056 2597 2133 ceciderit,__quce
2628 2056 2833 2114 Virilem
2880 2078 3064 2117 sexum
3111 2056 3354 2133 superi-us
3402 2070 3552 2123 lactis
3587 2056 3768 2125 crimiL

2175 2144 2304 2204 nunt
2342 2127 2573 2183 molibus
2601 2134 2860 2197 oneravit,
2891 2134 3020 2187 nihil
3051 2127 3326 2190 tacendum
3356 2150 3456 2204 est,
3484 2140 3589 2193 imo
3617 2142 3770 2195 labo-

2175 2199 2398 2273 randum
2429 2210 2525 2261 est,
2564 2211 2696 2273 utet
2720 2219 2839 2273 qua:
2863 2207 2992 2260 tales
3019 2218 3142 2260 sunt
3171 2206 3403 2272 feminae,
3447 2199 3560 2267 haec
3583 2213 3765 2270 divina

2174 2269 2468 2350 admonitio
2497 2269 2752 2342 corrigat,
2776 2285 2829 2330 et
2856 2275 3115 2350 sobrietas
3146 2290 3288 2334 metu
3319 2269 3676 2350 correptionis
3697 2286 3766 2340 ab

2173 2342 2431 2417 ebrietate
2478 2354 2801 2417 compescat.
2858 2346 2962 2402 Sed
3016 2350 3262 2417 quoniam
3311 2352 3360 2406 in
3410 2342 3766 2412 adiuonendis

2172 2413 2322 2494 yiris,
2352 2429 2381 2467 a
2406 2414 2770 2494 sacerdotibus
2797 2426 2851 2472 et
2885 2413 3063 2494 levitis
3102 2423 3181 2475 vel
3210 2423 3468 2482 ministris
3499 2424 3657 2494 hujus
3697 2429 3766 2482 li—

2173 2483 2297 2568 belli
2318 2487 2631 2568 cpusculum
2653 2488 3042 2568 inchoavimus,
3064 2494 3252 2568 merito
3269 2483 3764 2568 convenienterque

2173 2557 2224 2611 in
2254 2556 2541 2612 feniinilem
2585 2572 2768 2616 sexum
2796 2560 3234 2619 admonenduma
3253 2564 3536 2622 dominicis
3563 2556 3762 2625 sacris-

2173 2642 2274 2697 que
2304 2628 2618 2708 _virgin_ibus
2647 2646 2922 2708 sumamus
2953 2635 3228 2708 extirdium
3255 2656 3268 2691 :
3302 2653 3408 2707 quo
3435 2642 3762 2708 generaliter

2171 2700 2345 2752 omnis
2368 2699 2598 2769 dignitas
2625 2703 2706 2757 vel
2742 2718 2901 2758 sexus
2937 2707 3003 2760 ab
3029 2706 3128 2761 hac
3151 2699 3514 2766 admonitione
3537 2713 3760 2767 inexcu-

2171 2770 2353 2852 sabilis
2398 2772 2674 2852 habeatur.
2727 2775 2998 2852 Dominica
3028 2778 3192 2852 _virgo
3237 2781 3398 2836 debet
3445 2799 3759 2852 agnoscere,

2169 2843 2364 2923 quibus
2395 2843 3292 2923 prmceptisconveniatinsistere,
3340 2853 3423 2908 vel
3465 2843 3508 2908 av
3545 2843 3764 2923 quantis

2171 2914 2310 2992 vitiis
2334 2914 2529 2970 debeat
2547 2919 2838 2992 abstinere,
2863 2920 2905 2974 si
2931 2920 3038 2992 vult
3061 2923 3187 2978 etin
3215 2914 3412 2978 szeculo
3435 2914 3604 2992 posita
3633 2942 3760 2982 cum

2169 2985 2298 3058 Deo,
2323 2996 2378 3040 et
2403 3002 2520 3041 cum
2551 2989 2736 3042 eodem
2781 3001 2897 3058 post
2927 2991 3084 3056 hujus
3124 2994 3244 3048 vitae
3293 2985 3675 3052 resolutionem
3707 2999 3758 3052 in

2167 3056 2410 3136 claritate
2452 3061 2655 3136 etulesti
2694 3056 2948 3136 regnare.
3007 3063 3282 3120 Dominica
3327 3068 3471 3135 virgo
3513 3069 3760 3136 primitus

2167 3127 2410 3205 publicos
2455 3131 2613 3205 debet
2657 3127 2825 3188 vitare
2865 3147 3202 3203 conspectus,
3239 3146 3291 3192 ct
3322 3127 3612 3205 platearum
3647 3139 3759 3195 fre—

2166 3202 2436 3277 quentiam
2479 3203 2970 3277 declinarc,iatque
3003 3202 3067 3260 in
3113 3209 3273 3262 domo
3323 3202 3490 3277 posita
3525 3211 3761 3267 laniﬁcio

2167 3270 2414 3352 insistere
2461 3275 2538 3352 vel
2587 3276 2796 3330 lectioni
2827 3270 3038 3332 divina}.
3073 3270 3558 3352 Dominicavirgo,
3592 3284 3643 3338 in
3676 3283 3760 3339 fe-

2165 3342 2428 3422 minarum
2460 3347 2714 3422 laicarurn
2743 3358 3008 3403 conventu
3053 3350 3248 3405 sedens
3295 3351 3378 3406 vel
3429 3342 3757 3422 consistens,

2166 3417 2441 3488 neverbis
2480 3419 2793 3473 scurrilibus
2826 3434 2999 3488 neque
3047 3422 3264 3480 lubricis
3291 3438 3474 3478 earum
3504 3434 3597 3479 aut
3627 3417 3757 3482 can;

2167 3485 2284 3566 ticis
2329 3491 2626 3566 praisentia:
2676 3499 2778 3544 ture
2819 3485 3026 3560 copiam
3071 3494 3264 3566 facias;
3320 3496 3415 3551 sed
3464 3496 3635 3566 magis
3680 3497 3760 3553 fu-

2161 3559 2294 3632 gias,
2326 3561 2509 3615 oculos
2540 3571 2659 3616 tuos
2684 3559 2946 3632 auresque
2971 3565 3261 3620 concludas
3288 3583 3300 3618 :
3343 3582 3412 3622 ne
3441 3567 3533 3622 Dei
3553 3559 3759 3624 timore

2163 3631 2387 3697 privata,
2421 3632 2708 3687 diabolicas
2734 3631 3084 3703 cogitationes
3114 3637 3357 3692 sensibus
3399 3641 3501 3693 tuis
3552 3640 3756 3694 inunit-

2165 3708 2264 3768 tas,
2301 3704 2490 3772 quibus
2527 3705 2768 3781 inibrevi
2811 3705 3269 3781 forte‘diSpereas.
3306 3709 3578 3764 Dominica
3608 3712 3757 3781 virgo

2164 3788 2260 3828 nec
2284 3785 2474 3828 ornatu
2501 3776 2706 3844 capitis,
2737 3792 2835 3830 nec
2877 3777 3055 3832 habitu
3091 3795 3280 3842 comae,
3313 3795 3410 3836 nec
3437 3783 3608 3837 oculis
3633 3776 3755 3838 ere-

2162 3845 2262 3924 ctis
2286 3856 2376 3900 aut
2407 3846 2561 3924 lictis,
2590 3848 2912 3924 sed__proni_s
2958 3850 3024 3904 ad
3070 3860 3265 3906 terram
3294 3867 3413 3907 cum
3444 3855 3592 3908 vultu
3633 3869 3758 3924 pro-

2163 3917 2317 3970 cedat
2346 3935 2357 3968 :
2394 3919 2536 3993 neiu
2565 3920 2782 3974 serviles
2811 3920 3053 3993 indurata
3093 3938 3322 3988 amores,
3355 3925 3456 3979 etsi
3505 3925 3621 3993 ipsa
3635 3917 3756 3980 'non

2163 3999 2363 4061 pereat,
2396 3989 2513 4043 aliis
2536 4005 2692 4045 causa
2721 3990 3034 4061 perditionis
3060 3995 3270 4048 existat.
3293 3989 3584 4050 Oculorum
3611 3999 3754 4051 enim

2161 4060 2420 4138 cupiditas
2458 4077 2600 4138 quos
2625 4060 2817 4138 animai
2845 4063 3086 4138 interitus
3116 4067 3287 4132 faciat,
3320 4067 3628 4138 evangelica
3654 4083 3757 4122 vox

2163 4133 2316 4207 nobis
2353 4134 2666 4207 pronuntiat
2690 4134 2901 4203 (Matth.
2947 4152 2980 4188 v
3003 4179 3018 4200 ,
3049 4136 3166 4207 99).
3196 4133 3481 4194 Dominica
3508 4139 3663 4207 virgo
3690 4139 3756 4194 ab

2162 4203 2319 4280 otnni_
2353 4205 2706 4280 inverecunde
2736 4222 2980 4280 sermone
3012 4209 3094 4262 vel
3129 4203 3246 4264 risu
3290 4225 3348 4264 se
3393 4210 3554 4266 debet
3598 4203 3752 4280 peni-

2162 4285 2246 4350 tus
2273 4274 2562 4343 abstinere,
2613 4285 2667 4330 et
2711 4292 2830 4330 cum
2877 4279 3087 4350 silentio
3121 4291 3174 4334 et
3212 4281 3490 4350 disciplina
3535 4274 3752 4336 omnem

2160 4344 2319 4398 vitam
2369 4363 2535 4422 s_uam_
2574 4363 2787 4422 ornare.
2845 4349 3113 4403 Dominica
3164 4344 3503 4422 virgo,'quzc
3549 4355 3753 4407 vultum

2159 4432 2336 4493 suum
2359 4419 2428 4472 ob
2458 4419 2796 4493 splendorem
2825 4435 3078 4493 genarum
3107 4419 3286 4493 aliquo
3317 4419 3438 4478 fuco
3465 4425 3750 4490 infecerit,

2159 4487 2210 4564 in
2243 4486 2372 4542 Isaia
2413 4486 2670 4564 propheta
2701 4490 2768 4564 de
2798 4486 3004 4546 filiabus
3032 4493 3156 4548 Sion
3186 4486 3504 4564 promissam
3533 4486 3752 4552 semen-1

2157 4559 2289 4639 tiam_
2329 4562 2630 4639 pertimehit
2673 4562 2822 4639 (lsai.
2858 4581 2940 4639 ut,
2980 4565 3040 4619 l6
3065 4607 3078 4630 ,
3115 4559 3223 4633 i7).
3260 4567 3530 4621 llominica
3563 4569 3752 4639 virgo,

2160 4640 2216 4683 ut
2259 4631 2324 4710 de
2366 4633 2537 4710 viduis
2576 4631 2858 4710 Apostolus
2883 4635 3070 4710 docet»,
3103 4631 3195 4690 aut
3221 4653 3471 4692 sermone
3499 4631 3752 4710 garrtda,

2157 4711 2248 4756 aut
2297 4704 2612 4773 loquacitate
2659 4707 2912 4780 verbosa,
2956 4708 3047 4780 vel
3093 4710 3399 4764 curiositate
3445 4704 3754 4780 superﬂua,

2157 4783 2298 4827 casta
2341 4790 2446 4851 non
2479 4787 2654 4851 potest
2681 4778 2902 4848 iudicari
2933 4778 2974 4846 (1
3001 4779 3133 4833 Tim.
3169 4795 3201 4832 v
3223 4823 3238 4843 ,
3273 4781 3395 4849 15),
3425 4778 3537 4837 imo
3563 4784 3756 4851 prosti-

2159 4847 2361 4925 tut_a__ad
2386 4849 2644 4902 luxuriam
2669 4847 2799 4925 alios
2825 4851 2991 4925 magis
3011 4852 3269 4925 accendit.
3292 4847 3752 4925 Betuinica—virgo,

2157 4917 2288 4970 nulli
2320 4929 2369 4971 te
2400 4923 2634 4995 virorum
2661 4963 2675 4986 ,
2704 4917 2989 4995 cujuslibet
3013 4924 3183 4995 aetatis
3203 4965 3218 4986 ,
3252 4925 3367 4978 sine
3395 4917 3752 4995 gravissima;

2157 5003 2273 5062 rimi
2325 4992 2608 5046 mulierum
2654 4993 2974 5062 prtesentia,
3020 4994 3273 5060 singulari
3323 4992 3630 5052 habitaculi)
3673 4998 3751 5052 vel

2155 5059 2422 5131 colloquio
2462 5059 2696 5116 credas:
2726 5073 2779 5118 et
2819 5080 2940 5119 cum
2961 5059 3080 5118 'sola
3109 5059 3163 5119 in
3193 5068 3539 5123 tabernaculo
3567 5070 3752 5125 consi-

2157 5131 2254 5209 stis
2273 5173 2288 5196 ,
2315 5132 2516 5209 clausis,
2529 5150 2702 5209 super
2729 5143 2780 5190 te
2805 5138 2981 5204 januis
3001 5137 3189 5192 sedeas
3211 5180 3223 5200 ,
3249 5139 3485 5209 nullique
3516 5142 3752 5196 virorum

2156 5203 2382 5278 pulsanti
2422 5205 2576 5261 facile
2614 5203 2830 5276 januam
2873 5218 3013 5261 tuam
3047 5210 3284 5278 pandas;
3317 5203 3550 5265 nc'forte
3580 5215 3634 5267 in
3667 5229 3754 5267 su-

2154 5273 2447 5354 spicionem
2474 5273 2831 5354 turpissimam
2853 5321 2866 5345 ,
2893 5287 2985 5354 aut
3011 5273 3061 5354 in
3087 5280 3302 5354 pudoris
3325 5283 3394 5335 tui
3421 5284 3751 5354 naufragium

2155 5346 2332 5423 gadiis.
2382 5346 2654 5423 Dominica
2701 5351 2847 5423 virgo
2869 5392 2884 5414 ,
2927 5351 2978 5404 in
3027 5346 3191 5423 locis,
3227 5353 3278 5406 in
3309 5354 3500 5423 quibus
3525 5346 3636 5409 viri
3658 5372 3750 5410 cu-

2157 5416 2318 5492 bant,
2361 5437 2465 5475 non
2497 5421 2660 5477 debet
2687 5416 2979 5480 accedere:
3013 5438 3079 5476 ne
3111 5422 3221 5492 ipsa
3254 5416 3486 5479 se'velut
3511 5436 3746 5482 scortum

2155 5487 2404 5562 credatur
2466 5497 2576 5546 suis
2636 5495 3040 5562 corruptoribus
3095 5487 3404 5562 piaebuisse.
3473 5497 3748 5552 Dominica

2159 5560 2339 5631 virgo,
2391 5565 2530 5620 male
2576 5560 2818 5618 docentis
2863 5560 3285 5634 niiserabilistpie
3327 5567 3447 5620 vita:
3494 5567 3744 5632 fetninre,

2155 5639 2251 5706 aut
2288 5637 2571 5706 aliquando
2614 5637 2826 5690 sinistra
2869 5637 3118 5704 Opinione
3150 5647 3382 5698 vexatae.
3417 5642 3744 5695 consortium

2154 5702 2581 5776 colloquiinnque
2610 5707 2858 5780 declina:
2886 5702 3133 5778 quoniam
3161 5711 3428 5780 corrumpi
3455 5727 3634 5766 mores
3657 5713 3745 5765 bo-

2155 5787 2251 5824 nos
2296 5781 2572 5848 colloquiis
2622 5779 3009 5852 malis_l’aulus
3052 5782 3323 5848 apostolus
3363 5779 3520 5837 docet
3561 5785 3600 5852 (Ι
3630 5783 3742 5837 Cor.

2157 5861 2242 5908 xv,
2291 5852 2402 5918 35).
2449 5851 2719 5922 Dominica
2759 5849 2933 5922 virgo,
2966 5852 3034 5904 ob
3071 5853 3486 5922 exstinguendos
3517 5849 3746 5909 libidinis

2154 5920 2237 5974 vel
2279 5922 2452 5976 omnis
2494 5920 2726 5976 lascivia:
2768 5918 3042 5992 flammas,
3077 5918 3296 5994 jejuniis
3333 5925 3744 5984 etabstiuentita
