2038 3185
160 182 232 212 H09

159 239 242 269 debet
263 246 373 277 cretae
392 237 473 277 dare,
495 237 668 277 οηιίοθίινξς.
679 236 874 277 deﬂetus
885 235 952 277 ἐξιεῖ·

159 280 234 304 stere
242 296 250 308 ,
271 271 296 302 εἷ
307 271 379 309 cupit
391 278 420 302 et
432 274 540 308 laqueos
553 277 580 300 et
592 272 701 309 insidias
712 271 811 309 diaboli
825 271 954 309 insidian-

162 312 198 340 tis
216 307 351 343 evadere,
371 314 398 337 et
413 309 448 337 ad
461 307 591 344 promissa
602 308 758 344 virginitatis
773 307 880 342 praemia
895 314 956 344 per-

162 346 264 376 venire.
286 345 424 379 Dominica
445 342 533 380 virgo,
554 342 803 380 omnemfratrem,
821 350 901 378 quem
915 342 955 369 vi-

163 381 273 410 tandum
286 380 355 408 mala
365 380 434 408 fama
445 378 617 407 commendat
627 399 635 412 ,
650 379 728 406 nimis
740 378 801 413 fuge
812 398 819 410 ,
833 383 860 405 et
870 385 956 413 quan-

162 421 219 445 tum
239 420 315 451 potes
325 437 333 448 ,
354 415 388 444 ab
400 423 433 443 eo
446 415 488 443 vel
503 415 537 442 ab
549 415 607 450 ejus
622 414 749 451 conviviis
762 419 822 441 tuos
833 419 957 451 accessus

162 447 277 481 declina.
298 447 436 481 Domiuica
461 451 535 485 virgo
557 447 610 478 non
633 450 747 483 neseiat,
770 457 803 485 ex
820 447 956 485 convivali

162 487 296 522 colloquio
315 487 463 514 inolescere
478 483 595 513 libidinis
608 485 671 512 vitia
683 506 689 516 ,
707 489 734 522 et
748 484 893 522 exiude_ad
904 483 958 510 for-

163 520 306 551 nicationis
317 522 399 550 veniri
412 526 530 556 peccata.
546 522 680 549 Dominica
692 521 777 556 virgo,
789 524 819 547 ut
830 520 884 547 cito
895 527 959 546 con-

162 559 290 592 cludam,
313 557 347 587 ab
368 555 492 586 omnibus
512 556 644 584 illecebris
667 555 885 591 gulte’abstinuns
898 562 958 583 esse

162 594 260 626 debet,
285 598 311 620 et
331 601 410 628 parco
429 593 501 620 victu
512 592 554 620 vel
569 597 632 627 potu
646 592 728 620 debet
741 598 807 628 esse
814 594 938 628 contenta
948 610 956 624 ,

162 634 191 657 et
215 626 527 658 bonesta‘tacituruitate
550 626 656 662 semper
675 630 778 654 ornata.
793 626 957 655 Douiinicam

162 665 293 700 virginem
310 664 354 691 Dei
370 664 526 700 beneﬁcium
537 668 578 690 est
592 663 675 700 irasci
684 663 798 700 nescire,
811 669 889 700 nosse
902 668 959 688 ma-

163 701 204 734 gis
212 698 383 729 iracundiam
395 699 536 728 cohibere,
553 699 656 726 cunctis
670 698 811 732 benignam
824 698 939 734 existere
949 716 957 730 ,

164 732 250 763 oculis
270 743 323 764 non
342 742 473 766 anuuere,
489 734 552 762 dolo
564 739 591 761 et
605 734 703 761 malitia
718 733 834 768 linguam
850 740 903 759 non
919 732 959 759 fa-

164 771 286 803 bricare,
310 770 404 798 alienae
424 770 520 797 domus
543 774 646 797 secreta
671 776 719 796 nec
742 769 891 795 ausoultare
910 774 960 795 nec

166 806 281 841 prodere
291 827 298 839 ,
310 806 446 834 avaritiam
462 805 685 841 cupiditatemque
698 804 788 839 fugere
799 825 805 835 ,
818 803 867 841 sibi
878 803 961 841 depo-

165 839 217 869 sita
239 849 293 869 non
318 849 431 876 negare,
457 841 481 867 in
505 840 592 868 usuris
612 840 750 874 pecuniam
772 839 959 876 uourhabere,

165 878 254 907 sorori
277 874 380 912 culpam
403 884 434 904 ex
455 876 534 904 corde
556 876 705 912 dimittere,
728 874 962 912 scandalumnulli

165 920 303 948 apponere
312 910 329 944 ,“
346 912 477 939 tribulatis
498 911 712 948 consolationem
731 910 865 948 praebere,
886 910 961 937 infir-

168 946 303 976 mantibus
323 948 491 979 ministrare,
514 946 664 975 detrahenti
689 946 764 973 alteri
780 954 832 972 nou
846 953 962 973 consen-

168 984 232 1014 tire,
253 983 300 1011 sed
313 993 326 1009 a
342 983 506 1011 detractione
520 990 549 1009 se
562 983 666 1016 penitus
680 982 825 1009 abstinere.
843 980 962 1008 Domini-

166 1027 227 1047 cam
246 1019 375 1054 virginem
398 1019 424 1046 in
442 1018 553 1046 ecclesia
566 1026 625 1045 cum
640 1017 829 1054 silentiostare
843 1017 942 1044 debere
953 1037 961 1050 ,

167 1059 196 1081 et
219 1052 372 1087 uihil’lcgis
394 1054 491 1081 docere
503 1075 510 1086 ,
529 1054 686 1088 Apostolum
707 1052 768 1080 audi
787 1052 963 1088 loquentem:

168 1089 291 1117 Mulieres
318 1090 344 1116 in
373 1089 475 1116 ecclesia
503 1087 602 1115 taceant
630 1097 640 1116 :
665 1093 738 1123 turpe
763 1093 800 1115 est
819 1087 965 1114 mulieribus

168 1125 238 1159 loqui
252 1126 278 1151 in
291 1124 411 1152 ecclesiis.
427 1124 492 1152 item
505 1125 541 1151 ait
556 1133 562 1150 :
579 1124 699 1151 Mulieres
707 1124 733 1159 in
743 1123 843 1150 silentio
853 1123 963 1159 discant.

168 1158 236 1188 Item
248 1168 257 1187 :
269 1160 294 1186 Μ
298 1160 417 1187 uberibus
427 1160 516 1187 docere
525 1168 575 1187 non
590 1160 703 1193 permitto
711 1158 734 1195 (Ι
739 1160 765 1185 d.
779 1166 835 1191 xtv,
850 1159 884 1195 54
890 1158 964 1191 et55;

170 1195 179 1222 l
191 1195 258 1222 Tim.
273 1196 363 1225 tt.ltet
372 1195 428 1231 l2).
441 1196 469 1222 Si
479 1203 542 1230 ergo
552 1195 707 1231 mulieribus
716 1193 795 1231 turpe
805 1199 846 1221 est
856 1193 964 1231 docere,

169 1236 217 1258 aut
226 1232 252 1258 in
260 1231 372 1258 ecclesia
381 1229 463 1265 loqui;
471 1229 569 1266 quanto
577 1229 805 1265 magisvirginibus
813 1237 879 1264 quas
887 1229 967 1266 casti-

171 1267 234 1294 tatis
246 1267 302 1294 Deo
315 1264 452 1301 promisisti:
467 1264 530 1294 cura
549 1264 729 1301 professioque
751 1264 967 1301 constringit,‘ut

170 1310 218 1330 eas
229 1299 385 1337 magis—alite
400 1302 425 1329 iii
437 1302 513 1329 bonis
526 1299 651 1336 operibus
665 1299 817 1337 imitentur?
832 1299 966 1337 Dominica

170 1338 247 1372 virgo
262 1335 295 1365 ne
314 1337 378 1372 quid
400 1345 510 1372 pravum
532 1335 577 1364 aut
596 1337 707 1365 scurrile
721 1343 766 1364 aut
780 1335 902 1363 simulate
926 1335 967 1361 lo-

171 1378 278 1407 quatur,
292 1377 318 1400 et
325 1371 410 1400 omne
424 1373 590 1401 mendacium
606 1380 640 1400 ex
653 1380 699 1399 ore
720 1379 768 1399 suo
787 1371 892 1405 penitus
906 1377 968 1407 era-

171 1406 254 1448 dicet.
270 1408 420 1448 Luquentes
437 1409 509 1448 enim
532 1406 969 1448 mendacium‘liominus‘perd‘et,‘

172 1449 202 1471 ut
217 1444 244 1471 in
254 1441 347 1479 quinto
361 1444 462 1479 psalmo
478 1444 570 1476 David,
584 1449 611 1471 et
629 1443 688 1478 ejus
700 1442 770 1479 filius
785 1442 898 1479 inrlibru
912 1441 967 1479 ‘SaJ

172 1476 281 1514 pientis:
293 1476 371 1506 docei.
382 1479 466 1513 (Psal.
481 1487 506 1511 v,
521 1479 552 1512 7;
568 1479 632 1513 Sap.
643 1476 666 1512 ᾖ,
683 1478 885 1514 ll).VDominica
895 1476 970 1510 virgo

172 1513 298 1548 quantam
314 1515 392 1542 ﬁdem
413 1514 493 1542 debet
514 1514 540 1541 in
562 1514 685 1541 omnibus
703 1513 847 1544 exhibere,
866 1516 969 1541 tantum

172 1554 267 1577 caveat
286 1550 376 1584 jurare
389 1559 395 1577 :
409 1550 442 1577 de
463 1549 505 1577 bis
524 1557 583 1584 qum.
607 1549 692 1584 egerit
712 1554 820 1584 propter
830 1548 968 1575 veritatem

172 1583 382 1612 confirmandam
395 1583 545 1621 juramouta
560 1583 713 1621 persolvere
726 1583 774 1619 (ιι).
790 1583 828 1611 Ne
844 1583 869 1610 in
883 1586 969 1617 totum

172 1625 218 1648 aut
234 1621 343 1648 omnino
357 1621 429 1655 juret
441 1620 547 1656 (Matth.
564 1629 589 1653 ν,
611 1620 667 1653 54),
690 1620 828 1656 hominum
843 1622 971 1656 agnoscat

173 1656 202 1684 in
224 1652 369 1691 Evangelio
393 1652 609 1691 prtemonentem.
637 1655 781 1691 Dominicar
799 1652 874 1688 virgo
899 1652 970 1680 furta

174 1690 336 1726 fraudesque
350 1690 448 1724 facere,
464 1697 509 1719 aut
524 1691 590 1719 falsa
605 1690 756 1723 testimonia
768 1690 870 1726 dicere,
881 1693 926 1716 aut
938 1696 969 1716 ea

174 1725 332 1754 facientibus
345 1728 495 1754 consentire
515 1731 607 1754 caveat
622 1735 627 1752 :
643 1726 703 1761 quia
725 1733 757 1753 ea
775 1725 971 1761 committentes

173 1763 269 1790 beatus
290 1762 388 1790 Paulus
411 1763 533 1797 objurgat
551 1761 572 1796 (l
593 1758 659 1788 Cor:
673 1769 708 1793 vr,
733 1761 764 1793 8;
788 1761 862 1797 Ront.
879 1767 898 1792 t,
913 1758 969 1797 32)ἶ

175 1798 313 1826 Dominica
333 1799 408 1832 virgo
427 1795 618 1825 uiatrbnalihus
639 1796 778 1828 conviviis,
804 1796 901 1832 quibus
920 1795 971 1822 viri

175 1834 331 1867 miscentur,
348 1831 477 1861 interesse
489 1833 605 1860 declinet
616 1841 623 1859 :
634 1840 668 1860 ne
678 1831 899 1867 concupiscentiae
911 1838 972 1864 pec-

174 1873 264 1896 catum
279 1876 369 1896 secum
385 1869 453 1896 inter
466 1868 558 1904 pocula
574 1868 742 1903 loquentibus
755 1867 818 1904 viris
836 1867 969 1901 importet.

176 1904 315 1931 Dominica
329 1905 413 1940 virgo,
428 1903 519 1931 contra
534 1911 627 1931 omnes
638 1903 829 1940 sonosmusica
842 1907 899 1929 arte
911 1908 972 1940 pro-

177 1940 256 1971 latos,
277 1937 476 1969 contra'cuncta
490 1941 592 1968 cantica
609 1938 757 1971 stecularia,
775 1938 867 1965 contra
883 1937 971 1964 omnia

176 1983 235 2009 qua:
255 1975 369 2002 dulciter
388 1975 552 2008 delectentur
572 1974 674 2006 audire,
698 1981 777 2003 aures
796 1978 885 2009 et-cor
899 1978 972 2009 tuum

177 2007 309 2037 conc-lude
324 2020 330 2037 :
346 2018 379 2038 ne
391 2010 551 2037 diabolicum
566 2010 650 2037 melos
665 2009 763 2036 Christi
777 2009 810 2036 de
823 2008 903 2035 corde
914 2007 972 2042 ejus

176 2045 316 2073 abscindat
338 2054 467 2074 amorem.
491 2044 627 2072 Dominica
649 2044 734 2080 virgo,
759 2043 971 2080 motibusllexi—

176 2080 280 2116 busque
294 2082 456 2114 saltantium,
468 2081 708 2116 cymbalistriarum
718 2080 760 2107 vel
775 2079 972 2115 tympanistria-

176 2124 248 2150 rum,
258 2117 430 2152 onmiumque
438 2117 554 2145 virilium
563 2116 735 2152 ludicrarum,
746 2120 873 2151 quantum
884 2118 970 2152 potes,

177 2152 280 2179 vultum
303 2156 374 2179 tuum
388 2151 487 2179 ’avcrte
503 2161 510 2179 :
526 2160 558 2179 ne
571 2151 713 2187 cujuslibet
728 2158 819 2187 eorum
832 2151 973 2187 repentino

177 2188 278 2215 amoris
299 2188 352 2215 telo
372 2195 506 2222 percussa,
524 2185 639 2222 graviter
653 2187 763 2221 incipias
782 2186 902 2222 interire.
918 2185 972 2212 Do-

177 2223 277 2251 minica
292 2223 366 2258 virgo
373 2221 431 2250 non
446 2221 548 2250 tantum
564 2231 598 2250 ne
611 2222 747 2257 superbiat
760 2226 807 2249 aut
820 2221 914 2258 litiget,
928 2228 974 2248 ca-

178 2264 253 2291 veat;
267 2258 314 2286 sed
325 2256 410 2287 etiam'
418 2266 432 2286 a
447 2256 661 2293 superbientibus
670 2262 696 2285 et
707 2256 879 2292 litigantibus,
891 2263 975 2293 quan-

178 2299 236 2321 tum
246 2290 347 2328 potest,
363 2294 453 2328 procul
472 2290 597 2321 abscedat
613 2302 619 2319 :
635 2290 759 2328 Superbi?
771 2299 886 2325 namque
905 2290 974 2328 ρεαδ

177 2326 284 2361 resistit,
298 2326 433 2357 [inutilibus
446 2334 527 2356 autent
541 2329 584 2355 dat
598 2326 717 2363 gratiam,
731 2327 859 2363 Salomon
870 2328 895 2353 in
910 2326 975 2353 Pro-

177 2365 278 2393 verbiis
290 2365 388 2393 clamat
402 2365 491 2400 (Prov.
507 2372 583 2396 nix,
599 2362 657 2398 94).
682 2362 816 2400 Dominica
836 2362 916 2400 virgo
925 2368 975 2389 nec

178 2401 314 2430 sermonis
324 2397 461 2435 iactantia,
475 2408 523 2428 nec
534 2400 641 2430 divitiis,
658 2406 707 2435 nec
719 2397 825 2434 generis
838 2397 975 2426 nobilitate

178 2443 208 2463 se
223 2435 305 2463 debet
326 2434 468 2468 extollere;
490 2435 536 2463 sed
555 2435 580 2462 in
603 2434 752 2462 humilitate
771 2437 799 2461 et
820 2436 976 2468 paupertate

178 2472 290 2506 spiritus
300 2471 404 2499 Christo
414 2475 521 2505 accepta
535 2470 614 2498 debet
624 2469 749 2506 quamdiu
762 2468 857 2506 vixerit
872 2476 973 2506 peruia:

178 2504 254 2534 nere.
271 2507 300 2534 In
313 2507 413 2541 jttdicio
422 2504 492 2534 enim
504 2506 549 2533 Dei
564 2513 616 2532 non
628 2505 705 2538 tales,
723 2504 771 2541 sed
788 2509 862 2541 actus
876 2504 975 2538 proprii

179 2539 371 2577 pensabuntur,
387 2550 419 2572 ex
434 2542 531 2577 quibus
548 2541 645 2576 singuli
667 2540 816 2577 mercedem
832 2539 976 2577 s_icut_gcs-

178 2575 282 2609 serunt,
303 2586 357 2605 non
381 2575 515 2605 sicutnati
536 2575 607 2609 sunt,
631 2576 814 2611 reportabunt.
838 2575 975 2611 Dominica

178 2613 255 2647 virgo
269 2614 371 2648 vigilias
384 2612 508 2640 funebres
522 2612 563 2648 vel
576 2610 686 2648 exteras
700 2620 759 2646 qua:
770 2611 795 2648 in
810 2610 919 2648 privatis
929 2610 977 2648 do-

179 2645 268 2676 mibus
279 2645 630 2683 eveniunt,debeteli‘ugere,
644 2646 687 2674 ubi
702 2645 834 2683 praecipue
849 2647 907 2683 sine
920 2645 976 2683 dis-

179 2684 301 2715 creticae
328 2691 408 2713 sexus
417 2684 553 2711 commixti
562 2681 736 2710 conveniunt.
754 2682 890 2709 Dominica
903 2681 977 2716 virgo

179 2727 240 2754 qua:
249 2720 395 2749 secundum
407 2720 527 2755 proprias
537 2719 607 2755 vires
616 2718 688 2755 nulla
698 2718 820 2755 porrigit,
827 2725 879 2745 non
886 2720 978 2755 potest

180 2752 280 2795 ancilla
290 2755 336 2782 Dei
348 2755 388 2795 vel
401 2752 506 2783 dici—vel
522 2753 608 2795 credi:
623 2753 686 2795 Sed,
699 2752 735 2795 ut
749 2752 864 2794 breviter
877 2752 974 2794 dicam,

179 2790 314 2818 dominica
338 2791 412 2826 virgo
433 2798 491 2826 quae
517 2789 624 2825 pudoris
647 2787 687 2826 sui
715 2788 829 2816 Domino
845 2787 976 2826 promissi

179 2827 330 2854 custodiam
345 2823 560 2861 gerere'nitit'ur,
585 2832 634 2852 nec
655 2825 766 2861 incessu
781 2823 905 2855 notabili,
927 2830 977 2851 nec

180 2866 247 2889 nutu
258 2867 303 2889 aut
312 2860 383 2889 dicto
393 2862 474 2894 molli,
492 2869 541 2889 nec
551 2861 685 2889 otiositale
695 2860 779 2893 verbi,
795 2867 844 2887 nec
853 2867 975 2894 corpore,

181 2905 233 2925 nec
247 2901 336 2925 mente
345 2897 423 2925 debet
436 2898 544 2924 omnino
558 2904 676 2932 peccare.

212 2943 253 2979 (tt)
263 2943 361 2978 supple,
372 2946 447 2975 curet,
460 2946 501 2969 aut
508 2943 566 2976 quid
571 2941 660 2969 simile.

639 178 742 208 LIBER
762 178 807 206 DE
825 177 1040 207 SOBRIETATE
1060 177 1104 206 ET
1123 177 1328 206 CASTITATE.

1728 179 1798 210 illo

1045 235 1158 274 CAPUT
1167 235 1209 274 ll_l.
1217 235 1366 274 Vinolentia:
1379 237 1484 274 crimina
1497 239 1522 265 in
1531 238 1667 274 uirginibus
1677 239 1715 265 vel
1729 239 1800 273 [emi-

1009 271 1062 309 nis.
1067 271 1201 299 Ebrietatis
1209 271 1276 309 mula
1282 272 1414 309 universi,"
1418 271 1691 309 perstringunturﬁur
1699 282 1714 300 a
1720 271 1799 301 sacer-

1009 307 1109 344 dotibus
1117 315 1220 344 estortus
1227 307 1303 344 fuerit
1313 312 1409 344 auctor.
1417 307 1450 335 Et
1461 307 1583 343 quoniam
1591 318 1649 344 qum
1656 310 1798 337 admonen-

1009 343 1051 380 dis
1065 343 1217 380 virginibus
1224 343 1306 370 sacris
1320 343 1390 375 dicta
1403 348 1473 380 sunt,
1487 343 1627 372 credamus
1641 352 1720 380 posse
1740 345 1795 372 suf-

1010 377 1100 410 ﬁcere,
1110 377 1150 405 fex
1163 378 1259 414 quibus
1273 380 1414 415 praceptis
1426 379 1505 407 etiam
1521 380 1566 406 Dei
1577 377 1662 407 servis
1672 381 1713 408 vel
1725 380 1800 410 laicis

1009 415 1112 454 cunctis
1120 415 1259 454 conveniat
1269 414 1411 454 observare
1423 424 1429 442 :
1437 415 1491 454 jam
1498 415 1625 454 debemus
1637 415 1670 454 ad
1681 417 1801 454 vinolen-

1010 449 1054 475 tia:
1069 449 1178 476 crimina
1192 450 1372 478 enumeranda
1384 449 1482 478 venire.
1496 455 1522 478 ct
1536 451 1631 478 docere
1645 450 1799 478 ebrietatem

1011 490 1105 522 cuncta
1119 485 1179 522 vitia
1195 492 1330 522 superare.
1347 485 1412 522 ipsis
1427 487 1512 522 primo
1528 486 1672 522 virginibus
1687 485 1802 514 ebrietas

1011 520 1278 558 castitatispromissa
1292 520 1402 558 implere
1412 520 1464 549 non
1478 520 1602 556 permittit
1614 531 1620 553 ;
1632 522 1692 556 quia
1704 526 1803 558 sancta:

1012 555 1195 591 pollicitationi
1210 556 1235 583 in
1248 555 1360 592 utroque
1373 565 1436 585 sexu
1447 555 1551 584 inimica
1566 565 1671 592 semper
1683 557 1801 592 exstitit;

1012 590 1039 618 et
1058 591 1117 618 ideo
1132 592 1245 619 ebrietas
1258 590 1352 627 pudori
1374 600 1464 620 comes
1477 601 1536 620 esse
1557 601 1608 620 non
1624 590 1723 627 potest,
1741 590 1802 627 quia

1014 634 1066 663 nec
1071 628 1179 654 castitas
1190 627 1238 654 fuit
1248 627 1389 663 aliquando
1397 629 1468 655 socia
1481 629 1651 655 temulentizc.
1666 627 1803 655 Sobrietas

1013 662 1039 689 in
1056 662 1159 690 feminis
1173 663 1206 690 ad
1220 662 1316 699 terrain
1333 663 1443 698 deponit
1454 669 1589 699 aspectum
1609 672 1615 690 :
1631 663 1746 699 ebrietas
1757 670 1804 689 au-

1012 701 1066 725 tem
1077 698 1176 735 amisso
1190 695 1494 735 pudoreinverecundos
1504 699 1581 735 erigit
1591 699 1689 727 vultus.
1698 697 1804 735 Sobrie-

1014 738 1053 760 tas
1066 734 1137 761 enim
1149 733 1208 761 cum
1220 742 1323 761 summa
1338 734 1513 769 trepidatione
1525 733 1766 769 ii'rcpreheiisibile,
1776 738 1805 761 ct

1013 776 1072 810 cum
1092 769 1197 812 silentio
1215 771 1390 812 piropiinluiiiii
1413 771 1510 797 emittit
1535 769 1644 797 verbum
1666 778 1672 796 :
1689 769 1806 812 ebrietas

1015 805 1211 839 impudoratum
1225 805 1288 834 facit
1302 805 1407 832 femina:
1428 811 1454 832 ct
1471 813 1623 833 scrmorem
1646 810 1672 832 et
1690 805 1803 831 vultum.

1015 840 1093 867 Elicit
1108 848 1221 876 namque
1234 846 1314 876 atque
1327 847 1466 875 extorquet
1480 842 1595 869 ebrietas
1607 840 1752 872 infandam,
1768 840 1808 866 in-

1014 876 1192 903 verecundam
1218 876 1252 903 de
1274 876 1397 904 omnibus
1425 885 1452 904 se
1479 876 1636 904 liabt‘nlilitts
1665 879 1806 906 vocem.ct

1014 911 1056 947 cui
1086 911 1251 946 subrepserit
1273 920 1320 947 per
1339 913 1491 939 aviditatem
1521 913 1643 939 nimietas
1674 911 1806 942 vini,nul-

1016 946 1071 974 lum
1095 951 1183 982 potest
1207 946 1305 975 habere
1329 948 1431 974 tam-udi
1454 949 1581 982 ΡυιΙυιίιιιι
1598 957 1603 972 ;
1618 955 1648 974 ev
1660 952 1806 981 qualemn-

1016 981 1282 1010 leutia’membrorum
1294 981 1663 1017 conSequiturinﬁrmitatem.
1678 983 1710 1009 Et
1722 982 1755 1008 ita
1769 981 1808 1017 tit,

1017 1019 1128 1045 utsicuti
1139 1019 1213 1046 navis
1223 1019 1375 1046 validiSsimi
1388 1019 1468 1046 maris
1484 1019 1603 1045 [luctibus
1619 1018 1728 1051 scopulo
1741 1017 1807 1043 illisa

1016 1054 1222 1087 comminuitur;
1238 1054 1272 1081 ita
1287 1055 1391 1081 feminae
1408 1063 1504 1089 corpus
1516 1062 1546 1081 ac
1562 1062 1636 1081 meus
1649 1051 1809 1089 gt'andiiviui

1017 1089 1132 1124 procella
1155 1090 1242 1124 illisa,
1259 1090 1385 1117 membris
1408 1090 1531 1117 omnibus
1551 1090 1720 1116 dissolvatur.
1744 1088 1809 1124 Nam

1017 1123 1076 1160 qua:
1089 1126 1247 1153 naturaliter
1266 1126 1340 1152 firma
1371 1125 1451 1160 figere
1484 1134 1535 1152 nou
1557 1129 1644 1160 potest
1667 1123 1811 1160 gradiendo

1001 1179 1003 1181 ›
1018 1158 1127 1195 vestigia
1145 1170 1152 1194 ;
1167 1161 1302 1196 quomodo
1321 1158 1444 1188 incedere
1459 1158 1566 1193 valebit,
1582 1169 1640 1187 cum
1658 1160 1710 1185 vini
1731 1158 1810 1196 fuerit

1019 1194 1118 1230 ingenti
1134 1194 1248 1231 procella
1264 1204 1399 1231 percussa.
1416 1196 1577 1230 lapsabunda
1594 1196 1601 1211 ¹
1616 1203 1708 1230 gressu
1720 1202 1750 1231 ac
1765 1194 1806 1220 in-

1020 1238 1114 1264 nuens,
1127 1239 1233 1266 semper
1243 1232 1372 1258 contortis
1384 1232 1468 1258 oculis
1482 1232 1615 1265 resupina,
1628 1234 1673 1257 aut
1688 1230 1811 1258 inclinata

1019 1267 1140 1299 cervice,
1164 1265 1262 1294 famula
1286 1272 1394 1300 regente
1417 1267 1574 1302 pt‘tllSSt‘qlla
1595 1267 1628 1292 de
1651 1265 1812 1302 temulenter:

1019 1310 1075 1338 suze
1088 1303 1165 1338 culpa
1179 1303 1190 1329 ’ἓ
1205 1302 1241 1329 lbi
1255 1299 1355 1329 sanitas
1374 1308 1399 1329 ct
1415 1299 1476 1329 cura
1490 1299 1584 1329 domus
1599 1302 1669 1328 nulla
1683 1301 1729 1338 vel
1741 1299 1813 1338 fami-

1020 1337 1062 1364 liae
1075 1336 1245 1372 gubernatio,
1260 1338 1349 1373 lingua
1361 1338 1510 1365 balbutiens
1524 1337 1652 1364 sermonis
1662 1336 1749 1363 officio
1763 1336 1814 1370 pri-

1020 1377 1097 1399 vatur
1108 1393 1116 1407 ,
1128 1378 1174 1400 aut
1186 1374 1211 1401 in
1223 1381 1315 1400 vocem
1329 1381 1502 1408 prorumpere
1518 1374 1626 1405 volcus,
1643 1380 1693 1398 non
1711 1376 1813 1408 tantum

1021 1416 1073 1435 non
1086 1409 1241 1444 intelligitur
1251 1430 1257 1441 ,
1273 1409 1319 1435 scd
1330 1407 1418 1436 ictiam
1440 1407 1473 1435 ab
1487 1409 1654 1435 audientibus
1667 1407 1812 1444 deridetur.

1022 1443 1070 1471 Est
1082 1442 1274 1471 autem‘mente
1285 1445 1398 1471 alienata
1412 1465 1418 1477 ,
1433 1450 1459 1471 ct
1474 1445 1513 1471 sui
1527 1445 1636 1471 omnino
1651 1443 1738 1470 nescia
1750 1463 1756 1474 ,
1771 1442 1814 1469 cui

1021 1479 1108 1506 cultus
1133 1480 1227 1514 capitis
1242 1479 1326 1514 vergit
1339 1480 1365 1506 in
1378 1484 1479 1514 partetn
1490 1501 1497 1511 ,
1512 1484 1539 1506 et
1555 1478 1720 1514 seminudam
1739 1485 1815 1504 mon-

1021 1519 1089 1542 strat
1099 1513 1252 1543 videntibus
1262 1513 1406 1549 cervicem,
1420 1519 1448 1542 et
1461 1515 1532 1542 omni
1544 1523 1576 1542 ex
1591 1518 1664 1549 parte
1672 1513 1788 1541 demissa
1799 1519 1815 1539 a

1022 1550 1246 1586 conspicientibus
1261 1550 1444 1586 erubescitur.
1460 1555 1487 1577 et
1501 1549 1575 1586 quid
1598 1549 1669 1586 domi
1691 1553 1814 1583 geratur,

1023 1584 1135 1620 ignorat.
1152 1584 1320 1614 Periclitatur
1329 1586 1354 1612 in
1364 1585 1409 1612 tali
1422 1586 1480 1613 sine
1492 1585 1575 1612 dubio
1587 1584 1687 1620 pudor,
1697 1588 1725 1611 et
1736 1591 1816 1611 omne

1022 1619 1154 1649 secretum
1166 1641 1172 1653 ,
1184 1621 1255 1656 quod
1274 1621 1404 1648 sobrietas
1426 1621 1451 1648 in
1466 1620 1570 1648 feminis
1582 1619 1714 1656 custodit,
1731 1624 1816 1646 temu-

1023 1656 1102 1683 lcntia
1118 1655 1243 1691 publicat.
1266 1657 1330 1690 Quae
1343 1663 1404 1684 cum
1419 1657 1492 1684 humi
1504 1655 1583 1683 fuerit
1597 1655 1727 1690 vertigine
1741 1658 1819 1690 rapta

1024 1692 1145 1727 lectoque
1164 1697 1313 1727 prostrata,
1331 1691 1541 1720 circumcursare
1560 1691 1610 1719 sibi
1631 1695 1740 1727 cunctos
1753 1697 1819 1727 con-

1023 1726 1230 1763 spicit'parietes
1243 1737 1249 1755 :
1265 1728 1433 1763 culminaque
1449 1727 1544 1755 domus
1557 1727 1583 1756 in
1600 1727 1668 1763 imo,
1683 1730 1710 1755 et.
1721 1726 1774 1756 ima
1790 1726 1817 1753 in

1024 1762 1106 1790 altum
1118 1762 1191 1799 putat
1204 1771 1263 1792 esse
1278 1762 1398 1799 porrecta
1409 1784 1417 1796 ,
1433 1768 1460 1791 et
1473 1763 1544 1790 velut
1558 1762 1661 1799 sepulta
1670 1769 1764 1789 somno
1777 1769 1817 1788 re-

1023 1800 1128 1834 cipitur.
1145 1799 1318 1827 Lectisternia
1332 1806 1396 1826 vero
1409 1806 1467 1834 quae
1481 1799 1514 1826 ab
1524 1798 1668 1834 infantibus
1681 1800 1818 1834 contume-

1024 1832 1065 1862 liis
1078 1835 1276 1867 deformantur,
1290 1842 1304 1861 a
1320 1832 1425 1862 cunctis
1436 1834 1541 1862 feminis
1560 1833 1601 1861 vel
1625 1832 1728 1860 ancillis
1741 1853 1748 1865 ,
1765 1839 1818 1859 non

1023 1871 1076 1905 jam
1087 1871 1199 1902 occultis
1209 1891 1216 1902 ,
1230 1869 1277 1898 sed
1292 1870 1442 1898 videntibus
1464 1869 1601 1898 cachinnis
1619 1869 1680 1896 talis
1701 1868 1818 1897 domine

1025 1906 1339 1945 tenmleutiaderidetur.
1355 1906 1399 1933 Sic
1421 1905 1509 1940 itaque
1516 1908 1676 1945 _trauseunte
1687 1908 1820 1945 tempore,

1024 1947 1051 1970 et
1065 1942 1200 1970 ebrietatis
1213 1942 1278 1969 vitio
1299 1936 1474 1976 permanente
1485 1961 1493 1975 ,
1506 1940 1540 1968 de
1559 1940 1615 1976 ejus
1637 1936 1719 1968 corde
1731 1936 1820 1975 omnis

1024 1978 1113 2007 evolat
1126 1978 1206 2005 timor
1221 1986 1227 2004 :
1242 1985 1291 2004 uec
1305 1977 1504 2011 corruptionem
1516 1997 1522 2008 ,
1536 1984 1586 2004 nec
1597 1981 1726 2004 terrorem
1746 1982 1784 2003 ste

1025 2014 1188 2050 objurgantis
1205 2013 1252 2040 viri
1268 2013 1386 2050 cogitat,
1399 2017 1445 2043 aut
1464 2012 1593 2047 vigorem.
1616 2011 1679 2040 inde
1700 2011 1821 2046 quotidiq

1025 2047 1145 2085 neglecta
1168 2048 1262 2076 domus
1285 2056 1343 2085 per_
1360 2047 1482 2085 illapsum
1508 2052 1611 2083 tempus
1637 2051 1741 2085 ornatu
1757 2053 1822 2081 quo:

1026 2082 1124 2113 titliaito
1146 2084 1172 2111 in
1199 2082 1301 2112 tantum
1327 2083 1495 2116 destituitur,
1510 2087 1539 2110 ut.
1563 2089 1669 2118 semper
1694 2082 1745 2118 sibi
1764 2088 1820 2108 ma-

1026 2122 1092 2150 ritus
1117 2124 1230 2148 mortem
1256 2124 1387 2155 exoptet,
1405 2119 1481 2155 cujus
1509 2118 1583 2146 labor
1609 2117 1819 2155 g’uberitatioque

1026 2157 1076 2185 sub
1099 2156 1143 2184 tali
1166 2156 1273 2187 domina
1297 2153 1416 2190 quotidie
1447 2154 1591 2188 minuitur,
1614 2153 1642 2182 et
1667 2153 1692 2181 in
1715 2153 1819 2190 lapsum

1026 2193 1108 2220 venit.
1131 2192 1188 2219 Non
1213 2196 1254 2219 est
1277 2188 1337 2218 cum
1359 2198 1410 2225 qua
1433 2190 1569 2226 quidpiam
1587 2190 1622 2217 de
1645 2196 1709 2222 cura
1724 2188 1820 2226 domus

1027 2227 1192 2259 conferatur,
1219 2231 1247 2253 ut
1269 2226 1295 2253 in
1319 2223 1414 2253 melius
1436 2223 1535 2260 aliquid
1552 2224 1710 2260 disponatur
1729 2233 1734 2250 :
1758 2223 1820 2260 quia

1027 2263 1129 2290 scilicet
1144 2262 1235 2289 uxoris
1256 2269 1354 2289 nomen
1373 2259 1489 2294 tantum,
1503 2268 1555 2288 non
1577 2259 1668 2288 niores
1692 2259 1818 2286 ostendit.

1027 2298 1099 2327 Nihil
1111 2306 1142 2329 ea
1163 2297 1334 2332 disponente,
1358 2296 1488 2325 maritalis
1508 2296 1664 2332 quotidiana
1683 2301 1755 2332 cura
1767 2301 1820 2332 non

1028 2334 1085 2361 sine
1100 2329 1216 2361 tristitia'
1227 2332 1351 2367 fatigatur
1363 2342 1370 2360 :
1384 2333 1445 2367 quia
1467 2329 1538 2362 velut
1554 2331 1640 2367 juncti
1655 2330 1681 2357 in
1696 2329 1820 2357 vehiculo

1028 2370 1121 2401 boves,
1136 2369 1158 2396 si
1170 2375 1237 2395 unus
1249 2366 1340 2396 conari
1355 2366 1405 2395 sub
1415 2375 1496 2395 onere
1508 2371 1604 2400 cesset,
1615 2366 1727 2401 alterum
1741 2372 1822 2401 cona-

1029 2410 1072 2432 tus
1097 2399 1257 2439 disrumpet.
1281 2403 1433 2431 Vinolentia
1454 2403 1533 2438 igitur
1551 2399 1823 2439 domiutesubtraetis

1030 2441 1148 2468 locorum
1163 2435 1293 2471 clavibus,
1307 2440 1396 2467 omnia
1412 2435 1547 2467 tent'antur
1561 2446 1567 2464 :
1581 2436 1750 2464 cellariorum
1766 2435 1822 2469 ple-

1030 2476 1122 2504 nitudo
1131 2475 1207 2504 furtis
1220 2475 1338 2511 quotidie
1350 2474 1491 2511 servilibus
1503 2473 1632 2511 inanitur,
1643 2471 1821 2511 indisciplina-

1030 2516 1117 2547 neque
1139 2506 1244 2539 familia:
1264 2510 1424 2547 clamoribus
1448 2509 1543 2536 domus
1561 2508 1648 2547 omnis
1668 2506 1820 2547 perstrepit.

1029 2542 1150 2575 Lanilicii
1164 2554 1227 2574 vero
1244 2550 1289 2573 aut
1303 2545 1448 2580 negligens,
1467 2549 1513 2571 aut
1528 2544 1609 2580 nulla,
1625 2542 1822 2580 autrabo‘miua-

1031 2583 1091 2611 bilis
1104 2583 1218 2611 efﬁcitur
1231 2589 1306 2609 cura.
1319 2577 1458 2608 TZili'enim
1471 2579 1587 2607 dominae
1601 2579 1697 2610 ancilla
1717 2577 1825 2605 charior

1030 2623 1109 2654 atque
1122 2618 1262 2645 amabilior
1271 2618 1333 2649 erit,
1349 2623 1409 2654 quas
1419 2615 1545 2650 capacius
1556 2614 1681 2651 poculum
1697 2620 1823 2653 porrexe-

1030 2651 1074 2688 rit,
1089 2661 1168 2689 quam
1179 2661 1238 2689 quae
1252 2660 1361 2689 pensum
1376 2651 1509 2689 integrum
1524 2655 1585 2678 ante
1598 2656 1739 2689 vesperum
1755 2651 1822 2689 assi-

1030 2683 1160 2725 gnaverit.
1173 2683 1294 2725 Calliiiiis
1305 2687 1375 2725 enim_
1385 2683 1526 2725 aut'variis
1540 2683 1707 2721 persiiiisqtte
1722 2683 1820 2725 colori-

1030 2720 1079 2753 bus
1092 2725 1118 2752 in
1132 2725 1203 2758 vino,
1218 2731 1270 2751 non
1281 2723 1307 2750 in
1320 2722 1427 2756 tunicis,
1437 2720 1585 2758 delectatur
1594 2730 1601 2748 :
1611 2726 1638 2749 et
1649 2720 1701 2748 non
1710 2720 1824 2747 vestium

1031 2760 1224 2792 faciendarum,
1252 2758 1299 2788 sed
1327 2758 1382 2786 vini
1407 2758 1504 2793 quierit
1527 2757 1634 2789 allatam
1658 2763 1823 2793 mensuram.

1031 2796 1088 2834 Non
1100 2796 1204 2824 tuendae
1218 2791 1441 2834 castitatiscausa
1451 2794 1518 2829 telas
1530 2793 1566 2834 ad_
1580 2792 1721 2834 texendum
1733 2791 1823 2834 erigit,

1031 2828 1090 2868 quae
1103 2839 1180 2859 usum
1195 2827 1253 2858 telte
1266 2830 1376 2868 olim‘de
1386 2829 1470 2868 domo
1481 2827 1529 2864 per
1543 2828 1699 2868 ebrietatem
1711 2827 1801 2868 amisit
1817 2834 1825 2854 ε

1031 2861 1058 2896 ἑι
1073 2868 1140 2895 telas
1163 2873 1228 2902 quas
1252 2865 1355 2894 ancillis
1368 2861 1513 2893 ouantibus
1532 2864 1675 2897 subtraxit,
1692 2861 1821 2891 tuendas

1066 2938 1077 2954 ι
1085 2940 1134 2969 1a.,
1145 2935 1297 2962 lassabttnda.
