4076 6370
448 244 585 302 1111

437 382 652 441 araneis
688 380 852 437 dedit.
893 379 1018 435 llaec
1044 396 1163 436 cum
1194 379 1341 436 cibos
1367 381 1529 450 capit,
1560 379 1648 435 vix
1688 378 2023 435 comedendo

442 455 790 513 semiunciam
824 453 975 523 panis
1002 452 1235 523 attingit,
1264 460 1319 507 et
1348 453 1534 521 pocula
1555 450 1811 523 deinceps
1833 450 2023 505 absor-

435 527 559 592 bet,
607 535 662 581 et
708 521 989 594 propterea
1044 521 1439 593 pulmentorum
1489 522 1589 594 sibi
1643 521 2022 592 cataplasmata

436 598 646 669 quierit.
671 593 797 669 Haec
811 593 1073 669 quamdiu
1099 594 1414 669 vigila_verit,
1445 593 1611 669 bibit:
1639 594 1799 669 aut__si
1828 593 2024 669 obiter:

436 663 638 735 inierit,
683 668 798 722 sitis
823 663 870 722 ei
921 663 1176 720 somnum'
1217 666 1503 734 abrumpit.
1549 664 1653 719 Sed
1684 663 1856 718 adhuc
1896 663 2023 733 quid

430 741 729 801 immorer?
748 738 804 792 Si
827 738 1100 792 ebrietatis
1126 737 1347 791 voluero
1376 744 1566 791 cuncta
1596 735 1719 789 vitia
1746 751 2018 802 enarrare,

436 822 563 867 ante
584 826 669 865 me
690 820 897 879 tempus
922 810 1134 864 deficiet
1162 825 1175 861 :
1198 823 1319 862 cum
1343 809 1551 877 potiora
1574 808 1624 861 in
1646 808 2021 879 Ecclesiastico

438 883 745 939 Salomonis
788 877 1017 950 Spiritus
1056 887 1271 934 sanctus
1311 879 1526 944 clamet,
1575 880 1777 942 dicens,
1832 877 2023 931 Mulier

434 955 593 1019 ebria,
615 955 694 1007 ira
721 962 793 1007 est
810 968 1013 1023 magna,
1030 960 1077 1005 et
1102 951 1405 1023 contumelia
1430 961 1476 1023 et
1499 950 1761 1023 turpitudo
1786 950 1896 1018 ejus
1920 966 2022 1023 non

434 1035 645 1097 tegetur.
675 1024 745 1079 Et
774 1024 841 1097 de
869 1020 1097 1097 utroque
1134 1036 1289 1097 sexu,
1332 1020 1672 1097 Multos,_ait,
1713 1021 2024 1097 egerminet

431 1091 629 1151 vinum.
658 1097 724 1150 Et
768 1096 961 1149 iterum
992 1091 1375 1147 {Prudentium
1403 1091 1632 1146 absorbet
1676 1092 1909 1145 ebrietas.
1956 1091 2023 1146 Et

433 1167 631 1222 iterum
659 1185 673 1221 :
720 1165 899 1220 Vinum
924 1165 1142 1219 multum
1174 1174 1421 1234 potatum,
1452 1163 1762 1217 irritationes
1783 1171 1830 1215 et
1846 1163 1951 1234 iras
1975 1169 2022 1215 et

436 1240 614 1293 ruinas
660 1238 845 1292 multas
876 1238 1019 1307 facit.
1065 1233 1369 1290 Amaritudo
1399 1236 1583 1307 anima;
1607 1236 1778 1288 vinum
1806 1233 2022 1287 multum

385 1362 405 1370 λ
435 1319 665 1381 palatum
694 1306 885 1381 (Eccli.
912 1308 1193 1381 xxerH‘;
1225 1323 1386 1381 Axxxt,
1410 1307 1500 1372 50,
1528 1306 1595 1360 58
1614 1315 1660 1359 et
1688 1306 1799 1381 59).

506 1376 792 1448 Quare'ut
844 1382 1001 1434 tinem
1046 1377 1168 1432 libri
1219 1376 1430 1441 faciam,
1471 1378 1775 1448 summatim
1828 1384 2022 1431 cuncta

431 1447 806 1522 perStringam.
835 1452 938 1505 Per
964 1450 1152 1522 vinum;
1173 1449 1314 1503 enim
1342 1448 1557 1522 castitas
1603 1447 1881 1501 submersa
1900 1456 2018 1522 _c_st,

431 1518 486 1577 et
510 1518 751 1591 plurimae
778 1537 807 1575 a
836 1520 1241 1591 corruptoribus
1271 1520 1439 1575 turba:
1466 1519 1703 1591 decepta:
1727 1518 2021 1591 sunt.7Vir-

432 1590 617 1664 ginnm
649 1594 833 1648 multae
860 1590 1019 1647 etiam
1071 1593 1387 1664 impellente
1425 1590 1578 1664 vino“
1603 1590 1740 1664 thori
1770 1590 2019 1659 genitalis

432 1661 632 1730 oblitae,
655 1665 962 1736 pudicitiam
991 1679 1141 1719 suam
1164 1661 1799 1736 adulterisgtradiderunt,
1820 1670 2019 1736 et_cum

429 1730 751 1790 moechis-de
777 1746 952 1789 morte
979 1742 1145 1803 put-tre
1167 1743 1293 1787 sunt
1315 1734 1645 1787 maritorum.
1664 1730 2020 1799 Quamplures

428 1807 737 1877 impellente
758 1808 881 1859 vino
921 1806 1219 1875 praecipites
1248 1804 1614 1877 indecentibus
1656 1818 1714 1858 se
1744 1804 2020 1877 conventi-

430 1875 531 1931 bus
578 1878 881 1947 polluerunt
912 1895 924 1929 :
960 1885 1014 1930 et
1058 1877 1123 1930 de
1160 1876 1491 1946 genitoribus
1530 1884 1619 1928 aut
1647 1875 2016 1947 genitricibus,

429 1949 497 2003 de
526 1949 647 2003 ﬁliis
695 1960 786 2003 aut
832 1948 1059 2013 ﬁliabus,
1090 1947 1156 2002 de
1189 1947 1444 2000 fratribus
1484 1955 1575 2000 aut
1602 1946 1895 2008 sororibus,
1952 1946 2021 2001 de

428 2022 639 2090 generis
662 2031 751 2075 aut
774 2021 1011 2084 nuribus,
1040 2035 1132 2085 per
1154 2018 1431 2084 nefandos,
1461 2028 1517 2071 ut
1541 2018 1738 2090 dictum
1766 2026 1867 2084 est,
1891 2032 2021 2090 con-

429 2088 642 2147 cubitus
686 2093 783 2146 sibi
813 2093 949 2145 lilios
986 2098 1302 2160 genuerunt.
1334 2090 1437 2143 Per
1479 2089 1824 2160 vinolentiam
1876 2088 2018 2160 enim

430 2164 647 2232 plurimi
679 2159 1025 2233 plurimmque
1053 2178 1081 2214 a
1128 2172 1314 2215 sancto
1342 2161 1532 2233 pioque
1562 2159 1834 2233 proposito
1875 2159 2018 2213 exci-

430 2230 626 2289 derunt
653 2230 705 2289 et
730 2235 811 2288 sui
858 2230 1006 2287 obliti
1053 2232 1265 2286 amissis
1294 2232 1585 2286 honoribus
1636 2230 1897 2300 ignobiles
1929 2246 2017 2283 rc-

428 2314 744 2359 manserunt
777 2324 790 2359 :
822 2316 875 2359 et
914 2305 1130 2359 sedibus
1180 2304 1365 2374 patriis
1412 2303 1639 2372 profugi,
1700 2302 1862 2374 vitam
1908 2316 2017 2374 non

433 2376 524 2429 ubi
554 2386 900 2444 sumpserunt
923 2371 1196 2429 tluierunt'.
1224 2377 1325 2429 Per
1356 2371 1456 2429 hoc
1484 2376 1677 2442 quippe
1707 2373 1887 2444 vinum
1910 2371 2021 2423 fur-

428 2453 512 2500 tes
545 2448 613 2501 ab
655 2443 877 2501 inﬁrmis
903 2447 1018 2501 elisi
1056 2453 1199 2507 sunt,
1245 2446 1375 2499 etin
1419 2456 1643 2497 mortem
1667 2443 2017 2513 quamplures

430 2516 538 2571 ictu
571 2519 815 2572 muliebri
849 2518 1096 2587 prostrati
1133 2534 1144 2568 :
1175 2526 1228 2571 et
1264 2517 1443 2571 invicti
1480 2516 1746 2587 exercitus
1777 2515 1901 2587 vino
1922 2513 2020 2587 do-

429 2589 672 2643 minante
698 2585 946 2644 exstincti
974 2596 1117 2654 sunt,
1146 2597 1201 2643 ct
1229 2587 1644 2656 servitutisjugo
1670 2585 1909 2656 subacti.
1931 2585 2020 2638 ln-

426 2661 791 2731 numerabiles
813 2662 996 2731 jugum
1013 2660 1390 2714 dominationis
1410 2659 1498 2712 diu
1518 2655 1845 2731 recusantes,
1865 2655 2018 2731 vino-

426 2729 593 2802 lentia
644 2732 697 2786 in
738 2727 970 2787 alienum
1022 2731 1226 2802 redegit
1278 2731 1577 2784 arbitrium.
1621 2727 2017 2802 Consuetudine

425 2801 536 2872 vini
564 2804 903 2872 quamplures
934 2805 984 2857 in
1008 2800 1266 2857 insaniam
1296 2811 1422 2858 sunt
1442 2800 1715 2864 conversi;
1740 2815 1803 2854 ac
1820 2800 2017 2872 mentis

428 2870 655 2929 durante
690 2870 895 2930 insania
934 2874 1002 2929 ab
1053 2875 1282 2929 humana
1322 2872 1735 2930 conversatione
1754 2870 2008 2941 sejuncti,

846 186 1209 297 APPENDIX.
1269 236 1645 297 ADMONITIO
1682 236 1752 295 IN
1788 236 2047 296 LIBRUM
2084 237 2177 297 DE
2215 236 2409 297 VERA
2448 237 2538 297 ET
2575 239 2802 299 FALSA
2829 239 3308 302 PGINITENTIA.

3596 246 3741 305 1113

2130 379 2304 457 ferino
2331 388 2457 457 sunt
2483 380 2799 454 plerumque
2821 384 2983 440 dente
3011 385 3334 457 consumpti.
3364 384 3727 457 Quamplures

2128 454 2237 528 vini
2254 453 2636 509 immoderatus
2661 453 2913 528 excessus
2941 472 3006 511 ex
3033 453 3287 512 divitibus
3310 453 3574 528 pauperes
3595 461 3723 514 red-

2129 523 2265 600 didit
2304 532 2381 600 et_
2412 539 2632 600 egenos.
2688 526 3165 600 lnlinitinumero,
3213 523 3339 582 vino
3388 523 3726 600 impellente,

2130 594 2328 672 injusta
2367 594 2648 672 impieque
2689 597 2969 652 homicidia
2992 600 3397 655 commiserunt.
3423 594 3726 672 Quamplu;

2129 665 2281 720 rima:
2308 666 2467 721 urbes
2489 666 2577 720 diu
2600 668 2854 735 obsessae,
2886 684 2985 724 nec
3004 680 3208 738 captae;
3238 665 3552 727 custodibus
3578 665 3727 728 som-

2130 751 2201 810 no
2231 738 2465 810 vinoque
2508 739 2764 806 sepultis,
2807 740 2874 793 ab
2924 740 3165 794 hostibus
3194 742 3473 810 patefacta:
3518 755 3645 798 sunt
3673 755 3728 800 et

2130 807 2394 882 incendiis
2417 819 2793 882 concremata.
2824 811 2960 865 Sunt
2983 807 3324 882 quoque'alia
3356 816 3521 869 multa
3552 815 3734 871 nefan-

2128 877 2196 951 da
2230 891 2285 934 et
2309 882 2606 951 innumera,
2662 881 2855 951 quibus
2886 877 3301 951 per'ebrietatis
3322 885 3450 939 vitia
3494 889 3727 943 mundus

2127 949 2229 1005 iste
2266 951 2466 1006 dudum
2505 949 2810 1021 frequenter
2841 949 2925 1007 est
2959 962 3199 1019 vexatus,
3219 965 3273 1009 et
3296 970 3438 1010 nunc
3467 969 3727 1013 vexatur:

2128 1036 2354 1089 quarum
2395 1038 2574 1077 rerum
2611 1023 2656 1076 si
2684 1022 2753 1078 de
2786 1022 3070 1078 dominicis
3089 1026 3174 1080 vel
3200 1027 3550 1083 smeularibus
3580 1030 3728 1084 libris

2127 1093 2320 1148 vellem
2362 1094 2440 1177 ad
2481 1093 2689 1177 singula
2728 1096 2970 1177 exempla
3018 1111 3387 1177 personasque
3399 1114 3562 1177 ,_per
3598 1114 3729 1177 quas

2128 1174 2424 1240 resgestze
2461 1172 2605 1240 sunt,
2646 1164 2906 1235 proferre,
2944 1164 3235 1223 enormitas
3270 1164 3391 1223 libri
3430 1164 3727 1240 legentibus

2126 1234 2397 1291 fastidium
2425 1234 2660 1291 afferret;

2198 1306 2306 1388 Nos
2337 1316 2513 1389 tamen
2540 1309 2593 1361 in
2629 1307 2734 1363 hoc
2766 1322 2930 1379 opere
2951 1318 3237 1434 propterea
3264 1309 3639 1365 sacerdmibus
3674 1320 3728 1367 et

2198 1387 2304 1431 illis
2332 1381 2780 1434 vnuoerationem
2810 1381 2947 1433 simu
3006 1390 3061 1434 et
3096 1381 3481 1434 admonitionis
3514 1383 3722 1434 initium

2126 1375 2304 1432 levitis
2332 1378 2780 1448 vituperationem
2805 1375 2973 1434 simul
3006 1375 3074 1435 et'
3096 1381 3481 1436 admonitionis
3514 1383 3722 1437 initium

2127 1450 2564 1522 iecimuspneiab
2594 1451 2693 1522 hac
2715 1451 3003 1506 infectione
3024 1494 3039 1517 ,
3064 1467 3169 1522 qua
3196 1462 3419 1506 cunctos
3445 1453 3570 1507 huic
3598 1455 3723 1508 vitio

2127 1518 2342 1591 deditos
2362 1520 2429 1575 de
2455 1521 2719 1576 dominica
2745 1518 3503 1591 eorreptione'conl'uodimus,
3530 1525 3724 1577 immu—

2126 1605 2223 1645 nes
2250 1590 2384 1644 lorte
2408 1592 2631 1647 clericos
2650 1603 2740 1647 aut
2759 1593 2853 1647 Dei
2878 1590 3151 1650 ministros
3176 1594 3351 1649 facere
3371 1596 3682 1649 videremur
3707 1615 3721 1651 :

2126 1661 2319 1734 quibus
2346 1665 2513 1732 magis
2535 1665 2803 1729 convenit,
2829 1666 2997 1733 utqui
3023 1667 3275 1734 populum
3302 1681 3331 1719 a
3358 1666 3586 1720 diversis
3608 1667 3723 1721 cul-

2125 1734 2219 1805 pis
2238 1733 2509 1789 abstinere
2536 1734 2749 1796 docent.
2771 1751 2837 1787 ne
2861 1736 2912 1788 in
2939 1733 3156 1805 aliquod
3177 1738 3360 1790 vitium
3386 1749 3479 1791 aut
3503 1738 3719 1804 culpam

2126 1803 2355 1876 cadant,
2387 1814 2542 1859 cauta
2584 1806 2961 1860 observatione
3006 1803 3329 1875 procurent,
3358 1817 3411 1861 et
3461 1823 3555 1861 eos
3580 1803 3721 1876 justa

2126 1875 2491 1944 increpatione
2520 1878 2808 1946 Apostolus
2832 1877 3075 1947 objurgct
3095 1880 3279 1933 dicens
3302 1920 3317 1944 ,
3351 1876 3604 1932 ιΕδιὶπιαε
3630 1895 3722 1930 au-

2125 1954 2256 2013 tent,
2285 1964 2314 2000 o
2344 1948 2493 2020 homo
2515 1987 2530 2011 ,
2553 1949 2861 2020 qutjudicas
2900 1965 2984 2020 eos
3013 1950 3099 2018 qui
3126 1952 3248 2002 talia
3273 1957 3431 2020 agunt
3459 1992 3473 2009 ,
3504 1959 3554 2002 et
3593 1950 3721 2018 facis

2126 2034 2203 2082 ea,
2233 2019 2472 2087 quoniam
2498 2028 2551 2071 tu
2573 2018 2783 2087 effugies
2803 2019 3061 2089 judicium
3092 2020 3228 2073 Dei?
3250 2018 3413 2073 Item:
3440 2020 3542 2087 Qui
3561 2020 3719 2072 alium

2126 2088 2294 2153 doces,
2326 2098 2372 2142 te
2398 2091 2566 2159 ipsum
2593 2106 2692 2142 non
2719 2088 2889 2153 doces;
2918 2091 3005 2159 qni
3025 2092 3332 2144 abominaris
3352 2090 3490 2143 idola
3510 2131 3525 2154 ,
3558 2092 3720 2143 sacri-

2126 2159 2308 2232 legium
2335 2160 2464 2228 facis
2494 2158 2672 2229 (Rom.
2704 2177 2760 2226 ιι,
2794 2161 2848 2227 3,
2878 2158 2939 2214 2i
2960 2172 3007 2213 et
3034 2160 3144 2232 22)
3171 2180 3182 2214 :
3208 2171 3262 2216 et
3284 2173 3497 2225 czetera,
3527 2162 3718 2231 quibus

2125 2230 2299 2299 arguit
2323 2247 2415 2284 eos
2439 2234 2527 2299 qui
2555 2248 2583 2283 a
2610 2232 2751 2284 vitiis
2776 2274 2791 2295 ,
2819 2232 3013 2301 quibus
3039 2230 3356 2301 prohibent,
3386 2232 3485 2301 ipsi
3522 2230 3582 2285 se
3609 2247 3717 2286 non

2124 2301 2427 2373 abstinent;
2449 2313 2501 2355 et
2527 2303 2577 2354 in
2607 2317 2714 2370 quo
2735 2303 2869 2356 alios
2885 2303 3125 2370 judicant
3148 2346 3162 2369 ,
3190 2320 3249 2358 se
3275 2306 3419 2373 ipsos
3457 2304 3717 2355 condem-

2125 2382 2271 2425 nant.
2304 2372 2479 2437 Quare
2504 2374 2751 2426 omnibus
2778 2375 2984 2427 clericis
3014 2383 3067 2427 et
3093 2375 3241 2428 laicis
3270 2376 3319 2427 in
3340 2374 3589 2427 diversis
3622 2374 3716 2427 hu-

2123 2443 2363 2511 jusmodi
2386 2443 2733 2512 dignitatibus
2751 2446 3051 2498 constitutis
3073 2445 3213 2499 hunc
3232 2444 3462 2499 libellum
3479 2445 3718 2513 frequen-

2125 2513 2228 2567 tius
2271 2514 2618 2567 lectitaudum
2654 2516 3063 2570 suademusnit
3113 2532 3232 2570 cum
3278 2517 3517 2571 moribus
3565 2515 3718 2568 bonis

2124 2594 2178 2639 et
2220 2583 2507 2639 sobrietate
2551 2587 2659 2639 Deo
2681 2597 2864 2655 gratus
2888 2587 3006 2656 quis
3042 2588 3361 2655 profecerit,
3413 2587 3480 2641 de
3533 2601 3715 2640 corre-

2124 2656 2312 2725 ptione
2334 2667 2513 2710 nostra
2550 2657 2606 2710 in
2635 2658 2861 2711 Domino
2899 2658 3008 2711 Deo
3032 2658 3183 2713 laetus
3206 2673 3417 2727 semper
3437 2658 3674 2712 exsultet.
3697 2696 3713 2722 ,

2122 2741 2287 2798 agens
2346 2727 2456 2782 Deo
2503 2728 2702 2797 gratias
2752 2744 2847 2798 per
2898 2729 3182 2783 Dominum
3236 2737 3480 2783 nostrum
3533 2728 3713 2782 Jesum

2122 2796 2400 2924 ﬁbristum
2429 2840 2445 2867 ,
2477 2796 2564 2854 cui
2588 2796 2765 2855 honor
2787 2808 2843 2855 et
2868 2800 3036 2871 gloria
3060 2802 3115 2856 in
3139 2800 3334 2856 saecula
3369 2800 3708 2854 szeeulorum.

2177 2883 2321 2924 men.

2177 2883 2321 2925 men.

871 3091 1329 3156 ADMONITIO
1372 3093 1456 3155 IN
1503 3092 1808 3155 LIBRUM
1849 3092 1955 3154 DE
1997 3092 2219 3156 VERA
2259 3095 2363 3156 ET
2407 3092 2670 3155 FALSA
2708 3092 3264 3157 POENITENTIA.

493 3227 658 3282 Totus
703 3228 816 3285 fere
865 3228 954 3285 hic
1008 3230 1142 3285 liber
1182 3244 1304 3285 cum
1342 3228 1558 3284 nomine
1606 3226 1888 3298 Augustini
1934 3226 1990 3281 in
2042 3228 2267 3283 Decreta
2316 3241 2414 3299 per
2457 3226 2882 3293 Gratianum,et
2920 3229 2973 3281 in
3008 3226 3314 3283 Sententias
3342 3242 3438 3297 per
3488 3227 3706 3283 Petrum

420 3319 782 3377 Lombardum
826 3322 1113 3378 translatus
1149 3332 1249 3378 est.
1283 3322 1543 3378 Eumdem
1572 3330 1758 3391 postea
1779 3320 2015 3376 citarunt
2058 3330 2111 3377 et
2154 3322 2454 3392 Augustino
2485 3322 2786 3378 tribuerunt
2828 3323 3017 3379 Petrus
3062 3324 3331 3379 Blesensis
3370 3323 3423 3377 in
3469 3321 3623 3377 libris
3656 3320 3721 3376 de

422 3413 774 3473 Confessione
811 3432 874 3473 ac
907 3417 973 3473 de
999 3416 1350 3485 Poenitentia,
1384 3415 1697 3472 Vincentius
1725 3414 2116 3470 Bellovacensis
2143 3415 2196 3469 in
2226 3415 2457 3485 Speculo
2489 3415 2720 3484 morali,
2745 3416 2839 3471 lib.
2869 3418 2903 3471 5
2923 3460 2938 3483 ,
2967 3425 3118 3487 parte
3146 3418 3213 3472 10
3236 3460 3251 3485 ,
3280 3416 3408 3472 dist.
3440 3416 3545 3481 12;
3575 3415 3719 3471 Tho-

419 3525 539 3566 mas
564 3512 802 3582 Aquinas
834 3511 885 3566 in
909 3511 1124 3567 Summa
1159 3510 1458 3581 theologica
1478 3549 1493 3574 ,
1518 3518 1572 3562 et
1596 3507 1685 3562 alii
1714 3507 1987 3577 deinceps.
2012 3505 2419 3577 Supposititium
2453 3516 2629 3563 tamen
2655 3507 2829 3563 credit
2855 3509 3179 3564 Tritbemius
3207 3509 3301 3563 lib.
3330 3508 3399 3563 de
3425 3507 3721 3577 Scriptori-

420 3603 523 3659 bus
560 3604 934 3660 ecclesiasticis
960 3647 975 3672 ,
1006 3604 1244 3675 quoniam
1273 3643 1290 3671 ,
1320 3602 1396 3657 ait
1420 3642 1438 3669 ,
1466 3601 1632 3671 capite
1657 3601 1723 3655 17
1759 3599 2073 3672 Augustinus
2101 3600 2208 3671 ipse
2234 3600 2507 3672 allegatnr.
2539 3601 2813 3655 Reclamat
2844 3600 3100 3657 Martinus
3141 3601 3409 3656 Navarrus
3432 3643 3447 3665 ,
3478 3610 3612 3656 tom.
3640 3600 3676 3655 2
3703 3643 3718 3667 ,

420 3698 725 3754 Comment.
755 3698 809 3753 in
841 3698 964 3753 dist.
998 3698 1031 3752 5
1056 3697 1123 3752 de
1152 3696 1473 3752 Ptenitentia
1494 3737 1510 3762 ,
1543 3702 1600 3749 et
1627 3694 1756 3749 dicit
1784 3692 2196 3749 existimandum
2228 3695 2402 3764 potius
2422 3737 2437 3762 ,
2462 3694 2604 3749 illam
2634 3702 2840 3764 partem
2868 3734 2885 3761 ,
2907 3710 3009 3767 qua
3036 3695 3229 3751 citatur
3252 3695 3581 3764 Augustinus
3608 3737 3625 3762 ,
3656 3709 3722 3749 ex

422 3794 773 3849 annotatione
798 3794 896 3849 viri
923 3793 1145 3863 alicujus
1170 3792 1315 3849 docti
1349 3791 1417 3847 ad
1446 3792 1741 3863 marginem
1772 3792 2045 3863 adscripta
2066 3833 2082 3857 ,
2110 3794 2369 3865 migrasse
2397 3794 2450 3848 in
2480 3803 2712 3859 textum,
2736 3811 2894 3864 quam
2934 3805 3215 3868 propterea
3248 3799 3550 3868 negandum
3604 3811 3722 3854 esse

420 3888 702 3959 Augustini
732 3888 923 3943 librum
955 3888 1237 3957 Optimum,
1264 3895 1345 3942 tot
1363 3886 1575 3942 saeculis
1594 3887 1643 3941 ei
1672 3887 1948 3942 tributum.
1978 3887 2205 3943 Navarri
2231 3889 2597 3958 conjecturam
2622 3889 2809 3961 juvant
2836 3889 2954 3947 libri
2983 3901 3194 3948 veteres
3217 3908 3313 3964 per
3342 3910 3439 3949 nos
3467 3894 3717 3964 inspecti,

421 3981 516 4051 qui
546 3997 612 4036 eo
634 3982 738 4036 loci
762 3996 961 4035 nomen
986 3981 1173 4035 saltem
1197 3980 1477 4051 Augustini
1502 3988 1825 4049 praetereunt
1850 3998 1864 4034 :
1893 3980 1987 4036 sed
2016 3980 2144 4036 illud
2170 3989 2348 4036 tamen
2380 3992 2434 4036 et
2465 3983 2699 4053 postulat
2726 3998 2919 4041 sensus
2938 4024 2953 4050 ,
2977 3994 3031 4040 et
3053 3986 3182 4053 legit
3206 3987 3381 4056 reipsa
3410 3986 3718 4043 Gratianus.

421 4072 620 4129 Verum
642 4115 658 4140 ,
689 4073 757 4128 de
778 4072 880 4128 hoc
920 4072 1041 4128 loco
1079 4072 1335 4142 quidquid
1363 4071 1576 4127 tandem
1600 4081 1816 4143 putetur
1839 4115 1854 4142 ,
1878 4073 1980 4128 alia
2021 4074 2257 4145 undique
2294 4084 2583 4144 suppetunt
2610 4086 2920 4147 argumenta
2945 4118 2961 4143 ,
2994 4093 3112 4149 quae
3138 4079 3413 4134 clamitant
3454 4080 3556 4135 hoc
3584 4095 3716 4151 opus

420 4182 531 4222 non
561 4179 681 4221 esse
707 4164 1007 4236 Augustini.
1038 4163 1294 4231 Quzcdam
1324 4164 1380 4219 in
1408 4163 1605 4219 Critico
1634 4165 2022 4236 Augustiniano
2043 4166 2256 4236 collegit
2284 4166 2588 4223 Bernardus
2616 4168 2907 4239 Vindingus
2930 4212 2946 4237 ,
2972 4178 3021 4225 et
3046 4171 3301 4225 adversus
3339 4173 3642 4241 quemdam,
3668 4181 3725 4228 ut

420 4262 527 4328 ait,
566 4266 811 4313 recentem
837 4300 851 4323 ,
881 4273 970 4310 nec
993 4255 1186 4309 malum
1210 4257 1403 4328 alioqui
1429 4257 1717 4328 theologum
1737 4299 1751 4322 ,
1780 4258 1865 4328 qui
1887 4258 2004 4312 stilo
2035 4267 2080 4313 et
2106 4260 2336 4313 doctrina
2365 4269 2522 4313 totunt
2557 4260 2982 4332 Angustinianum
3009 4280 3136 4330 esse,
3164 4265 3390 4335 adeoque
3426 4267 3582 4321 stulte
3624 4269 3722 4339 ips;

421 4356 515 4409 hoc
538 4362 773 4424 negatum
799 4353 860 4407 ab
886 4350 1102 4405 Erasmo
1126 4359 1172 4405 et
1193 4350 1309 4404 aliis
1338 4348 1625 4405 doctoribus
1646 4349 2025 4416 contendebat,
2058 4350 2303 4422 opposuit
2336 4368 2349 4404 :
2374 4353 2576 4408 scilicet
2603 4354 2822 4423 phrases
2847 4356 2917 4410 ab
2942 4356 3240 4427 Augustino
3264 4358 3468 4413 alienas
3488 4374 3608 4428 cap.
3637 4360 3670 4414 5
3700 4374 3715 4412 :

422 4448 669 4506 Naaman
712 4465 801 4518 per
825 4464 1011 4519 aquam
1040 4446 1261 4519 perdidit
1286 4446 1502 4514 lepram.
1533 4442 1665 4514 Cap.
1691 4444 1727 4499 4
1760 4460 1773 4497 :
1808 4443 1996 4500 Petrus
2024 4444 2303 4499 Dominum
2330 4447 2523 4517 negavit
2548 4488 2562 4511 ,
2590 4458 2636 4501 et
2661 4464 2691 4500 a
2717 4464 2771 4501 se
2816 4452 3002 4503 amicos
3031 4449 3218 4503 Christi
3252 4454 3720 4506 excommunicauit.

420 4541 624 4598 Eodem
649 4555 768 4611 cap.
800 4541 855 4606 4,
878 4548 933 4595 ct
959 4539 1013 4607 6,
1041 4554 1105 4595 ac
1130 4538 1162 4592 7
1188 4556 1201 4594 :
1236 4536 1450 4591 Plenam
1488 4537 1796 4607 promittere.
1824 4535 1955 4607 Cap.
1985 4535 2019 4591 9
2052 4553 2066 4591 :
2097 4536 2179 4589 Ad
2220 4536 2383 4591 Deum
2424 4540 2645 4593 anxiari.
2680 4538 2879 4594 lbidetn
2913 4558 2926 4594 :
2957 4540 3164 4596 Meliori
3192 4558 3345 4613 quam
3371 4554 3534 4612 potest
3563 4545 3724 4613 conli-

422 4644 605 4691 teatur.
636 4632 769 4705 Cap.
803 4635 867 4689 17
901 4648 919 4687 :
949 4632 1162 4704 Oportet
1189 4641 1505 4703 peccatorem
1534 4641 1589 4686 ut
1613 4633 1667 4686 in
1694 4632 1987 4704 paenitentia
2012 4632 2301 4703 fructiﬁcet.
2336 4632 2395 4687 In
2425 4632 2716 4702 Scripturis
2755 4634 3081 4703 exponendis
3110 4645 3382 4692 auctorem
3411 4652 3589 4707 neque
3618 4641 3749 4721 An-q

422 4728 623 4799 gustini
652 4726 926 4783 solertiam
949 4727 1147 4782 habere
1175 4724 1430 4789 ostendit,
1462 4740 1634 4795 neque
1660 4740 1782 4780 cum
1812 4724 1905 4779 illo
1932 4724 2365 4780 consensionem.
2397 4724 2530 4780 Nam
2554 4739 2672 4795 cap.
2697 4726 2730 4780 5
2756 4744 2769 4779 :
2797 4726 2947 4793 Quod
2973 4726 3203 4783 omnibus
3221 4770 3235 4795 ,
3264 4728 3357 4794 ait,
3394 4731 3629 4799 promisit
3650 4733 3724 4784 in-

422 4818 753 4890 dulgentiam,
783 4818 897 4872 aliis
923 4818 1337 4889 promissionibus
1359 4816 1583 4871 declarat
1608 4832 1625 4867 :
1645 4834 1663 4867 ι
1697 4815 1796 4883 Qui
1811 4833 1890 4870 me
1908 4820 2166 4886 confessus
2191 4816 2342 4886 fuerit
2371 4832 2542 4870 coram
2572 4816 2907 4884 hominibus,»
2942 4817 2997 4871 id
3022 4828 3114 4886 est,
3141 4819 3302 4873 omnis
3330 4831 3722 4889 quantumcum-

421 4930 518 4985 que
542 4922 589 4968 et
618 4915 1023 4985 quotiescumque
1067 4921 1299 4983 peccator
1322 4951 1337 4976 ,
1367 4911 1729 4981 cujuscumque
1768 4910 1980 4976 ordinis,
2006 4910 2201 4965 etiamsi
2225 4910 2375 4979 fuerit
2402 4909 2660 4974 sacerdos;
2695 4910 2996 4979 «conﬁtebor
3022 4920 3070 4965 el
3091 4927 3181 4982 ego
3210 4928 3325 4966 eum
3352 4928 3526 4966 coram
3567 4911 3726 4966 Patre

426 5023 593 5061 meo.)
621 5006 753 5077 Cap.
786 5006 819 5060 9
851 5023 863 5059 :
897 5004 1084 5059 Totum
1107 5004 1358 5058 hominem
1380 5002 1573 5056 sanavit
1597 5002 1649 5055 in
1673 5001 1899 5069 sabbato,
1925 5003 2043 5073 quia
2066 5012 2112 5056 et
2140 5018 2323 5072 corpus
2346 5001 2408 5055 ab
2432 5002 2725 5070 infirmitate
2750 5012 2796 5056 et
2822 5004 3043 5057 animam
3069 5004 3133 5058 ab
3159 5005 3297 5058 omni
3333 5007 3638 5075 contagione
3662 5006 3727 5060 li-

423 5099 630 5153 beravit.
680 5098 810 5169 Cap.
862 5098 925 5152 11
955 5112 975 5152 :
1005 5095 1072 5151 In
1097 5095 1251 5150 Petro
1273 5104 1318 5149 et
1337 5092 1541 5149 Joanne
1568 5107 1614 5148 et
1641 5093 1833 5148 Iacobo
1864 5103 1910 5148 et
1941 5103 2083 5164 patre
2102 5103 2148 5149 et
2168 5104 2326 5148 matre
2353 5094 2535 5165 puella:
2580 5093 2598 5165 (
2622 5093 2747 5147 Luc.
2777 5110 2867 5148 vin
2887 5137 2900 5162 ,
2951 5095 3043 5165 51)
3074 5096 3355 5167 ﬁguraliter
3408 5098 3728 5153 continentur

424 5189 707 5245 sacerdotes
745 5188 1007 5243 Ecclesiae.
1039 5188 1315 5261 Lacrymis
1353 5188 1540 5242 matris
1581 5186 1754 5242 vidum
1784 5229 1799 5255 ,
1829 5186 2047 5241 Martha:
2090 5197 2143 5243 et
2167 5186 2345 5241 Mariae
2378 5200 2441 5239 ac
2469 5185 2636 5240 turbae
2660 5185 2966 5241 Judmornm
2993 5186 3257 5255 docemur,
3284 5188 3492 5259 inquit,
3528 5192 3729 5260 publice

424 5283 745 5356 peccantibus
790 5300 893 5337 non
938 5283 1203 5353 proprium
1228 5322 1242 5348 ,
1271 5282 1359 5335 sed
1398 5281 1643 5335 Ecclesia
1669 5279 1891 5350 stt/ﬁcere
1931 5281 2202 5345 meritum,
2229 5286 2334 5332 etc.
2382 5276 2511 5347 Cap.
2539 5278 2606 5333 14
2636 5294 2654 5333 :
2689 5278 2865 5334 Omnis
2909 5280 3008 5333 ista
3034 5281 3251 5335 varietas
3296 5281 3591 5350 conﬁtenda
3612 5291 3686 5335 est
3709 5323 3724 5347 ,

426 5376 472 5429 si
500 5377 719 5447 peccauit
742 5376 795 5429 in
819 5375 930 5429 loco
954 5391 1119 5442 sacro,
1150 5384 1237 5429 aut
1257 5374 1339 5427 cui
1370 5373 1538 5428 debuit
1566 5372 1916 5427 excellentiam
1942 5372 2079 5443 fidei,
2113 5380 2169 5426 ut
2196 5382 2313 5425 sunt
2351 5372 2529 5428 domus
2574 5372 2897 5427 dominorum
2940 5382 2987 5427 et
3006 5375 3229 5429 aliorum
3259 5376 3537 5429 multarunt
3559 5393 3580 5444 ;
3600 5377 3647 5432 si
3675 5378 3724 5431 in

428 5479 651 5539 tenipore
674 5469 891 5524 orationi
915 5470 1206 5533 constituto,
1237 5478 1324 5522 aut
1350 5469 1403 5522 in
1428 5467 1693 5535 festivitate
1718 5478 2031 5530 sanctorum,
2055 5475 2101 5521 et
2128 5468 2181 5521 in
2211 5477 2432 5537 tempore
2443 5468 2649 5541 jejunii,
2672 5475 2780 5523 etc.
2802 5467 2865 5523 Si
2889 5469 3001 5539 quis
3024 5469 3161 5523 cadit
3185 5471 3239 5525 in
3260 5471 3552 5538 avaritiam,
3571 5472 3721 5527 etiam

430 5562 715 5615 castitatem
744 5563 1033 5618 minoravit.
1064 5561 1356 5628 Praeterea,
1389 5561 1689 5617 insinuatur
1716 5568 1890 5632 capite
1916 5564 1948 5617 6
1977 5562 2175 5617 bonum
2205 5581 2470 5635 quemque
2500 5574 2625 5621 ante
2651 5564 2849 5621 Christi
2891 5564 3178 5621 adventum
3225 5562 3411 5619 inferis
3455 5561 3726 5617 detentum

432 5651 631 5719 fuisse,
685 5655 1015 5725 Augustino,
1069 5656 1162 5711 lib.
1217 5656 1302 5709 12·
1338 5654 1405 5710 de
1458 5653 1652 5710 Genesi
1702 5654 1769 5709 ad
1823 5654 2086 5722 litteram,
2136 5670 2290 5725 capp.
2349 5659 2417 5713 55
2474 5667 2526 5713 ct
2581 5658 2670 5723 54,
2718 5672 2780 5711 ea
2834 5657 2902 5711 de
2948 5671 3008 5711 re
3061 5656 3408 5711 dissentiente
3451 5664 3544 5709 aut
3588 5661 3729 5709 certe

433 5748 768 5817 ambigente;
815 5759 872 5807 et
899 5754 1267 5807 memorantur
1291 5746 1469 5821 capite
1492 5749 1526 5804 8
1555 5756 1673 5806 acta
1712 5748 1880 5807 sancti
1919 5747 2171 5819 Andrem,
2204 5750 2359 5821 longe
2401 5757 2522 5821 post
2552 5747 2903 5820 Augustinum
2935 5748 3228 5806 secundum
3260 5742 3497 5803 cruditas
3527 5730 3726 5817 vulgari

434 5845 628 5912 cmpuli
