4076 6370
321 361 466 421 1117
973 380 992 392 ο
1227 359 1428 417 LIBER
1463 359 1555 417 DE
1596 360 1782 417 VERA
1824 357 1912 414 ΕΤ

2023 359 2170 417 iLSA
2211 360 2688 419 ΡίΕΝΙΤΕΝΤΙΑ.
3467 369 3608 430 1118

321 485 416 541 tia.
449 485 647 540 Errant
687 488 884 536 autem.
928 477 1039 534 lmo
1078 487 1289 533 constat
1331 477 1379 530 ei
1423 483 1640 546 peccata
1683 475 1910 531 multum

319 558 646 628 displicere,
693 553 781 623 qui
811 567 1024 628 semper
1061 559 1258 620 przcsto
1285 557 1368 628 est
1406 563 1468 602 ea
1513 547 1809 628 destruere.
1853 547 1910 604 Si

322 619 466 684 eniin
499 642 561 683 ea
593 619 815 684 amaret,
843 619 948 676 non
982 621 1051 675 ita
1066 619 1290 687 semper
1315 619 1638 685 destrueret,
1667 619 1759 673 sed
1781 635 1914 674 con-

320 707 606 760 servaret,
633 706 791 765 atque
834 703 1013 765 utisua
1048 707 1264 765 munera
1297 690 1521 765 foveret.
1567 690 1790 765 Semper
1818 689 1916 765 de-

322 772 481 828 struit
514 761 726 838 peccata
751 782 869 834 quae
899 761 1136 838 invenit;
1171 779 1236 838 ne
1261 763 1496 838 solvatur
1521 761 1662 829 quod
1690 763 1911 838 creavit,

323 857 393 898 ne
442 832 816 908 corrumpatur
847 834 995 908 quod
1012 835 1254 908 (amavit.
1280 832 1538 908 ‘Sumunt‘
1577 833 1912 908 occasionem

326 912 621 984 hypocrita:
641 903 810 984 istiex
837 903 987 984 factis
1012 906 1236 984 Domini.
1265 905 1429 984 Quem
1455 903 1913 984 enim,_inquiut_it,

323 974 527 1039 ch-cum
565 981 647 1034 bis
691 979 1042 1033 illuminavit?
1071 992 1229 1047 quem
1271 976 1537 1047 leprosum
1586 975 1666 1047 bis
1694 974 1918 1027 munda-

327 1055 444 1107 vit?
473 1067 632 1123 quem
673 1062 938 1123 mortuum
987 1048 1066 1102 bis
1083 1044 1418 1123 :suscitavit?
1459 1045 1573 1098 Non
1621 1044 1914 1123 Lazarum,

324 1117 664 1196 quem-prius
686 1121 890 1196 dilexit,
929 1135 1048 1196 non
1073 1119 1239 1196 lilium
1269 1117 1462 1196 vidua},
1487 1132 1642 1196 quem
1671 1119 1918 1196 misertus

326 1188 483 1250 matri
520 1188 754 1248 restituit
787 1210 799 1245 :
831 1206 933 1244 non
979 1190 1144 1243 lilium
1189 1189 1560 1257 dissipatorem
1609 1189 1795 1256 legitur
1839 1188 1919 1242 bis

324 1267 626 1334 suscepisse
650 1307 664 1329 ,
695 1280 798 1316 non
830 1261 993 1315 filiam
1039 1260 1268 1334 Abrahte
1307 1260 1389 1334 bis
1415 1275 1444 1311 a
1475 1259 1737 1334 darmouio
1782 1258 1917 1312 lihe-

325 1330 499 1392 rasse.
529 1335 585 1390 lu
629 1335 773 1388 nulla
821 1348 1044 1403 persona
1087 1331 1296 1385 iteravit
1334 1330 1528 1403 factum
1551 1370 1565 1393 ,
1592 1330 1791 1403 docens
1812 1370 1826 1394 ,
1860 1337 1916 1403 ut

327 1411 495 1471 aiunt,
529 1421 635 1461 non
665 1400 860 1472 saipe’a
893 1403 1116 1457 Domino
1139 1403 1250 1456 licri
1274 1401 1588 1472 remedium.
1622 1401 1761 1454 Dixit
1783 1400 1920 1472 mut-7

326 1480 419 1545 tis,
459 1470 598 1531 Vade
621 1520 636 1542 ,
671 1470 774 1529 noli
812 1475 1032 1544 amplius
1058 1489 1292 1543 peccare,
1325 1489 1392 1545 pne
1420 1471 1540 1541 quid
1573 1472 1792 1524 deterius
1831 1470 1922 1523 tibi

267 1543 281 1598 ἴ
326 1543 588 1619 contingat
617 1547 812 1616 (Joan.
844 1543 932 1600 vni
954 1588 968 1614 ,
1005 1547 1062 1600 ll
1087 1544 1104 1615 )
1131 1561 1144 1597 :
1170 1543 1483 1613 promittens
1525 1558 1733 1612 pinnam
1755 1583 1770 1606 ,
1813 1556 1918 1595 non

324 1622 556 1690 amplius
580 1620 811 1690 veniam.

400 1681 489 1746 {2.
531 1689 682 1756 Quod
723 1696 898 1742 autem
931 1687 1122 1740 multos
1147 1699 1319 1738 caecos
1349 1681 1728 1756 illuminaverit
1755 1692 1809 1738 et
1835 1682 1920 1737 di-

327 1779 485 1816 verso
514 1755 774 1830 tempore,
798 1767 852 1813 et
872 1759 1068 1830 multos
1090 1755 1292 1811 debiles
1318 1755 1721 1830 contortavcrit,
1741 1765 1922 1830 osten-

327 1834 402 1888 dit
439 1836 488 1887 in
534 1823 758 1886 diversis
799 1830 904 1884 illis
941 1829 1126 1883 eadem
1168 1843 1308 1895 saepe
1347 1835 1558 1896 peceata
1597 1823 1824 1890 dimitti;
1866 1833 1923 1878 ut

327 1921 486 1973 quem
521 1906 664 1973 prius
690 1901 894 1954 sanavit
924 1901 1212 1973 leprosum,
1241 1897 1355 1973 alio"
1381 1907 1616 1973 tempore
1653 1896 1920 1949 illumina-

331 1967 410 2028 vit
457 1967 679 2028 caicum.
715 1973 838 2028 Ideo
874 1967 1015 2025 enim
1062 1980 1137 2022 tot
1177 1969 1381 2021 sanavit
1419 1967 1814 2030 febricitantes,
1844 1975 1923 2020 tot

326 2046 628 2116 languidos,
663 2052 740 2097 tot
767 2042 1006 2116 claudos,
1036 2055 1207 2096 caecos
1243 2039 1500 2116 etaritlos
1524 2037 1920 2116 ,_iie_tlesp_era—

328 2109 585 2185 rctvsaepe
615 2109 881 2184 peccator.
916 2113 1040 2166 Ideo
1082 2129 1185 2165 non
1215 2111 1462 2185 scribitur
1489 2109 1808 2185 aliquis__i_ii_si
1837 2124 1922 2163 se-

329 2189 435 2242 mel
461 2179 698 2249 curat-us,
722 2193 777 2238 ut
799 2185 979 2238 timeat
999 2185 1218 2253 quisque
1240 2181 1387 2253 jungi
1413 2191 1646 2253 peccato.
1671 2179 1922 2234 Videmus

329 2259 507 2313 adlme
536 2257 774 2327 quotidie
815 2257 865 2308 in
915 2251 1151 2307 Ecclesia
1185 2269 1326 2321 sa-pe
1357 2251 1749 2327 febricitantes,
1777 2265 1922 2327 saepe

331 2321 628 2400 languidos,
657 2343 798 2398 strpe
829 2327 1162 2395 passionihus
1196 2335 1379 2400 captos
1411 2337 1550 2400 stupe
1579 2321 1824 2400 liberari;
1867 2329 1924 2400 tit.

328 2391 584 2470 appareat
614 2391 767 2453 totie's
795 2391 930 2470 opus
971 2395 1269 2470 miserentis
1291 2435 1304 2458 ,
1337 2393 1543 2470 quoties
1573 2391 1838 2470 confessio
1867 2393 1923 2446 lit

327 2463 658 2542 pilinitentis.
693 2463 970 2542 Quomodo
999 2468 1140 2520 enim
1167 2481 1364 2533 corpus
1390 2463 1543 2542 quod
1563 2463 1717 2514 vilius
1737 2471 1919 2542 _e_st,Iet

335 2533 404 2597 al)
437 2544 553 2612 ipso
578 2533 909 2602 dissimilius,
941 2554 1080 2607 sa-pe
1102 2544 1350 2612 sanaret:
1379 2543 1431 2588 et
1459 2533 1923 2612 attijttatii__tliguio-

329 2629 446 2668 rem
459 2603 488 2645 ’ί
512 2623 565 2668 et
592 2613 941 2679 redemptam,
963 2603 1064 2663 non
1095 2609 1250 2679 toties
1277 2607 1520 2679 liberaret
1541 2604 1562 2657 ‘i
1585 2603 1840 2657 Medicum
1864 2619 1923 2658 se

329 2693 506 2748 vocat,
535 2692 589 2738 et
619 2699 721 2735 non
748 2676 909 2744 sanis,
937 2680 1026 2735 sed
1059 2680 1198 2734 male
1226 2676 1540 2748 habentibus
1565 2685 1920 2748 opportunum

270 2754 280 2759 ’
330 2745 545 2824 (Matth.
577 2770 633 2808 ix
659 2796 672 2817 ,
705 2751 816 2824 12).
858 2752 966 2824 Sed
1001 2752 1170 2820 qualis
1212 2756 1372 2824 esset
1395 2747 1478 2824 hic
1523 2747 1762 2824 medicus
1788 2788 1802 2810 ,
1831 2745 1922 2814 qui

329 2817 531 2880 malum
559 2817 804 2879 iteratum
827 2817 1056 2877 nesciret
1074 2836 1261 2875 curare
1282 2821 1304 2872 ?
1328 2817 1649 2872 Medicorum
1677 2817 1817 2870 enim
1839 2825 1924 2870 est

329 2898 534 2951 centies
559 2897 826 2950 infirmum
857 2894 1091 2952 visitare.
1122 2892 1324 2946 centies
1349 2903 1557 2943 curare.
1590 2888 1688 2952 Qui
1715 2889 1923 2941 caneris

330 2969 508 3021 minor
533 2977 698 3030 esset,
727 2966 769 3019 si
798 2965 917 3018 aliis
942 2963 1210 3032 possibilia
1240 2963 1525 3032 ignoraret.

405 3040 493 3094 l5.
537 3029 738 3093 Memor
763 3047 841 3091 est
864 3029 979 3094 sui,
1007 3029 1096 3104 qui
1118 3029 1381 3104 promisit,
1408 3029 1554 3104 ﬁala
1575 3036 1782 3081 mortem
1805 3043 1920 3104 pec-

333 3111 522 3164 catoris
542 3151 555 3170 ,
587 3109 674 3162 sed
703 3117 757 3161 ut
786 3098 1170 3160 conuertalur'et
1205 3105 1334 3156 vivat
1373 3099 1588 3166 (Ezeclt.
1613 3113 1774 3170 XVIII,
1805 3098 1916 3168 52).

329 3180 500 3247 Quem
534 3169 674 3236 enim
720 3173 1353 3248 peccatoremexcludit‘t
1381 3173 1445 3248 Et
1483 3169 1626 3248 quod
1665 3170 1922 3248 omnibus

327 3241 576 3322 promisit
605 3241 1003 3322 indulgentiam,
1033 3247 1149 3299 aliis
1181 3243 1619 3322 promissionibus
1646 3241 1917 3322 declarat:

333 3311 432 3387 Dui
461 3340 540 3376 me
563 3311 824 3393 coafessits
845 3320 994 3388 fuerit
1015 3311 1192 3393 coram
1213 3314 1514 3376 hominibus,
1545 3313 1594 3366 id
1619 3321 1720 3377 est,
1744 3311 1920 3393 omnis

327 3383 818 3466 quantumcumque
845 3383 909 3466 et
945 3388 1384 3466 quotiescumque
1432 3393 1708 3466 peccator,
1745 3383 1924 3466 cujus-

327 3453 560 3534 cumque
586 3453 807 3524 ordinis,
829 3453 1050 3534 etiamsi
1079 3459 1238 3534 fuerit
1261 3453 1510 3534 sacerdos
1512 3472 1544 3534 _;
1561 3453 1849 3534 ‘couli'tcbor
1876 3462 1922 3534 et

327 3552 420 3606 ego
459 3523 572 3589 eum
617 3523 973 3606 curatitPutre
1001 3528 1371 3606 nteo‘(.MattIt.
1408 3543 1440 3580 Χ
1466 3569 1480 3592 ,
1512 3527 1580 3606 ξῖέ
1673 3524 1804 3606 Nam
1835 3525 1922 3594 qui

326 3596 630 3660 invocaret-it
655 3621 836 3658 nomen
865 3602 1065 3654 bonum
1084 3641 1099 3666 ,
1130 3599 1181 3653 id
1212 3610 1314 3665 est,
1343 3600 1630 3652 secundum
1657 3596 1798 3666 quod
1830 3611 1924 3650 vo-

329 3689 489 3731 catur
520 3678 810 3740 Dominus,
853 3673 1045 3737 idest,
1089 3671 1179 3740 qui
1223 3670 1549 3740 invocavcrit
1589 3683 1709 3722 cum
1751 3666 1818 3722 ad
1853 3682 1922 3740 se

327 3749 636 3812 serviendo,
670 3757 721 3799 et
749 3738 851 3799 non
880 3738 1315 3804 contradicendo,
1345 3750 1400 3812 ut
1428 3739 1646 3794 forsitan
1675 3753 1827 3812 szrpe
1846 3738 1919 3792 fe-

328 3821 404 3873 cit
432 3837 445 3873 :
471 3810 654 3884 cumis,
689 3817 738 3871 id
768 3826 865 3879 est,
900 3817 1218 3884 quicumque
1242 3812 1312 3866 sit
1343 3811 1432 3866 illo
1459 3820 1722 3884 pet-calor,
1751 3810 1920 3884 sulcus

327 3893 424 3944 erit
455 3889 593 3963 (Joel
622 3879 690 3963 ti,
719 3887 844 3963 52).Δ
865 3879 1090 3963 omnem
1116 3879 1258 3963 cnim
1301 3884 1530 3963 animam
1561 3879 1918 3963 isleopromis-

326 3976 422 4015 sor
445 3953 700 4014 saturavit
725 3953 898 4021 bonis,
930 3957 1092 4012 etiam
1121 3955 1370 4009 sedentes
1393 3954 1442 4006 in
1474 3953 1704 4008 tenebris
1725 3960 1777 4004 ct
1803 3967 1920 4004 ιιιιι-

326 4032 425 4086 bra
473 4034 675 4094 mortis,
710 4031 905 4084 nullam
953 4028 1224 4096 excipiens
1267 4026 1527 4096 animam._
1560 4023 1916 4096 llnnemagi-

327 4112 500 4157 stram
531 4093 862 4158 intellexerat
888 4093 1178 4168 discipulus
1207 4097 1294 4151 ille
1318 4138 1332 4160 ,
1361 4095 1449 4164 qui
1490 4093 1794 4168 Corinthios
1824 4109 1918 4161 per

326 4174 598 4244 Epistolas
627 4189 752 4228 suas
789 4171 956 4225 voluit
991 4166 1258 4244 corrigere
1277 4177 1406 4244 _,__et‘_,
1445 4175 1500 4220 ut
1532 4166 1914 4244 iiisc_t_estalttr,

326 4237 412 4300 te'r
438 4246 489 4299 iu
521 4245 736 4299 Litteris
764 4244 877 4298 suis
898 4258 994 4295 eos
1016 4237 1248 4294 correxit
1269 4238 1332 4308 (ll
1362 4237 1478 4291 Cor.
1504 4251 1611 4298 xtn,
1648 4237 1722 4308 17).
1749 4237 1916 4308 Opor-

325 4318 478 4372 tebat
502 4318 642 4371 enim
674 4325 730 4369 ut
756 4316 962 4384 quoties
984 4313 1192 4367 videbat
1223 4306 1318 4365 cas
1341 4309 1550 4384 cadere,
1583 4307 1738 4384 toties
1766 4306 1918 4374 adju-

321 4397 479 4442 varet
505 4404 598 4442 eos
621 4378 855 4458 surge-re.
884 4386 1081 4438 Memor
1100 4384 1240 4437 enim
1268 4390 1381 4458 erat
1407 4380 1548 4458 illius
1574 4380 1659 4458 qui
1689 4378 1910 4440 dixerat,

327 4460 559 4525 Quorum
588 4449 877 4514 remiseritis
909 4465 1130 4523 peccata,
1156 4454 1476 4525 remittuntur
1504 4451 1573 4503 eis
1606 4449 1781 4525 (lauit.
1819 4464 1908 4509 xx,

323 4520 444 4600 g5).
480 4530 688 4585 Scimus
708 4539 882 4582 autem
909 4520 1108 4596 primos
1134 4533 1330 4593 patres,
1357 4531 1410 4576 ct
1431 4522 1481 4600 in
1509 4520 1916 4600 omnitempore

325 4588 623 4656 Ecclesiam
659 4601 747 4654 Dei
777 4588 988 4668 semper
1015 4588 1180 4665 usque
1206 4593 1507 4668 septuagics
1528 4590 1743 4658 Septies,
1772 4588 1912 4668 quod

321 4683 408 4727 est
437 4689 668 4740 semper,
697 4660 908 4740 peccata
951 4660 1238 4740 dimittere.
1268 4660 1448 4730 Quam
1491 4669 1808 4730 potestatem
1838 4660 1910 4714 illi

320 4745 394 4798 ab
426 4737 660 4798 Ecclesia
693 4737 782 4796 Dei
809 4750 1068 4794 eonanlttr
1095 4737 1322 4791 auferre.

399 4817 485 4870 Μ.
526 4815 751 4884 Oportet
777 4815 919 4867 enim
950 4809 1242 4884 Ecclesiam
1271 4803 1612 4884 sic_crctlct'e,
1641 4816 1912 4884 qurecon-

320 4887 504 4941 litt-tur
529 4874 588 4941 se
617 4900 759 4953 smpe
787 4900 1025 4953 peet'al'e.
1057 4881 1260 4950 Negant
1285 4877 1428 4932 enim
1464 4875 1739 4953 veritatmu
1772 4874 1822 4926 in
1854 4888 1912 4928 se

318 4959 560 5018 seductis
586 4943 724 5017 esse,
754 4943 839 5026 qui
865 4972 926 5026 se
956 4943 1162 5026 absque
1196 4959 1415 5026 peccato
1447 4945 1638 5026 audent
1665 4943 1864 5026 jactare
1893 4961 1906 4998 :

319 5029 389 5082 In
439 5015 608 5082 multis
643 5015 787 5082 enim.
813 5015 1118 5092 offendimus
1147 5015 1316 5076 omnes
1344 5017 1543 5089 (Jacobi
1575 5032 1650 5078 ιιι,
1683 5015 1739 5088 ‘2)
1765 5057 1780 5081 ,
1813 5030 1911 5070 nec

319 5100 498 5155 infans
526 5102 679 5153 unius
707 5099 809 5152 diei
845 5098 1043 5165 absque
1090 5103 1306 5162 peccato
1350 5105 1508 5165 super
1550 5097 1744 5165 terram
1790 5101 1909 5165 esse

315 5181 498 5244 potest
530 5171 661 5242 (Job
692 5185 824 5235 xxv,
857 5171 889 5223 4
911 5158 1319 5244 ).’ριιιιί)ι·οιιιθι-
1344 5159 1698 5244 eliminandus
1736 5166 1818 5212 est
1840 5158 1909 5244 ab

317 5229 563 5297 Ecclesia
598 5245 696 5296 iste
722 5229 1026 5309 crriir,'qui
1055 5229 1286 5309 unquam
1332 5229 1708 5309 paenitentibus
1751 5237 1906 5298 negat

316 5315 738 5384 indulgentiam.
756 5301 1039 5384 Nomenim
1072 5301 1282 5384 inquirit
1311 5301 1436 5384 quid
1463 5301 1750 5384 Apostolus
1775 5315 1900 5381 sen-

314 5389 449 5441 serit
473 5371 604 5454 ’ξιιυὶ
637 5383 805 5449 dixit,
840 5381 986 5434 Nihil
1011 5371 1399 5454 __milti'con_scius
1429 5371 1540 5454 sum
1563 5413 1576 5434 ,
1609 5372 1824 5451 seducit
1854 5371 1904 5425 iu

313 5460 413 5512 hoc
442 5445 751 5526 insit/iectus
780 5445 890 5507 sum
918 5453 958 5520 (Ι
995 5450 1112 5526 Cor.
1155 5465 1224 5510 IV,
1259 5449 1344 5517 4),
1377 5445 1612 5499 sentiens
1652 5445 1827 5526 etiam
1853 5451 1905 5526 et

306 5514 471 5599 justis
512 5514 724 5598 peccata
756 5514 932 5599 solere
963 5523 1270 5599 contingere
1295 5514 1439 5599 {non
1470 5530 1527 5599 se
1556 5514 1906 5599 continuabat

309 5583 524 5670 absque.
551 5607 789 5670 peccato,
819 5595 907 5665 qui
939 5610 994 5670 se
1024 5583 1662 5670 cogtmvitnindissolubili
1691 5583 1902 5670 vinculo

309 5659 594 5727 charitatis
623 5659 1231 5733 Cliristo'conjuncimu.
1265 5661 1374 5733 Nisi
1402 5659 1542 5733 enim
1572 5659 1732 5710 sciret
1758 5671 1900 5724 same

303 5741 579 5818 justus-ad
609 5741 820 5796 veniam
857 5729 1072 5799 venire;
1102 5731 1372 5804 quomodo
1398 5729 1662 5786 dubitaret
1692 5741 1750 5782 se
1778 5741 1902 5798 pec-

371 5897 395 5934 ²
419 5907 549 5958 ιω..
567 5894 783 5950 attritum
810 5895 960 5945 morte
979 5889 1176 5952 dianam
1197 5893 1260 5942 et.

2027 492 2170 542 care,
2194 479 2282 548 qui
2309 492 2368 532 se
2395 477 2596 533 sciebat
2614 477 2854 549 spiritum
2879 478 2978 536 Dei
2997 479 3214 549 habere,
3236 490 3290 540 et
3313 483 3609 542 intentione

2024 550 2370 628 mundissima
2401 549 2449 605 ei
2476 550 2712 628 servire;i
2740 549 2847 628 Cur
2874 551 3022 628 enim
3049 553 3303 628 Dominus
3342 558 3482 613 Petri
3512 573 3607 628 pe-

2024 621 2117 674 des
2148 622 2380 699 lavisset,
2412 630 2466 699 et
2495 621 2788 699 Ecelesiam
2826 622 2934 699 hoc
2971 623 3112 678 idem
3138 626 3403 699 docuisset
3428 621 3608 699 (Jo'an.

2027 694 2226 768 xm,_5,
2257 693 2347 768 15)
2369 693 2512 768 §_nisi
2543 695 2662 768 quia
2694 693 3008 768 quntidiana
3025 703 3108 750 est
3129 696 3374 765 offensio,
3398 693 3612 768 oportet

2023 763 2162 831 quod
2203 762 2508 832 quotidiana
2555 766 2622 818 sit
2669 765 2947 819 remissio?
2971 765 3078 819 Cur
3121 775 3300 822 autem
3339 762 3610 826 doc-uisset

2024 834 2136 902 ipse
2165 835 2421 888 Dominus
2449 845 2664 890 orantes
2691 836 2890 900 dicere,
2917 835 3124 893 Dimitte
3154 839 3296 892 nobis
3324 841 3488 894 debita
3513 859 3605 895 no-

2023 914 2130 959 stra
2161 906 2375 981 (Matth.
2413 904 2643 981 vn”);
2693 909 2792 981 nisi
2821 908 2932 978 ipse
2965 910 3266 964 misericors
3300 926 3615 981 persevera-

2024 986 2124 1038 ret,
2161 978 2249 1046 qui
2282 994 2378 1031 nos
2405 979 2470 1031 ab
2499 977 2597 1031 hac
2628 977 2881 1045 petitione
2913 995 3017 1033 non
3049 981 3158 1034 vult
3187 977 3462 1036 deiicere?

2096 1049 2180 1121 15.
2227 1048 2407 1121 Nullus
2448 1049 2623 1121 itaque
2653 1057 2856 1121 tantum
2890 1067 3116 1120 unquam
3157 1053 3324 1120 possit
3355 1068 3608 1121 peccare,

2023 1118 2162 1190 quod
2208 1120 2471 1187 pumileas
2518 1120 2646 1173 velit
2674 1121 2690 1150 ⁸
2712 1118 3012 1188 desperare.
3046 1118 3180 1190 Quid
3213 1118 3362 1177 enim
3377 1125 3518 1179 aliud
3533 1118 3614 1180 est

2023 1187 2341 1264 deSperare,
2371 1207 2526 1259 quam
2559 1192 2723 1264 Deum
2753 1187 2850 1264 sibi
2881 1187 3226 1262 comparare?
3252 1194 3383 1248 Nam
3429 1197 3515 1264 qui
3547 1197 3614 1251 de

2028 1261 2134 1314 Deo
2180 1276 2284 1314 non
2332 1263 2608 1336 praesumit.
2647 1262 2851 1336 veniam
2879 1305 2892 1326 ,
2939 1261 3042 1317 non
3082 1261 3458 1322 animadvertit
3493 1268 3614 1336 plus

2025 1342 2243 1401 peccato
2274 1347 2370 1385 suo
2415 1333 2504 1387 Dei
2537 1348 2690 1402 posse
2721 1333 3078 1404 clementiam.
3109 1336 3162 1389 Si
3205 1337 3344 1390 enim
3387 1333 3611 1394 sentiret

2027 1405 2190 1477 Deum
2224 1405 2388 1472 magis
2417 1405 2634 1477 bonum,
2658 1419 2814 1477 quam
2844 1420 2901 1459 se
2929 1405 3123 1458 malmn
3147 1425 3159 1468 ;
3193 1407 3443 1477 quidquid
3474 1410 3526 1462 in
3554 1424 3614 1464 sc

2019 1473 2238 1542 jllSlllltl)
2278 1490 2390 1550 non
2415 1475 2708 1550 inveniret,
2740 1492 2767 1527 a
2804 1476 2912 1550 Deo
2958 1478 3126 1550 magis
3153 1473 3294 1550 bono
3321 1473 3612 1550 exspecta-

2024 1557 2141 1599 ret:
2169 1555 2216 1599 et
2268 1545 2483 1614 quidem
2516 1545 2706 1599 diffidit
2727 1588 2739 1611 ,
2768 1547 2889 1616 quia
2937 1548 3128 1600 summi
3162 1548 3283 1601 boni
3317 1545 3610 1605 bonitatem

2025 1617 2280 1682 majorem
2323 1631 2415 1670 sua
2460 1618 2689 1686 nequitia
2723 1634 2825 1669 non
2861 1619 3037 1672 sentit.
3071 1619 3164 1671 Ille
3192 1619 3338 1672 solus
3369 1620 3608 1687 dil'lidat,

2024 1689 2110 1756 qtti
2141 1695 2340 1740 tantttm
2370 1703 2591 1757 peccare
2620 1697 2812 1756 potest,
2849 1697 3099 1757 quantum
3145 1689 3282 1743 Deus
3311 1691 3480 1744 bonus
3508 1701 3612 1745 est.

2024 1757 2156 1812 Cum
2188 1759 2257 1812 sit
2283 1768 2458 1812 autem
2491 1761 2666 1813 nullus
2691 1759 2780 1830 qui
2813 1759 2913 1811 hoc
2942 1761 3140 1828 possit;
3169 1761 3257 1830 qui
3290 1762 3442 1816 timet
3471 1762 3615 1817 dese

2025 1830 2188 1894 malo,
2223 1839 2508 1897 praesumat
2531 1830 2596 1884 de
2626 1829 2866 1884 meliore.
2908 1831 3157 1885 Diabolus
3185 1829 3328 1885 enim
3359 1839 3414 1886 et
3439 1834 3616 1888 omnis

2027 1902 2262 1969 nequitia
2320 1902 2495 1955 minor
2565 1911 2674 1965 est,
2725 1916 2881 1969 quam
2930 1902 3021 1954 Dei
3068 1903 3449 1956 misericordia.
3495 1903 3614 1972 Ipse

2025 1972 2166 2025 enim
2198 1973 2240 2025 si
2274 1983 2454 2040 posset
2480 1987 2716 2042 sperare,
2739 1981 2792 2025 et
2811 1973 3020 2040 culpam
3051 1973 3102 2026 in
3126 1989 3184 2027 se
3203 1973 3438 2039 St-ntire;
3472 1973 3614 2042 quod

2027 2058 2130 2095 non
2180 2043 2378 2098 invenit
2408 2044 2458 2098 in
2505 2058 2601 2107 se,
2647 2051 2883 2098 sumeret
2930 2044 2981 2096 in
3028 2044 3117 2098 Dei
3163 2048 3372 2112 pietate.
3425 2043 3615 2100 Adhuc

2026 2115 2114 2182 qui
2145 2114 2366 2180 diflidit,
2394 2124 2448 2169 ct
2474 2129 2623 2169 suam
2665 2115 2952 2183 nequitiam
3001 2116 3089 2168 Dei
3123 2116 3430 2184 benignitati
3457 2131 3609 2170 com-

2029 2194 2195 2252 parat.
2225 2187 2382 2239 linem
2415 2186 2636 2254 imponit
2667 2186 2756 2238 Dei
2782 2186 2999 2249 virtuti,
3030 2186 3161 2239 dans
3190 2186 3347 2240 linem
3381 2188 3609 2247 infinito,

2027 2265 2080 2308 et
2125 2257 2501 2325 perfectionem
2549 2256 2842 2309 divinitatis
2882 2256 3128 2310 auferens
3173 2257 3315 2323 Deo;
3348 2257 3434 2312 cui
3483 2256 3616 2312 nihil

2026 2326 2194 2392 deest,
2225 2327 2364 2396 qttod
2392 2328 2550 2381 etiam
2579 2327 2868 2396 excogitari
2899 2343 3002 2380 non
3032 2337 3226 2396 potest.

2101 2398 2184 2450 16.
2221 2399 2332 2451 Non
2366 2399 2540 2466 itaque
2562 2398 2766 2451 etiamsi
2798 2398 3048 2451 sacerdos
3077 2397 3396 2464 peccaverit,
3420 2397 3616 2467 despe-

2026 2482 2146 2539 rare
2171 2469 2328 2522 debet
2355 2470 2398 2532 ⁸,
2429 2469 2550 2521 licet
2596 2469 2855 2538 scriptum
2907 2470 3005 2532 sit,
3060 2469 3184 2535 Qui:
3227 2470 3388 2522 arabit
3436 2485 3528 2539 pro
3558 2485 3617 2523 eo

2028 2538 2072 2605 (Ι
2107 2538 2232 2608 Reg.
2265 2555 2324 2604 ll,
2346 2540 2486 2604 25')?
2518 2539 2649 2591 'l‘ota
2679 2553 2906 2607 namque
2947 2539 3188 2593 Ecclesia
3209 2581 3224 2604 ,
3279 2538 3442 2609 atque
3481 2541 3616 2593 alius

2027 2611 2276 2664 sacerdos
2296 2651 2310 2675 ,
2334 2619 2388 2663 et
2416 2609 2592 2663 omnis
2622 2616 2924 2662 sanctorum
2956 2610 3087 2664 ordo
3114 2610 3286 2663 orabit
3309 2625 3404 2678 pro
3430 2625 3496 2664 eo
3515 2651 3530 2674 ,
3561 2619 3618 2665 et

2026 2680 2141 2749 ipse
2185 2682 2432 2747 Christus
2469 2681 2558 2750 qui
2607 2696 2704 2750 pro
2755 2680 2906 2734 nobis
2947 2681 3104 2734 oll‘ert
3131 2696 3188 2735 se
3217 2681 3344 2734 Deo.
3378 2681 3480 2736 Sed
3515 2682 3616 2735 hoc

2027 2751 2468 2804 eonsideramlmn
2497 2761 2578 2803 est
2599 2751 2860 2804 sacerdoti
2885 2793 2898 2814 ,
2929 2766 2995 2804 ne
3026 2751 3178 2806 facile
3208 2751 3392 2814 cadat,
3441 2753 3524 2806 cui
3560 2753 3613 2806 in

2028 2822 2128 2875 hoc
2150 2824 2360 2892 gravior
2387 2830 2598 2874 notatur
2625 2835 2804 2888 poena.
2837 2821 2983 2875 Dicat.
3004 2823 3142 2892 apml
3169 2838 3246 2884 se,
3275 2823 3326 2876 Si
3359 2823 3508 2891 plebs
3533 2823 3614 2892 je-

2021 2893 2150 2962 juna
2184 2893 2330 2946 verbi
2367 2893 2460 2945 Dei
2509 2893 2838 2961 peccaverit,
2887 2895 3152 2961 oportebit
3182 2908 3267 2946 me
3315 2893 3454 2948 ferre
3497 2907 3616 2962 par-

2028 2973 2132 3018 tem
2162 2964 2443 3032 ponderis;
2471 2978 2575 3016 non
2597 2964 2805 3016 audebo
2833 2963 2904 3016 illi
2935 2965 3289 3032 importabilia
3313 2965 3609 3029 imponere,

2025 3045 2212 3089 et-non
2239 3034 2404 3102 digito
2431 3049 2492 3086 ea
2525 3033 2982 3104 movcchllatth.
3013 3051 3160 3097 xxnt,
3193 3034 3248 3104 4)
3273 3051 3288 3088 :
3317 3034 3408 3088 sed
3441 3047 3541 3104 ego
3568 3035 3613 3089 si

2029 3121 2352 3175 peccavero,
2383 3104 2505 3173 qttid
2530 3103 2716 3158 faciam
2747 3103 2770 3156 ?
2796 3104 2911 3158 Non
2939 3105 3016 3159 sic
3059 3104 3211 3166 facile
3230 3103 3494 3166 evadant,
3525 3120 3613 3159 me

2026 3177 2292 3245 Oportebit
2333 3178 2460 3229 flere
2489 3176 2778 3228 miseriam.
2822 3175 2934 3228 Non
2961 3175 3103 3229 cnim
3135 3186 3216 3228 est
3245 3176 3320 3228 sic
3351 3185 3608 3230 statutum

2025 3248 2091 3302 de
2119 3263 2204 3301 me
2223 3287 2238 3312 ,
2288 3247 2422 3301 sicut
2449 3246 2514 3300 de
2543 3246 2778 3315 subjecta
2829 3247 3004 3315 plebe.
3033 3247 3120 3301 Sic
3149 3245 3399 3302 sacerdos
3429 3246 3611 3301 timeat

2027 3333 2278 3388 peccare;
2302 3318 2393 3372 scd
2427 3318 2622 3386 magis,
2652 3317 2956 3385 desperare.

2096 3389 2323 3445 CAPUT
2343 3389 2426 3442 Vl.
2476 3390 2561 3442 I7.
2615 3389 2775 3441 Error
2821 3389 3226 3458 pra'sumeutium
3283 3388 3478 3442 veniam
3498 3387 3606 3442 sine

2027 3462 2335 3532 pmuitemiu.
2361 3461 2494 3515 Sunt
2523 3460 2609 3532 alii
2639 3457 2837 3514 inimici
2870 3457 3254 3532 desperationis
3276 3460 3318 3524 ³,
3355 3462 3446 3528 qui
3472 3458 3609 3532 adeo

2027 3529 2355 3603 pra-sumunt
2405 3541 2459 3587 et
2503 3531 2570 3585 de
2623 3532 2735 3603 Deo
2772 3530 3084 3603 confidunt,
3135 3534 3274 3602 quod
3323 3529 3607 3603 quattulam

2026 3601 2124 3658 Sibi
2175 3604 2440 3658 licentiam
2489 3601 2739 3674 peccandi
2779 3602 3093 3671 acquirunt,
3124 3601 3177 3658 et
3202 3605 3316 3658 sine
3345 3602 3609 3674 pmuitcn-

2028 3677 2095 3729 tia
2122 3683 2434 3746 exspectant
2463 3672 2668 3728 veniam
2696 3691 2707 3726 ε
2742 3674 3116 3746 ιιιιὶιιίιττριιιιιιι
3142 3675 3390 3746 quoniam
3441 3672 3598 3746 Chri-

2025 3747 2179 3800 stiani
2224 3744 2508 3808 vocantur,
2541 3762 2643 3798 non
2675 3760 2828 3814 posse
2856 3745 3096 3798 danmari
3116 3787 3129 3806 ,
3160 3745 3437 3799 adulantes
3465 3744 3604 3808 sibi,

2025 3819 2162 3887 quod
2190 3818 2445 3885 scriptum
2474 3827 2582 3877 est,
2619 3817 2795 3868 Omnis
2843 3817 3137 3883 quirinuth
3173 3817 3472 3869 invocat-(rit
3512 3830 3606 3868 uo-

2027 3905 2135 3942 meu
2173 3887 2376 3940 Domini
2398 3930 2410 3948 ,
2439 3891 2605 3940 salvus
2631 3888 2723 3941 erit
2751 3887 2904 3950 (ἄορι.
2929 3903 2984 3947 tt,
3016 3888 3126 3950 5'2).
3160 3887 3348 3940 l'utant
3375 3887 3517 3938 enim
3549 3899 3610 3940 se

2024 3975 2216 4016 nomen
2249 3959 2454 4014 Domini
2479 3959 2759 4019 invocare,
2793 3973 3039 4026 quoniam
3075 3968 3291 4026 po~sunt
3333 3957 3605 4012 Christum

2022 4031 2242 4085 crcdcrc
2261 4073 2275 4097 ,
2302 4041 2354 4086 ct
2379 4041 2708 4086 sacramenta
2739 4030 2792 4083 Iit
2812 4032 2984 4083 clesne
3012 4043 3223 4083 sumere
3249 4048 3258 4081 :
3287 4044 3392 4082 non
3418 4041 3608 4081 vereu-

2025 4111 2102 4156 lcs
2132 4103 2328 4156 multos
2353 4117 2470 4156 esse
2500 4114 2732 4163 vocatos,
2769 4113 2962 4170 p.mcos
2993 4116 3118 4155 vero
3163 4100 3363 4154 electos
3387 4097 3603 4166 (.llattlt.

2024 4190 2114 4236 xv,
2148 4175 2258 4240 16).
2295 4175 2482 4226 l'ttlattl
2524 4189 2663 4226 enim
2697 4187 2884 4226 outncs
2906 4174 3239 4227 tlltristianos
3269 4185 3465 4241 paucos
3487 4183 3608 4241 esse

2023 4250 2074 4298 in
2135 4239 2472 4299 multitndtnc
2515 4245 2761 4299 Gentium
2811 4254 2860 4298 ct
2900 4243 3204 4298 .luda‘orum
3244 4239 3456 4311 :‘quare
3499 4239 3601 4294 etsi

2021 4331 2208 4370 omues
2237 4317 2505 4370 salvcntnr
2527 4317 2834 4372 credentes.
2863 4332 3148 4384 paucorum
3184 4327 3358 4367 tamen
3387 4322 3466 4366 cst
3498 4311 3607 4365 elc-

2020 4387 2128 4441 ctio
2152 4387 2201 4440 in
2244 4398 2384 4440 tanta
2418 4388 2775 4440 multitudine.
2799 4387 2904 4440 Sed
2947 4390 2988 4438 si
3035 4389 3153 4454 quis
3181 4385 3606 4438 animadvertere

2021 4459 2278 4518 voluerit,
2312 4457 2565 4525 deceptos
2622 4459 2716 4510 hos
2745 4470 2862 4510 esse
2903 4471 3022 4510 cum
3055 4458 3283 4510 l‘lcclcsia
3311 4455 3599 4524 jndicahit,

2020 4529 2141 4582 ilt'Cl
2184 4529 2450 4582 conlidant
2475 4529 2524 4580 in
2551 4527 2747 4581 Christi
2782 4527 3164 4595 redemptione.
3204 4527 3387 4581 Dicunt
3417 4525 3558 4578 enim
3584 4564 3602 4587 ,

2018 4598 2155 4667 Quid
2212 4600 2486 4666 prodesset
2514 4599 2786 4652 Christum
2844 4601 3084 4662 venisse,
3134 4600 3175 4652 si
3224 4597 3344 4650 mali
3397 4605 3596 4648 tantunt

2018 4672 2155 4724 sicut
2192 4679 2316 4723 ante
2365 4670 2651 4723 advcnttmt
2699 4684 2850 4723 suum
2897 4670 3068 4722 adhuc.
3116 4670 3342 4737 perirent
3378 4667 3407 4737 ’ᾗ
3440 4667 3604 4718 Ante-

2017 4756 2174 4812 quam
2215 4740 2354 4794 enim
2397 4742 2547 4794 fieret
2591 4741 2728 4795 Deus
2763 4741 2955 4800 homo,
2992 4735 3127 4793 mali
3150 4747 3350 4812 tantum
3381 4735 3600 4812 damna:

2021 4806 2212 4866 bantur
2242 4831 2252 4864 :
2284 4822 2334 4866 et
2365 4812 2407 4867 si
2440 4813 2610 4865 adlme
2644 4812 2780 4865 idem
2820 4822 2989 4870 esset,
3045 4825 3165 4861 cum
3214 4808 3422 4861 venisse
3474 4806 3598 4874 quid

2019 4883 2294 4952 prodesset
2323 4884 2344 4937 ’ἒ
2377 4883 2594 4938 Multum
2615 4925 2628 4945 ,
2662 4899 2872 4952 mquam
2897 4901 2909 4935 z
2939 4897 3056 4934 nam
3090 4882 3263 4934 omnis
3288 4880 3597 4952 lionusantc

2017 4948 2302 5008 adventum
2337 4956 2540 5008 Domini
2587 4948 2762 5008 salvus
2807 4953 2971 5006 factus
2999 4961 3080 5004 est
3129 4965 3220 5018 per
3249 4951 3531 5002 adventum
3555 4948 3596 5002 ⁸.

2015 5026 2183 5080 Nemo
2211 5026 2351 5079 enim
2384 5025 2645 5079 infcrmuu
2697 5024 2873 5093 egredi
2927 5031 3136 5090 posset,
3188 5020 3284 5074 nisi
3329 5036 3356 5073 a
3386 5019 3600 5093 Christo

2017 5099 2364 5167 perveniente
2395 5097 2445 5150 in
2477 5112 2596 5150 cum
2621 5090 2828 5167 extrahi
2867 5095 3147 5167 meruisset
3175 5109 3186 5146 :
3215 5097 3384 5167 neque
3431 5090 3596 5167 facul-

2017 5161 2097 5223 ias
2128 5169 2262 5222 bene
2285 5161 2535 5236 operandi
2560 5177 2608 5220 ct
2632 5165 2846 5218 diabolo
2875 5163 3272 5236 contradicemli
3321 5171 3460 5216 tanta
3495 5161 3594 5215 Ito-

2013 5240 2246 5295 minibus
2273 5235 2500 5302 inesset,
2535 5237 2634 5291 nisi
2663 5237 2904 5290 Christus
2933 5244 3071 5289 tanta
3102 5235 3206 5303 pati
3238 5244 3289 5289 et
3317 5247 3598 5302 resurgere

2013 5312 2360 5366 decrevisset.
2397 5309 2456 5363 lli
2484 5323 2653 5378 neque
2695 5306 2978 5376 Apostolus
3005 5322 3175 5376 neque
3200 5307 3354 5378 verba
3388 5303 3596 5378 Domini

2012 5383 2332 5446 attendunt,
2380 5381 2467 5451 qui
2516 5375 2921 5451 furuit-alaribus
2970 5387 3023 5432 ct
3075 5376 3375 5431 criminosis
3416 5375 3600 5451 homi-

2011 5455 2168 5508 nibus
2207 5463 2312 5506 tam
2362 5447 2722 5520 multipliciter
2759 5458 2811 5504 et
2849 5451 3002 5520 toties
3047 5464 3232 5520 peritas
3261 5447 3596 5520 promittunt.

2083 5523 2307 5580 CAPUT
2361 5522 2473 5577 VII.
2519 5519 2617 5577 18.
2679 5521 2824 5586 Quod
2880 5519 3014 5576 Deus
3053 5519 3212 5573 malis
3231 5521 3364 5572 mula
3390 5519 3594 5573 reddat.

2013 5596 2201 5653 Adhuc
2229 5595 2439 5649 additur
2462 5594 2711 5664 iniquitas
2738 5593 2898 5663 priori
2925 5591 3218 5648 consimilis
3237 5633 3253 5659 ,
3286 5592 3414 5649 licet
3459 5606 3594 5647 cou-

2074 5691 2086 5721 ¹
2117 5695 2273 5746 Forte,
2300 5685 2486 5736 debeat.

2071 5753 2092 5783 ³
2122 5759 2246 5809 Mss.,
2269 5755 2440 5813 posset,

2073 5813 2238 5875 _'-.\tss.,
2265 5809 2372 5860 sunt
2396 5809 2481 5862 alii
2502 5809 2720 5875 immensi
2744 5816 3072 5875 desperantes,
3095 5820 3182 5868 aut

2071 5873 2095 5906 ι
2111 5875 2183 5928 sic
2197 5882 2304 5926 Mss.
2327 5882 2385 5925 At.
2408 5874 2546 5938 editi,
2566 5885 2655 5938 per
2687 5873 2952 5930 multum.
