4076 6370
327 323 475 386 “Ili

327 444 450 510 quia
498 441 672 496 omnis
692 439 860 495 virtus
881 435 1262 510 detrimentum
1309 436 1508 510 patitur
1527 436 1596 490 ab
1621 449 1728 510 uno
1757 434 1904 510 vitio.

327 506 458 570 Nam
488 513 532 566 si
559 513 680 582 quis
704 511 844 568 cadit
887 514 942 565 in
971 509 1264 571 avaritiam,
1309 507 1607 582 largitatem
1660 506 1886 582 destruit

327 593 383 640 et
406 578 706 639 castitatem
749 581 1052 636 minoravit.
1103 582 1298 633 Amore
1348 580 1490 633 enim
1535 578 1772 648 pecuniae
1819 593 1884 629 vc

327 656 552 710 violaret
603 655 933 716 castitatem,
992 651 1081 705 vel
1116 650 1304 704 saltem
1357 651 1536 704 minus
1585 657 1805 703 amaret.
1848 648 1904 702 Si

327 727 470 780 enim
498 734 719 794 propter
751 725 914 778 Deum
938 731 1079 776 tanta
1107 721 1280 794 adhuc
1305 722 1518 794 castitas
1541 721 1695 794 inest,
1727 728 1784 794 ut
1811 735 1906 794 qo—

325 799 387 852 lit
411 790 532 852 eam
575 790 796 866 perdere
825 813 838 849 :
867 795 1056 866 saltem
1086 792 1280 866 minori
1310 791 1524 866 gaudio,
1557 792 1748 866 minori
1772 790 1903 844 affe—

324 879 414 922 ctu
441 859 622 922 tuetur
654 881 793 930 eam,
825 865 914 919 ubi
943 863 1089 918 videt
1137 863 1258 917 inde
1307 859 1596 932 procedere
1652 859 1905 932 damnum

325 940 583 1007 pecunia'.
607 938 799 1006 Sicque
823 945 877 990 et
905 936 957 989 in
987 935 1104 1007 aliis
1133 949 1250 1003 qua:
1269 931 1904 1007 etiamsinouexpellanj

327 1002 432 1071 iur,
463 1017 638 1063 tamen
665 1002 760 1077 per
784 1002 1185 1077 conceptionem
1207 1005 1361 1059 unius
1403 1004 1514 1077 vitii
1545 1002 1627 1077 vel
1657 1003 1785 1056 satis
1816 1003 1901 1056 vel

325 1097 514 1148 parum
563 1074 910 1140 mini-untur,
955 1074 1042 1130 vel
1107 1077 1408 1148 intensione
1457 1074 1902 1148 deteriorantur:

325 1144 468 1205 unde
488 1150 661 1203 omnis
689 1149 855 1202 virtus
901 1150 1214 1216 cuicumque
1259 1146 1469 1200 crimini
1509 1153 1592 1199 est
1638 1144 1901 1216 deﬂenda,

323 1231 378 1275 et
403 1222 470 1275 de
490 1221 735 1275 omnibus
780 1218 1103 1288 indulgentia
1129 1215 1212 1272 est
1255 1217 1498 1288 petenda.
1560 1215 1908 1288 Animadver-

325 1301 440 1347 tere
466 1292 627 1346 etiam
673 1299 903 1359 oportet,
937 1285 1005 1359 'et
1053 1287 1521 1359 animadvertendo
1553 1285 1756 1359 deflere
1783 1287 1897 1339 ani-

323 1377 466 1416 mam
495 1356 742 1432 proximi,
771 1375 936 1432 quam
979 1358 1400 1432 fornicatoriDeo
1433 1356 1643 1432 eripuit,
1677 1356 1760 1410 vel
1785 1371 1905 1432 ere—

324 1444 469 1504 ptam
498 1428 559 1486 in
611 1433 752 1504 malo
793 1428 1139 1504 conﬁrmavit
1169 1447 1183 1483 :
1213 1431 1380 1504 etiam
1403 1428 1545 1504 quod
1597 1429 1898 1504 exemplum

323 1499 528 1558 exstitit
559 1503 683 1556 mali
731 1503 782 1555 in
827 1501 1137 1568 operatione
1175 1500 1256 1554 sui
1307 1499 1567 1563 criminis,
1597 1499 1679 1551 cui
1736 1500 1902 1568 magis

324 1576 628 1644 profuisset,
661 1575 703 1626 si
727 1572 843 1626 aliis
875 1573 1058 1625 fuisset
1097 1585 1255 1624 causa
1299 1571 1682 1644 comersionis.
1713 1568 1903 1624 Gemat

322 1640 501 1716 itaque
533 1645 756 1699 aliorum
775 1644 932 1696 vitam
965 1644 1014 1716 in
1055 1656 1149 1694 sua
1195 1651 1521 1716 corruptam,
1553 1640 1900 1716 velincorruf

320 1711 467 1788 ptain
495 1733 599 1770 non
617 1725 982 1788 conservatam
1000 1713 1117 1788 ‘,_ret_
1140 1711 1726 1788 cominodnmproximi
1754 1711 1898 1780 quod

321 1781 559 1842 dedisset
578 1787 821 1853 exemplo
847 1783 990 1838 boni.
1027 1782 1210 1836 Dolcat
1236 1781 1303 1835 de
1323 1782 1557 1841 tristitia,
1588 1797 1744 1852 quam
1779 1797 1902 1850 pec—

320 1859 494 1913 cando
518 1859 670 1912 bonis
696 1856 895 1921 intulit,
919 1864 974 1908 et
1011 1854 1078 1907 de
1123 1853 1300 1906 laetitia
1327 1869 1485 1922 quam
1511 1853 1588 1906 eis
1615 1868 1718 1906 non
1743 1854 1899 1906 adbi-

320 1931 454 1984 buit.
487 1930 554 1983 Et
582 1943 688 1981 non
730 1927 899 1980 solum
947 1925 1142 1994 cogitet
1169 1925 1292 1992 quid
1321 1934 1377 1978 et
1415 1924 1639 1992 qualiter
1667 1925 1850 1978 fecerit
1881 1940 1896 1990 ;

322 2000 418 2054 sed
449 2015 606 2068 quam
631 1998 822 2067 injuste
849 1999 1036 2068 Deum,
1069 2005 1129 2068 ut
1153 1995 1406 2068 diximus,
1437 1994 1705 2068 peccando
1734 1994 1898 2068 oll'en-

321 2064 481 2124 deritl
513 2064 877 2124 Timeatillam
907 2067 1154 2120 Veritatis
1183 2067 1519 2124 sententiam.
1551 2064 1668 2119 Non
1697 2067 1900 2134 potestis

319 2139 518 2194 duobus
538 2141 752 2194 dominis
780 2138 962 2192 servire
985 2137 1196 2208 (Matth.
1237 2152 1312 2202 γι,
1347 2136 1417 2190 24
1439 2136 1478 2205 ).
1509 2135 1717 2190 Τὶιηιιξη
1745 2151 1894 2208 ergo,

319 2227 388 2265 ne
414 2212 588 2265 omnia
617 2211 751 2265 bona
779 2225 895 2277 qua:
921 2210 1064 2273 fecit,
1092 2207 1218 2261 dum
1255 2209 1306 2260 in
1335 2222 1440 2260 uno
1469 2217 1687 2275 peccato
1714 2207 1896 2276 perSe-

317 2283 586 2336 veraverit
615 2322 630 2345 ,
683 2297 747 2335 ex
785 2280 1230 2334 contaminatione
1269 2278 1432 2331 mali'
1475 2277 1810 2346 perdiderit:
1841 2288 1899 2333 nt

317 2356 409 2423 qui
437 2353 658 2407 servivit
681 2351 1036 2423 diaboloqper
1082 2352 1306 2415 crimen,
1363 2349 1458 2402 Dei
1501 2363 1658 2423 quam
1707 2350 1898 2404 obtulit

316 2419 878 2478 amiseritservitntem
907 2421 947 2474 ³.
971 2420 1120 2475 Pium
1141 2429 1224 2475 est
1259 2430 1432 2473 tamen
1459 2419 1697 2483 credere,
1728 2431 1783 2473 ut
1810 2436 1896 2474 re-

317 2505 469 2564 cepta
497 2495 585 2548 Dei
631 2495 838 2565 gratia,
868 2507 988 2561 qua)
1033 2492 1086 2545 in
1141 2507 1208 2546 eo
1252 2490 1478 2565 destruit
1515 2490 1649 2565 mala
1697 2492 1892 2565 priora,

316 2560 480 2621 etiam
505 2560 810 2620 remuneret
829 2560 966 2618 bona
993 2581 1003 2615 :
1034 2572 1092 2616 ut
1115 2577 1235 2616 cum
1249 2560 1570 2615 destruxerit
1583 2562 1722 2630 quod
1741 2577 1894 2615 suum

317 2652 425 2691 non
460 2636 681 2703 invenit,
734 2644 877 2690 amet
926 2644 981 2690 et
1007 2634 1191 2704 diligat
1223 2634 1417 2688 bonum
1470 2633 1612 2702 quod
1650 2633 1812 2688 etiam
1843 2633 1893 2686 in

315 2717 574 2778 peccante
603 2707 874 2778 plantavit.

385 2772 619 2838 CAPUT
653 2777 766 2832 XV.
815 2777 902 2832 50.
959 2774 1213 2829 Ρωηὶιρηε
1250 2775 1466 2846 qualiter
1514 2772 1728 2838 a/fectus
1773 2791 1894 2846 esse

316 2850 512 2906 debeat.
547 2850 666 2903 Non
711 2847 936 2910 conﬁteri
961 2847 1220 2900 dimidiate
1263 2845 1377 2911 iuni,
1423 2846 1684 2898 dinu'tliate
1728 2845 1892 2899 alteri.

317 2922 394 2975 Ab
424 2923 576 2977 altari
601 2937 654 2974 se
679 2930 1003 2990 sequestram.
1037 2919 1081 2970 Α
1100 2918 1231 2990 ludis
1257 2933 1308 2970 se
1333 2916 1577 2970 cohibere.
1605 2916 1891 2990 iPaeniten-

317 2993 401 3046 tia:
425 2994 641 3062 fractus.
657 2987 752 3062 (τι)
768 2991 820 3044 In
847 2990 1094 3062 omnibus
1107 2988 1322 3062 dolens,
1346 2999 1440 3062 _au_t
1462 2987 1890 3062 sa-cnlumdere-

317 3059 546 3134 linquat,
579 3059 874 3117 aut'saltcm
897 3061 982 3114 illa
1009 3076 1126 3129 qua:
1161 3060 1276 3113 sine
1295 3059 1616 3134 admixtione
1635 3059 1756 3134 mali
1790 3075 1893 3112 non

315 3130 441 3190 sunt
469 3135 854 3196 administrata,
874 3141 935 3186 ut
961 3140 1276 3193 n'tercatura,
1301 3130 1482 3183 militia
1511 3146 1526 3194 ;
1574 3137 1628 3184 et
1648 3130 1746 3182 alia
1777 3145 1896 3198 qua:

316 3207 591 3261 utentibus
619 3214 740 3258 sunt
759 3204 962 3266 nociva,
987 3201 1539 3256 ntadministrationes
1560 3201 1893 3254 smcularium

315 3287 662 3348 potestatum,
694 3276 792 3348 nisi
840 3276 920 3348 bis
967 3282 1146 3327 utatur
1186 3288 1262 3348 es
1299 3271 1612 3348 obedientizn
1660 3273 1891 3348 iicentia.

319 3341 492 3404 Ponat
518 3363 576 3402 se
597 3347 818 3401 omnino
849 3347 900 3398 in
943 3352 1206 3414 potestate
1245 3343 1459 3412 judicis,
1493 3344 1541 3395 in
1583 3341 1782 3414 judicio
1809 3357 1865 3396 sa
1881 3375 1892 3379 --

319 3421 574 3483 cerdotis,
599 3417 726 3472 nihil
751 3417 849 3470 sibi
877 3413 1158 3470 reServans
1179 3417 1280 3479 sui,
1305 3423 1362 3467 ut
1387 3414 1562 3466 omnia
1591 3430 1656 3468 eo
1675 3413 1896 3483 jubente

317 3500 536 3561 paratus
554 3491 623 3544 sit
643 3491 812 3544 facere
837 3502 932 3561 pro
953 3484 1378 3561 recipiendavita
1394 3485 1604 3551 animm,
1628 3501 1897 3561 qua-cum-

353 3576 420 3615 ue
449 3560 650 3616 faceret
687 3573 787 3630 pro
814 3558 1028 3630 vitanda
1060 3557 1301 3626 corporis
1330 3565 1499 3630 mqrte
1525 3573 1538 3620 ;
1571 3568 1625 3610 et
1655 3557 1753 3630 hop
1773 3572 1896 3610 cum

354 3632 608 3697 esiderio,
637 3627 760 3700 quia
790 3629 951 3683 vitam
1004 3636 1283 3700 recuperat
1333 3627 1590 3700 inﬁnitam
1645 3639 1700 3681 ut
1733 3627 1890 3682 Deus.

314 3701 450 3757 Cum
463 3698 808 3773 gaudio‘enim
825 3700 980 3773 debet
1001 3698 1176 3754 facere
1189 3699 1500 3773 immortalis
1525 3699 1751 3773 iuturus,
1779 3715 1896 3773 quae

317 3770 515 3828 faceret
544 3788 640 3843 pro
667 3771 958 3826 differenda
984 3780 1152 3843 morte
1199 3772 1505 3843 moriturus.
1559 3770 1894 3843 Semperne-

315 3839 566 3916 precetur
617 3845 807 3916 Deum,
859 3841 1135 3916 certns‘de
1175 3841 1362 3906 venia,
1403 3855 1558 3909 quam
1583 3839 1606 3872 ⁸
1651 3839 1897 3895 omnibus

317 3912 493 3970 inodis
521 3924 577 3970 et
623 3915 740 3968 sine
784 3913 940 3968 tardio
973 3912 1162 3966 dubius
1201 3921 1413 3981 rogaret
1443 3920 1760 3980 potestatem
1785 3921 1895 3966 ter-

313 4002 523 4040 renam.
555 3987 828 4041 Abstineat
865 3999 894 4037 a
921 3983 1098 4037 multis
1129 3983 1304 4046 licitis,
1335 3983 1422 4050 qui
1461 3983 1512 4035 in
1545 3982 1786 4036 libertate
1811 3998 1895 4036 ar-

315 4057 463 4112 bitrii
497 4057 764 4112 commisit
793 4056 994 4110 illicita.
1023 4054 1245 4122 Semper
1292 4055 1477 4107 oﬂerat
1509 4053 1618 4108 Deo
1662 4062 1896 4107 mentem

315 4140 369 4182 et
393 4129 572 4183 cordis
599 4127 996 4191 contritionem,
1015 4125 1208 4179 deinde
1238 4134 1292 4179 et
1314 4124 1454 4194 quod
1482 4123 1752 4195 potestide
1775 4139 1897 4192 pos-

316 4201 578 4254 sessione.
611 4199 758 4254 Tunc
781 4196 922 4267 quod
952 4197 1107 4251 oll‘crt
1145 4211 1362 4251 securus
1408 4194 1615 4267 offerat.
1657 4194 1896 4266 Respexit

317 4269 574 4324 Dominus
623 4270 688 4323 ad
733 4266 856 4322 Abel
883 4276 927 4322 et
963 4268 1029 4320 ad
1077 4284 1287 4321 munera
1325 4269 1480 4337 ejus:
1521 4266 1615 4322 sed
1662 4268 1805 4338 prius
1829 4267 1897 4320 ad

317 4342 448 4394 Abel
472 4342 618 4406 dicit,
646 4357 803 4411 quam
845 4339 912 4392 ad
947 4355 1180 4392 munera.
1230 4339 1456 4394 Sumens
1491 4341 1633 4394 enim
1663 4347 1896 4411 mentem

319 4427 484 4482 quam
502 4409 746 4482 cognovit
791 4411 1044 4482 humilem
1079 4425 1140 4463 ac
1165 4424 1372 4479 puram,
1402 4411 1760 4482 remuneravit
1783 4409 1898 4482 ejus

319 4479 590 4553 largitatis
605 4497 846 4553 munera.
898 4481 976 4534 Ad
1003 4479 1129 4553 Gaia
1156 4496 1271 4553 vero
1315 4499 1413 4534 non
1442 4481 1682 4550 respexit,
1711 4497 1800 4535 nec
1829 4481 1896 4534 ad

319 4551 696 4624 muneraejus(
730 4551 857 4606 Gen.
876 4568 950 4618 tv,
972 4553 1024 4616 4,
1055 4552 1090 4606 5
1123 4553 1161 4622 ).
1195 4552 1582 4624 blentcmenim
1599 4553 1715 4620 eius
1739 4567 1895 4620 quam

321 4622 830 4695 videratpquoniam
855 4639 957 4695 non
994 4623 1241 4692 cognovit
1271 4622 1544 4695 humilem,
1580 4625 1694 4695 ejus
1717 4637 1899 4695 mune-

320 4713 380 4750 ra
413 4711 520 4750 non
541 4692 758 4765 recepit.
789 4695 844 4748 ln
871 4694 1068 4763 judicio
1107 4695 1284 4765 itaque
1303 4692 1479 4765 cordis
1513 4692 1898 4765 consideranda

318 4777 406 4822 est
434 4762 772 4836 eleemos'yna
827 4762 1124 4820 tribuentis.
1158 4764 1265 4818 Nec
1303 4763 1412 4836 jam
1454 4762 1898 4836 considerandum

316 4847 407 4894 est
421 4832 698 4907 quantum,
717 4836 810 4892 sed
835 4852 937 4906 qua
972 4845 1170 4902 mente,
1197 4849 1298 4904 qua
1332 4833 1612 4907 aliec_tione
1641 4832 1900 4907 datquod

318 4904 519 4978 potest.
567 4908 733 4964 Vidua
784 4904 925 4963 enim
961 4907 1166 4961 duobus
1222 4921 1340 4976 quae
1388 4904 1646 4978 habuerat
1681 4905 1902 4978 minutis

321 4975 470 5050 larga
498 4981 516 5049 (
544 4979 671 5036 Luc.
698 4996 806 5042 xxi,
840 4979 876 5032 2
903 4980 942 5047 ),
973 4979 1087 5046 plus
1114 4975 1375 5050 omnibus
1403 4975 1579 5050 misit.
1596 4975 1696 5050 Qui
1745 4977 1904 5046 igitur

321 5047 436 5105 vult
463 5047 674 5121 peccata
703 5068 795 5105 sua
818 5051 1079 5121 redimere
1107 5047 1472 5118 temporalium
1495 5047 1784 5114 oblatione,
1808 5063 1897 5102 ca-

317 5119 534 5176 veatiut
561 5125 701 5192 prius
727 5131 958 5177 utentem
989 5119 1193 5174 offerat.

396 5195 485 5248 51.
514 5187 713 5247 Cautus
745 5194 814 5247 sit
839 5192 1101 5262 paenitens
1126 5205 1192 5245 ne
1214 5189 1529 5262 verecundia
1547 5187 1737 5244 ductus
1766 5189 1901 5244 divi—

317 5263 415 5318 dat
440 5264 577 5333 apud
607 5280 665 5318 se
685 5261 1097 5329 confessionem,
1123 5270 1182 5316 ut
1220 5262 1427 5333 diversa
1465 5261 1692 5317 diversis
1722 5276 1905 5316 sacer-

316 5331 540 5390 dotibus
567 5335 700 5390 velit
739 5334 1100 5389 manifestare.
1150 5331 1377 5400 Quidam
1404 5334 1548 5387 enim
1577 5335 1664 5387 uni
1707 5333 1904 5397 celant,

389 5471 408 5502 ¹
437 5476 566 5530 Mss,
603 5467 752 5519 vitam
787 5480 881 5518 non
911 5473 1236 5519 conservatam
1260 5467 1914 5532 velcm‘ruptaminsua,et

316 5532 641 5591 comnwdtan,
662 5539 757 5581 etc.

384 5597 406 5625 ²
431 5593 555 5643 Alias
569 5629 583 5654 ,
605 5589 1028 5644 eommtmicatione
1045 5589 1190 5654 mala.

384 5657 692 5764 ξ
719 5663 819 5707 Deo
839 5668 957 5720 quas
976 5653 1217 5717 obtulerit,
1240 5653 1456 5706 amiserit
1478 5653 1692 5707 virtutes.

487 5730 576 5768 tas.
600 5731 699 5768 σαι.

383 5731 1039 5844 ξαῖῗείᾷεβιεῇὕιαρ.
1387 5786 1518 5831 Petr.
1543 5777 1667 5844 ales.
1708 5779 1775 5830 de
1793 5785 1914 5830 Gon-

309 5839 491 5906 ιω]
509 5847 642 5892 sent.
665 5841 778 5894 aut.
803 5841 882 5905 te,
903 5839 1008 5905 mp:
1034 5839 1091 5894 at
1108 5841 1415 5906 perfectiate.

1251 317 1461 379 LIBER
1497 319 1590 379 DE
1629 315 1818 377 VERA
1857 313 1948 374 E'I'
1976 311 2206 374 “LBA
2242 311 2713 375 ΡίῈΝΙΤΕΝΤΙΑ.

3457 319 3602 389 ﬂ”

2012 447 2132 503 qua!
2157 430 2661 508 alii_manifesta_nda
2711 442 2986 508 reservant
3017 436 3200 508 :quod
3225 445 3313 496 est
3333 453 3395 496 se
3413 444 3598 498 randa-

2011 518 2090 568 re,
2120 512 2176 579 et
2203 503 2270 557 ad
2297 503 2618 579 hypocrisim
2664 505 2906 574 tendere,
2933 516 2987 562 et
3013 503 3225 579 semper
3252 513 3406 567 venia
3443 529 3598 569 care-

2010 590 2090 640 re,
2112 574 2178 628 ad
2207 574 2363 644 quam
2392 591 2488 646 per
2508 575 2672 630 frusta
2711 585 2874 650 totam
2894 588 3093 650 putant
3113 574 3389 650 pervenire
3417 586 3455 638 ’.
3485 586 3595 640 Ca-

2011 655 2130 720 veat
2175 656 2429 720 prteterea
2464 663 2630 720 quem
2673 663 2794 701 vera
2822 647 3051 704 delectat
3102 647 3429 720 ptenitentia,
3487 673 3593 713 non

2011 716 2156 785 prius
2177 716 2243 770 ad
2271 718 2474 791 Domini
2497 716 2693 791 corpus
2717 720 2954 784 accedat,
3003 716 3161 791 quam
3200 725 3464 781 confortet
3495 729 3581 782 bo-

2011 789 2467 864 qaconscientia.
2499 790 2602 864 Sed
2653 791 2830 864 iubae
2869 789 3205 864 separatione
3248 801 3584 853 tremendum

2011 857 2103 913 Dei
2125 857 2378 933 judicium
2407 861 2622 933 cogitet,
2671 862 2760 915 ubi
2810 857 2978 933 magis
3031 865 3280 919 terribilis
3325 872 3589 924 sententia

2010 939 2290 1004 peccantes
2319 931 2340 962 ³
2366 932 2632 1000 separabit
2660 933 2714 985 in
2743 931 2938 1002 ignem.
2967 934 3158 989 Gemat
3185 936 3324 1004 quod
3356 940 3588 995 nondum

2009 1000 2166 1070 audet
2193 1015 2405 1055 sumere
2445 1017 2602 1070 quem
2635 1000 2860 1058 multum
2914 1000 3251 1060 desiderabat
3297 1009 3471 1062 cibum
3497 1025 3586 1064 sa-

2008 1068 2253 1152 lutat-em.
2286 1071 2376 1152 Isti
2405 1068 2528 1126 sunt
2551 1073 2696 1142 digni
2746 1072 3322 1152 fructuspmnitentiae,
3355 1079 3587 1136 animam

2008 1143 2268 1212 captivam
2309 1143 2668 1212 elaqueantes,
2721 1155 2775 1199 et
2827 1147 2881 1200 in
2935 1143 3232 1203 libertatem
3287 1160 3583 1205 servantes.

2006 1209 2263 1293 cohibeat
2308 1227 2366 1268 se
2409 1209 2672 1293 praeterea
2697 1229 2728 1268 a
2754 1215 2970 1293 ludis,a
3020 1221 3335 1293 spectaculis
3381 1224 3584 1289 szecnli,

2006 1285 2094 1357 qui
2119 1285 2406 1357 perfeCtam
2425 1285 2536 1357 vult
2555 1288 2808 1356 consequi
2829 1285 3066 1357 gratiam
3080 1292 3427 1347 remissionis.
3454 1285 3585 1347 Nam

2006 1352 2137 1406 Dina
2169 1355 2211 1407 si
2241 1369 2299 1409 se
2325 1355 2686 1422 cohibuisset,
2711 1352 2755 1410 si
2803 1352 2944 1413 inter
2968 1374 3092 1413 suos
3124 1362 3485 1430 remansisset,
3518 1364 3586 1418 ab

2005 1433 2259 1501 estraiteo
2316 1436 2526 1501 raptore
2552 1437 2933 1501 corruptanon
2981 1430 3164 1485 fuisset
3190 1433 3207 1501 (
3233 1431 3359 1487 Gen.
3391 1449 3582 1501 xxxiv,

2008 1495 2030 1548 l
2059 1494 2104 1576 )..
2135 1495 2306 1550 Tanto
2357 1497 2514 1566 igitur
2545 1494 2728 1576 magis
2757 1500 2859 1576 sibi
2911 1510 3095 1556 caveat
3153 1494 3208 1557 et
3249 1503 3492 1559 cohibeat
3522 1494 3584 1559 se

2005 1569 2178 1643 anima
2205 1583 2325 1636 quae
2351 1583 2494 1643 saepe
2521 1569 2602 1622 vel
2629 1571 2794 1643 semel
2851 1583 2997 1640 rapta
3046 1581 3129 1626 est
3174 1583 3229 1628 et
3282 1584 3528 1643 corrupta
3563 1593 3578 1628 :

2003 1637 2187 1714 timeat
2236 1644 2346 1706 jam
2374 1637 2526 1714 docta
2557 1637 2927 1709 experimento
2943 1683 2958 1707 ,
2989 1643 3129 1712 quod
3180 1645 3388 1714 ignorat
3412 1637 3581 1714 virgo.

2005 1705 2190 1784 Eligat_
2224 1705 2379 1779 quem
2429 1705 2686 1784 imitetur,
2709 1782 2717 1784 Α
2741 1727 2849 1784 non
2897 1705 3153 1782 sequatur
3181 1705 3339 1784 q'uem
3370 1705 3581 1771 aninius

2003 1793 2130 1860 suns
2159 1780 2374 1860 damnat
2405 1799 2417 1835 :
2449 1797 2508 1836 se
2537 1783 2678 1836 enim
2701 1782 2919 1860 judicat,
2948 1780 3035 1852 qui
3080 1780 3279 1860 fructus
3323 1788 3583 1860 poeniten-

2004 1851 2089 1903 tize
2117 1866 2221 1904 non
2251 1851 2531 1926 habentem
2563 1868 2597 1926 a_
2623 1868 2680 1907 se
2722 1870 2828 1926 non
2857 1851 3070 1926 elongat
3097 1872 3111 1920 ;
3145 1851 3336 1910 laudat
3356 1858 3498 1911 enim
3530 1867 3584 1912 et
3622 1866 3636 1876 '

2001 1930 2146 1996 amat
2191 1937 2324 1996 quos
2373 1924 2528 1993 digne
2575 1923 2895 1996 fructificare
2945 1923 3050 1981 non
3094 1928 3319 1996 ignorat.
3369 1929 3584 1994 Quaerat

2000 1989 2226 2067 fructus:
2255 1989 2477 2067 dignos.
2521 1995 2621 2050 etsi
2669 2010 2777 2050 non
2829 1997 3016 2066 dignos
3067 1989 3415 2067 pénitentiae'.
3446 1999 3583 2054 Sunt

2001 2065 2140 2138 enim
2179 2063 2322 2138 digni
2351 2065 2552 2138 fructus
2599 2067 2852 2138 virtutum
2887 2063 3130 2135 Tractus,
3163 2070 3250 2138 qni
3303 2085 3408 2124 non
3435 2068 3582 2124 sufﬂ-

2000 2134 2149 2212 ciunt
2179 2136 2575 2212 pmnitentibusi
2604 2136 2920 2212 Ptenitentia
2943 2141 3084 2212 enim
3111 2134 3384 2210 graviores
3412 2155 3578 2212 expo-

1999 2205 2160 2281 stulat
2188 2206 2415 2281 fructus,
2443 2217 2501 2261 ut
2525 2208 2601 2261 sic
2631 2218 2849 2276 pacetur
2876 2205 3154 2275 Ecclesia}
3183 2221 3243 2264 ut
3274 2221 3458 2281 pacata
3473 2205 3577 2267 do-

1997 2275 2110 2349 lore
2138 2279 2524 2349 e_t_gemitibus,
2549 2275 2772 2349 mortuis
2803 2282 3049 2349 impetret
3071 2283 3253 2337 vitam.

2068 2345 2296 2422 CAPUT
2337 2348 2472 2402 XVI.
2498 2349 2584 2404 52.
2616 2345 2995 2422 _Ea:cusationes
3042 2351 3211 2422 [utiles
3245 2353 3296 2406 in
3341 2353 3576 2422 peccatis.

1997 2415 2228 2493 Cqmlitio
2251 2429 2337 2493 aut
2366 2429 2570 2493 natura.
2605 2419 2696 2472 Dei
2716 2423 2988 2493 ordinatio.
3015 2415 3204 2475 Gratia:
3229 2415 3472 2493 defectus,
3490 2435 3580 2478 aut

1997 2487 2216 2556 efﬁcacia
2273 2491 2780 2563 divirttevoluntatis.
2809 2492 2935 2563 Qui
2957 2492 3094 2546 Deus
3143 2487 3400 2563 peccatum
3427 2487 3576 2562 nolit,

1997 2574 2087 2611 nec
2134 2568 2300 2635 tamen
2340 2561 2582 2635 cohibeat.
2615 2560 2752 2627 Quid
2797 2562 2988 2616 homini
3033 2560 3232 2634 praetet
3273 2575 3324 2617 ut
3362 2560 3580 2635 gratiam

1997 2639 2175 2685 servet.
2205 2631 2412 2684 Sentiat
2439 2633 2647 2700 culpam
2687 2647 2839 2687 suam
2865 2648 3009 2699 esse,
3034 2631 3142 2690 nec
3169 2635 3300 2690 velit
3327 2631 3385 2689 se
3410 2651 3576 2691 excu-

1997 2714 2141 2768 sare,
2171 2715 2240 2755 ne
2270 2710 2459 2771 augeat
2510 2704 2735 2768 crimen,
2769 2713 2826 2757 ut
2851 2705 3040 2770 Adam,
3072 2706 3156 2759 cui
3205 2720 3310 2760 non
3339 2706 3575 2762 sufficie-

1995 2771 2086 2826 bat
2111 2787 2363 2847 peccasse
2385 2788 2400 2838 ;
2431 2774 2522 2847 sed
2539 2775 2812 2847 ampliavit
2827 2777 3028 2831 crimen
3045 2776 3310 2847 culpando
3328 2791 3572 2844 uxorem,

1995 2852 2051 2898 et
2077 2845 2288 2917 culpam
2311 2845 2634 2917 transferens
2679 2846 3067 2917 in‘auctorem.
3111 2845 3254 2902 Istud
3303 2859 3576 2917 peccatum

1995 2914 2269 2990 inultoties
2313 2916 2617 2990 incurritur,
2673 2915 2766 2970 sed
2812 2919 3108 2990 neglectum
3139 2914 3431 2990 ignoratur.
3462 2920 3577 2975 Non

1996 2984 2174 3060 itaque
2201 2994 2482 3060 peccantes
2531 2987 2791 3060 dicamus,
2825 2984 2938 3060 Non
2965 2989 3104 3044 aliud
3132 2984 3301 3060 potui,
3323 3005 3444 3044 cum
3491 3006 3577 3046 me

1997 3056 2248 3130 constitui
2274 3055 2466 3130 furem,
2491 3058 2613 3127 quia
2643 3059 2780 3130 Deus
2827 3059 2952 3114 fecit
2998 3075 3084 3114 me
3131 3055 3438 3130 pauperem.
3468 3060 3578 3116 Nec

1998 3127 2191 3181 mirum
2218 3130 2260 3180 si
2307 3128 2516 3202 deditus
2554 3144 2671 3202 sunt
2703 3129 3056 3202 fornicationi,
3089 3127 3212 3202 quia
3237 3127 3577 3187 taliscreatus

1995 3211 2113 3272 sum
2141 3207 2346 3253 naturae
2391 3209 2445 3254 et
2488 3199 2824 3270 fragilitatis:
2867 3199 3124 3272 fragilitas
3167 3203 3329 3265 enim,
3357 3217 3579 3258 nonvo-

1997 3269 2192 3337 lnntas,
2233 3272 2372 3340 cogit
2398 3285 2483 3324 me
2525 3269 2861 3327 committere
2905 3269 3220 3328 cr'itninalia.
3249 3273 3404 3327 Errat
3432 3275 3576 3329 enim

1995 3342 2084 3410 qui
2115 3343 2192 3396 sic
2231 3341 2446 3416 fallitur.
2469 3343 2663 3416 Natura
2692 3344 2832 3416 enim
2867 3345 2983 3398 talis
3013 3355 3114 3410 est,
3143 3355 3202 3399 ut
3231 3345 3400 3414 possit
3426 3347 3576 3416 quis-

1997 3426 2100 3480 que
2146 3414 2414 3485 resistere
2439 3415 2598 3476 malo,
2626 3415 2709 3469 cui
2736 3429 2796 3469 se
2825 3416 3037 3485 subjicit
3061 3431 3126 3470 ex
3174 3417 3412 3470 arbitrio.
3443 3414 3578 3471 Sunt

1997 3493 2172 3537 autem
2199 3485 2296 3558 qni
2322 3483 2612 3558 defendunt
2637 3489 2846 3553 culpam
2877 3483 2934 3541 in
2981 3488 3072 3542 Dei
3105 3488 3455 3558 providentia,
3485 3503 3577 3542 re-

1999 3564 2243 3628 putantes
2271 3556 2360 3610 Dei
2391 3556 2711 3610 ordinationi
2742 3567 2794 3611 et
2821 3556 3145 3624 necessitati,
3169 3558 3308 3628 quod
3329 3559 3574 3612 relictum

1997 3638 2077 3680 εει
2111 3627 2370 3680 \oluntati
2421 3636 2475 3681 et
2500 3628 2702 3681 arbitrii
2745 3629 2996 3683 libertati.
3029 3627 3196 3683 Scivit
3240 3630 3382 3683 enim
3441 3630 3578 3684 Dens

1996 3697 2120 3766 quid
2163 3695 2399 3753 facturus
2449 3707 2590 3753 esset
2620 3699 2707 3768 qui
2739 3703 2973 3768 peccavit
3001 3719 3012 3753 :
3045 3700 3140 3754 sed
3171 3717 3274 3754 non
3307 3700 3572 3754 ordinavit

2000 3778 2291 3837 peccatum,
2324 3771 2410 3839 qui
2441 3770 2644 3841 nullum
2668 3771 2916 3841 relinquit
2940 3773 3273 3840 impnnitttm.
3307 3771 3582 3826 Ordinavit

1996 3854 2208 3908 poenam
2240 3842 2540 3894 amantibus
2567 3840 2796 3912 culpam.
2827 3840 2966 3912 Ignis
2992 3845 3132 3897 enim
3163 3857 3295 3912 opus
3319 3852 3400 3896 est
3418 3842 3581 3912 justi-

1999 3910 2682 3984 tiae,Anon_tnisericordim,
2711 3922 2767 3966 ut
2794 3910 3020 3968 habeant
3052 3910 3432 3968 nndc'duleant'
3448 3955 3462 3980 ,
3492 3913 3583 3984 qui

1995 3981 2225 4050 gaudere
2246 3981 2268 4013 ³
2293 3998 2396 4034 non
2418 3990 2616 4036 amant.
2643 3983 2756 4037 Non
2783 3986 3044 4039 ordinavit
3075 3999 3317 4054 peccare,
3344 3985 3433 4052 qui
3462 3981 3587 4054 pec-

1995 4062 2169 4106 catum
2216 4054 2379 4106 voluit
2421 4069 2611 4108 curare
2637 4054 2689 4120 1’;
2731 4056 2824 4108 sed
2865 4058 3102 4124 permisit
3146 4055 3410 4120 libertati,
3443 4054 3585 4124 quod

1997 4133 2244 4194 peccator
2273 4124 2487 4198 donavit
2517 4127 2842 4182 necessitati.
2873 4128 2926 4182 Si
2954 4130 3094 4181 enim
3127 4145 3230 4182 non
3255 4137 3438 4198 posset
3463 4141 3588 4197 pec-

1997 4209 2152 4260 care,
2184 4196 2322 4250 unde
2359 4197 2578 4251 deberet
2617 4199 2703 4267 qui
2736 4206 2877 4252 totus
2906 4210 2986 4253 est
3011 4199 3210 4267 justitia
3251 4196 3372 4252 cum
3408 4196 3587 4252 remu-

1997 4267 2224 4322 nerare?
2253 4269 2372 4323 Ideo
2393 4270 2532 4323 enim
2563 4283 2666 4323 non
2691 4270 2984 4324 sanctiﬁcat
3005 4271 3249 4324 animalia
3273 4279 3438 4334 muta,
3464 4269 3588 4339 quia

1998 4341 2139 4394 nulla
2171 4349 2388 4408 possunt
2415 4341 2752 4396 committere
2775 4341 3016 4411 crimina.
3051 4342 3232 4411 Angeli
3261 4355 3474 4410 queque
3497 4340 3589 4410 qui

1999 4413 2378 4481 perstiterunt,
2419 4413 2462 4466 si
2494 4411 2642 4464 liberi
2673 4427 2778 4464 non
2804 4409 3062 4477 fuissent,
3096 4409 3236 4466 unde
3262 4409 3587 4466 coronarcn-
3630 4434 3639 4450 ι

1999 4484 2122 4536 tur?
2159 4482 2454 4536 Potuerunt
2482 4483 2622 4535 enim
2653 4496 2908 4551 peccare,
2941 4499 3168 4553 quorum
3205 4485 3407 4537 similes
3447 4484 3590 4537 ceci-

1999 4553 2210 4608 derunt.
2237 4553 2380 4606 Licet
2402 4553 2820 4608 misericorditer
2839 4566 3027 4610 cuncta
3050 4565 3252 4610 crearet
3273 4554 3314 4616 ⁵,
3329 4554 3587 4623 justitiam

2001 4634 2176 4678 tamen
2211 4624 2262 4676 in
2302 4623 2663 4678 misericordia
2701 4624 2792 4694 qui
2816 4624 2991 4692 justus
3021 4637 3101 4682 est
3130 4626 3398 4694 custodire
3427 4638 3591 4692 opor—

2001 4696 2118 4748 tuit.
2151 4694 2254 4766 Sed
2284 4694 2412 4748 dicit
2438 4696 2526 4765 qui
2552 4709 2657 4748 non
2683 4693 2845 4750 sentit
2868 4700 3075 4766 culpam
3104 4711 3275 4756 suam,
3303 4693 3442 4766 Nihil
3467 4694 3590 4766 boni

2002 4781 2218 4836 possum
2241 4764 2468 4838 habere,
2484 4766 2594 4838 nisi
2611 4767 2900 4836 inSpirante
2924 4764 3124 4838 gratia;
3153 4767 3286 4822 nihil
3311 4764 3453 4819 enim
3475 4764 3593 4821 sine

2003 4854 2062 4891 ea
2107 4853 2318 4907 possunt
2351 4837 2546 4893 facere.
2578 4837 2632 4892 Si
2661 4839 2775 4908 ipse
2806 4837 2982 4909 itaque
3019 4851 3102 4909 me
3141 4853 3248 4892 non
3289 4843 3589 4909 conservat,

2004 4906 2219 4980 egoqui
2247 4925 2312 4963 ex
2341 4925 2425 4964 me
2453 4910 2583 4964 nihil
2611 4906 2850 4980 possum,
2877 4906 3032 4980 quam
3061 4908 3232 4963 habeo
3257 4906 3508 4977 culpam?
3535 4906 3594 4980 Si

2005 4978 2103 5051 ego
2132 4981 2246 5035 sine
2273 4996 2337 5035 eo
2369 4997 2577 5049 possem
2609 4978 2778 5036 vitare
2805 4978 3008 5034 crimen
3029 5023 3043 5046 ,
3076 4995 3163 5035 me
3198 4980 3451 5051 sentirem
3476 4978 3594 5051 cul-

2005 5049 2252 5120 pabilem.
2299 5052 2515 5117 Adhuc,
2556 5051 2745 5106 Omnia
2772 5061 3120 5122 qiuecumque
3145 5051 3313 5105 voluit
3342 5049 3596 5105 Dominus

2007 5123 2133 5177 fecit
2158 5123 2210 5176 in
2235 5124 2372 5178 caelo
2397 5136 2450 5178 et
2477 5125 2529 5178 in
2559 5133 2696 5177 terra
2726 5144 2738 5174 :
2766 5121 2891 5193 quid
2915 5121 3089 5192 itaque
3114 5123 3283 5192 culpa:
3309 5122 3360 5175 in
3383 5133 3470 5174 me
3490 5130 3592 5193 est,

2009 5195 2178 5248 sinon
2200 5196 2312 5249 vult
2337 5195 2573 5248 salvare?
2603 5191 2845 5260 Multum,
2875 5191 3106 5264 inquam.
3124 5191 3274 5248 Licet
3300 5193 3440 5248 enim
3462 5191 3597 5264 nihil

2010 5267 2262 5336 consequi
2294 5266 2464 5334 possis
2501 5266 2618 5320 sine
2647 5262 3011 5320 misericordia
3043 5265 3128 5318 illa
3156 5279 3314 5334 quam
3346 5262 3596 5336 repellis;

2013 5345 2162 5406 potes
2191 5333 2384 5391 tamen
2429 5336 2595 5390 libere
2625 5347 2806 5390 tenere
2834 5338 3090 5407 gratiam,
3120 5333 3277 5406 quam
3307 5333 3601 5407 retinendo

2015 5417 2195 5478 potes,
2225 5409 2272 5464 si
2316 5419 2492 5462 tamen
2531 5407 2767 5478 placeat,
2798 5406 3001 5462 evitare
3030 5408 3260 5479 culpam.
3289 5406 3434 5462 Deus
3457 5406 3602 5460 enim

2079 5520 3356 5620 iﬁ‘fnﬁﬁf‘ﬂ’“£ﬂ§’?.ﬁ'i‘“l‘f£m°
3385 5577 3438 5620 .-..<

2016 5590 2208 5703 mags.
2236 5577 2692 5651 'Ahgustinensium,
3072 5587 3340 5649 Gratianus,
3385 5577 3600 5649 impositi

2083 5684 2287 5771 mne,
2312 5723 2455 5761 nunc.

2081 5777 2208 5846 ξ
2233 5773 2844 5846 Augustinepsiummotuit
2871 5786 3058 5826 erm.

2083 5839 2106 5871 ⁸
2129 5839 2272 5888 Alias.
2295 5839 2545 5888 creuerit.
3415 5853 3454 5866 να
