4076 6370
455 249 596 307 “21

454 363 548 434 qui
575 358 740 416 semel
769 355 992 434 incepit
1010 350 1350 434 benefacere,
1379 349 1505 434 nisi,
1534 347 1678 434 quod
1705 347 1926 431 omnino
1951 364 2050 430 no-

456 421 628 489 s'trum
674 441 789 496 est,
831 421 1261 495 derelinquamus
1293 423 1408 491 ejus
1437 421 1750 496 beneﬁcium
1768 461 1784 485 ,
1812 421 1904 496 qui_
1933 421 2050 496 pius

457 515 542 560 est
571 491 908 573 inspirando,
944 491 1150 573 cogitur
1192 511 1258 550 ex
1302 493 1619 573 necessitate
1647 491 1806 573 j‘ustte
1837 491 2051 571 miseri:

456 561 940 630 eordiw'neminem
969 561 1113 638 prius
1139 582 1293 636 posse
1321 566 1640 638 relinquere.
1662 561 1777 616 Non
1798 562 1942 638 enim
1967 561 2053 638 sui

458 656 540 700 est
569 645 890 714 relinquere,
925 633 1021 714 uini
1051 633 1459 714 relinquentem.
1477 633 1700 689 ’ldcireo
1725 634 1868 687 enim
1894 633 2052 714 culpa

458 727 637 771 nostra
664 703 766 778 esi,
797 703 918 783 quia
947 713 1188 780 fugamus
1207 703 1434 783 gratiam
1459 721 1616 783 quam
1649 718 1934 775 possumus
1960 703 2056 756 ha-

457 787 587 842 bere
617 777 924 856 perpetuam
958 801 972 836 :
1005 777 1216 856 semper
1244 779 1404 856 invita
1435 777 1666 841 recedit,
1701 786 1754 830 et
1784 789 2054 856 nunquam

457 847 690 927 aliquem
716 847 1011 927 'smutanea
1038 847 1260 927 deserit.
1290 850 1386 904 Cui
1418 859 1592 902 tamen
1629 847 1930 927 sententiae.
1949 860 2054 927 non

457 915 812 990 contradicit,
858 925 952 980 scd
993 923 1069 993 (α)
1104 921 1282 993 omnia
1312 933 1660 993 qumcunique
1701 917 1866 993 voluit
1907 915 2052 969 fecit.

458 999 672 1055 Creavit
697 988 838 1052 enim
865 988 1120 1065 quidquid
1145 992 1310 1046 voluit
1328 988 1346 1065 ,7
1377 1007 1480 1065 nec
1504 991 1624 1060 plus
1655 988 1858 1065 creavit
1893 1001 2054 1065 quam

460 1071 647 1124 voluit.
685 1070 810 1122 Vult
839 1057 1026 1120 ta'uten'
1043 1067 1094 1118 in
1122 1064 1441 1132 unoquoque
1469 1057 1668 1116 bonum
1689 1102 1703 1123 .
1733 1067 1790 1132 et
1828 1059 1880 1111 in
1912 1057 2056 1110 nullo

460 1141 660 1195 malum
685 1160 697 1192 :
723 1141 814 1194 sed
837 1140 914 1192 sic
938 1137 1067 1201 vult,
1091 1144 1151 1190 ut
1177 1130 1336 1187 homo
1357 1130 1516 1201 quem
1544 1149 1648 1185 non
1673 1130 1794 1201 vult
1812 1143 2054 1201 peccare,

461 1227 567 1266 non
599 1211 738 1266 desit
766 1225 886 1264 esse
916 1200 1096 1261 homo.
1138 1205 1257 1260 Non
1300 1200 1476 1258 tamen
1518 1203 1628 1256 vult
1673 1203 1742 1255 ita
1786 1200 2057 1252 hominem

461 1297 566 1336 noo
602 1297 840 1350 peccare,
873 1289 926 1333 ut
952 1294 1072 1333 eum
1103 1277 1235 1331 velit
1261 1276 1450 1330 bovem
1477 1283 1710 1350 statuere
1735 1289 1748 1325 :
1779 1285 1884 1324 non
1912 1270 2057 1350 enim

461 1341 685 1407 haberet
703 1341 862 1421 quem
887 1356 1270 1411 remuneraret,
1299 1360 1397 1399 nec
1421 1346 1504 1421 cui
1531 1344 1789 1421 fulgorem
1814 1357 1924 1396 suze
1950 1341 2060 1421 cla-

461 1424 635 1478 ritatis
680 1415 1008 1484 itifuruderet,
1049 1433 1150 1473 nec
1195 1433 1353 1488 quem
1399 1415 1736 1488 cohzeredem
1775 1419 2055 1488 statueret,

461 1509 563 1549 uec
586 1495 638 1547 in
666 1509 774 1562 quo
795 1482 1078 1561 imaginem
1100 1500 1153 1543 et
1174 1482 1576 1562 sitnilitudinem
1601 1501 1749 1562 suam
1775 1482 2056 1562 inveniret.

461 1563 574 1619 Nec
605 1552 768 1627 illius,
804 1552 1065 1632 qui'totus
1088 1568 1169 1615 est
1191 1559 1420 1629 justitia,
1439 1557 1552 1632 fuit
1581 1558 1810 1625 aliquem
1841 1555 1920 1607 sic
1947 1552 2057 1606 for-

466 1651 644 1701 mare,
677 1644 736 1689 ut
766 1628 870 1688 non
905 1641 1082 1702 posset
1112 1628 1367 1702 pecmtre,
1397 1629 1500 1702 nisi
1531 1628 1635 1682 hoc
1663 1633 2060 1702 promet-eretur

463 1706 518 1761 in
552 1697 778 1760 humana
810 1697 1073 1758 libertate.
1106 1701 1226 1754 Vult
1259 1700 1372 1754 fieri
1403 1699 1572 1753 bonos
1603 1699 1752 1752 salvo
1781 1697 2061 1764 utriusque

462 1792 619 1843 esse,
651 1786 708 1830 ut
736 1781 850 1845 ipse
877 1782 1149 1845 remaneat
1181 1773 1348 1845 Deus,
1381 1779 1436 1824 et
1463 1770 1577 1840 ipse
1603 1767 1884 1845 horum-Si
1917 1767 2060 1845 enim

462 1835 721 1902 formaret
748 1835 1014 1900 hominem
1043 1844 1158 1898 sine
1187 1835 1451 1905 libertate,
1479 1835 1662 1895 contra
1690 1837 1946 1907 justitiam
1977 1835 2060 1889 fa-

463 1928 611 1973 ceret
648 1934 765 1987 qua:
804 1917 944 1970 Deus
970 1923 1054 1969 est
1084 1933 1095 1966 :
1128 1915 1171 1968 si
1203 1912 1437 1987 au_l_'erret
1465 1912 1797 1987 libertatem,
1830 1907 2062 1961 humana

463 1983 693 2059 dignitas
735 2003 841 2042 non
885 1995 1207 2059 remaneret.
1255 1983 1430 2037 Voluit
1471 1983 1650 2052 itaque
1691 1996 1798 2059 non
1838 1992 2064 2059 peccare

465 2051 736 2114 hinninem
756 2099 772 2124 ,
809 2057 904 2113 sed
935 2057 1221 2110 humanam
1253 2062 1498 2108 naturam
1541 2069 1645 2105 non
1675 2052 1940 2105 amittere.
1973 2051 2064 2103 Sic

464 2130 643 2200 itaque
674 2132 789 2198 pius
816 2137 929 2200 est,
947 2129 1038 2198 qui
1070 2136 1304 2200 nostram
1337 2125 1448 2177 vult
1477 2124 1701 2200 salutem
1717 2140 1743 2200 _:
1772 2130 1826 2174 et
1854 2136 1956 2200 n_on
1981 2127 2066 2173 est

464 2191 764 2268 impotens,
797 2201 885 2267 qui
905 2191 1022 2252 hoc
1059 2198 1173 2251 vult
1211 2198 1358 2249 salvo
1397 2195 1673 2268 utriusque
1710 2192 1849 2262 jure.
1863 2191 2064 2268 _Justus

465 2262 608 2326 enim
641 2283 722 2326 est
752 2262 888 2336 rex,
921 2280 974 2322 et
1015 2269 1102 2336 jus
1146 2268 1402 2337 cujusque
1435 2265 1571 2318 tueri
1591 2262 1827 2337 Oportet.
1851 2262 2064 2337 Praesto

464 2342 608 2396 enim
638 2356 851 2408 semper
876 2331 962 2394 est
999 2331 1353 2407 gratia,'quze
1399 2331 1665 2408 nunquam
1710 2334 1915 2408 deficit,
1963 2331 2064 2384 nisi

465 2414 615 2494 prius
642 2404 880 2492 expulsa.
909 2404 1174 2489 Contione
1189 2404 1262 2488 ,ει
1288 2407 1592 2494 necessario
1621 2404 1760 2472 quod
1802 2419 1955 2494 suum
1983 2409 2066 2456 est

465 2475 727 2552 inspirat,-
741 2481 785 2534 si
814 2479 1012 2552 cst__qui
1040 2479 1260 2546 recipiat
1289 2496 1301 2530 :
1329 2485 1385 2530 et
1409 2476 1628 2543 expulsa
1659 2475 1944 2552 revertitur
1963 2487 2065 2552 per

465 2544 855 2624 penitentiam.
885 2544 954 2604 Ut
983 2565 1086 2624 n_0n
1127 2544 1313 2624 pereat
1347 2556 1588 2624 creatura
1609 2587 1624 2611 ,
1663 2559 1821 2624 quam
1870 2544 2068 2624 pietate

465 2614 562 2681 Eua
596 2624 818 2677 liberam
849 2620 1054 2674 creavit
1081 2614 1407 2676 et'libertate
1429 2616 1648 2670 ditatam
1669 2657 1685 2681 ,
1717 2615 1768 2668 in
1809 2614 2066 2669 auxilium

464 2695 650 2765 gratia:
677 2692 987 2765 retinendae,
1012 2707 1131 2760 qua:
1156 2704 1369 2765 semper
1397 2687 1645 2765 pragcedit
1673 2700 1888 2765 omnem
1914 2700 2065 2765 crea-

466 2756 661 2828 turam,
693 2764 815 2819 fecit
838 2773 894 2816 ut
919 2756 1083 2816 libere
1113 2756 1356 2815 serviret.
1388 2759 1467 2811 Ad
1493 2758 1630 2812 hanc
1656 2756 2055 2826 protegendam,

465 2836 533 2890 ad
574 2837 712 2890 hanc
750 2850 855 2888 non
899 2831 1267 2901 expellendam
1297 2829 1501 2885 addidit
1531 2829 1760 2901 Angelos
1789 2836 1843 2900 et
1876 2841 2066 2901 omnes

465 2907 684 2975 spiritus
718 2905 939 2969 beatos,
965 2898 1293 2975 addiditque
1319 2903 1335 2932 ¹
1373 2915 1563 2975 omnes
1609 2900 1662 2953 in
1714 2898 1914 2953 aeterna
1957 2898 2063 2951 vita

465 2973 758 3032 collocatos
777 3019 791 3041 ,
819 2973 1022 3030 addidit
1061 2975 1113 3028 in
1144 2988 1306 3027 carne
1336 2973 1483 3025 vivos
1503 3012 1517 3035 ,
1545 2980 1600 3025 et
1634 2977 1797 3024 totam
1824 2980 2065 3024 sanctam

467 3047 764 3103 Ecclesiam
804 3045 1050 3100 omnibus
1082 3045 1136 3098 in
1163 3043 1308 3098 omni
1338 3060 1434 3097 suo
1458 3043 1600 3097 bono
1626 3047 2060 3096 succurrentem:

387 3151 398 3156 -
466 3128 554 3189 et,
586 3118 726 3189 quod
756 3116 1047 3171 maximum
1077 3113 1416 3189 est,_Filium_
1455 3129 1611 3189 suum
1647 3111 1883 3189 .misitin
1911 3109 2064 3189 auxl-

467 3181 620 3254 lium,
650 3205 808 3258 quem
838 3197 978 3241 tanta
1011 3202 1106 3255 pro
1133 3184 1286 3258 nobis
1315 3185 1417 3253 pati
1448 3182 1704 3258 decrevit,
1731 3190 1784 3258 et
1811 3181 2066 3258 interpel-

467 3251 694 3314 latorem
724 3251 1366 3321 constituitcontinuum,
1396 3271 1554 3324 quem
1589 3253 1783 3307 direxit
1810 3261 1866 3304 ut
1896 3251 2062 3319 inspi-

467 3332 731 3385 rationem
762 3347 870 3384 sua:
899 3329 1110 3398 pietatis
1138 3330 1355 3398 (pra-ter
1373 3342 1530 3395 quam
1558 3325 1688 3398 nihil
1715 3324 1934 3398 creavit,
1966 3336 2064 3375 ne-

469 3403 668 3456 minem
695 3394 938 3468 salvavit)
972 3415 1074 3453 non
1100 3394 1464 3468 expellamus,
1495 3412 1599 3449 non
1635 3394 1925 3468 fugiamus.
1955 3408 2064 3446 non

469 3472 822 3538 fastidiamus,
846 3465 940 3526 sed
963 3465 1211 3524 omnibus
1230 3468 1602 3538 adjuvantibus
1627 3465 1849 3519 liru'titer
1870 3472 1920 3517 et
1942 3478 2062 3517 cum

457 3546 755 3614 gratiarum
783 3544 992 3597 actione
1023 3540 1430 3614 tcitezttl'tus._Sic
1449 3539 1602 3614 culpa
1627 3548 1806 3590 nostra
1827 3544 1930 3600 est,
1957 3549 2064 3588 non

468 3610 832 3670 creaturarum
873 3614 924 3666 in
969 3613 1222 3667 auxilium
1257 3610 1410 3663 nobis
1439 3611 1752 3663 tributurum
1775 3647 1791 3673 ,
1829 3622 1934 3659 non
1964 3620 2062 3657 au-

467 3687 632 3740 ctoris
663 3685 791 3739 nihil
824 3683 1044 3756 injuste,
1073 3683 1168 3756 sed
1201 3683 1295 3756 pie
1311 3681 1536 3756 volentis
1557 3722 1572 3746 ,
1605 3689 1660 3756 et
1700 3679 1751 3731 in
1791 3676 2063 3756 omnivo-

468 3756 671 3812 luntate
701 3772 793 3810 sua
819 3745 1216 3824 orituipotentis'.
1263 3752 1362 3817 Qui
1408 3745 1586 3824 itaque
1631 3751 1682 3804 in
1726 3745 2064 3824 confessione

469 3827 568 3883 ista
596 3820 987 3891 animadvertit,
1017 3835 1107 3878 aut
1133 3824 1319 3878 saltem
1341 3830 1526 3876 contra
1556 3822 1654 3875 ista
1679 3820 1886 3887 culpam
1910 3832 2060 3891 suam

470 3914 575 3953 non
598 3897 916 3961 defenderit,
945 3890 1037 3964 per
1062 3895 1428 3966 paenitentiam
1453 3901 1810 3966 consequetur
1829 3890 2058 3943 veniam.

471 3969 598 4024 lltec
619 3979 703 4024 est
725 3984 847 4022 vera
879 3961 1205 4035 ptenitentia,
1235 3981 1352 4035 qua:
1373 3965 1449 4019 sic
1467 3973 1549 4018 est
1571 3961 1840 4035 fructifera
1865 3977 1876 4012 :
1903 3975 2061 4029 quam

470 4040 625 4094 nobis
652 4031 910 4093 concedat
933 4039 1021 4106 qui
1055 4047 1196 4090 totus
1221 4031 1302 4089 est
1325 4051 1449 4088 vera
1479 4031 1862 4106 misericordia.

540 4108 765 4165 CAPUT
788 4105 1056 4163 Χγιιᾳδδ.
1078 4107 1376 4160 Ρωηὶιεηιὶιι
1396 4122 1528 4158 sera.
1556 4105 1684 4170 Qum
1711 4119 1826 4156 vera
1851 4111 2063 4171 etquam

471 4197 609 4235 rara.
666 4180 740 4248 (ὁ)
791 4178 976 4232 Nullus
1026 4180 1200 4247 itaque
1243 4185 1518 4245 exspectet
1556 4173 1771 4248 quando
1809 4173 1918 4241 jam
1950 4187 2056 4226 non

475 4261 652 4321 potest
676 4245 930 4320 peccare.
976 4245 1192 4321 Arbitrii
1231 4248 1372 4301 enim
1400 4254 1604 4321 quaerat
1633 4245 1934 4321 libertatem
1959 4285 1973 4306 ,
2003 4253 2062 4297 ut

476 4313 654 4377 delere
677 4313 840 4390 possit
869 4319 1177 4383 commissa,
1206 4333 1312 4372 non
1337 4313 1852 4390 necessitatetn._Qui
1883 4313 2060 4383 itaque

477 4387 688 4464 priusa
720 4393 950 4464 peccatis
981 4390 1316 4464 relinquitur,
1344 4404 1503 4464 quam
1533 4388 1646 4456 ipse
1669 4387 1968 4464 _relinqua_t,_
1996 4399 2058 4464 ea

475 4455 578 4518 non
613 4455 812 4528 libere,
859 4462 954 4517 sed
995 4455 1147 4532 quasi
1190 4455 1506 4532 necessitate
1546 4455 1884 4532 condemnat.
1913 4455 2062 4532 Licet

475 4537 617 4589 enim
647 4535 782 4588 latro
802 4526 1324 4587 veniam'meruisset
1355 4531 1406 4584 in
1433 4531 1536 4584 line
1557 4529 1624 4584 de
1651 4529 1795 4582 omni
1825 4542 1922 4580 suo
1949 4526 2059 4580 eri-

475 4607 636 4667 mine.
664 4621 767 4660 non
793 4613 970 4658 tamen
992 4603 1140 4658 dedit
1161 4602 1437 4670 haptizatis
1458 4601 1713 4670 peccandi
1737 4608 1790 4653 et
1812 4612 2062 4670 persevef

475 4677 622 4732 randi
671 4677 1063 4731 auctoritatem.
1115 4667 1266 4728 Tunc
1298 4667 1782 4738 enim—baptizatus
1814 4667 1900 4724 est
1922 4709 1937 4733 ,
1968 4667 2059 4736 qui

477 4757 604 4802 tunc
633 4749 860 4817 primum
903 4748 953 4800 in
984 4760 1142 4801 cruce
1170 4743 1442 4798 Christum
1476 4741 1756 4797 confessus
1795 4751 1875 4794 cst
1906 4738 2057 4863 ‘Luc.

478 4835 636 4863 xxnt-
671 4819 786 4863 AM-
823 4818 1135 4863 Pmnitenlia
1164 4816 1306 4863 enim
1337 4815 1382 4863 si
1409 4813 1460 4863 in
1496 4821 1736 4863 extremo
1765 4813 1887 4863 vita:
1931 4812 2057 4863 tiatu

478 4812 645 4885 xxut,
671 4819 786 4889 45).
821 4818 1135 4889 Pmnitentia
1164 4816 1306 4889 enim
1337 4815 1382 4868 si
1399 4813 1460 4889 in
1496 4821 1736 4889 extremo
1765 4813 1887 4889 vitae
1905 4812 2060 4889 _hia_tu

477 4882 771 4955 advenerit,
802 4899 952 4943 sanat
983 4898 1037 4943 et
1067 4887 1256 4942 liberat
1283 4886 1334 4938 in
1364 4885 1632 4955 ablutione
1667 4883 1952 4955 Baptismi:
1988 4882 2060 4935 ita

477 4961 616 5030 quod
649 4953 764 5014 nec»
787 4958 1404 5030 purgatoriumrsentiunt
1440 4955 1528 5024 qui
1569 4954 1620 5030 in
1651 4955 1754 5030 fi_ne
1777 4953 2060 5030 baptizau-

479 5025 597 5095 tur;
629 5030 721 5084 sed
745 5025 843 5100 ipsi
863 5030 1010 5084 dilati
1042 5029 1194 5083 bonis
1225 5037 1422 5100 sanctae
1451 5026 1636 5100 matris
1671 5025 1942 5100 Ecclesiae,
1975 5038 2064 5100 re:

477 5093 683 5170 cepturi
704 5093 826 5155 sunt
851 5100 1128 5168 multiplex
1161 5100 1354 5152 bonutn
1380 5097 1431 5150 in
1457 5112 1582 5150 vera
1611 5094 1960 5170 beatitudine.
1981 5093 2060 5148 Illi

476 5165 655 5228 autem
696 5173 785 5242 qui
814 5188 934 5228 cum
967 5165 1282 5242 potuerunt,
1317 5183 1583 5236 nunquam
1611 5166 1851 5221 converti
1880 5165 2063 5242 volue-

478 5252 626 5306 runt,
655 5237 1117 5299 conﬁtentes—cum
1141 5241 1250 5311 jam
1281 5254 1501 5309 peccare
1533 5246 1822 5311 nequeunt,
1854 5251 1958 5290 nou
1983 5237 2062 5290 sic

477 5313 636 5372 facile
663 5318 944 5390 acquirunt
969 5313 1109 5390 quod
1137 5309 1350 5390 ;volu_n_t.
1383 5311 1604 5390 Oportet
1628 5309 1771 5364 enim
1810 5314 2062 5390 peccato-

478 5401 616 5452 rem,
639 5382 769 5456 utin
799 5382 1110 5456 pcenitentia
1134 5382 1436 5456 fructificet,
1465 5389 1751 5456 ut_mo_rtuo
1777 5382 1942 5456 vitam
1964 5382 2065 5431 im-

477 5449 670 5529 petret.
701 5449 970 5528 Scriptura
1013 5463 1096 5513 est
1132 5455 1306 5524 enim,
1333 5452 1454 5509 sine
1491 5451 1753 5508 charitate
1793 5449 2064 5507 neminem

543 5591 715 5666 {Visa
739 5589 933 5666 αᾴάίιξέἐ
956 5589 1146 5666 ειρίῖυε·
1343 5663 1345 5666 ,
1820 5657 1829 5664 .

542 5650 620 5788 go;
643 5653 690 5701 Id
704 5650 803 5715 est,
825 5653 1022 5727 scilicet.
1048 5650 1060 5656 ’
1343 5663 1345 5666 ·
1820 5657 1829 5664 ’

478 5715 875 5832 πὼῗῗινωη.
897 5716 1012 5770 dist.
1041 5715 1095 5780 7,
1115 5726 1222 5779 cap.
1245 5710 1431 5769 Nullus.
1471 5709 1505 5764 4
1539 5715 1676 5765 sent.
1701 5708 1815 5763 dist.
1839 5707 1921 5775 ω,
1959 5718 2067 5773 cap.

1913 231 2282 293 APPENDIX.

3603 234 3746 292 ιω

2159 353 2364 405 salvum
2389 360 2512 404 esse
2534 347 2576 416 (l
2607 347 2724 404 Cor.
2751 360 2863 409 xm,
2888 343 2970 416 2).
2997 341 3114 399 Non
3148 344 3326 418 itaque
3352 347 3406 402 in
3431 349 3552 405 solo
3582 351 3744 406 timo-

2157 437 2219 476 re
2256 420 2386 474 vivit
2407 420 2587 475 homo.
2616 421 2783 487 Quem
2805 436 2938 490 ergo
2965 436 3088 474 sero
3115 421 3359 488 panitet,
3387 430 3604 488 oportet
3637 440 3742 478 non

2157 491 2332 546 solum
2361 492 2550 546 timere
2581 492 2744 546 Deum
2769 492 3024 558 judicem,
3053 491 3146 546 sed
3176 502 3230 545 et
3249 492 3452 560 justum
3478 492 3739 560 diligere:

2160 578 2267 617 non
2291 563 2538 616 timeatur
2564 579 2660 630 pro
2687 578 2863 631 paena,
2891 563 2984 616 sed
3011 572 3220 616 ametur
3241 578 3337 631 pro
3361 565 3552 631 gloria.
3579 566 3745 620 Debet

2161 635 2303 689 enim
2333 633 2516 688 dolere
2543 634 2612 687 de
2631 635 2873 698 crimine,
2897 645 2952 686 et
2971 633 3038 688 dc
3065 634 3212 686 omni
3239 636 3356 702 ejus
3380 635 3630 702 praedicta
3654 652 3743 688 va-

2160 703 2367 758 rietate.
2399 705 2552 769 Quod
2593 705 2843 774 quoniam
2875 706 2961 758 vix
2993 705 3146 766 licet,
3175 705 3242 758 de
3284 705 3399 774 ejus
3429 706 3602 760 salute
3627 710 3740 761 Au-

2159 777 2432 844 gustinus'
2465 778 2632 844 potuit
2651 777 2915 830 dubitare.
2944 775 3119 828 Credo
3138 777 3277 844 quod
3307 777 3432 830 ille'
3457 779 3545 845 qui
3571 779 3704 831 dixit
3730 821 3745 844 ,

2165 845 2638 918 Quacumquehora
2649 857 2880 916 peccator
2895 848 3190 918 ingemuerit
3207 859 3253 901 et
3279 864 3547 902 conuersus
3575 851 3744 918 fuerit,

2161 921 2263 970 vita
2291 919 2412 970 vivet
2437 917 2652 987 (Each.
2704 934 2884 979 xxxnt,
2919 917 3034 986 l2);
3066 918 3196 971 dixit
3245 917 3588 984 conversum,
3639 937 3742 974 nou

2165 995 2368 1058 tantum
2400 1005 2614 1043 versitm
2646 990 2842 1044 vivere.
2881 987 3104 1043 Versum
3135 989 3344 1056 quidem
3381 1000 3506 1056 puto
3530 993 3622 1058 qui
3649 992 3745 1043 do-

2161 1057 2237 1113 let
2256 1059 2324 1112 de
2359 1061 2616 1124 crimine;
2644 1076 2963 1114 conversum
2983 1101 2998 1121 ,
3043 1060 3131 1127 qui
3179 1060 3324 1114 dolet
3355 1061 3422 1114 de
3450 1057 3598 1114 omni
3625 1064 3743 1130 ejus

2162 1145 2321 1199 quam
2351 1132 2696 1198 exposuimus
2726 1133 3002 1184 varietate.
3051 1130 3284 1184 Vertitur
3310 1147 3338 1184 a
3381 1143 3620 1198 peccato.
3653 1134 3740 1201 qui

2159 1201 2269 1269 jam
2304 1201 2415 1254 vult
2439 1202 2708 1256 dimittere
2753 1213 3024 1270 peccatum
3061 1219 3074 1251 :
3117 1202 3474 1264 convertitur,
3513 1205 3603 1270 qui
3633 1207 3742 1271 jam

2166 1280 2308 1326 totus
2335 1283 2390 1326 et
2417 1275 2636 1326 omnino
2664 1273 2906 1334 verlitur,
2939 1273 3026 1341 qui
3055 1273 3164 1340 jam
3196 1289 3298 1325 non
3329 1283 3531 1327 tantum
3561 1289 3744 1342 pmoas

2164 1357 2270 1396 non
2307 1343 2518 1409 timet',
2546 1343 2640 1397 sed
2668 1345 2734 1398 ad
2775 1343 2972 1397 bonum
3005 1344 3170 1396 Deum
3191 1343 3212 1374 ⁵
3247 1343 3463 1398 festinat
3499 1345 3744 1403 tendere.

2163 1413 2294 1481 Qua:
2321 1417 2603 1468 conversio
2629 1415 2674 1468 si
2702 1415 2983 1483 contigerit
3027 1414 3188 1468 alicui
3214 1416 3372 1469 etiam
3405 1417 3456 1468 in
3491 1416 3620 1481 line,
3649 1417 3746 1470 de-

2165 1486 2488 1556 sperandum
2520 1501 2624 1540 uon
2655 1494 2736 1539 est
2761 1485 2828 1540 de
2853 1485 2970 1554 ejus
2995 1485 3330 1540 remissione.
3356 1485 3462 1540 Sed
3490 1489 3745 1556 quoniam

2163 1555 2252 1609 vix
2292 1557 2372 1611 vel
2404 1572 2526 1610 raro
2551 1566 2634 1610 est
2662 1566 2767 1610 tam
2790 1556 2931 1625 justa
2969 1559 3285 1623 conversio,
3329 1555 3626 1612 timendum
3665 1567 3750 1612 est

2165 1625 2234 1680 de
2261 1640 2384 1681 sero
2415 1629 2724 1696 paenitente.
2755 1628 2924 1694 Quem
2947 1629 3090 1681 enim
3113 1629 3330 1682 morbus
3355 1639 3530 1698 urget,
3559 1639 3612 1683 et
3637 1645 3752 1699 po:-

2165 1712 2234 1751 na
2263 1707 2447 1761 terret,
2477 1699 2544 1752 ad
2571 1714 2750 1752 veram
2779 1699 2865 1752 vix
2893 1699 3072 1753 veniet
3100 1699 3546 1764 satisfactionem,
3575 1703 3750 1754 maxi-

2164 1783 2252 1822 me
2277 1784 2406 1840 cumﬁ
2428 1769 2521 1823 ﬁlii
2546 1784 2680 1840 quos
2707 1770 2889 1824 illicite
2913 1769 3099 1822 dilexit
3129 1780 3422 1839 prtesentes
3455 1772 3587 1837 sint,
3615 1787 3750 1826 uxor

2165 1848 2219 1894 et
2249 1839 2480 1895 mundus
2507 1839 2574 1894 ad
2596 1850 2879 1895 sevocent.
2912 1840 3104 1894 Multos
3142 1841 3280 1895 solet
3303 1844 3544 1896 serotina
3577 1845 3750 1909 paeni-

2167 1912 2332 1965 tentia
2384 1911 2655 1981 decipere.
2687 1911 2792 1966 Sed
2831 1914 3080 1980 quoniam
3113 1911 3255 1966 Deus
3300 1927 3514 1982 seraper
3559 1924 3752 1982 potens

2165 1990 2266 2045 est,
2297 1998 2511 2052 semper
2539 1992 2712 2051 potest
2730 1983 2891 2037 etiam
2924 1983 2980 2036 in
3007 1992 3178 2037 morte
3199 1984 3387 2049 juvare
3408 1984 3606 2052 quibus
3635 1985 3750 2052 pla-

2166 2063 2269 2123 cet.
2300 2051 2431 2108 Cum
2463 2055 2637 2122 itaque
2665 2067 2800 2123 Opus
2829 2053 2900 2108 sit
2939 2069 3048 2108 non
3097 2053 3350 2118 hominis,
3380 2051 3474 2109 sed
3504 2054 3604 2109 Dei
3635 2051 3751 2110 fru-

2167 2122 2353 2178 ctifera
2383 2122 2725 2192 paenitentia;
2751 2126 3011 2196 inspirare
3035 2140 3152 2180 eam
3178 2133 3358 2195 potest
3381 2127 3754 2195 quandocum-

2167 2209 2271 2264 que
2301 2197 2408 2250 vult
2434 2212 2528 2250 sua
2564 2196 2950 2260 misericordia,
2987 2207 3043 2250 et
3071 2212 3413 2250 remunerare
3440 2213 3504 2250 ex
3538 2199 3751 2252 miseri-

2166 2266 2348 2320 cordia
2376 2283 2510 2336 quos
2533 2268 2790 2321 damnare
2819 2277 2992 2336 potest
3017 2283 3080 2322 ex
3105 2267 3331 2336 justitia.
3362 2267 3466 2322 Sed
3493 2270 3751 2337 quoniam

2169 2339 2334 2391 multa
2361 2347 2486 2391 sunt
2513 2355 2632 2407 qua:
2660 2337 2956 2406 impediunt
2981 2349 3036 2393 et
3067 2339 3405 2407 languentem
3438 2339 3749 2406 retrahunt,

2170 2409 2676 2477 periculosissimum
2703 2418 2787 2463 est
2815 2419 2868 2463 et
2893 2411 3127 2464 interitui
3157 2410 3406 2471 vicinum,
3431 2410 3496 2462 ad
3521 2421 3751 2465 mortem

2169 2480 2483 2547 protrahere
2521 2481 2846 2549 paenitentiae
2886 2481 3201 2536 remedium.
3249 2480 3356 2536 Sed
3387 2497 3641 2550 magnum
3672 2490 3753 2536 est

2169 2551 2253 2603 cui
2295 2551 2434 2604 Deus
2456 2561 2581 2606 tunc
2616 2553 2858 2620 inspirat.
2891 2552 2946 2606 Si
2987 2553 3106 2622 quis
3131 2560 3213 2606 est
3251 2552 3408 2621 igitur
3447 2554 3537 2621 qui
3567 2568 3752 2608 veram

2171 2630 2298 2676 tunc
2351 2632 2555 2691 quaerat
2599 2624 3004 2691 paenitentiam,
3057 2632 3330 2690 exspectet
3376 2624 3467 2677 Dei
3509 2624 3752 2678 clemen-

2171 2691 2297 2746 tiam
2319 2693 2339 2724 ⁸
2358 2735 2371 2756 ,
2399 2695 2654 2762 majorem
2681 2695 2915 2748 sentiens
2939 2694 3030 2750 Dei
3059 2693 3349 2749 bonitatem
3370 2711 3464 2748 sua
3491 2697 3749 2764 nequitia.

2240 2764 2464 2820 CAPUT
2508 2765 2687 2836 ξίγιιι.
2729 2766 2816 2819 54.
2865 2765 2984 2836 Igm'
3021 2765 3337 2835 purgationis
3379 2766 3597 2819 obnoxia
3642 2782 3755 2819 cera

2171 2836 2475 2904 paenitentia.
2503 2834 2675 2890 Parma
2695 2834 3157 2907 teternwj’usue.(u)
3172 2835 3276 2890 Sed
3295 2836 3502 2890 etiamsi
3530 2852 3755 2891 conver-

2170 2919 2262 2960 sus
2289 2907 2395 2960 vita
2423 2909 2586 2969 vivat,
2618 2917 2802 2961 etnon
2835 2909 3092 2961 moriatur
3120 2923 3135 2962 :
3167 2923 3270 2961 non
3312 2916 3488 2962 tamen
3525 2909 3754 2977 promit-

2171 2977 2332 3032 timus
2372 2978 2512 3047 quod
2540 2977 2732 3032 evadat
2762 2993 2975 3033 omnem
3004 2993 3215 3048 penam
3248 2994 3260 3030 :
3294 2994 3416 3032 nam
3445 2979 3594 3047 prius
3620 2995 3752 3049 pur-

2166 3049 2371 3120 gandus
2391 3060 2473 3104 est
2503 3050 2623 3120 igne
2649 3051 3100 3120 purgationis,qui
3129 3050 3181 3103 in
3202 3049 3344 3103 aliud
3365 3051 3623 3103 saeculum
3643 3051 3755 3104 dis-

2170 3120 2289 3173 tulit
2339 3119 2569 3175 fructum
2635 3119 3019 3176 conversionis.
3075 3120 3173 3174 llic
3229 3132 3406 3178 autem
3461 3121 3601 3191 ignis
3653 3121 3755 3176 etsi

2169 3199 2401 3246 mternus
2444 3207 2548 3246 non
2590 3191 2782 3258 fuerit,
2822 3192 2959 3245 miro
2989 3199 3166 3246 tamen
3199 3192 3358 3246 modo
3399 3201 3484 3247 est
3529 3194 3750 3262 gravis:

2168 3264 2382 3316 excellit
2424 3263 2566 3317 enim
2599 3277 2810 3317 omnem
2851 3278 3062 3332 paruam
3103 3278 3260 3332 quam
3292 3279 3523 3332 unquam
3567 3278 3754 3331 passus

2170 3343 2250 3386 est
2291 3334 2482 3403 aliquis
2522 3335 2574 3388 in
2604 3334 2703 3388 hac
2729 3337 2856 3388 vita.
2908 3333 3188 3403 Nunquam
3223 3335 3274 3388 in
3303 3349 3466 3389 carne
3496 3345 3646 3388 tanta
3676 3336 3755 3389 in-

2168 3413 2326 3458 venta
2351 3414 2434 3458 est
2463 3421 2619 3475 paena
2659 3405 2822 3472 (licet
2857 3406 3116 3459 mirabilia
3157 3405 3301 3476 passi
3341 3407 3448 3459 sint
3487 3414 3754 3475 martyres

2171 3485 2455 3540 tormenta,
2485 3486 2539 3530 et
2561 3476 2708 3530 tnulti
2737 3477 2982 3545 nequiter
3011 3476 3240 3546 iniqui),
3271 3486 3466 3545 quanta
3494 3491 3644 3546 saepe
3669 3493 3755 3530 su-

2168 3547 2456 3601 stinuerint
2477 3549 2754 3616 supplicia.
2784 3547 3007 3602 Studeat
3035 3563 3162 3616 ergo
3191 3548 3269 3601 sic
3295 3549 3519 3616 quisque
3559 3547 3753 3602 delicta

2167 3619 2458 3687 corrigere,
2491 3630 2548 3672 ut
2591 3628 2710 3688 post
2739 3629 2965 3672 mortem
2999 3633 3103 3672 non
3134 3629 3379 3687 oporteat
3425 3632 3642 3687 pcenam
3673 3628 3750 3672 to-

2169 3688 2363 3759 lerare.
2387 3689 2640 3755 Qumdam
2662 3691 2802 3743 enim
2831 3699 3048 3759 peccata
3080 3699 3227 3754 sunt,
3251 3704 3370 3758 quae
3397 3700 3523 3744 sunt
3549 3698 3755 3744 morta-

2168 3758 2259 3820 lia,
2287 3770 2342 3814 et
2367 3761 2417 3814 in
2441 3762 2750 3828 panitentia
2778 3758 2911 3814 fiunt
2929 3761 3153 3815 Venialia
3171 3761 3214 3825 ⁸,
3241 3775 3343 3814 non
3371 3769 3546 3817 tamen
3574 3760 3752 3814 statim

2167 3841 2373 3885 sanata.
2401 3833 2556 3900 Saepe
2575 3831 2788 3902 quidem
2814 3847 2956 3901 mger
2984 3839 3303 3895 moreretur,
3332 3832 3432 3886 nisi
3455 3832 3754 3886 medicare.

2167 3909 2274 3969 tur,
2306 3918 2405 3957 nec
2443 3904 2620 3957 statim
2660 3911 2919 3958 sanatur:
2951 3903 3167 3972 languet
3203 3903 3472 3966 victurus,
3520 3903 3614 3972 qui
3643 3911 3757 3956 erat

2166 3975 2482 4028 moriturus.
2531 3976 2628 4042 Qui
2674 3984 2851 4028 autem
2885 3975 3227 4043 impmoitens
3255 3974 3502 4039 moritur,
3534 3973 3756 4028 omnino

2166 4046 2412 4108 moritur,
2443 4054 2498 4100 et
2538 4047 2861 4100 :eternaliter
2883 4048 3169 4099 cruciatur.
3199 4043 3300 4111 Qui
3335 4045 3478 4100 enim
3510 4045 3757 4113 impaui-

2169 4125 2286 4169 tens
2315 4119 2511 4180 linitur,
2539 4117 2582 4170 si
2619 4132 2836 4185 semper
2869 4118 3107 4181 viveret,
3152 4131 3364 4184 semper
3389 4125 3672 4185 peccaret;
3703 4123 3757 4168 at

2167 4187 2259 4240 Dei
2282 4200 2364 4242 est
2392 4187 2696 4242 miserentis
2723 4187 2866 4256 quod
2889 4198 3142 4256 operatur
3160 4186 3318 4242 finem
3343 4189 3614 4256 peccantis
3640 4205 3655 4239 :
3689 4186 3758 4239 ob

2166 4257 2268 4312 hoc
2297 4261 2454 4313 etiam
2486 4260 2600 4312 sine
2637 4259 2742 4310 fine
2781 4268 3076 4328 torquetur.
3125 4258 3257 4326 Quia
3313 4275 3582 4328 nunquam
3617 4258 3755 4312 dita-

2166 4337 2252 4382 tur
2300 4331 2496 4384 virtute
2528 4331 2567 4395 ¹,
2593 4345 2806 4398 semper
2843 4331 3031 4399 plenus
3056 4330 3366 4400 iniquitate,
3390 4346 3607 4399 semper
3643 4331 3756 4385 sine

2165 4400 2456 4465 charitate,
2504 4410 2777 4470 torquetur
2843 4402 2960 4456 sine
3027 4399 3161 4454 fine.
3221 4399 3409 4454 Omnia
3470 4403 3569 4455 ista
3623 4401 3755 4453 mala

2166 4473 2365 4526 devitat
2403 4472 2712 4542 paenitentia
2734 4513 2749 4538 ,
2789 4487 2908 4542 qua:
2945 4471 3185 4527 dolorem
3227 4487 3442 4542 semper
3472 4473 3676 4542 expetit
3704 4471 3756 4526 in

2165 4558 2460 4670 ρωὲἓίδυΤ
2514 4612 2652 4668 XIX.
2700 4614 2790 4670 55.
2833 4612 3151 4668 Pmnitentiae
3196 4624 3419 4685 etymon.
3459 4615 3566 4685 7(b)
3623 4613 3760 4669 Con-

2166 4685 2313 4741 tinue
2339 4687 2481 4741 enim
2525 4685 2811 4740 dolendum
2843 4697 2922 4739 εει
2951 4685 3018 4739 de
3053 4684 3304 4754 peccato,
3333 4684 3475 4756 quod
3525 4684 3758 4741 declarat

2167 4758 2280 4827 ipsa
2327 4757 2573 4812 dictionis
2602 4757 2791 4812 virtus.
2851 4757 3119 4811 l’mnitere
3172 4755 3314 4828 enim
3353 4755 3492 4822 est,
3545 4770 3752 4828 ptenam

2168 4825 2350 4884 tenere
2379 4847 2391 4881 :
2422 4838 2479 4883 ut
2521 4843 2732 4894 semper
2785 4829 2967 4892 puniat
3012 4829 3063 4880 in
3107 4843 3167 4883 se
3212 4825 3558 4893 ulciscendo,
3615 4825 3750 4898 quod

2167 4901 2436 4955 commisit
2465 4898 2752 4970 peccando.
2770 4899 2931 4954 Ptena
2958 4899 3098 4953 enim
3127 4900 3342 4970 proprie
3367 4899 3748 4974 diciturlaesio,

2233 5015 2252 5046 ί
2278 5017 2426 5066 Abest
2446 5029 2475 5063 a
2497 5022 2624 5072 Mss,
2648 5027 2764 5074 vox,
2790 5012 3092 5074 Augustinus.

2235 5079 2256 5140 ἕ
2278 5079 2349 5126 sic
2367 5087 2469 5128 MSS.
2496 5083 2550 5125 At
2571 5077 2688 5125 editi
2711 5074 2896 5126 τεῖνεᾰο
2917 5074 3114 5140 quidem
3133 5074 3224 5126 illi.

2235 5139 2257 5172 ³
2279 5147 2384 5190 Mss.
2410 5141 2661 5197 omittunt,
2684 5151 2794 5188 non.

2189 5255 2192 5257 _
2231 5199 2255 5233 ⁸
2277 5209 2540 5259 Gratianus,
2568 5201 2653 5252 sed
2676 5202 2740 5250 ad
2763 5201 2936 5251 bonum

2233 5265 2256 5297 ³
2277 5267 2525 5327 Gratianus
2549 5277 2561 5312 :
2585 5263 2632 5327 si
2654 5263 2766 5327 quis
2783 5271 2851 5313 est
2873 5261 3000 5327 enim
3022 5262 3106 5326 qui
3127 5276 3214 5327 per
3237 5274 3401 5314 ueram
3432 5259 3756 5327 penitentiam

2171 5331 2414 5390 exspectat
2438 5325 2527 5377 Dei
2549 5322 2865 5390 clementiam,
2876 5322 3045 5390 sentiet
3058 5322 3307 5390 majorem,
3333 5322 3505 5375 eiciar
3524 5333 3650 5390 M_ss.:
3674 5322 3760 5390 sed

2171 5384 2402 5451 magnum
2443 5395 2514 5439 est
2559 5387 2640 5439 cui
2685 5398 2814 5451 Deus
2845 5384 2956 5451 tunc
2983 5384 3191 5451 irrepirat
3232 5384 3398 5438 veram
3435 5384 3760 5451 partitth

2173 5447 2366 5518 queide
2384 5456 2606 5515 expectat
2632 5450 2722 5500 Dei
2738 5447 3138 5512 misericordiam,
3159 5450 3393 5513 majorem
3412 5447 3640 5512 sentiens,
3664 5455 3754 5502 etc-

2237 5513 2260 5547 ⁸
2280 5521 2387 5564 Mss.
2414 5520 2466 5564 et
2486 5515 2750 5564 Gratianus.
2778 5511 2956 5563 vitalia.

2237 5578 2261 5640 ἵ
2285 5584 2414 5640 Mss,
2435 5575 2549 5640 quia
2559 5575 2740 5640 θυίναιρβ
2763 5574 2998 5640 privatur.

2240 5637 2315 5700 (α)
2338 5639 2370 5688 4
2384 5637 2518 5688 sent.
2541 5639 2656 5688 dist.
2677 5637 2888 5700 Ἅλυι).
2906 5637 2954 5688 si
2976 5649 3104 5700 vero.

2179 5693 2762 5829 Qlébzuq‘emwsui,
2795 5693 2902 5764 αἱρ.
2935 5699 3236 5754 Paetum.
3273 5697 3394 5754 Ibid.
3425 5698 3539 5752 dist.
3575 5697 3626 5762 6,
3654 5706 3757 5759 etp.

3992 5759 3993 5822 ι

3992 5823 3993 5888 l

3991 5899 3993 5968 ί

3991 6233 3993 6285 ι
