4076 6370
505 237 1802 267 W

1803 219 2724 252 μ--η--ᾤ

2743 210 3763 262 W

1485 271 2794 427 PSALTERIUM‘”.

565 464 790 519 Domine
835 463 1001 534 Deus
1026 463 1363 534 omnipotens
1382 505 1398 530 ,
1429 463 1540 517 Rex
1571 463 1587 493 ¹
1631 468 1844 534 aeternte
1871 461 2075 531 gloriae,

491 537 582 606 qui
606 551 726 589 eum
758 533 1036 603 cognoscis
1063 531 1272 606 beatum
1305 549 1424 589 esse
1452 534 1644 598 virum,
1675 532 1762 600 qui
1793 531 1938 606 viam_
1957 546 2078 600 pee-

491 603 728 662 eatorum
757 619 1039 673 spernens,
1075 603 1243 672 legem
1277 613 1658 672 prteceptorum
1690 603 1940 673 tuorum”
1965 617 2076 655 me-

491 676 691 731 ditatur
720 672 805 729 die
833 691 893 728 ac
926 683 1112 737 nocte;
1161 673 1292 728 doce
1322 689 1406 726 me
1437 681 1768 741 peccatorem
1816 672 1907 726 tibi
1953 687 2074 726 cum

491 755 604 802 toto
660 746 824 799 corde
875 754 929 799 et
977 745 1170 798 timore
1223 752 1276 797 et
1325 753 1558 798 tremore
1590 743 1817 797 ﬁdeliter
1845 743 2070 807 servire,

491 826 547 871 et
591 832 774 871 vocem
823 831 996 870 meam
1039 823 1090 868 te
1138 814 1409 868 humiliter
1456 815 1790 867 invocantem
1831 812 2070 867 exaudi:

489 895 546 943 et
561 887 643 941 'ita
672 886 1087 940 clementissime
1117 885 1330 938 auribus
1360 885 1572 953 percipe
1596 885 1756 939 verba
1787 898 1940 947 mea;
1971 890 2028 936 ut
2051 882 2073 914 ³

490 956 888 1027 délinquentem
933 956 982 1027 in
1041 956 1116 1027 ira
1175 954 1366 1027 furoris
1418 955 1491 1008 tui
1540 969 1783 1027 nonume
1837 953 2072 1027 derelin-

490 1023 745 1098 quasfnc
789 1026 1002 1098 quando
1051 1026 1140 1080 ille
1179 1025 1441 1098 insidians
1477 1025 1875 1094 antiquissimus
1905 1023 2072 1098 hostis

489 1094 664 1168 rapiat
692 1108 746 1151 nt
775 1094 858 1151 leo
887 1097 1116 1150 animam
1166 1111 1361 1168 meam,
1410 1095 1533 1168 dum
1562 1111 1674 1168 nou
1709 1104 1792 1168 est
1832 1095 1921 1163 qui
1952 1094 2073 1168 red-

493 1165 624 1224 imat
648 1185 820 1238 neque
849 1168 937 1238 qui
963 1168 1164 1220 salvum
1198 1166 1371 1238 faciat.
1404 1165 1508 1238 sed
1537 1176 1611 1231 tu,
1645 1165 1886 1238 Domine,
1919 1165 2071 1234 Cujus

490 1254 687 1294 nomen
714 1237 1025 1292 admirabile
1051 1247 1133 1292 est
1154 1237 1208 1291 in
1230 1237 1366 1291 coelo
1388 1245 1441 1289 et
1462 1237 1512 1290 in
1542 1246 1701 1299 terra,
1728 1237 1798 1290 ita
1820 1246 2074 1291 converte

491 1310 763 1364 inimicum
795 1324 972 1363 meum
1000 1317 1312 1373 retrorsum,
1343 1315 1400 1360 ut
1427 1307 1722 1360 infirmetur
1750 1314 1805 1361 et
1834 1315 2014 1375 pereat
2042 1321 2074 1360 a

491 1380 626 1436 facie
647 1389 732 1433 tua
755 1398 766 1432 :
794 1396 858 1434 ne
886 1395 1113 1447 unquam
1138 1379 1345 1432 irretire
1366 1377 1538 1430 valeat
1561 1377 1762 1448 laqueis
1780 1377 1946 1448 igneis
1963 1376 2076 1448 ani-

491 1463 632 1505 mam
655 1466 848 1514 meam,
875 1464 1048 1516 neque
1065 1449 1288 1516 sulphur
1307 1457 1356 1502 et
1380 1448 1595 1515 spiritus
1617 1447 1965 1516 procellarum
1989 1447 2076 1500 0b-

493 1464 632 1505 mam
655 1466 848 1514 meatu,
875 1464 944 1504 ne
982 1464 1048 1503 ue
1065 1464 1288 1516 sutpnur
1307 1464 1356 1502 et
1380 1464 1595 1515 spiritus
1617 1464 1965 1516 procellarum
1989 1464 2076 1500 on-

493 1521 757 1592 glomeret
786 1536 890 1575 me.
933 1464 1036 1573 ged
1062 1517 1312 1586 propter‘
1339 1518 1510 1586 inopis
1539 1519 1806 1592 miseriam
1832 1527 1886 1571 et
1904 1517 2076 1592 gemi-

491 1587 605 1673 Eum
633 1593 882 1673 pauperis
913 1603 1386 1673 nuncuexsurgcns
1428 1589 1633 1658 respice
1672 1597 1725 1642 et
1744 1587 1938 1670 exaudi
1966 1603 2072 1673 me,

492 1658 890 1731 Domine,'quia
918 1661 1197 1714 consilium
1244 1660 1418 1728 inopis
1461 1668 1515 1731 et
1553 1673 1675 1728 spes
1708 1659 1823 1727 ejus
1861 1674 1939 1731 es.
1968 1658 2077 1731 Fac

491 1748 603 1801 me,
633 1729 800 1796 Deus,
831 1733 899 1784 ita
942 1731 1144 1800 ingredi
1169 1731 1284 1801 sine
1310 1730 1536 1796 macula,
1579 1738 1634 1785 et
1670 1729 1879 1801 operari
1911 1729 2072 1801 justi-

491 1799 643 1866 tiam,
674 1813 730 1872 ut
769 1803 934 1872 gratia
964 1799 1344 1856 misericordiae
1373 1809 1484 1872 tuae
1500 1801 1570 1854 sit
1595 1816 1715 1872 pars
1749 1799 2076 1872 hmreditatis

491 1888 648 1928 mete.
673 1869 890 1927 Custodi
912 1887 998 1926 me
1020 1881 1076 1926 ut
1093 1872 1348 1942 pupillam
1371 1871 1532 1937 oculi,
1557 1881 1611 1925 et
1632 1869 1732 1925 sub
1753 1869 1941 1942 umbra
1963 1871 2076 1924 ala-

491 1959 610 1998 rum
634 1953 840 1997 tuarum
864 1953 1081 2012 protege
1099 1940 1190 1996 me
1211 1960 1222 1994 :
1243 1943 1362 2010 quia
1387 1951 1440 1996 tu
1461 1956 1520 1995 es
1541 1941 1707 1996 virtus
1729 1955 1877 2012 mea,
1893 1940 2075 1995 ﬁrma-

491 2023 731 2069 mentum
766 2011 943 2068 meum
962 2021 1016 2068 et
1036 2013 1295 2081 refugium
1328 2012 1559 2066 meum”.
1580 2012 1662 2065 Ab
1695 2011 1912 2066 occultis
1941 2012 2077 2067 meis

491 2084 686 2138 munda
715 2100 821 2150 me,
857 2085 1096 2146 Domine,
1133 2095 1186 2136 et
1225 2083 1292 2138 ab
1334 2082 1520 2136 alienis
1559 2096 1718 2150 parce
1763 2097 1918 2135 servo
1961 2091 2073 2136 tuo.

494 2155 641 2208 Mitte
668 2155 797 2209 mihi
823 2154 1075 2207 auxilium
1096 2154 1116 2184 ⁸
1142 2153 1210 2207 de
1237 2162 1440 2217 sancto,
1466 2162 1520 2208 et
1542 2151 1864 2208 desiderium
1886 2153 2078 2207 anima:

491 2240 627 2278 mete
657 2224 829 2279 tribue
855 2223 1004 2277 mihi.
1049 2224 1234 2278 Libera
1266 2239 1349 2277 me
1375 2225 1441 2278 de
1470 2239 1563 2278 ore
1591 2223 1764 2278 leonis
1783 2265 1798 2288 ,
1827 2232 1880 2276 et
1908 2222 2078 2278 deduc

491 2309 581 2348 me
607 2310 701 2363 per
730 2295 946 2349 semitas
970 2294 1190 2363 justitiae
1220 2303 1323 2347 tum
1348 2311 1361 2348 :
1387 2302 1446 2348 ut
1475 2294 1672 2363 possim
1701 2291 1993 2348 ascendere
2023 2293 2077 2348 in

492 2374 729 2419 montem
755 2375 997 2418 sanctum
1024 2372 1206 2430 tuum,
1238 2371 1294 2417 et
1321 2372 1462 2418 stare
1493 2365 1546 2417 in
1583 2364 1701 2417 loco
1731 2371 1917 2417 sancto
1945 2371 2034 2417 tuo
2057 2404 2074 2428 ,

491 2435 750 2489 innocens
769 2435 1016 2488 manibus
1045 2446 1098 2487 et
1126 2433 1324 2487 mundo
1354 2434 1533 2488 corde.
1557 2433 1759 2486 Delicta
1787 2433 2078 2500 iuventutis

491 2519 626 2558 mea:
645 2545 662 2576 ,
695 2504 1112 2576 etignorantias
1142 2518 1290 2557 ineas
1318 2519 1387 2558 ne
1417 2503 1743 2576 memineris.
1777 2503 1854 2576 Ne
1886 2503 2078 2576 perdas

490 2589 612 2629 cum
641 2571 1067 2644 impiis'animam
1095 2588 1290 2644 meam,
1309 2581 1364 2627 et
1390 2587 1458 2628 ne
1482 2571 1659 2644 tradas
1683 2587 1774 2644 me
1795 2574 1846 2626 in
1873 2571 2078 2627 animas

490 2642 924 2714 persequentium
961 2659 1049 2698 me
1080 2659 1094 2697 :
1127 2643 1224 2699 sed
1265 2643 1337 2697 ita
1365 2642 1845 2714 exaudipropitius
1889 2657 2076 2714 vocem

491 2713 886 2784 depreeationis
912 2725 1065 2780 meat,
1089 2723 1146 2768 ut
1171 2714 1508 2769 invocantem
1533 2713 1755 2784 gloriam
1783 2713 1952 2784 sancti
1983 2729 2079 2784 no-

490 2783 652 2840 minis
683 2785 757 2839 tui
788 2784 971 2839 audias
996 2785 1307 2850 clementer,
1341 2792 1394 2838 et
1423 2783 1726 2838 miserearis
1756 2783 1882 2848 mei,
1915 2791 1970 2837 et
1998 2783 2080 2839 in-

491 2855 652 2910 tende
678 2855 832 2923 mihi,
865 2855 1106 2920 Domine,
1137 2863 1197 2908 ut
1225 2869 1447 2924 sperans
1477 2855 1528 2908 in
1561 2864 1613 2908 te
1651 2868 1754 2907 non
1783 2852 2079 2909 eonfundar

490 2926 544 2980 in
567 2934 826 2982 aeternum
848 2942 861 2977 :
882 2925 975 2980 sed
996 2926 1206 2981 remitte
1221 2926 1240 2956 "
1262 2925 1390 2980 mihi
1411 2925 1736 2995 impietatem
1757 2924 1934 2979 cordis
1949 2926 2076 2980 mei.

492 2996 610 3051 Fiat
637 2997 999 3052 misericordia
1027 3006 1116 3050 tua
1135 3038 1150 3062 ,
1183 2997 1440 3062 Domine,
1471 3010 1634 3065 super
1661 3010 1748 3050 me
1768 3036 1783 3060 ,
1816 2995 2078 3064 quemad-

491 3067 708 3122 modum
726 3082 884 3136 spcro
913 3068 963 3121 in
995 3076 1046 3121 te
1066 3085 1079 3120 :
1098 3075 1152 3122 et
1177 3083 1242 3122 ex
1263 3067 1508 3122 omnibus
1537 3066 1793 3135 angustiis
1822 3065 1956 3122 meis
1976 3066 2078 3136 eri-

491 3139 643 3208 piens
673 3135 791 3202 me’,
824 3137 911 3192 dic
949 3138 1140 3192 animm
1169 3153 1335 3202 mete,
1381 3137 1538 3192 Salus
1579 3145 1667 3190 tua
1711 3151 1810 3205 ego
1838 3152 1974 3208 sum.
2011 3135 2081 3192 Et

490 3207 616 3278 quia
643 3210 695 3262 in
720 3208 1051 3278 protectione
1074 3209 1277 3262 alarum
1307 3216 1517 3261 tuarum
1542 3222 1719 3278 spero,
1741 3208 1809 3278 da
1837 3207 1966 3260 mibi
1989 3222 2080 3276 pe-

493 3277 736 3334 titionem
766 3278 944 3332 cordis
970 3279 1094 3344 mei,
1118 3287 1172 3332 et
1201 3277 1416 3332 intende
1447 3279 1497 3331 in
1525 3277 1846 3346 adjutorium
1876 3292 2074 3345 meum,

490 3349 718 3404 Domine
742 3349 882 3404 Deus
910 3349 1094 3403 salutis
1119 3364 1272 3403 mem.
1295 3347 1490 3402 Notum
1516 3347 1598 3402 fac
1624 3347 1749 3401 mihi
1773 3390 1785 3408 .
1815 3347 2037 3402 Domine
2058 3389 2074 3414 ,

490 3419 651 3475 ﬁnem
683 3435 882 3486 meum,
907 3427 960 3474 et
989 3435 1266 3474 numerum
1289 3418 1497 3473 dierum
1527 3434 1763 3472 meorqu
1791 3436 1802 3470 :
1826 3427 1885 3472 ut
1913 3418 2080 3472 sciam

490 3491 618 3560 quid
662 3491 799 3546 desit
827 3489 980 3544 mihi.
1009 3490 1212 3544 Exaudi
1244 3489 1502 3558 propitius
1531 3503 1714 3543 vocem
1746 3488 2081 3560 deprecatio-

489 3558 575 3616 nis
606 3578 758 3628 mean,
788 3571 842 3616 et
869 3560 1002 3616 educ
1027 3576 1112 3615 me
1138 3560 1203 3614 de
1231 3561 1347 3614 lacu
1377 3559 1626 3622 miseriae,
1654 3569 1708 3613 et
1733 3558 1799 3613 de
1828 3560 1938 3613 luto
1979 3559 2078 3614 fte-

490 3632 588 3687 eis.
618 3631 802 3688 Statue
828 3647 990 3700 supra
1019 3641 1221 3700 petram
1246 3630 1409 3700 pedes
1435 3644 1606 3694 meos,
1637 3638 1692 3700 et
1719 3629 1886 3700 dirige
1915 3631 1965 3683 in
1989 3644 2078 3684 se-

491 3703 676 3756 mitam
702 3699 908 3758 rectam
945 3699 1162 3772 gressus
1186 3699 1355 3772 meos.
1389 3700 1444 3754 in
1475 3701 1561 3772 die
1586 3699 1740 3772 mala;
1751 3699 1930 3772 libera
1949 3715 2074 3772 me,

493 3773 738 3837 Domine,
772 3783 830 3826 ut
859 3769 1124 3842 ingrediar
1153 3773 1205 3825 in
1237 3771 1412 3825 locum
1442 3769 2079 3842 tabernaculiiadmirabi-

491 3844 558 3897 lis
579 3844 769 3898 domus
798 3843 886 3898 Dei
903 3839 1061 3912 {quia
1090 3851 1146 3896 tu
1170 3857 1229 3898 es
1252 3841 1390 3896 Deus
1415 3855 1566 3897 meus
1595 3849 1646 3896 et
1666 3839 1917 3912 fortitudo
1937 3856 2076 3912 mea.

492 3913 570 3969 Ne
595 3913 829 3969 declines
857 3910 1069 3982 gressus
1097 3928 1247 3968 meos
1275 3928 1303 3965 a
1333 3913 1416 3966 via
1460 3921 1546 3967 tua
1569 3912 1590 3944 ⁸
1621 3927 1635 3966 :
1669 3921 1726 3965 ut
1749 3910 1963 3982 diligam
1987 3911 2076 3981 ju-

493 3985 714 4052 stitiam,
745 3995 799 4040 et
827 3981 1002 4039 odiam
1031 3985 1382 4054 iniquitatem.
1425 3983 1551 4037 Esto
1577 3982 1704 4036 mibi
1733 3981 1992 4050 refugium
2023 3989 2080 4038 et

494 4056 662 4108 virtus
681 4098 693 4118 ,
727 4056 848 4124 quia
874 4064 930 4109 tu
954 4070 1012 4109 es
1038 4070 1131 4109 rex
1161 4069 1400 4124 magnus,
1425 4068 1584 4122 super
1610 4067 1822 4124 omnem
1855 4061 2075 4107 terram.

492 4124 594 4190 Qui
625 4123 764 4192 regis
793 4139 980 4179 omnes
1009 4125 1061 4178 in
1097 4123 1321 4186 saecula,
1354 4123 1520 4178 libera
1551 4123 1781 4176 animam
1806 4137 1979 4178 meam
2008 4124 2077 4180 de

496 4211 658 4248 manu
685 4195 869 4257 inferi,
901 4210 1020 4248 cum
1047 4193 1314 4260 acceperit
1353 4207 1458 4246 me.
1492 4193 1571 4246 Tu
1611 4201 1786 4246 autem
1814 4208 1936 4248 eum
1964 4209 2078 4248 ma-

494 4265 719 4320 nifestus
749 4264 910 4318 fueris
937 4263 1003 4317 ad
1033 4263 1375 4332 judicandum
1403 4277 1500 4316 nos
1519 4304 1534 4327 ,
1569 4262 1825 4316 miserere
1854 4264 1958 4316 mei
1989 4278 2077 4318 se-

493 4335 727 4391 cundum
771 4349 1014 4404 magnam
1056 4333 1476 4404 misericordiam
1504 4341 1645 4386 tuam
1681 4351 1694 4386 :
1726 4342 1780 4404 et
1821 4332 2079 4404 Spiritum

495 4416 737 4462 sanctum
769 4403 912 4458 tuum
940 4420 1008 4458 ne
1031 4403 1242 4458 auferas
1271 4419 1300 4458 a
1329 4418 1432 4458 me.
1466 4404 1680 4467 Averte,
1707 4403 1946 4472 piissime
1971 4404 2078 4459 Do-

495 4478 671 4540 mine,
702 4477 754 4529 in
797 4475 924 4529 hora
965 4475 1052 4528 illa
1084 4473 1272 4530 faciem
1317 4483 1458 4528 tuam
1489 4489 1519 4528 a
1551 4475 1782 4543 peccatis
1827 4475 1959 4528 meis
1980 4517 1994 4541 ,
2027 4483 2078 4530 et

493 4562 679 4603 omnes
711 4545 1006 4613 iniquitates
1026 4561 1173 4600 meas
1193 4545 1331 4601 dele.
1349 4544 1454 4600 Cor
1475 4545 1730 4599 mundum
1752 4559 1872 4600 crea
1897 4545 1948 4598 in
1968 4560 2076 4611 me,

496 4619 636 4673 Deus
656 4660 670 4681 ,
701 4627 754 4670 et
780 4617 1022 4685 spiritum
1054 4626 1256 4671 rectum
1284 4616 1473 4670 innova
1506 4617 1560 4669 in
1587 4616 1880 4670 visceribus
1904 4616 2036 4670 meis
2061 4634 2075 4670 :

494 4700 551 4743 ut
569 4691 706 4742 sicut
732 4689 866 4742 oliva
887 4686 1155 4742 fructifera
1183 4687 1234 4740 in
1255 4686 1496 4756 paradiso
1515 4685 1610 4740 Dei
1639 4687 1741 4740 mei
1759 4687 1932 4740 oleum
1955 4702 2082 4740 sau-

494 4761 691 4814 ctitatis
733 4759 997 4827 accipiar,
1033 4767 1088 4813 et
1126 4757 1197 4812 ibi
1226 4757 1485 4811 exsultem
1507 4758 1528 4789 ⁸
1554 4771 1673 4810 cum
1699 4756 1896 4820 Jacob,
1930 4764 1985 4810 et
2023 4757 2080 4812 in

496 4841 754 4883 mtcruum
791 4839 938 4885 tzeter
964 4845 1084 4884 cum
1115 4827 1295 4882 Israel.
1329 4827 1481 4882 Salva
1509 4842 1593 4878 me
1625 4827 1676 4880 in
1705 4836 1797 4881 tuo
1824 4827 2038 4881 nomine
2061 4868 2076 4892 ,

495 4913 688 4964 tuaque
699 4894 898 4956 viriute
921 4900 1082 4954 libera
1105 4900 1210 4954 me.
1227 4897 1305 4953 Ne
1321 4896 1630 4966 despexeris
1651 4897 2079 4966 deprecationem

495 4984 691 5038 meam,
720 4970 810 5026 sed
840 4971 1092 5025 miserere
1119 4971 1243 5025 mei.
1272 4969 1418 5023 Mitte
1438 4967 1505 5022 de
1531 4967 1688 5034 caalo,
1707 4975 1760 5021 et
1783 4967 1948 5023 libera
1969 4983 2077 5037 me,

557 5060 571 5090 ¹
595 5058 890 5119 Ms.ttegius,
919 5065 1046 5108 Deus
1067 5061 1224 5117 Pater,
1250 5063 1366 5106 Rex.

546 5119 565 5181 Ἴ
597 5122 631 5181 ._\
640 5122 763 5177 best,
788 5125 994 5181 tuorum,
1007 5132 1046 5181 7a
1065 5119 1212 5181 Regio
1227 5125 1311 5167 us,

550 5179 570 5207 ³
597 5179 736 5241 Idem
753 5173 841 5241 Ms.
863 5180 942 5230 hic
961 5173 1092 5229 addit
1107 5173 1295 5241 fctum;
1335 5186 1388 5229 et
1421 5190 1534 5228 mox
1557 5175 1726 5239 habet,
1766 5173 2079 5241 derelinquia,

492 5255 552 5292 ne
574 5240 767 5304 quando
789 5240 887 5290 ille.

558 5303 690 5366 f'ys.
713 5310 829 5366 Heg.
852 5303 1046 5366 omittit,
1068 5306 1282 5366 propter.

539 5365 577 5435 ,⁵
602 5359 972 5415 Ethaec'omittit
989 5359 1118 5414 idein
1133 5359 1310 5426 codex,
1335 5375 1535 5426 nempe,
1555 5359 1670 5428 quia
1689 5366 1742 5414 tu
1761 5373 1916 5415 es"...
1942 5361 2080 5434 refu-

496 5437 636 5490 gtum
658 5439 836 5475 incum.

559 5486 580 5550 ξ
603 5487 745 5546 alias,
770 5485 1013 5550 angelum.

558 5548 580 5620 ξ
601 5553 682 5620 tus.
703 5543 854 5620 μέθες
865 5552 1053 5620 averte;
1075 5547 1270 5609 omisso,
1286 5543 1425 5599 mihi.

558 5610 582 5670 ἑ
603 5618 681 5658 MS.
710 5610 866 5670 idem,
889 5610 1003 5669 vita.

557 5669 580 5702 ο
597 5676 679 5719 Ms.
704 5669 862 5732 idem,
889 5670 1125 5736 accipiam
1140 5669 1342 5735 qualiter
1363 5669 1614 5723 exsultem.

2189 469 2245 514 et
2277 459 2344 514 da
2371 460 2424 514 in
2455 461 2800 532 opprobrium
2827 459 3208 532 conculcantes
3225 472 3313 516 me
3341 471 3360 512 :
3388 464 3609 532 contere
3634 453 3766 515 den-

2186 539 2266 604 tes
2292 545 2474 584 eorum
2493 529 2554 586 in
2575 548 2666 588 ore
2692 535 2953 604 ipsorum,
2966 539 3020 586 et
3045 529 3318 604 confringe
3331 530 3499 604 molas
3525 531 3759 604 leonum.

2185 600 2327 654 Deus
2355 616 2507 656 meus
2532 619 2588 656 es
2620 612 2676 657 tu
2703 599 2755 658 et
2781 602 3140 658 misericordia
3172 599 3321 664 mea;
3349 601 3552 654 salvum
3577 615 3666 654 me
3686 599 3765 656 fa-

2185 671 2293 724 ciat
2318 671 2533 726 dextera
2565 682 2668 737 tua,
2694 683 2747 728 et
2774 683 3021 742 protegar
3041 687 3071 725 a
3092 671 3390 742 velamento
3416 670 3627 742 alarum,
3646 679 3762 725 tua-

2180 755 2332 804 rum,
2368 755 2488 812 eum
2522 743 2816 798 reddideris
2845 741 3068 812 singulis
3102 741 3392 795 secundum
3423 755 3584 810 opera
3616 741 3763 810 ipso-

2179 826 2321 865 rum.
2379 811 2511 866 Dum
2539 814 2648 867 sitit
2673 815 2724 867 in
2755 824 2804 867 te
2829 816 2845 844 ί
2876 815 3048 866 anima
3079 827 3212 875 mea,
3239 820 3458 881 protege
3485 827 3570 866 me
3588 826 3621 866 a
3640 821 3761 868 con-

2179 890 2339 936 ventu
2367 882 2785 953 malignantium.
2831 884 2962 937 Cum
2988 881 3053 935 ad
3081 890 3133 936 te
3164 883 3336 935 omnis
3363 897 3488 937 caro
3513 883 3758 951 venerit,

2179 967 2286 1005 non
2331 967 2580 1007 amoveas
2609 969 2637 1007 a
2668 970 2752 1008 me
2778 953 3196 1007 misericordiam
3227 963 3368 1006 tuam
3389 995 3404 1019 ,
3434 962 3489 1007 et
3517 953 3763 1023 Spiritum

2179 1029 2419 1077 sanctum
2443 1032 2590 1078 tuum
2615 1040 2680 1079 ne
2704 1025 2914 1078 auferas
2943 1039 2970 1076 a
3002 1039 3088 1078 me
3109 1025 3164 1084 ’ς
3197 1023 3290 1077 sed
3315 1024 3547 1078 illumina
3575 1025 3764 1079 faciem

2181 1101 2322 1164 tuam
2353 1108 2513 1162 super
2538 1111 2642 1148 me.
2667 1095 2988 1164 Prosperum
3015 1093 3116 1148 iter
3137 1093 3219 1148 fac
3245 1094 3394 1160 mihi,
3412 1093 3553 1148 Deus
3574 1095 3770 1148 saluta-

2178 1163 2253 1235 ris
2279 1179 2430 1218 meus
2453 1183 2464 1216 :
2487 1173 2543 1218 ut
2567 1180 2671 1219 non
2689 1163 2974 1220 absurbeat
2990 1180 3075 1220 me
3103 1164 3438 1235 profundum,
3457 1179 3631 1229 neque
3646 1180 3769 1235 ape-

2181 1234 2282 1288 riat
2321 1249 2482 1303 super
2507 1250 2592 1306 me
2634 1245 2825 1306 puteus
2853 1251 2916 1291 os
2954 1252 3128 1290 suum.
3175 1234 3399 1306 Adjutor
3428 1243 3483 1290 et
3513 1234 3769 1292 liberator

2180 1319 2336 1378 meus
2353 1315 2487 1378 esto,
2508 1304 2752 1374 Domine,
2773 1322 2840 1361 ne
2870 1307 3185 1378 tardaveris.
3204 1304 3543 1378 Quoniamiin
3572 1313 3768 1378 tespe-

2180 1389 2243 1428 ro
2262 1416 2277 1440 ,
2309 1375 2532 1447 Domine
2553 1419 2567 1443 ,
2611 1393 2719 1431 non
2748 1377 3042 1433 confundar
3070 1377 3122 1430 in
3154 1385 3433 1430 aeternum.
3462 1377 3593 1432 Cum
3617 1375 3764 1447 judi-

2182 1445 2388 1518 caveris
2408 1447 2656 1516 populum
2676 1458 2846 1512 tuum,
2871 1457 2924 1518 et
2950 1448 3003 1501 hi
3031 1448 3204 1518 quise
3232 1447 3482 1518 elongant
3508 1462 3539 1502 a
3569 1445 3770 1518 teper-

2182 1463 2388 1500 caveris
2408 1463 2656 1516 populum
2676 1463 2846 1512 tuum,
2871 1463 2924 1501 et
2950 1463 3003 1501 tu
3031 1463 3118 1517 qm
3145 1463 3204 1502 se
3232 1463 3482 1518 elongant
3508 1463 3539 1502 a
3569 1463 3623 1503 te
3715 1464 3770 1504 r-

2181 1514 2328 1588 ibunt
2353 1560 2368 1583 ,
2399 1533 2467 1572 ne
2518 1531 2724 1572 avertar
2752 1534 2852 1588 ego
2881 1517 3096 1573 humilis
3123 1517 3294 1573 factus
3323 1517 3599 1574 confusus.
3633 1463 3771 1587 6:0-

2181 1586 2320 1640 niam
2342 1587 2517 1656 justus
2537 1589 2703 1654 judex
2729 1586 2821 1656 es',
2853 1588 3102 1643 bumilias
3131 1599 3178 1643 et
3211 1588 3446 1653 exaltas,
3480 1589 3642 1644 nimis
3665 1586 3770 1646 tero

2181 1656 2368 1727 ribilis,
2389 1668 2443 1712 et
2466 1659 2584 1727 quis
2603 1659 2814 1715 resistet
2841 1660 2935 1714 tibi
2963 1668 3088 1714 tunc
3112 1659 3180 1713 ab
3205 1659 3282 1712 ira
3311 1659 3527 1714 tuaiTu
3548 1675 3606 1715 es
3628 1661 3772 1720 Deus

2181 1726 2271 1797 qui
2302 1726 2714 1801 facismirabilia
2741 1744 2932 1800 magna
2958 1730 3124 1801 solus.
3152 1729 3299 1786 Sicut
3337 1731 3590 1801 populum
3618 1740 3770 1786 tuum

2182 1811 2319 1866 pane
2344 1799 2516 1853 aluisti
2548 1800 2600 1854 in
2627 1799 2863 1868 deserto,
2886 1809 2940 1856 et
2962 1799 3230 1856 desiderio
3253 1815 3350 1856 suo
3377 1799 3485 1856 non
3509 1800 3774 1857 fraudasti

2181 1882 2340 1934 eum;
2373 1869 2442 1923 ita
2472 1885 2558 1925 me
2597 1871 2920 1926 esurientem
2949 1873 3118 1940 gratia
3162 1880 3251 1926 tua
3293 1870 3533 1939 reficiat,
3577 1880 3633 1928 et
3659 1873 3771 1928 cito

2183 1940 2470 2012 przeveniat
2507 1941 2870 1996 misericordia
2899 1949 3010 2012 tua.
3040 1942 3107 1996 Et
3131 1950 3186 1996 tu
3213 1941 3342 1997 mihi
3369 1951 3547 2010 tutor,
3574 1958 3772 2012 panem

2180 2007 2534 2082 lacrymarum
2578 2021 2630 2066 et
2655 2011 3062 2068 amaritudinem
3091 2007 3558 2082 eompunetionum
3576 2007 3770 2070 tribue

2182 2077 2239 2131 in
2261 2077 2519 2152 tempore
2547 2082 2906 2138 tribulationis
2941 2101 2954 2137 :
2984 2091 3040 2137 et
3065 2082 3132 2138 da
3160 2077 3229 2138 de
3270 2092 3417 2152 petra
3443 2084 3619 2139 mellis
3643 2084 3772 2140 dul-

2181 2148 2423 2229 cedrinem
2456 2153 2660 2221 capiam
2690 2153 2911 2208 internae
2953 2148 3293 2229 suavitatis".
3325 2154 3467 2229 Deus
3497 2155 3594 2229 qui
3625 2155 3774 2229 inter

2178 2223 2351 2300 justus
2375 2229 2430 2275 et
2457 2233 2763 2290 peccatores
2789 2233 2979 2279 cuncta
3009 2223 3288 2300 discernis,
3317 2225 3406 2294 qui
3433 2223 3578 2300 solus
3602 2226 3774 2300 csa!-

2185 2292 2421 2371 tissimus
2449 2307 2608 2371 super
2633 2307 2821 2350 omnes
2843 2303 3048 2371 gentes,
3077 2292 3484 2371 miseret-(mei,
3514 2305 3567 2371 et
3594 2295 3772 2371 tribue

2181 2360 2311 2434 mihi
2341 2360 2766 2434 benedictionem
2785 2407 2799 2430 ,
2829 2360 2920 2434 qui
2955 2365 3128 2434 legem
3153 2365 3347 2420 dedisti
3377 2381 3392 2418 :
3426 2367 3638 2420 remitte
3667 2367 3774 2421 ini-

2182 2432 2439 2506 quitatem
2465 2433 2642 2506 cordis
2668 2437 2808 2501 mei,
2837 2432 2892 2490 et
2915 2432 3123 2491 dimitte
3156 2435 3334 2491 omnia
3362 2446 3577 2506 peccata
3603 2451 3728 2492 mea
3752 2455 3770 2493 :

2182 2511 2238 2554 et
2262 2501 2466 2577 salvum
2499 2505 2580 2577 fac
2602 2520 2813 2577 servum
2854 2515 2998 2577 tuum
3025 2506 3168 2562 Deus
3195 2521 3344 2562 meus
3365 2501 3687 2577 'sperantem
3713 2509 3774 2564 in

2183 2579 2255 2626 te.
2277 2573 2418 2628 Deus
2433 2575 2520 2643 qui
2539 2574 2768 2631 fundasti
2785 2576 3078 2632 Ecclesiam
3101 2588 3244 2632 tuam
3261 2577 3283 2608 ⁸
3299 2578 3354 2632 in
3371 2573 3640 2633 montibus
3653 2593 3774 2634 san-

2182 2643 2301 2706 ctis,
2330 2643 2522 2717 inclina
2549 2660 2733 2701 aurem
2766 2657 2905 2702 tuam
2931 2646 2997 2702 ad
3024 2663 3233 2717 precem
3257 2663 3451 2703 meam.
3477 2649 3665 2704 Manus
3683 2663 3774 2705 er-

2182 2726 2250 2794 go
2278 2721 2364 2768 tua
2390 2716 2522 2794 mihi
2545 2718 2857 2794 auxilietur.
2888 2734 2956 2772 ne
2979 2716 3190 2794 avertar
3215 2719 3266 2774 in
3308 2719 3640 2794 humilitate;
3671 2719 3774 2794 sed

2184 2784 2348 2857 libera
2376 2800 2462 2841 me
2491 2787 2557 2842 de
2585 2787 2777 2857 laqueo
2815 2791 3118 2844 venantium
3139 2831 3154 2852 ,
3201 2798 3257 2844 et
3284 2805 3313 2843 a
3344 2791 3496 2844 ruina
3517 2832 3534 2856 ,
3565 2799 3620 2844 et
3659 2791 3776 2846 da-

2184 2855 2364 2927 monio
2387 2855 2682 2927 meridiano
2704 2874 2719 2910 :
2744 2867 2805 2913 ut
2829 2858 3096 2927 plantatus
3123 2861 3174 2914 in
3205 2859 3366 2916 domo
3393 2855 3603 2915 Domini
3631 2861 3776 2918 sicut

2184 2925 2356 2992 palma
2394 2925 2649 3000 floream,
2681 2925 2898 3000 etsie‘ut
2925 2930 3116 2985 cedrus
3136 2972 3151 2995 ,
3182 2945 3300 3000 qua:
3325 2941 3407 2988 est
3444 2931 3495 2985 in
3524 2931 3726 2986 Libano
3751 2973 3770 3000 ,

2183 3009 2395 3076 merear
2421 2997 2759 3076 multiplicari
2788 3001 2842 3076 in
2865 2997 3244 3076 longitudinem
3266 3001 3495 3076 dierum.
3519 3002 3651 3058 Esto
3669 2997 3774 3058 mi;

2183 3063 2240 3118 hi
2268 3065 2527 3136 refugium
2548 3063 2642 3135 ,et
2679 3071 2933 3125 auxilium
2957 3063 3099 3140 spei'
3119 3087 3257 3142 meae
3277 3114 3293 3138 ,
3324 3072 3466 3128 Deus
3499 3088 3653 3128 meus
3670 3115 3688 3142 ,
3713 3081 3774 3129 et

2182 3150 2276 3210 rex
2297 3151 2527 3210 magnus
2541 3154 2702 3208 super
2721 3155 2933 3197 omnem
2956 3150 3172 3197 terram.
3196 3141 3326 3196 Cum
3346 3141 3775 3210 judicaveris’or-

2183 3207 2304 3262 bern
2336 3216 2492 3282 terrae
2518 3209 2571 3282 in
2588 3207 2858 3279 mquitate,
2876 3220 2931 3266 et
2955 3212 3177 3282 populos
3203 3213 3257 3267 in
3274 3207 3493 3269 veritate
3523 3223 3630 3278 tua,
3651 3214 3775 3271 luce

2183 3279 2403 3358 perenni
2432 3279 2677 3358 perfruar
2709 3297 2830 3358 eum
2855 3279 3046 3352 iustis,
3074 3291 3129 3338 et
3153 3298 3272 3358 cum
3299 3283 3459 3358 rectis
3484 3283 3650 3340 corde
3677 3285 3774 3340 la:-

2183 3349 2296 3402 titia
2331 3367 2344 3403 :
2376 3349 2546 3406 salvet
2586 3367 2672 3407 me
2696 3349 2914 3409 dextera
2958 3349 3079 3418 tua,
3127 3362 3181 3409 et
3221 3354 3494 3410 brachium
3522 3364 3774 3412 sanctum

2184 3427 2353 3473 tuum.
2382 3420 2484 3488 Qui
2509 3421 2664 3476 sedes
2688 3439 2849 3493 super
2875 3423 3182 3492 Cherubim,
3203 3424 3287 3480 fac
3311 3441 3397 3481 me
3420 3439 3540 3481 esse
3567 3427 3619 3480 in
3649 3442 3777 3482 con-

2184 3496 2485 3566 speetu_tuo
2513 3508 2634 3566 cum
2663 3495 3016 3566 exsultatione
3048 3512 3062 3548 :
3096 3505 3154 3549 ut
3176 3495 3546 3566 perambulem
3569 3497 3592 3529 ⁵
3620 3497 3676 3552 in
3697 3498 3776 3553 in-

2183 3563 2426 3616 nocentia
2451 3564 2628 3618 cordis
2653 3565 2758 3620 mei
2781 3565 2836 3619 in
2864 3565 3041 3620 medio
3061 3563 3251 3621 dom—us
3277 3581 3432 3622 meae.
3457 3566 3575 3622 Non
3596 3567 3774 3623 adhtn-

2182 3639 2299 3687 reat
2319 3632 2447 3686 mihi
2473 3648 2567 3689 cor
2588 3649 2805 3707 pravum
2833 3653 2845 3688 :
2869 3635 2963 3691 sed
2984 3636 3091 3690 sint
3115 3637 3252 3692 oculi
3274 3637 3378 3691 mei
3399 3652 3562 3707 super
3581 3638 3771 3695 fideles

2183 3712 2395 3776 sanctos
2419 3713 2576 3776 tuos,
2607 3714 2665 3759 ut
2693 3706 2909 3762 sedeam
2943 3722 3062 3776 eum
3094 3707 3172 3762 eis
3198 3706 3476 3762 ambulans
3503 3723 3604 3776 per
3630 3709 3772 3764 viam

2185 3772 2597 3841 immaculatam,
2616 3791 2735 3831 cum
2755 3775 3138 3846 disperdideris
3161 3792 3258 3847 per
3279 3772 3538 3845 judicium
3554 3779 3626 3836 de
3651 3779 3772 3835 civi-

2185 3851 2294 3918 tate
2325 3853 2410 3898 tua
2440 3859 2628 3918 omnes
2655 3847 2744 3916 qui
2770 3863 2914 3902 nunc
2933 3848 2954 3878 ⁸
2974 3857 3264 3917 operantur
3289 3849 3644 3918 iniquitatem.
3669 3851 3772 3906 Do.

2185 3914 2347 3979 mine,
2370 3914 2560 3969 exaudi
2591 3914 2886 3972 orationem
2907 3914 3104 3985 meam,
3136 3928 3191 3974 et
3219 3914 3421 3974 clamor
3445 3935 3600 3975 meus
3627 3921 3695 3976 ad
3720 3930 3771 3977 te

2188 3985 2381 4062 veniat.
2410 3985 2525 4062 Non
2546 3997 2756 4062 avertas
2781 3988 2967 4062 faciem
2994 3998 3137 4044 tuam
3161 4005 3190 4044 a
3213 4005 3300 4045 me
3324 4008 3336 4044 :
3360 3990 3412 4062 in
3435 4005 3774 4062 quacumque

2184 4055 2270 4112 die
2292 4057 2534 4132 tribulor,
2559 4057 2754 4132 inclina
2773 4059 2841 4114 ad
2861 4076 2948 4132 me
2967 4075 3150 4132 aurem
3173 4069 3336 4116 tuam.
3363 4055 3633 4132 Propitius
3655 4055 3772 4118 esto

2185 4126 2430 4182 omnibus
2458 4127 2822 4201 iniquitatibus
2850 4131 3003 4194 meis,
3027 4131 3335 4201 redimeque
3361 4131 3429 4186 de
3457 4126 3675 4188 interitu
3696 4133 3775 4188 vi-

2183 4205 2514 4270 tamimeam.
2539 4200 2680 4254 Satia
2711 4200 2762 4254 in
2794 4200 2947 4255 bonis
2966 4200 3288 4256 desiderium
3317 4217 3514 4257 meum.
3563 4203 3663 4270 Qui
3685 4217 3771 4259 re-

2184 4269 2346 4343 spicis
2375 4269 2429 4323 in
2459 4277 2654 4343 terram
2677 4310 2691 4334 ,
2723 4280 2776 4326 et.
2805 4270 2934 4343 facis
2955 4287 3081 4343 eam
3112 4281 3372 4335 tremere,
3402 4273 3494 4343 qui
3540 4269 3772 4330 eduxisti

2185 4341 2436 4462 pepulum
2467 4351 2609 4393 tuum
2639 4341 2691 4393 in
2719 4342 3069 4396 exsultatione
3088 4383 3104 4407 ,
3137 4352 3191 4396 et
3227 4341 3433 4400 electos
3461 4345 3511 4397 in
3545 4343 3728 4398 laetitia
3747 4382 3768 4411 ,

2206 4424 2269 4462 ac
2294 4425 2380 4462 me
2407 4409 2677 4462 custodire
2721 4411 2971 4462 iudicium
3001 4421 3052 4462 et
3080 4412 3330 4462 iustitiam
3376 4413 3428 4462 in
3455 4414 3603 4462 omni
3633 4425 3768 4462 tem-

2206 4413 2269 4463 ac
2294 4425 2380 4464 me
2407 4409 2677 4465 custodire
2714 4411 2971 4480 judicium
3001 4421 3052 4466 et
3073 4412 3331 4480 justitiam
3376 4413 3428 4466 in
3455 4414 3603 4468 omni
3633 4409 3771 4470 tem;

2185 4494 2314 4548 pore
2347 4498 2361 4534 :
2393 4481 2528 4555 educ
2550 4496 2636 4535 me
2670 4480 2738 4536 de
2765 4482 2996 4536 tenebris
3025 4491 3080 4537 et
3104 4482 3291 4555 umbra
3317 4485 3506 4540 mortis
3525 4527 3550 4555 ,ν
3587 4494 3646 4538 ut
3674 4501 3768 4555 pa—

2184 4558 2303 4604 rato
2332 4551 2492 4623 corde
2532 4559 2742 4623 cantem
2765 4593 2779 4616 ,
2809 4563 2860 4607 et
2889 4555 3150 4623 psalmum
3176 4553 3346 4608 dicam
3375 4556 3490 4609 tibi.
3521 4554 3632 4610 Fac
3655 4551 3768 4611 me-

2185 4636 2304 4676 cum
2346 4621 2553 4692 signum
2581 4623 2634 4676 in
2662 4622 2854 4677 bonum
2884 4621 3099 4692 propter
3126 4624 3545 4679 misericordiam
3587 4637 3644 4681 et
3672 4641 3768 4680 no-

2185 4707 2308 4746 men
2335 4701 2481 4746 tuum
2516 4709 2530 4746 :
2564 4703 2620 4748 ut
2648 4693 2700 4747 in
2723 4693 3094 4762 splendoribus
3120 4704 3443 4760 sanctorum,
3463 4697 3516 4750 in
3545 4697 3771 4753 consilio

2181 4762 2442 4834 justorum
2469 4771 2522 4818 et
2539 4765 2970 4834 congregatione,
2983 4764 3186 4834 justitia
3214 4780 3330 4819 mea
3358 4776 3573 4822 maneat
3597 4769 3650 4822 in
3673 4783 3772 4822 sat-

2185 4833 2362 4906 eulum
2389 4834 2601 4906 saaculi,
2630 4843 2688 4906 et
2717 4833 2884 4906 eernu
2909 4833 3088 4906 meum
3114 4836 3379 4891 exaltetur
3405 4837 3458 4891 in
3484 4838 3677 4906 gloria.
3708 4838 3771 4893 Et

2185 4903 2312 4958 dum
2339 4919 2425 4958 me
2448 4904 2692 4959 suscitari
2715 4904 2940 4976 jusseris
2960 4905 3025 4960 de
3053 4916 3191 4960 terra
3218 4906 3450 4976 inopem,
3472 4903 3612 4963 etde
3636 4917 3770 4963 ster-

2184 4989 2310 5048 core
2325 4976 2562 5048 erexeris
2589 4990 2894 5048 pauperem,
2914 4975 3222 5048 benedicam
3250 4986 3303 5032 te
3315 4975 3384 5032 ex
3403 4977 3504 5033 hoc
3520 4987 3575 5034 et
3602 4993 3771 5048 usque

2185 5045 2239 5118 in
2265 5046 2538 5118 sarculum,
2559 5055 2612 5099 et
2639 5055 2762 5118 tunc
2791 5047 3024 5116 placeam
3051 5047 3144 5102 tibi
3167 5047 3220 5102 in
3243 5049 3462 5118 regione
3483 5045 3727 5104 vivorum
3753 5063 3770 5111 ;

2183 5114 2456 5185 disrumpe
2481 5116 2689 5170 vincula
2715 5114 2831 5172 mea
2855 5159 2868 5181 ,
2901 5127 2956 5173 et
2981 5119 3239 5172 confirma
3269 5114 3357 5174 me
3381 5119 3434 5173 in
3463 5119 3776 5176 misericor-

2184 5185 2271 5242 dia
2296 5183 2409 5241 tua.
2428 5183 2562 5242 Cum
2591 5187 2647 5244 in
2669 5187 3007 5244 tribulatione
3033 5189 3348 5244 invocavero
3378 5197 3432 5245 te
3451 5231 3468 5258 ,
3500 5190 3729 5247 Domine
3750 5231 3771 5260 ,

2248 5355 2370 5420 ξω.
2397 5353 2588 5420 Regius,
2609 5352 2810 5420 cmﬁdit
2829 5356 2880 5405 in
2901 5360 2966 5406 te.

2247 5419 2269 5488 ξ
2291 5425 2414 5488 Haec
2423 5415 2662 5488 oausam
2683 5415 2858 5488 eodem
2882 5424 2986 5488 βε),
3004 5415 3768 5488 videlicet,.ts‘t§piritwn...ame.

2247 5479 2269 5542 ξ
2291 5487 2373 5529 Ms.
2392 5479 2583 5542 Regius,
2623 5477 2863 5542 accipiam
2883 5477 3012 5530 intra
3035 5491 3113 5530 me

2244 5540 2270 5574 ⁸
2292 5549 2372 5592 Ms.
2393 5539 2524 5603 idem
2546 5539 2758 5603 omittit,
2775 5548 2941 5603 tuam;
2965 5548 3017 5603 et
3030 5553 3164 5602 mox,
3181 5545 3229 5590 et
3249 5539 3452 5592 antina.

2247 5603 2270 5666 Ρ
2293 5610 2374 5653 Ms.
2400 5601 2548 5663 idem,
2573 5601 2866 5666 perambulet
2894 5601 3056 5654 auium
3077 5601 3200 5653 mea.

2245 5665 2268 5696 ⁸
2286 5666 2450 5725 Abest,
2472 5677 2599 5714 nunc
2613 5699 2628 5724 ,
2651 5677 2680 5712 a
2700 5669 2786 5715 Its.
2810 5666 2978 5727 Regio.

583 5752 636 5818 φ
660 5759 710 5818 tu
731 5719 1018 5803 ante'editisr
1029 5719 1330 5818 inscriptum
1684 5753 1935 5818 Augustin.
1969 5719 2288 5818 Hipponensis
2309 5719 2549 5818 episcbpi,
2555 5719 2684 5818 quod
2702 5749 2843 5798 matri
2868 5719 2972 5800 sua
2991 5749 3278 5812 composuit.
3300 5763 3324 5798 ι
3362 5755 3419 5800 At
3437 5740 3490 5801 in
3511 5757 3594 5804 ΗΒ.
3619 5746 3767 5814 Regio

620 5807 635 5882 ζ
659 5813 732 5866 sic
754 5826 767 5864 :
795 5829 820 5864 ι
841 5817 1009 5880 Incipit
1025 5807 1308 5866 Psalterium
1319 5816 1452 5874 beati
1465 5817 1656 5864 Joannis
1672 5807 1806 5877 Parii:
1827 5813 1974 5878 (forte
2012 5807 2076 5863 ii

2191 5807 2366 5862 factum
2383 5807 2508 5871 apud
2531 5807 2757 5862 Viennae.
2768 5822 2792 5856 ι
