4076 6370
359 463 502 522 H57

267 569 278 652 ξ
356 576 552 652 exaudi
580 591 668 633 me
690 577 744 632 in
772 577 1287 652 latitudinealegem
1308 590 1450 652 pone
1470 576 1596 630 mihi
1620 618 1636 642 ,
1667 577 1887 652 Domine
1910 619 1925 640 ,

357 659 417 702 ut
448 649 625 719 vivam
649 689 661 711 ,
690 657 745 702 et
773 650 885 703 vias
923 650 1142 719 justitiae
1172 658 1273 702 tute
1297 648 1568 716 exquiram
1598 663 1826 717 semper.
1858 649 1935 702 Da

277 735 280 738 ·
356 719 489 773 mihi
529 718 852 772 intellectum
874 761 888 784 ,
921 718 976 773 ut
1003 727 1302 787 perscruter
1329 719 1494 787 legem
1528 729 1668 771 tuam
1690 760 1704 783 ,
1733 727 1788 771 et
1837 733 1932 772 cu-

357 789 586 843 stodiam
609 790 750 843 illam
770 789 820 842 in
844 798 952 842 toto
975 789 1132 844 corde
1158 804 1296 842 meo.
1322 789 1505 842 Erravi
1526 789 1661 843 sicut
1684 789 1798 842 ovis
1816 804 1934 857 quae

355 859 610 929 perierat,
643 859 918 928 requirens
943 860 1107 913 libera
1133 860 1361 913 animam
1391 874 1583 929 meam.
1614 857 1830 912 Custodi
1855 860 1934 912 in-

357 928 576 982 troitum
601 945 775 982 meum
803 939 856 984 et
882 929 1079 982 exitum
1112 945 1320 992 meum;
1343 938 1397 982 ut
1425 931 1476 982 in
1493 928 1651 983 domo
1680 937 1761 982 tua
1791 939 1935 982 stan-

354 1005 437 1052 tes
457 998 564 1053 sint
580 998 744 1070 pedes
769 1000 872 1052 mei
893 1000 950 1070 in
972 1000 1121 1053 atriis
1135 999 1447 1070 Jerusalem.
1467 997 1547 1070 Ad
1566 1007 1617 1052 te
1639 999 1804 1070 levavi
1823 1000 1935 1070 ani-
1977 1049 1982 1052 _

354 1083 497 1122 mam
527 1068 696 1124 meam
714 1078 767 1123 et
785 1069 967 1123 oculos
986 1070 1258 1138 meos,qui
1279 1068 1484 1122 habitas
1514 1069 1564 1122 in
1583 1069 1731 1124 caelis
1752 1086 1763 1120 :
1785 1069 1933 1138 eripe

353 1139 587 1192 animam
614 1154 785 1192 meam
817 1139 883 1192 de
913 1139 1203 1208 muscipula
1227 1141 1243 1170 ⁸
1277 1139 1601 1204 venantium,
1629 1150 1686 1192 ut
1711 1154 1815 1192 non
1841 1155 1935 1194 ex-

355 1209 570 1262 tendam
601 1209 666 1263 ad
703 1209 1034 1277 iniquitatem
1061 1225 1245 1263 manus
1273 1224 1438 1263 meas.
1469 1209 1632 1278 Reple
1658 1208 1847 1277 gaudio
1872 1225 1934 1263 os

352 1293 535 1332 meum
555 1321 569 1344 ,
597 1287 651 1341 et
675 1279 904 1348 linguam
936 1294 1105 1332 meam
1131 1280 1498 1334 exsultatione.
1531 1279 1694 1348 Imple
1721 1279 1932 1334 deside-

351 1348 492 1402 rium
525 1364 699 1414 meum
727 1347 794 1403 de
831 1349 971 1403 bono
990 1389 1004 1409 ,
1045 1357 1100 1403 et
1124 1349 1346 1403 benedic
1376 1365 1460 1403 me
1485 1365 1550 1404 ex
1577 1347 1738 1410 Sion;
1767 1358 1824 1402 ut
1849 1350 1931 1403 vi-

347 1417 507 1488 ‘deam
537 1421 670 1472 bona
708 1435 824 1488 qum
849 1428 970 1472 sunt
997 1420 1049 1472 in
1075 1418 1369 1473 Jerusalem
1405 1437 1417 1471 :
1451 1419 1608 1488 longe
1647 1418 1730 1472 fac
1757 1434 1839 1472 me
1864 1418 1932 1472 ab

351 1486 629 1557 iniquitate
647 1489 688 1541 ³.
714 1487 1039 1542 Fiantaures
1066 1497 1167 1542 tua:
1185 1489 1518 1544 intendentes
1545 1486 1794 1543 invocem
1813 1504 1933 1543 ora-

351 1557 514 1611 tionis
542 1558 680 1612 servi
709 1558 802 1622 tui,
833 1558 1074 1612 Domine.
1102 1558 1216 1612 Non
1240 1561 1309 1612 sit
1331 1560 1614 1612 exaltatum
1640 1574 1732 1612 cor
1757 1574 1931 1613 meum

351 1626 406 1680 in
439 1628 708 1696 superbia,
735 1643 907 1694 neque
932 1629 1054 1682 elati
1085 1629 1191 1681 sint
1217 1629 1356 1682 oculi
1387 1629 1521 1682 mei:
1542 1630 1634 1683 sed
1665 1628 1933 1683 humiliter

351 1698 582 1750 sentiam
603 1739 618 1764 ,
650 1698 820 1752 donec
847 1699 1109 1752 inveniam
1134 1699 1306 1752 locum
1335 1698 1556 1752 Domino
1576 1740 1590 1762 ,
1621 1700 1933 1753 tabernacu-

351 1766 463 1820 lum
487 1768 597 1822 Deo
625 1767 808 1821 Jacob.
835 1767 934 1822 Ubi
963 1768 1223 1822 mandasti
1253 1767 1672 1822 benedictionem
1695 1778 1749 1821 et
1771 1771 1930 1823 vitam

349 1849 521 1906 usque
551 1841 600 1890 in
620 1838 900 1903 saeculum;
924 1837 996 1890 ibi
1024 1839 1272 1892 extollam
1301 1853 1487 1892 manus
1517 1853 1661 1893 meas
1676 1839 1740 1892 ad
1760 1839 1780 1869 ³
1801 1839 1933 1894 San-

347 1914 436 1961 cta
459 1949 475 1974 ,
521 1917 574 1962 et
601 1907 908 1962 henedicam
937 1918 987 1962 te
1013 1909 1103 1977 qui
1141 1908 1345 1978 judicas
1385 1910 1635 1979 populum
1666 1919 1808 1964 tuum
1833 1950 1847 1974 ,
1875 1920 1930 1966 et

346 2017 376 2055 '.
395 2003 432 2080 ’ξ
461 2025 539 2080 Ms.
567 2016 845 2080 Regius,_de
868 2015 1052 2080 laqueo.

406 2079 433 2146 ξ
461 2077 602 2146 Alias,
626 2077 735 2141 m
763 2077 882 2128 bona
906 2077 1015 2129 sum
1048 2078 1335 2142 Jerusalem,
1372 2078 1507 2145 longe
1543 2082 1696 2144 [actm
1723 2081 1785 2132 ab
1803 2082 1933 2133 armi

414 2198 437 2230 ⁸
454 2198 596 2259 Alias,
619 2199 670 2250 in
689 2213 708 2262 ;
726 2207 778 2251 et
799 2214 930 2260 mox,
953 2202 1229 2254 consolaris.

343 2301 1652 2326 m—

1541 465 1609 521 ΙΝ
1643 463 1988 521 CANTICUM
2022 463 2455 522 MAGNIFICAT.

3475 467 3614 524 ηδε

2037 578 2090 631 in
2119 577 2284 632 servis
2327 577 2431 632 tuis
2455 575 2834 632 eonsolaberis.
2863 576 3004 632 Deus
3027 577 3248 634 deorum
3273 587 3327 635 et
3351 579 3611 634 Dominus

2035 647 2392 728 dominorum,
2420 647 2701 728 deflentem
2731 663 2817 702 me
2842 656 2896 728 et
2923 647 3228 728 adorantem
3253 650 3319 704 ad
3347 651 3610 728 templum
3698 681 3714 728 __.-

2043 726 2282 771 sanctum
2311 729 2476 782 tuum,
2505 719 2668 786 proba
2696 733 2802 784 me,
2829 726 2882 772 et
2909 719 3042 773 scito
3070 733 3166 780 cor,
3187 735 3361 774 meum
3397 739 3410 773 :
3443 721 3612 774 inter—

2042 802 2170 858 roga
2197 803 2282 841 me
2300 829 2314 851 ,
2357 797 2412 841 et
2435 803 2695 858 cognosce
2723 788 2938 842 semitas
2967 803 3142 852 meas,
3173 797 3227 842 et
3250 789 3421 844 deduc
3444 805 3530 844 me
3557 789 3613 844 in

2043 857 2124 911 via
2164 865 2381 911 :eterna.
2410 857 2673 912 Conserva
2697 861 2714 890 ⁸
2745 874 2830 912 me
2850 901 2864 924 ,
2892 859 3115 912 Domine
3135 898 3150 923 ,
3195 868 3249 912 et
3277 874 3403 913 erue
3428 875 3515 914 me
3542 859 3614 914 de

2043 929 2538 998 manujpeecatoris,
2559 937 2610 982 et
2636 930 2704 982 ab
2729 929 2974 983 omnibus
2991 929 3182 998 iniquis
3208 929 3369 982 libera
3400 944 3502 983 me.
3523 928 3614 982 Di-

2043 997 2240 1068 rigatur
2270 999 2440 1068 oratio
2465 1013 2580 1051 mea
2616 998 2750 1052 sicut
2777 999 3048 1054 incensum
3085 999 3137 1053 in
3165 1007 3452 1068 conspectu
3476 1006 3570 1068 tuo
3592 1039 3610 1064 ,

2043 1067 2286 1122 Domine.
2323 1067 2470 1122 Educ
2495 1067 2562 1121 de
2587 1083 2798 1122 carcere
2837 1070 3066 1122 animam
3095 1084 3266 1123 meam
3288 1067 3310 1132 ,ί
3344 1068 3409 1122 ad
3439 1067 3612 1122 confi-

2042 1137 2260 1191 tendum
2289 1137 2485 1191 nomini
2516 1147 2625 1204 tuo,
2654 1139 2890 1192 Domine.
2918 1138 3119 1193 Exaudi
3150 1154 3233 1193 me
3261 1139 3313 1192 in
3343 1147 3429 1192 tua
3451 1137 3614 1206 justi-

2043 1207 2134 1275 tia,
2155 1215 2210 1261 et
2234 1222 2338 1261 non
2367 1209 2598 1261 intresin
2621 1207 2877 1275 judicium
2905 1224 3023 1262 cum
3052 1223 3208 1263 servo
3238 1218 3346 1273 tuo,
3369 1209 3611 1262 Domine.

2044 1273 2306 1349 Velociter
2319 1278 2504 1332 exaudi
2523 1273 2634 1341 me,
2647 1278 2886 1349 Domine,
2904 1294 2969 1332 ne
2985 1278 3194 1332 deficiat
3207 1279 3432 1349 spiritus
3441 1292 3612 1331 meus:

2039 1347 2286 1416 quoniam
2305 1358 2358 1402 tu
2383 1363 2441 1402 es
2460 1349 2598 1401 Deus
2621 1363 2791 1414 meus,
2811 1348 3171 1402 misericordia
3195 1347 3330 1412 mea,
3352 1347 3613 1416 refugium

2039 1432 2216 1489 meum
2242 1426 2592 1489 etsusceptor
2613 1433 2798 1489 meus,
2813 1418 3072 1486 Quoniam
3092 1433 3328 1489 magnus
3345 1433 3402 1472 es
3429 1427 3481 1471 et
3503 1418 3617 1489 lau-

2039 1486 2228 1557 dabilis
2260 1488 2435 1553 nimis,
2455 1486 2508 1542 et
2533 1488 2908 1557 magnitudinis
2938 1497 3040 1541 tua:
3067 1502 3170 1540 non
3191 1486 3280 1542 est
3302 1487 3450 1549 finis;
3470 1487 3616 1557 erige

2040 1556 2254 1626 elisum,
2284 1558 2430 1612 solve
2453 1555 2830 1626 compeditum,
2861 1558 3097 1626 illumina
3123 1571 3342 1619 caecum,
3370 1557 3462 1626 qui
3487 1555 3619 1610 aedi-

2039 1625 2165 1680 ficas
2189 1625 2504 1682 Jerusalem.
2542 1625 2673 1682 Cum
2704 1637 2868 1683 auten
2907 1625 3288 1682 confortaveris
3313 1625 3461 1680 seras
3487 1640 3616 1694 por-

2039 1705 2212 1751 tarum
2246 1706 2483 1762 tuarum,
2532 1699 2846 1753 intrinsecus
2891 1713 3012 1752 cum
3058 1696 3180 1750 filiis
3211 1697 3314 1750 tuis
3339 1695 3618 1764 copulatus

2039 1767 2160 1838 sim.
2193 1767 2341 1822 Sicut
2372 1778 2422 1822 te
2450 1768 2666 1822 laudant
2709 1769 2893 1838 Angeli
2915 1809 2930 1834 ,
2959 1777 3012 1838 et
3037 1782 3225 1838 omnes
3251 1765 3486 1820 Virtutes
3514 1772 3619 1838 tua:

2039 1837 2093 1909 in
2123 1853 2286 1909 regno
2313 1839 2568 1893 caelorum
2604 1857 2615 1890 :
2651 1839 2718 1893 ibi
2749 1834 2925 1909 et'ego
2957 1837 3024 1890 ita
3053 1837 3324 1909 exsultans
3353 1850 3472 1890 cum
3499 1834 3617 1902 glo-

2039 1908 2113 1959 ria
2141 1906 2204 1962 in
2229 1908 2393 1964 choro
2421 1919 2722 1964 sanctorum
2745 1951 2760 1975 ,
2792 1906 3082 1976 laudemet
3108 1906 3396 1976 glorificem
3423 1918 3618 1976 nomen

2041 1986 2186 2049 tuum
2215 1979 2266 2032 in
2293 1978 2549 2049 cymbalis
2575 1973 2855 2042 labiorum,
2887 1975 3030 2049 quod
3055 1973 3138 2049 est
3161 1985 3397 2049 sanctum
3425 1982 3479 2029 et
3501 1973 3618 2044 glo-

2035 2047 2258 2174 riolsum‘,
2292 2045 2346 2103 et
2373 2059 2556 2119 regnat
2589 2064 2798 2119 semper
2823 2045 2923 2118 per
2945 2046 3148 2103 inﬁnita
3177 2045 3493 2101 smeulorum
3521 2056 3618 2098 Ste-

2035 2131 2102 2173 cu
2121 2133 2174 2174 a.
2255 2134 2395 2174 men.

2035 2131 2174 2175 Cilla.
2205 2131 2395 2174 amen.

2101 2211 2118 2240 ⁸
2145 2216 2228 2259 Ms.
2251 2210 2442 2273 Regius,
2473 2221 2715 2260 consecro.

3333 2300 3611 2325 αθ

1274 2356 1772 2498 Θαηίίίί
1877 2357 2706 2526 magnificat

1691 2591 2124 2656 EXPOSITIO
2155 2593 2252 2658 (α).

429 2713 497 2769 Ut
512 2727 710 2768 novum
735 2714 788 2768 in
815 2728 1028 2770 carnem
1045 2715 1164 2770 Filii
1179 2715 1273 2770 Dei
1295 2714 1578 2770 adventum
1596 2714 1928 2783 pnndicaret,

353 2783 447 2854 qui
475 2784 742 2854 ingressus
759 2799 896 2839 novo
920 2785 1252 2840 salutationis
1275 2785 1527 2854 obsequio
1546 2783 1812 2854 Virginem
1831 2784 1932 2839 Ga-

349 2853 786 2924 brielveneratur
809 2854 1013 2916 dicens,
1032 2857 1133 2909 Ave
1161 2855 1326 2924 gratia
1352 2853 1522 2923 plena,
1543 2853 1668 2916 etc.’;
1690 2854 1828 2924 Ecce
1841 2870 1933 2907 an-

349 2923 474 2994 cilia
500 2922 702 2977 Domini
732 2922 935 2992 (Luc.t.
968 2925 1038 2980 28
1058 2935 1104 2979 et
1120 2922 1232 2994 38),
1265 2922 1442 2980 statim
1470 2924 1785 2994 adveniente
1809 2923 1930 2992 Spi-

351 2993 461 3046 ritu
487 3003 672 3047 sancto
713 2994 765 3047 in
797 2994 1098 3064 Virginem,
1133 2993 1449 3050 etomnium
1485 2995 1650 3062 gratia
1678 2993 1930 3048 virtutum

349 3073 750 3132 sacrosanctum
777 3064 1131 3119 habitaculum
1160 3065 1211 3118 in
1238 3064 1465 3118 adventu
1489 3067 1504 3094 ⁸
1532 3064 1626 3117 Dei
1657 3064 1928 3132 implente,

349 3130 574 3216 dubium
605 3149 710 3186 non
740 3135 1146 3214 estctelestium
1173 3135 1562 3216 gautliorum'et
1586 3130 1799 3216 :eternae
1825 3133 1934 3216 dul-

349 3203 559 3274 cedinis
583 3219 740 3272 quam
770 3205 956 3258 miram
997 3214 1156 3274 atque
1175 3203 1592 3258 .inenarrabilem
1619 3204 1934 3274 suavitatem

353 3271 520 3341 Virgo
547 3271 657 3343 ipsa
676 3275 941 3344 Concepit,
960 3271 1170 3344 quando
1195 3274 1321 3328 illud
1338 3283 1592 3344 mterntlm
1619 3272 1793 3328 lumen
1811 3288 1933 3328 eum

352 3352 469 3397 toto
486 3342 776 3424 majestatis
797 3342 906 3424 suae
929 3342 1131 3415 fulgore
1152 3345 1208 3424 in
1222 3360 1338 3424 eam
1355 3342 1650 3424 descendit,
1668 3352 1721 3424 et
1735 3345 1933 3424 quem_'

352 3429 462 3483 non
489 3414 628 3482 capit
655 3413 902 3478 mundus,
922 3413 1086 3469 totum
1113 3429 1171 3470 se
1196 3415 1333 3468 intra
1359 3415 1562 3467 viscera
1583 3413 1802 3483 virginis
1819 3414 1931 3467 col-

353 3482 570 3538 locavit.
591 3483 854 3538 Audacter
873 3485 1171 3552 pronuntio,
1191 3485 1329 3554 quod
1350 3498 1447 3554 nec
1468 3485 1576 3552 ipsa
1599 3482 1751 3551 plene
1767 3483 1936 3554 expli-

353 3567 480 3608 care
506 3555 693 3623 potuit,
715 3554 855 3623 quod
871 3570 1064 3623 capere
1087 3553 1270 3622 potuit.
1293 3554 1398 3608 Sed
1427 3553 1622 3622 Spiritu
1640 3562 1826 3607 sancto
1841 3553 1936 3607 do-

353 3631 512 3677 cente
539 3622 797 3678 didicerat
817 3625 893 3678 sic
919 3622 1012 3678 sua
1039 3639 1134 3693 per
1160 3624 1508 3678 humilitatem
1538 3632 1733 3688 tegere.
1757 3623 1936 3692 Surgit

352 3707 503 3754 mox,
526 3702 580 3747 et
599 3694 908 3748 conscendit
928 3695 978 3746 in
997 3703 1245 3748 montana
1261 3694 1475 3748 Judaxe.
1497 3693 1646 3748 Unde
1665 3693 1935 3747 Elizabeth

354 3761 559 3831 Spiritu
588 3773 773 3818 sancto
801 3764 1026 3830 repleta,
1056 3765 1226 3833 qualis
1253 3773 1306 3818 et
1333 3772 1526 3831 quanta
1554 3771 1696 3817 esset
1722 3779 1838 3832 qua:
1868 3763 1936 3818 ad

353 3847 416 3886 se
443 3842 661 3886 venerat
690 3835 920 3902 agnovit.
955 3843 1008 3887 et
1035 3849 1194 3903 quam
1220 3849 1278 3889 se
1309 3834 1576 3903 indignam
1607 3833 1722 3902 ejus
1752 3833 1936 3887 visita-

357 3903 812 3971 tionejudiearet,
834 3902 1242 3972 aperuitdiceus
1275 3920 1288 3955 :
1325 3902 1471 3958 Unde
1491 3904 1584 3956 hoc
1613 3904 1753 3966 mihi,
1776 3912 1831 3955 ut
1853 3919 1934 3957 ve-

353 3972 464 4026 niat
479 3981 635 4025 ntater
653 3973 854 4026 Domini
871 3971 964 4026 mei
979 3974 1046 4026 ad
1058 3990 1134 4026 me
1150 3973 1172 4027 .7
1199 3972 1332 4027 Ecce
1349 3972 1530 4038 (Ibid,
1549 3971 1637 4041 45)
1654 3983 1758 4027 etc.
1791 3972 1938 4028 Tunc

353 4043 432 4095 ait
471 4043 668 4107 Maria,
720 4043 1016 4112 Magniﬁcat
1063 4044 1231 4096 anima
1283 4060 1392 4096 mea
1431 4042 1703 4095 Dominum
1751 4041 1932 4110 (Ibid.,

353 4112 427 4167 46
453 4112 494 4182 ).
527 4113 710 4166 Vidisti
750 4114 1119 4182 majestatem;
1162 4114 1381 4182 gustasti
1419 4114 1730 4168 suavitatem
1767 4129 1780 4164 :
1813 4112 1934 4167 ideo

353 4181 687 4264 quod.intus
731 4181 986 4264 hauseras
1006 4181 1193 4264 rioras
1237 4184 1558 4264 propinasti,
1591 4191 1647 4263 et
1684 4183 1734 4235 in
1776 4183 1936 4250 justi-

356 4253 433 4306 tia
479 4253 592 4321 ejus
639 4253 922 4307 exsultasti
972 4271 983 4304 :
1039 4253 1170 4316 Quia
1219 4255 1480 4307 exsultavit
1527 4253 1731 4321 spiritus
1777 4269 1934 4306 naeus.

356 4271 433 4306 ua
479 4271 592 4321 ejus
639 4271 922 4307 exsuuasu
972 4271 983 4304 :
1039 4271 1170 4316 uma
1219 4271 1480 4307 exsutaavu
1527 4271 1549 4306 s
1588 4271 1731 4305 imus
1777 4271 1934 4306 meus.

356 4321 551 4392 Anima
595 4323 931 4392 magnificat,
984 4323 1200 4392 spiritus
1240 4324 1488 4380 exsultat.
1543 4271 1609 4375 Et
1653 4323 1844 4376 iterum
1875 4322 1934 4389 ³,

357 4391 413 4461 in
441 4389 551 4444 Deo
580 4389 791 4445 salutari
819 4408 926 4445 meo
967 4389 1152 4461 (Ibid,
1181 4393 1294 4459 47).
1330 4394 1467 4448 Deus
1499 4392 1782 4461 potentiam
1803 4434 1818 4457 ,
1849 4408 1936 4445 sa-

354 4460 547 4516 lutaris
586 4460 1001 4517 misericordiam
1047 4471 1210 4516 notat.
1259 4465 1368 4516 Duo
1416 4460 1611 4531 quippe
1659 4470 1783 4516 sunt
1807 4477 1937 4531 quae

358 4532 684 4600 Angelorum
725 4541 778 4587 et
813 4531 1085 4585 hominum
1121 4532 1257 4585 beati
1305 4530 1522 4600 spiritus
1573 4533 1621 4584 in
1667 4532 1756 4585 illo
1797 4530 1938 4586 fonte

356 4600 489 4655 boni
519 4610 716 4656 teterna
742 4603 1188 4671 contemplatione
1215 4602 1492 4660 hauriunt;
1527 4600 1938 4668 incomprehen-

358 4671 531 4725 sibilis
566 4672 768 4726 scilicet
813 4672 1061 4740 majestas
1109 4671 1221 4733 Dei,
1266 4681 1319 4725 et
1368 4671 1649 4724 ineffabilis
1685 4671 1936 4724 bonitas:

354 4755 588 4865 quorum
627 4742 852 4796 alterum
897 4751 1098 4795 castum
1147 4741 1388 4795 timorem
1428 4749 1667 4809 generat,
1713 4740 1937 4793 alterum

397 4812 699 4865 ilectionem
743 4812 899 4865 parit.
935 4811 1035 4864 Pro
1084 4810 1356 4865 maiestate
1399 4818 1719 4864 venerantur
1749 4810 1936 4865 Deum.

397 4812 699 4866 ilectionem
743 4812 899 4882 parit.
935 4811 1035 4864 Pro
1084 4810 1356 4882 majestate
1399 4818 1719 4882 venerantur
1749 4810 1936 4876 Deum,

357 4891 414 4936 et
448 4897 542 4950 pro
568 4879 802 4936 bonitate
840 4890 1055 4934 amant:
1088 4895 1152 4933 ne
1185 4882 1266 4933 vel
1306 4880 1522 4934 dilectio
1550 4879 1663 4950 sine
1692 4895 1941 4933 reveren-

357 4951 431 5005 tia
451 4949 716 5005 dissoldta
743 4953 832 5015 sit,
857 4952 939 5006 vel
966 4952 1260 5006 reverentia
1303 4952 1418 5004 sine
1449 4949 1728 5003 dilectione
1756 4963 1937 5018 paena-

358 5021 450 5076 lis.
479 5021 816 5076 Admirantes
846 5022 985 5075 enim
1015 5021 1257 5090 diligunt,
1286 5031 1340 5074 et
1363 5021 1640 5088 diligentes
1677 5019 1941 5090 admiran-

359 5100 451 5160 tur
481 5110 494 5145 :
521 5100 576 5144 ut
625 5089 1130 5160 inexstinguibiliter
1175 5107 1265 5157 per
1309 5090 1710 5160 admirationem
1759 5089 1942 5144 ardeat

356 5159 598 5226 dilectio,
642 5171 696 5216 et
739 5159 972 5216 suaviter
1002 5162 1054 5214 in
1094 5159 1376 5214 dilectione
1405 5159 1604 5214 ferveat
1640 5159 1938 5214 admiratio.

359 5230 499 5284 Nam
564 5232 684 5301 quia
747 5247 870 5286 eum
926 5246 1082 5301 quem
1136 5230 1355 5292 vident,
1409 5230 1640 5298 perfecte
1695 5244 1938 5301 compre-

357 5299 596 5356 hendere
651 5299 1255 5371 nunquam—sufficiunt,
1298 5301 1351 5352 in
1410 5314 1475 5353 eo
1529 5301 1677 5368 quasi
1715 5314 1808 5368 per
1845 5299 1940 5371 ad-

357 5372 699 5428 mirationem
727 5370 995 5441 evigilant.
1024 5372 1229 5436 Quanto
1268 5377 1443 5423 autem
1473 5371 1824 5441 perspicacius
1859 5370 1941 5441 in-

359 5450 600 5506 tuentur,
642 5452 789 5496 tanto
815 5439 1087 5497 ardentius
1130 5449 1328 5508 amant,
1371 5439 1513 5509 quod
1553 5455 1679 5495 vera
1716 5439 1941 5515 dulcedo

431 5633 434 5636 ‘
467 5627 604 5680 tiqu
626 5617 772 5678 addit,
799 5617 925 5668 Filii.

426 5681 448 5742 ⁸
472 5677 604 5742 Apud
625 5686 892 5742 nugonem,
919 5677 1062 5742 quod.

427 5741 449 5774 ³
470 5739 618 5791 uicus
639 5739 898 5791 mutilatus’.

2039 2727 2120 2772 est
2143 2719 2158 2748 ⁸
2183 2735 2196 2782 ;
2227 2733 2350 2771 vera
2366 2727 2541 2772 autem
2572 2719 2797 2774 dulcedo
2833 2726 3030 2789 quanto
3058 2717 3344 2787 perfectius
3359 2715 3616 2789 sentitur,

2043 2796 2190 2841 tanto
2219 2789 2622 2842 desiderabilius
2647 2786 2928 2858 appetitur.
2957 2789 3037 2842 Ad
3061 2786 3205 2842 hanc
3223 2786 3620 2858 contemplatio-

2041 2858 2123 2909 nis
2165 2860 2332 2910 lueem
2362 2858 2540 2911 Mariae
2578 2856 2732 2912 mens
2773 2859 2977 2912 elevata
3008 2859 3199 2922 fuerat,
3226 2874 3344 2927 qua:
3382 2856 3619 2927 cmlestis

2077 2928 2224 2980 atrim
2252 2927 2584 2981 dulcedinem
2615 2929 2666 2980 in
2696 2929 2930 2990 verbis',
2949 2927 3212 2997 expressit
3242 2925 3395 2997 quam
3426 2925 3614 2997 ineffa-

2081 2997 2218 3051 iliter
2261 2997 2680 3065 comprehendit.
2725 2998 2855 3051 Nam
2885 2995 3108 3052 cum’se
3139 2995 3473 3066 magnificare
3517 2995 3620 3048 Do-

2041 3066 2242 3119 minum
2272 3064 2555 3135 perhibuit,
2586 3067 2935 3122 venerandam
2956 3067 2977 3097 ³
3006 3064 3265 3120 universis
3309 3067 3494 3120 arterni
3524 3081 3621 3118 nu-

2042 3137 2199 3190 minis
2246 3139 2575 3204 majestatem
2626 3139 2830 3192 interna
2878 3137 3080 3192 visione
3124 3137 3362 3190 contueri
3407 3151 3465 3188 se
3505 3149 3621 3188 ma-

2041 3205 2233 3261 nifeste
2283 3207 2601 3273 declaravit;
2656 3224 2776 3262 cum
2826 3223 2953 3260 vero
3004 3222 3062 3261 se
3111 3207 3163 3260 in
3209 3222 3306 3259 suo
3355 3206 3622 3259 exsultare

2041 3277 2260 3331 salutari
2297 3279 2558 3343 asseruit,
2587 3287 2796 3344 gustum
2843 3292 2898 3330 se
2931 3278 3150 3330 internae
3180 3276 3471 3329 dulcedinis
3498 3290 3621 3344 per—

2041 3347 2251 3416 cepisse
2296 3347 2545 3401 ostendit.
2595 3346 2751 3402 Unde
2803 3355 3082 3416 utrnmque
3129 3346 3361 3414 professa
3405 3354 3507 3407 est,
3567 3353 3622 3416 et

2042 3415 2323 3471 Deminum
2363 3427 2418 3471 et
2446 3417 2771 3471 Salvatorem
2806 3434 2816 3468 :
2850 3426 2905 3468 ut
2935 3415 3031 3485 pro
3059 3425 3314 3483 potestate
3345 3431 3441 3484 qua
3473 3415 3621 3485 omni

2042 3500 2152 3540 sua:
2189 3497 2446 3541 creatura:
2481 3487 2803 3548 dominatur,
2831 3484 2950 3556 jure
2990 3486 3325 3556 metuendmn
3366 3484 3620 3556 ostende-

2043 3566 2167 3621 ret;
2201 3573 2298 3626 pro
2323 3558 2556 3611 bonitate
2585 3572 2736 3622 vero,
2769 3553 2887 3624 quia
2919 3553 3619 3626 misericorditerquosdam

2043 3623 2231 3692 salvat,
2273 3627 2489 3696 dignum
2530 3623 2813 3681 dilectione
2838 3624 3284 3696 demonstraretf.
3331 3623 3621 3696 Veritasin

2043 3697 2287 3759 Domino,
2333 3694 2387 3752 et
2426 3697 2478 3750 in
2521 3698 2793 3750 Salvatore
2831 3695 3208 3749 misericordia.
3239 3694 3445 3748 Veritas
3475 3694 3621 3746 enim

2043 3766 2108 3820 ad
2141 3768 2418 3821 Dominum
2453 3769 2700 3836 pertinet,
2733 3766 3098 3836 misericordia
3128 3775 3301 3818 autem
3340 3764 3404 3836 a_d
3432 3765 3620 3836 Salva-

2046 3845 2247 3897 torem;
2295 3839 2344 3890 in
2375 3834 2592 3891 veritate
2621 3846 2796 3891 servat
2823 3845 3056 3890 tenorem
3081 3835 3318 3903 justitim.
3351 3834 3480 3900 Quia
3527 3848 3622 3887 au-

2046 3915 2149 3960 tem
2179 3916 2232 3961 et
2259 3907 2500 3976 qutedam
2526 3907 2758 3961 errantia
2786 3906 3013 3975 gratuito
3040 3906 3103 3958 ad
3131 3905 3292 3976 vitam
3315 3903 3545 3976 colligit,
3565 3911 3622 3956 et

2045 3986 2255 4057 reparat
2275 3973 2340 4031 ad
2370 3978 2712 4057 salvationem
2731 3992 2745 4041 ;
2765 3973 3068 4057 propterea.
3090 3973 3622 4057 magniﬁca-tuus-Dof

2043 4043 2265 4110 minum,
2312 4056 2362 4101 et
2405 4049 2729 4101 exsultamus
2765 4043 2817 4099 in
2855 4043 3069 4098 salutari
3097 4063 3109 4098 :
3133 4043 3620 4114 quiaquibusiest

2044 4117 2334 4172 reverenda
2349 4117 2539 4185 judicis
2556 4117 2776 4185 justitia,
2801 4116 2970 4170 dulcis
2989 4125 3070 4171 eSt
3095 4111 3454 4185 misericordia
3470 4113 3490 4142 ⁸
3502 4111 3623 4185 Sal-

2044 4187 2274 4268 vatoris,
2321 4183 2601 4268 propterea
2647 4185 3058 4268 itiq_uit_Maria,
3101 4183 3397 4268 Magniﬁca!
3439 4184 3611 4268 anima

2045 4273 2155 4310 mea
2180 4252 2548 4322 Dominum,.et
2573 4252 2840 4310 exsultavit
2867 4256 3072 4324 spiritus
3097 4252 3234 4306 metis
3261 4255 3314 4324 in
3344 4252 3450 4305 Deo
3477 4253 3622 4324 sala-

2046 4328 2143 4380 tari
2173 4344 2299 4381 meo.
2335 4326 2478 4382 Unus
2510 4337 2564 4381 et
2590 4326 2726 4381 idem
2753 4322 2970 4393 spiritus
2997 4333 3050 4378 et
3090 4324 3154 4377 ad
3195 4339 3253 4377 se
3297 4323 3467 4391 ipsum
3510 4322 3623 4389 spi-

2044 4397 2178 4451 rims
2196 4398 2407 4461 dicitur,
2430 4397 2562 4450 etad
2589 4411 2782 4463 corpus
2810 4395 3004 4447 anima.
3038 4393 3297 4461 Spiritus"
3325 4393 3621 4463 naturalem

2046 4468 2373 4533 spiritualem
2403 4467 2584 4519 habuit
2608 4462 3033 4527 admirationem,
3057 4465 3230 4516 anima
3247 4462 3578 4533 corporalem
3605 4481 3619 4516 :

2046 4531 2211 4606 quare
2252 4537 2431 4606 anima
2477 4535 2668 4606 dicitur
2713 4535 2948 4606 spiritus,
2995 4546 3048 4585 et
3089 4549 3120 4587 e
3170 4547 3448 4606 converso.
3502 4531 3622 4584 Ideo

2047 4601 2220 4659 anima
2251 4605 2501 4668 humana,
2527 4605 2648 4673 quia
2670 4614 2724 4657 et
2747 4601 2866 4657 esse
2893 4605 2946 4656 in
2971 4617 3196 4671 corpore
3216 4601 3452 4673 liabet__et
3473 4609 3621 4673 extra

2046 4689 2259 4742 corpus,
2295 4668 2716 4749 animavocatur
2753 4682 2807 4749 et
2851 4668 3088 4749 spiritus}
3130 4672 3318 4726 Anima
3349 4668 3540 4749 dicitur
3568 4668 3622 4722 in

2047 4752 2298 4814 quantum
2330 4753 2411 4798 est
2439 4746 2545 4798 vita
2571 4745 2847 4811 corporis;
2891 4743 3106 4812 spiritus
3136 4752 3332 4814 autem,
3365 4743 3415 4814 in
3452 4754 3623 4806 quan-

2050 4809 2156 4888 tum
2185 4824 2265 4868 est
2290 4816 2310 4846 ⁸
2329 4809 2946 4888 substantiaspiritualis'.
2973 4814 3025 4865 In
3042 4826 3151 4888 _qua
3178 4810 3283 4888 vita
3309 4809 3480 4888 anima
3497 4823 3624 4888 per-

2047 4885 2211 4950 ditur,
2245 4895 2302 4939 ut
2329 4886 2546 4954 spiritus
2566 4878 2742 4938 salvus
2764 4887 2868 4946 fiat,
2899 4898 3019 4936 cum
3042 4878 3158 4954 haec
3178 4879 3282 4932 vita
3309 4878 3621 4954 despicitur,

2047 4965 2106 5008 ut
2137 4947 2536 5028 postmoduma
2569 4957 2680 5028 Deo
2703 4957 2808 5028 vita
2849 4963 3044 5028 {eterna
3075 4950 3356 5028 tribuatur.
3397 4947 3501 5000 Sed
3533 4962 3625 5028 suo

2049 5019 2357 5092 nominavit,
2409 5027 2530 5096 quia
2569 5026 2622 5078 in
2663 5021 2881 5078 salutari
2923 5035 3040 5075 suo.
3087 5019 3432 5088 Omnipotens
3477 5019 3623 5071 enim

2048 5179 2080 5229 ά
2112 5119 2134 5228 il
2156 5115 2461 5229 "330,!un
2491 5116 2648 5179 ipsum
2691 5112 2852 5163 videre
2883 5122 3052 5162 sonere
3074 5116 3161 5171 est,
3199 5113 3244 5159 et
3286 5105 3413 5172 quod
3435 5106 3624 5160 videtur

2084 5191 2112 5227 υ
2135 5192 2188 5229 ce
2227 5193 2355 5229 oes.

2084 5181 2255 5230 alcedo
2271 5185 2355 5230 est.

2109 5243 2130 5306 ⁸
2153 5243 2284 5306 Addit
2305 5248 2456 5306 ungo,
2479 5237 2576 5306 suis
2597 5244 2696 5287 tam
2719 5232 3020 5306 mirabiliter.
3078 5293 3091 5306 _

2112 5304 2295 5367 §Alias,
2320 5301 2618 5351 reddendam
2637 5311 2656 5359 ;
2681 5305 2733 5348 et
2753 5301 3132 5367 mox,
3213 5355 3225 5366 .
3295 5364 3322 5367 _
3413 5353 3425 5367 .
3465 5352 3477 5366 _
3547 5352 3560 5366 _

2109 5364 2132 5396 δ
2155 5353 2294 5413 Αόάέ
2307 5376 2369 5412 ex
2394 5370 2589 5424 nugoue
2609 5396 2621 5420 ,
2787 5353 2909 5424 quia
2927 5355 3158 5424 universes
3179 5355 3268 5406 vita
3285 5353 3625 5424 Dom-ini

2047 5425 2263 5490 ricordiq
2277 5431 2321 5474 et
2344 5414 2531 5490 veritis,
2550 5414 2758 5490 perfecta
2780 5414 2883 5470 laus
2905 5425 2973 5468 est
2997 5418 3253 5490 Dominum
3273 5424 3318 5467 et
3339 5414 3626 5468 Salvatorem

2049 5487 2280 5551 conﬁteri,
2306 5499 2415 5535 cum
2432 5479 2602 5554 neritos
2619 5479 2687 5542 in,
2705 5489 2821 5541 ete.,
2842 5479 3212 5530 commendetur.

2112 5551 2132 5580 ⁸
2166 5558 2313 5595 Ηυαο.
2341 5546 2546 5595 cuiltbct.

2166 5558 2313 5597 Ηυαο.
2341 5558 2546 5596 cmtwet.

2113 5612 2133 5642 ⁸
2341 5563 2721 5658 Ἑᾝὲίλιιαωεν
2751 5602 3043 5656 observanda
3078 5601 3429 5653 misericordia.

2111 5674 2131 5704 ’⁷
2151 5679 2314 5720 ’ωευε
2334 5671 2640 5720 denravatus.

2083 5734 2133 5788 :3
2167 5741 2300 5796 nugo
2323 5728 2450 5792 add.,
2472 5729 2650 5780 ratione
2675 5728 2901 5792 prazdita.

405 5885 418 5895 ο
437 5824 512 5886 (a)
531 5827 835 5895 gx,_ttugouis
877 5824 1101 5895 Victorini
1141 5827 1360 5895 Tractatu
1411 5820 1876 5895 super_stagrtiﬁcat
1911 5818 2164 5884 decerpr
2187 5828 2290 5895 per.
2335 5817 2572 5895 incertum
2606 5814 2910 5877 scriptor-an,
2943 5813 3030 5876 qui
3061 5818 3190 5874 Opus
3227 5810 3440 5874 Eugenio
3478 5815 3620 5867 ean-

361 5882 506 5950 εἰώιί
528 5882 788 5934 foedissime
805 5886 1017 5947 corrupit
1035 5892 1087 5934 et
1100 5884 1258 5946 capite
1280 5895 1337 5932 ac
1356 5882 1589 5934 membris
1607 5882 1864 5934 truncavit.
