4076 6370
493 363 638 421 1145

484 476 632 531 valet
655 471 974 543 exprimere.
1002 468 1120 543 Non
1150 468 1292 523 enim
1332 466 1432 521 nisi
1465 465 1587 543 talis
1611 461 2071 543 conceptus-talis-

486 561 595 616 que
636 532 816 617 partus
866 543 1030 597 Deum
1080 540 1366 603 decuerat,
1417 537 1505 607 qui
1548 542 1767 617 venerat
1808 532 2070 617 redimere

487 614 833 686 quosvoluit
872 627 1054 686 creare
1085 628 1131 686 ;_
1170 614 1692 686 creare__pr:nsertini
1754 614 2027 686 majestate
2055 644 2067 668 ,

485 674 751 742 redimere
795 684 1091 738 humilitate
1119 682 1137 711 ⁸
1169 698 1181 734 :
1212 674 1523 733 humilitatis
1567 684 1808 731 naturam
1838 674 1905 729 de
1944 689 2070 728 san-

487 758 723 812 ctificato
753 769 980 824 corpore
1023 766 1240 824 sumens
1278 758 1514 824 sanctam
1540 789 1554 807 .
1595 756 1657 824 et
1674 746 2070 824 immaculatam

486 827 556 882 de
579 817 936 881 immaculato.
972 821 1297 878 lnell‘abilem
1328 820 1470 874 enim
1497 817 1927 873 sanctificationis
1950 831 2071 885 gra-

486 890 616 952 tia'm
644 898 733 965 qui
759 899 779 928 ²
808 893 1187 965 concipiendas
1224 891 1483 965 praebuit,
1507 896 1797 965 conceptus
1827 896 1880 965 et
1900 896 2071 965 _n_atu_s

484 984 597 1024 non
623 956 860 1022 abstulit.
887 956 1015 1033 Quin
1043 956 1295 1033 quantum
1324 962 1377 1015 in
1400 975 1623 1033 corpore
1643 956 1867 1033 valuerit
1900 956 2072 1027 Virgi-

483 1039 573 1094 nis
602 1082 616 1105 ,
650 1039 724 1093 illi
753 1038 851 1091 soli
887 1032 1218 1092 notissimum
1244 1041 1362 1105 est,
1394 1034 1480 1105 qni
1508 1032 1575 1085 de
1612 1032 1724 1099 ejus
1752 1039 1935 1082 natura
1978 1044 2069 1082 na-

486 1101 662 1163 turam
690 1110 922 1177 suscepit
960 1122 1115 1176 quam
1153 1103 1406 1177 condidit.
1437 1101 1540 1157 Per
1561 1117 1718 1171 quem
1737 1108 1810 1177 __te
1832 1113 2029 1177 quaeso
2052 1140 2068 1164 ,

484 1180 742 1246 Domine,
795 1170 913 1248 quia
959 1170 1053 1247 per
1096 1177 1243 1248 illum
1285 1175 1421 1248 bona
1449 1170 1639 1248 cuncta
1686 1170 1905 1235 tribuis,
1945 1186 2070 1248 qua:

488 1260 547 1304 ut
576 1242 773 1304 tribuas
799 1242 987 1319 eligis,
1030 1258 1088 1301 ut
1113 1263 1200 1302 me
1228 1244 1485 1299 inoffense
1518 1244 1583 1298 de
1609 1242 2071 1319 tanta_sanctitat_e

482 1319 630 1389 loqui
661 1312 896 1375 tribuas:
916 1312 1027 1373 Etsi
1072 1333 1174 1373 non
1220 1325 1386 1371 totum
1412 1323 1470 1368 ut
1494 1324 1602 1378 est,
1638 1313 1784 1389 quod
1827 1312 2069 1380 impossi-

479 1386 593 1445 bile
621 1392 766 1445 omni
792 1391 983 1459 linguae
1011 1390 1254 1443 humanae
1276 1395 1357 1459 est
1388 1404 1401 1439 :
1430 1396 1605 1439 tamen
1638 1386 1809 1459 ipsum
1829 1391 2072 1459 exparte

483 1461 627 1529 quod
657 1471 740 1515 est
765 1503 781 1527 ,
810 1454 1014 1514 diéatur
1041 1469 1098 1513 ut
1138 1468 1238 1514 est.
1271 1458 1438 1512 Sonet
1471 1470 1599 1525 ergo
1628 1454 2068 1529 pretiosissimum

482 1524 610 1586 vera
641 1524 993 1601 pretiositate,
1024 1530 1418 1601 sanctissimum
1471 1524 1947 1601 certa'sanctitate,
1968 1524 2073 1601 _in-

483 1594 1008 1657 mstimabilissimum
1032 1600 1335 1655 fidelissima
1378 1598 1613 1651 veritate.
1646 1596 1775 1663 Qum
1813 1595 1932 1663 quia
1967 1594 2071 1649 hu-

481 1686 699 1727 manam
739 1674 997 1727 rationem
1022 1671 1280 1726 excedunt
1313 1712 1327 1737 ,
1357 1668 1584 1738 Spiritus
1620 1678 1739 1722 tuus
1779 1666 1943 1738 adsit,
1979 1666 2069 1738 qui

482 1757 587 1798 suo
630 1758 784 1799 sacro
813 1744 1098 1812 spiramine
1127 1736 1341 1796 inducat
1370 1736 1467 1793 nos
1496 1740 1548 1793 in
1575 1754 1785 1793 omnem
1814 1736 2068 1812 dicendo-

479 1827 605 1868 rum
645 1807 920 1868 veritatem
952 1832 965 1867 :
1000 1822 1056 1867 ut
1098 1813 1220 1882 quia
1250 1812 1316 1867 de
1359 1825 1424 1865 eo
1452 1824 1673 1882 corpore
1702 1818 1755 1862 et
1783 1807 1956 1861 anima
1988 1807 2069 1861 lo-

484 1884 756 1953 quendum
782 1893 864 1939 est
882 1925 895 1948 ,
924 1885 1063 1952 quod
1088 1881 1201 1953 ipse
1227 1891 1419 1951 prtetcr
1446 1881 1739 1935 naturalem
1768 1894 1918 1953 usum
1942 1893 2068 1932 san-

482 1951 734 2009 etificavit
758 1997 772 2022 ,
796 1965 849 2009 et
877 1951 1350 2024 gratiam’contulit
1377 1994 1391 2017 ,
1419 1966 1525 2006 non
1564 1951 1944 2024 alienadicere
1975 1965 2067 2018 pa-

482 2025 682 2095 tiatur,
743 2026 836 2080 sed
876 2022 1089 2095 prOpria
1124 2043 1137 2077 :
1172 2026 1239 2079 ad
1288 2024 1496 2095 laudem
1537 2030 1592 2076 et
1627 2022 1849 2095 gloriam
1894 2029 2065 2095 tuam,

481 2094 630 2167 Deus
658 2090 992 2167 omnipotens
1019 2096 1204 2167 Pater,
1236 2095 1393 2167 etkad
1420 2090 1679 2167 honorem
1705 2090 1831 2167 Filii
1863 2092 1935 2143 tui
1968 2106 2071 2167 per

481 2165 742 2235 virginem
771 2162 901 2230 nati,
940 2175 995 2221 et
1026 2166 1265 2235 ejusdem
1293 2164 1520 2233 Spiritus
1550 2162 1721 2235 sancti
1748 2162 1839 2216 Dei
1881 2170 1935 2235 et
1968 2163 2071 2235 Do-

481 2232 616 2291 mitii
641 2238 839 2303 nostri,
872 2253 992 2291 cum
1023 2232 1128 2305 q'uo
1154 2247 1235 2291 est
1262 2232 1355 2289 tibi
1387 2250 1608 2305 regnum
1630 2242 1684 2290 et
1704 2232 1986 2303 imperium
2015 2233 2067 2286 in

483 2308 663 2361 omnia
694 2310 885 2362 saicula
917 2308 1256 2361 sreculornm.
1291 2308 1481 2360 Amen.

555 2378 783 2433 CAPUT
811 2377 1097 2433 PRIMUM.
1128 2377 1314 2431 Auctor
1341 2378 1441 2429 veri
1464 2373 1755 2445 amanan
1786 2373 2069 2445 Scripturis

482 2448 588 2518 alia
604 2448 706 2501 alio
722 2451 870 2501 modo
896 2449 1211 2518 exponenda.
1235 2448 1255 2478 ³
1276 2447 1408 2512 Quia
1438 2444 1864 2518 profundissimze
1892 2452 1947 2518 et
1974 2460 2067 2499 sua

483 2516 743 2587 dignitate
771 2514 1042 2573 altissima:
1070 2532 1185 2571 sum
1214 2514 1539 2586 repensuros
1565 2514 1865 2584 quaestioni,
1899 2514 2067 2570 lecto-

481 2600 601 2643 rem
628 2605 804 2644 meum
831 2590 1087 2649 obsecro,
1117 2597 1171 2642 ut
1201 2602 1297 2657 pro
1335 2602 1420 2641 me
1466 2588 1884 2657 interprecetur,
1932 2593 1988 2639 et
2023 2587 2068 2640 si

482 2674 588 2729 qua
620 2663 648 2713 a
677 2676 760 2715 me
788 2660 1011 2728 pleniter
1040 2659 1177 2712 dicta
1206 2656 1545 2728 cognoverit,
1582 2656 1745 2729 donis
1765 2656 1855 2709 Dei
1886 2665 2066 2729 gratus

482 2727 678 2784 existat
706 2750 717 2784 :
751 2727 829 2783 sin
858 2739 1035 2784 autem
1065 2730 1259 2792 minus,
1282 2727 1489 2783 nostrae
1522 2727 1870 2796 compatiatur
1896 2727 2071 2781 humi-

479 2801 617 2854 litati
650 2818 663 2863 ;
691 2804 813 2871 quia
854 2803 975 2855 licet
1003 2801 1178 2855 minus
1218 2800 1521 2863 valeamus,
1567 2813 1700 2871 vera
1724 2809 1897 2851 tamen
1945 2813 2068 2867 pro-

481 2870 569 2925 cul
616 2869 775 2925 dubio
816 2874 1076 2926 volumus.
1132 2870 1206 2925 De
1253 2871 1589 2926 sanctissimo
1636 2869 1795 2937 igitur
1842 2882 2066 2937 corpore

482 2951 756 3012 perpetua:
786 2943 1003 3012 virginis
1038 2941 1244 3001 Mariaa,
1278 2942 1500 3011 ejusque
1544 2955 1720 3012 sacrae
1758 2940 1948 3012 animae
1982 2955 2065 3012 as-

483 3010 785 3081 sumptione
816 3010 1068 3080 quantum
1100 3013 1355 3067 Dominus
1399 3010 1677 3066 donaverit
1707 3010 1849 3081 loqui
1893 3011 2065 3065 susci-

478 3084 688 3152 pientes
708 3126 722 3147 ,
756 3084 857 3137 hoc
885 3085 1110 3152 primum
1153 3083 1411 3147 dicimus,
1442 3082 1584 3153 quod
1616 3083 1665 3135 in
1696 3080 1890 3153 divinis
1915 3081 2069 3153 Scri-

482 3154 654 3222 pturis
696 3164 971 3222 postquam
1004 3153 1257 3207 Dominus
1287 3156 1340 3207 in
1366 3152 1523 3208 cruCe
1551 3161 1773 3206 matrem
1802 3152 2065 3220 discipulo

481 3225 871 3278 commendavit
893 3223 1069 3289 (Joan.
1087 3240 1197 3286 XIX,
1217 3223 1329 3292 27),
1352 3224 1579 3277 utcastis
1596 3222 1812 3276 castitas
1830 3233 2066 3276 tueretur

479 3294 769 3362 obsequiis,
802 3294 933 3347 nihil
955 3296 1020 3349 de
1037 3310 1099 3349 ea
1129 3297 1392 3363 reperitur
1426 3303 1619 3363 prarter
1650 3293 1701 3345 id
1727 3293 1867 3361 quod
1895 3292 2067 3348 Lucas

479 3375 866 3419 commemorat
893 3366 943 3418 in
977 3366 1196 3419 Actibus
1218 3367 1612 3433 Apostolorum,
1638 3365 2066 3419 commemoratis

478 3434 680 3488 eisdem
696 3437 1028 3501 nominatim,
1052 3436 1259 3491 dicens:
1282 3434 1350 3487 Hi
1363 3452 1533 3488 omnes
1550 3443 1690 3487 erant
1701 3443 2067 3504 perseverantes

479 3506 789 3559 unanimiter
818 3508 870 3559 in
892 3507 1118 3559 oratione
1144 3524 1258 3560 cum
1279 3505 1569 3559 mulieribus
1590 3547 1604 3569 ,
1634 3514 1682 3557 et
1712 3504 1878 3557 Maria
1907 3515 2066 3559 matre

478 3573 639 3637 Jesu,
682 3586 729 3629 et
771 3578 1011 3646 fratribus
1050 3578 1158 3644 ejus
1189 3577 1339 3647 (Act.
1372 3592 1420 3640 ι,
1464 3577 1591 3644 iri).
1646 3576 1756 3629 Hoc
1806 3575 2062 3647 dicimus,

475 3646 600 3713 quia
633 3645 778 3700 tanto
807 3664 925 3715 qua:
954 3662 1143 3717 magna
1185 3645 1333 3713 Sunt,
1388 3648 1593 3701 cautius
1632 3645 1903 3699 tractanda
1947 3647 2063 3699 exi-

478 3723 665 3780 stunt,
718 3726 915 3786 quanto
959 3718 1279 3785 specialibus
1322 3719 1695 3772 anctoritatum
1746 3717 2064 3770 testimoniis

476 3801 586 3857 non
620 3797 838 3855 possunt
886 3788 953 3842 ad
1000 3788 1258 3857 liquidum
1295 3789 1555 3842 roborari.
1609 3786 1713 3857 Sed
1750 3788 1871 3854 quia
1914 3802 2062 3857 qum-

478 3856 603 3912 dam
629 3858 898 3927 Scriptura
928 3855 1107 3913 sancta
1137 3858 1535 3928 iudagationum
1562 3856 1752 3928 studiis
1777 3855 2061 3928 qiuercnda

475 3928 719 3999 reliquit,
751 3926 874 3983 anon
923 3938 1045 3983 sunt
1073 3926 1338 3999 superflua
1378 3927 1687 3999 cestimanda
1714 3968 1728 3990 ,
1772 3926 1899 3980 dum
1936 3941 2062 3981 vera

476 3998 817 4069 indagatione
848 3998 1045 4054 fuerint
1087 3999 1366 4068 patefacta.
1398 3998 1646 4054 Fecunda
1686 4007 1770 4052 est
1794 3998 1935 4069 enim
1967 4013 2060 4069 ve-

476 4068 650 4121 ritatis
698 4071 984 4124 auctoritas
1014 4088 1026 4122 :
1059 4081 1113 4123 et
1163 4070 1288 4124 dum
1315 4069 1593 4138 diligenter
1628 4068 1908 4123 discutitur
1932 4108 1947 4132 ,
1994 4068 2060 4123 de

476 4152 537 4191 se
566 4138 780 4207 gignere
809 4140 947 4208 quod
979 4140 1090 4207 ipsa
1119 4150 1199 4210 est
1223 4140 1577 4210 cognoscitur.
1610 4139 1764 4206 Srcpe
1793 4138 1934 4210 enim
1954 4138 2064 4210 dis-

476 4222 633 4261 cussa
684 4207 861 4261 veram
908 4207 1330 4279 convenientiam
1374 4210 1537 4279 parit,
1571 4223 1727 4277 qnam
1767 4207 2063 4279 manifestis

478 4279 820 4333 sermonibus
848 4278 1124 4332 abscondit
1158 4297 1171 4341 ;
1224 4289 1276 4332 et
1305 4278 1447 4347 smpe
1477 4279 1677 4348 apertis
1722 4278 2059 4332 sermonibus

477 4349 730 4407 insinuat.
765 4350 815 4402 in
847 4349 1035 4418 quibus
1066 4348 1193 4402 nihil
1226 4358 1417 4418 praeter
1443 4348 1495 4402 id
1522 4349 1662 4417 quod
1693 4350 1871 4401 sonuit
1915 4364 2062 4417 qum-

476 4418 701 4489 gendum
747 4419 933 4473 invitat
962 4436 973 4470 :
1007 4429 1063 4473 ut
1088 4428 1196 4489 est,
1239 4419 1381 4488 quod
1403 4419 1659 4489 Abraham
1683 4420 1852 4489 genuit
1877 4418 2058 4486 Isaac,

475 4487 631 4543 Isaac
679 4491 848 4561 genuit
890 4489 1089 4561 Jacob,
1134 4487 1297 4544 Iacob
1342 4492 1509 4561 genuit
1546 4487 1738 4561 ludam
1784 4500 1829 4542 et
1880 4493 2061 4561 fratres

476 4561 587 4629 ejus
619 4560 841 4630 (Matth.
866 4577 901 4624 1,
927 4560 1014 4627 2),
1046 4571 1098 4615 et
1128 4571 1318 4614 caetera
1348 4561 1499 4626 talia,
1534 4561 1585 4613 in
1614 4560 1805 4630 quibus
1838 4560 2059 4630 solante-

477 4631 651 4686 ncnda
694 4641 776 4685 est
820 4632 1011 4685 littera.
1057 4630 1309 4697 Quaedam
1356 4641 1533 4685 autem
1582 4629 1661 4684 sic
1691 4629 2059 4694 commendat,

478 4710 535 4755 ut
558 4703 752 4770 pariter
772 4703 1000 4757 litteram
1035 4711 1090 4755 et
1113 4701 1395 4773 mysticum
1417 4702 1740 4773 intellectum
1767 4699 2057 4754 insinuet‘:

476 4774 613 4826 utin
644 4775 867 4828 transitu
910 4773 1069 4827 maris
1101 4772 1294 4838 Rubri,
1330 4784 1383 4828 et
1407 4788 1597 4826 manna
1623 4772 1860 4835 caelesti,
1898 4781 1956 4824 et
1985 4777 2062 4823 ta-

474 4842 764 4897 bernaculo
810 4844 940 4905 Dei,
972 4852 1131 4913 atque
1168 4858 1291 4897 arca
1331 4844 1669 4905 testamenti,
1724 4842 2060 4913 ubiifuturo-

474 4929 593 4967 rum
642 4914 837 4984 figura,
888 4912 1144 4983 Baptismi
1183 4914 1431 4969 videlicet
1466 4913 1663 4968 Christi
1704 4921 1761 4966 et
1806 4912 2061 4984 Ecclesia:

473 4982 701 5039 ostensa
735 4994 819 5040 est
863 4982 1229 5054 praerogativa.
1270 4984 1537 5054 Quasdam
1558 4992 1760 5037 tantum
1802 4982 2058 5054 mystice,

474 5063 534 5107 ut
579 5071 699 5109 cum
746 5055 914 5109 Deum
944 5052 1071 5109 dicit
1101 5054 1399 5109 insufflasse
1431 5055 1483 5108 in
1514 5053 1705 5108 faciem
1738 5052 1867 5106 Adae
1897 5053 1917 5083 ⁵
1948 5052 2061 5122 spi-

473 5126 713 5179 raculum
746 5127 893 5190 vitm,
940 5127 1031 5195 qui
1084 5135 1261 5180 tamen
1288 5139 1348 5179 os
1384 5124 1451 5179 ad
1494 5123 1801 5195 spirandum
1833 5139 1938 5195 non
1970 5124 2063 5176 ha-

474 5196 592 5261 bet,
616 5211 716 5251 nec
737 5210 926 5250 manus
946 5193 1012 5250 ad
1039 5195 1366 5263 onerandum
1384 5237 1397 5259 ,
1428 5210 1550 5250 cum
1572 5195 1592 5225 ⁸
1619 5194 1760 5250 dicat
1781 5193 2059 5263 praphcta,

475 5264 665 5408 Manli;
689 5265 1141 5408 btuaaé)Domine,
1198 5268 1425 5336 fecerunt
1468 5282 1549 5319 me
1594 5275 1640 5320 et
1692 5266 2063 5336 plasmaverunt

475 5353 552 5389 me
656 5355 684 5392 ο
746 5354 801 5399 x,
904 5377 917 5390 .

474 5353 716 5399 meuoo
746 5354 801 5399 χ,
833 5353 917 5399 δ).

546 5408 773 5464 CAPUT
804 5407 867 5461 ll.
910 5407 1151 5463 Veritates
1180 5415 1295 5463 sunt
1325 5408 1388 5463 de
1413 5409 1590 5479 quibus
1619 5408 1889 5479 Scriptura
1915 5407 2063 5475 silet,

541 5546 555 5575 ί
591 5544 701 5606 Cod.
723 5544 1044 5606 corbeiensis,
1064 5541 1374 5595 humam'tate.

538 5608 557 5635 ³
592 5604 731 5665 Alias,
758 5619 917 5663 quam.

539 5667 560 5737 ξ
592 5673 699 5737 Mss.
725 5667 802 5737 hic
824 5668 1108 5736 praefigunt:
1138 5667 1309 5734 Incipit
1332 5681 1507 5721 sermo,

536 5727 559 5758 δ
593 5736 720 5789 Mss,
743 5727 963 5780 instruat.

1950 344 2318 403 APPENDIX.

3617 347 3757 407 HM

2179 479 2282 517 non
2300 466 2451 538 ratio.
2476 465 2560 521 Ea:
2577 467 2641 522 iis
2658 476 2731 522 est
2751 469 3028 538 assumptio
3047 466 3203 521 beata:
3226 466 3426 522 Moriar.
3448 465 3584 522 Sunt
3603 467 3762 522 etiam

2177 535 2448 608 quardam,
2482 554 2599 608 qua:
2626 539 2870 607 quamvis
2896 535 3303 593 commemorari
3335 552 3400 590 ex
3427 546 3537 608 toto
3566 538 3762 593 omissa

2176 606 2304 671 sint,
2327 623 2453 662 vera
2481 606 2655 664 tamen
2682 612 2887 665 ratione
2912 609 3219 671 creduntur,
3243 608 3309 661 ad
3333 607 3474 677 quod
3501 608 3613 677 ipsa
3637 624 3763 663 cono

2176 679 2441 750 venientia
2478 680 2552 733 rei
2586 680 3030 750 quemadmodum
3058 680 3163 734 dux
3190 688 3246 733 et
3281 679 3474 747 praevia
3508 680 3759 733 creditur.

2175 746 2317 802 Nihil
2345 749 2487 804 enim
2518 750 2584 805 de
2603 746 3004 806 Melchisedech
3026 746 3315 806 sacerdotis
3333 750 3426 804 Dei
3454 750 3653 804 excelsi
3676 750 3759 819 ju-

2175 819 2319 891 stitia
2344 821 2594 889 loquitur,
2618 836 2738 875 cum
2768 824 2879 889 ipsa
2909 821 3243 891 prmccssissc
3269 830 3427 875 tanta:
3454 821 3623 875 laudis
3650 837 3763 876 me-

2177 890 2274 943 rita
2305 902 2671 961 cognoscatur.
2705 892 2843 947 Nihil
2873 890 2941 947 de
2981 891 3161 946 Enoch
3191 900 3246 945 et
3277 893 3406 946 Elim
3426 935 3440 957 ,
3484 901 3761 961 postquam

2176 962 2311 1029 rapti
2342 972 2484 1028 sunt,
2518 964 2637 1017 vitae
2667 961 2915 1017 felicitate
2940 962 3298 1021 commendat.
3328 964 3532 1017 cunctis
3562 961 3762 1031 liquido

2176 1031 2468 1102 scientibus
2493 1048 2587 1087 eos
2612 1034 2766 1088 beate
2789 1036 2967 1088 vivere
2986 1076 3001 1100 ,
3030 1049 3163 1102 quos
3193 1032 3449 1088 Dominus
3477 1032 3601 1086 hinc
3626 1040 3681 1087 et
3710 1033 3761 1088 in

2175 1100 2411 1157 futurum
2438 1104 2728 1159 servandos
2756 1106 2924 1160 voluit
2948 1100 3155 1173 rapere.
3180 1104 3316 1169 Quid
3340 1119 3465 1174 ergo
3489 1103 3558 1157 de
3584 1102 3761 1157 Maria:

2175 1183 2367 1245 morte,
2397 1174 2521 1240 quid
2547 1175 2616 1229 de
2647 1175 2760 1245 ejus
2788 1176 3149 1245 assumptione
3173 1174 3454 1229 dicendum
3491 1184 3592 1237 est,
3623 1174 3762 1228 unde

2175 1242 2353 1299 divina
2391 1242 2829 1314 Scripturanibil
2866 1242 3237 1309 commendat;
3278 1246 3379 1299 nisi
3414 1244 3760 1314 quaerendum

2175 1315 2379 1370 ratione
2414 1316 2539 1386 quid
2575 1318 2873 1371 consentiat
2907 1317 3151 1381 veritati;
3190 1315 3382 1386 fiatque
3422 1318 3532 1384 ipsa
3567 1316 3762 1386 veritas

2175 1385 2461 1441 auctoritas
2481 1430 2494 1451 ,
2518 1389 2633 1443 sine
2667 1403 2769 1457 qua
2808 1402 3024 1443 necesse
3045 1396 3128 1442 est
3162 1402 3259 1457 nec
3297 1385 3468 1441 valeat
3488 1388 3504 1416 ⁸
3526 1385 3763 1439 auctori-

2178 1460 2296 1510 tas?
2361 1458 2621 1513 Memores
2671 1456 2811 1513 enim
2853 1458 3172 1513 conditionis
3212 1456 3491 1522 humanae,
3536 1465 3763 1511 mortem

2176 1524 2320 1581 illam
2373 1529 2600 1584 subiisse
2651 1530 2995 1599 temporalem
3046 1528 3225 1584 dicere
3279 1542 3385 1581 non
3436 1527 3761 1599 metuimus,

2176 1612 2333 1666 quam
2374 1600 2512 1655 idem
2550 1610 2697 1655 certe
2733 1597 2848 1669 ejus
2882 1600 3081 1661 Filius,
3119 1600 3208 1668 qui
3243 1607 3298 1653 et
3320 1599 3475 1669 Dens
3511 1607 3565 1669 et
3600 1597 3763 1669 homo

2175 1678 2289 1741 est,
2320 1671 2432 1741 lege
2460 1672 2619 1725 sortis
2648 1666 2890 1725 humana:
2921 1666 3167 1725 sustinuit
3199 1688 3211 1723 :
3240 1677 3293 1723 et
3319 1667 3423 1722 hoc
3450 1667 3573 1740 quia
3600 1666 3764 1721 homo

2175 1737 2241 1793 de
2268 1737 2683 1810 ejus'susceptns
2708 1752 2761 1796 et
2786 1741 3033 1811 profusus
3058 1751 3140 1796 est
3164 1749 3335 1794 utero.

2246 1811 2471 1866 CAPUT
2501 1808 2584 1865 Ill}
2617 1813 2694 1865 An
2724 1808 2893 1866 deceat
2918 1812 3076 1866 beata:
3102 1811 3153 1864 Μ
3162 1812 3283 1864 aria:
3305 1825 3487 1879 corpus
3509 1809 3562 1861 in
3591 1808 3763 1879 pulve-

2174 1898 2281 1951 rem
2317 1885 2591 1937 resolutum
2628 1900 2750 1937 esse.
2801 1883 2920 1936 Non
2957 1884 3179 1951 sequitur
3217 1898 3277 1935 ea:
3310 1881 3437 1935 Atla:
3471 1878 3760 1951 maledicto.

2174 1950 2279 2007 Sed
2308 1955 2350 2006 si
2381 1953 2604 2009 dicimus
2632 1970 2748 2009 eam
2779 1955 2966 2008 mortis
2998 1948 3164 2007 teneri
3197 1952 3439 2016 vinculis,
3468 1960 3523 2005 et
3550 1948 3762 2004 resolu-

2175 2031 2281 2076 tam
2314 2025 2363 2077 in
2394 2039 2732 2079 communem
2761 2025 3110 2093 putredinem,
3134 2038 3367 2078 vermem
3394 2036 3455 2076 ac
3479 2022 3715 2093 cinerem
3748 2035 3761 2071 :

2176 2094 2473 2149 librandum
2497 2098 2515 2126 ³
2539 2104 2640 2159 est,
2664 2097 2705 2149 si
2734 2092 2833 2150 hoc
2857 2094 3139 2151 conveniat
3162 2102 3317 2148 tantze
3340 2092 3625 2153 sanctitati,
3649 2100 3767 2145 tan-

2176 2173 2243 2219 ta:
2274 2166 2407 2220 aulae
2432 2167 2523 2221 Dei
2555 2166 2941 2235 praerogativa}.
2966 2166 3172 2221 Scimus
3198 2164 3336 2218 enim
3364 2164 3562 2235 dictum
3593 2163 3764 2231 primo

2175 2238 2414 2303 parenti,
2450 2232 2581 2303 Quia
2608 2232 2770 2307 pulvis
2797 2254 2847 2291 es
2865 2278 2881 2303 ,
2913 2249 2960 2290 et
2987 2238 3040 2290 in
3080 2235 3454 2307 pulveremibis
3483 2232 3648 2302 (Gen.
3675 2248 3761 2292 ut,

2175 2307 2291 2376 i9).
2322 2308 2473 2375 Quod
2514 2310 2558 2362 si
2593 2305 2661 2362 de
2696 2319 2865 2362 morte
2895 2305 3118 2373 dicitur,
3144 2305 3406 2377 generalis
3432 2313 3763 2377 estisenten-

2174 2380 2280 2448 tia;
2310 2383 2352 2433 si
2380 2380 2446 2434 de
2475 2380 2800 2434 resolutione
2829 2380 2880 2433 in
2914 2376 3206 2448 pulverem,
3239 2376 3372 2430 hanc
3401 2376 3764 2434 conditionem

2173 2446 2372 2503 Christi
2403 2466 2528 2505 caro
2554 2450 2722 2505 evasit
2747 2450 2813 2504 de
2842 2446 3003 2504 carne
3030 2449 3207 2502 Mariae
3237 2455 3467 2516 sumpta,
3497 2460 3617 2516 quae
3643 2461 3764 2503 cor-

2173 2524 2475 2589 ruptionem
2514 2538 2618 2576 non
2654 2522 2922 2576 sustinuit.
2965 2521 3039 2574 De
3078 2521 3179 2574 hoc
3213 2518 3353 2572 enim
3395 2518 3653 2587 scriptum
3682 2528 3766 2576 est

2175 2605 2269 2659 per
2295 2591 2457 2645 David
2490 2592 2798 2661 prephetam
2826 2592 3114 2656 dicentem,
3143 2589 3391 2661 Quoniam
3417 2604 3516 2641 non
3544 2589 3764 2644 derelin-

2173 2678 2292 2729 ques
2317 2660 2538 2715 animum
2562 2660 2723 2715 meum
2748 2665 2801 2716 in
2829 2663 3046 2730 inferno,
3080 2678 3168 2714 nec
3196 2660 3337 2713 dabis
3364 2668 3593 2712 sanctum
3623 2668 3764 2715 tuum

2172 2732 2338 2786 videre
2363 2735 2735 2803 corruptionem
2758 2732 2926 2801 (Psal.
2960 2750 3047 2799 xv,
3075 2732 3185 2803 10).
3216 2731 3288 2785 De
3310 2744 3415 2803 quo
3439 2740 3619 2803 autem
3641 2746 3765 2786 san-

2171 2812 2259 2857 cto
2288 2803 2485 2858 dictum
2514 2800 2619 2870 Sit,
2653 2800 3002 2874 arcliangelus
3034 2800 3296 2872 prodidit,
3324 2800 3411 2869 qui
3439 2800 3506 2874 ad
3541 2800 3760 2874 Mariam

2171 2875 2274 2944 ait,
2309 2874 2375 2927 Et
2403 2876 2538 2944 quod
2568 2869 2799 2929 nascetur
2834 2869 2896 2928 ea:
2933 2885 2979 2928 te
3015 2869 3276 2937 sanctum,
3308 2870 3565 2923 vocabitur
3592 2869 3764 2926 Filius

2172 2943 2269 2998 Dei
2295 2943 2536 3017 (Luat,
2570 2944 2692 3017 55).
2724 2944 2863 3000 Vere
2892 2954 3130 3000 sanctum
3151 2986 3165 3007 ,
3196 2952 3250 2996 et
3278 2948 3517 3017 sanctum
3544 2953 3761 2997 sancto-

2171 3012 2334 3094 rnm':
2370 3016 2508 3094 unde
2537 3025 2590 3071 et
2624 3012 2726 3094 illa
2754 3018 2947 3094 Sancta
2991 3024 3293 3094 sanctorum
3332 3012 3608 3093 dicuntur,
3641 3029 3762 3094 quae

2172 3086 2259 3140 illa
2301 3088 2585 3143 servabant
2621 3087 2812 3156 quibus
2858 3087 2946 3140 ille
2991 3082 3462 3156 ligurahatur,‘qui
3498 3082 3763 3156 veraciter

2169 3156 2317 3212 solus
2342 3157 2567 3213 Sanctus
2594 3152 2897 3211 sanctorum
2925 3152 3134 3210 dicitur.
3164 3155 3259 3209 Hic
3288 3154 3427 3225 enim
3458 3152 3632 3207 estde
3655 3169 3762 3225 quo

2172 3227 2311 3281 idem
2332 3228 2680 3298 archangelns
2702 3228 2913 3282 Gabriel
2940 3227 3136 3298 Danicli
3161 3225 3388 3298 loquitur
3408 3223 3547 3298 inter
3566 3223 3761 3280 actem

2170 3312 2289 3367 qua:
2325 3298 2498 3354 futura
2525 3296 2756 3353 ostendit
2779 3299 2992 3361 dicens,
3020 3296 3088 3350 Et
3115 3296 3383 3367 impleatur
3406 3296 3548 3367 visioA
3561 3303 3608 3367 et
3634 3311 3760 3367 pro-

2172 3363 2360 3438 phetia,
2382 3381 2429 3424 et
2452 3380 2671 3440 ungatur
2692 3370 2911 3425 Sanctus
2933 3363 3221 3423 sanctorum
3233 3364 3396 3490 ίςοαη.
3421 3380 3496 3430 ix,
3520 3363 3643 3433 24).
3663 3365 3762 3420 Hic

2172 3440 2313 3490 enim
2344 3440 2569 3490 Sanctus
2597 3442 2994 3490 corruptionem
3032 3453 3138 3490 non
3176 3436 3230 3490 vi
3270 3438 3339 3490 it.
3367 3436 3455 3490 aui
3487 3436 3642 3489 tertia
3670 3435 3761 3490 die

2171 3435 2313 3493 enim
2344 3435 2569 3495 Sanctus
2597 3442 2994 3505 corruptionem
3032 3453 3139 3493 non
3176 3435 3339 3499 vidit,
3367 3436 3455 3505 qui
3487 3436 3642 3489 tertia
3670 3435 3761 3491 die

2170 3524 2290 3564 cum
2316 3511 2582 3579 triumpho
2605 3512 2674 3565 de
2698 3505 2881 3565 inieris
2905 3511 3114 3564 rediens
3138 3507 3445 3562 resurrexit.
3473 3505 3621 3579 Caro
3639 3507 3759 3579 ejus

2169 3596 2287 3649 qua:
2310 3581 2377 3635 de
2407 3575 2570 3637 Maria
2598 3591 2805 3650 sumpta
2832 3591 2933 3645 est,
2966 3582 3064 3634 etsi
3095 3591 3299 3632 mortua
3328 3585 3409 3630 cst
3438 3591 3512 3650 e.v_
3534 3575 3761 3650 infirmi-

2173 3647 2309 3716 tate,
2340 3653 2532 3707 revixit
2555 3669 2618 3705 ex
2652 3647 2743 3706 Dei
2771 3653 2983 3706 virtute.
3018 3651 3122 3705 Sed
3155 3650 3256 3703 hoc
3281 3649 3399 3711 ille,
3429 3648 3517 3714 qui
3544 3647 3759 3713 quando

2168 3721 2335 3775 voluit
2363 3724 2519 3788 mori,
2553 3723 2766 3791 quando
2796 3723 2959 3776 voluit
2990 3735 3286 3790 resurgere,
3317 3718 3503 3791 potuit.
3537 3716 3755 3785 Excipi~

2169 3800 2255 3846 tur
2284 3807 2411 3862 ergo
2441 3794 2506 3847 ab
2537 3788 2623 3846 illa
2651 3793 2881 3862 generali
2914 3788 3175 3847 sententia
3203 3791 3269 3862 de
3304 3788 3521 3862 virgine
3543 3799 3756 3858 sumpta

2169 3860 2378 3917 natura.
2407 3862 2557 3931 Quod
2587 3864 2629 3917 si
2657 3860 2767 3918 non
2797 3863 2974 3917 Mariae
3002 3861 3279 3932 congruit,
3308 3860 3552 3928 congruit
3578 3867 3756 3915 tamen

2168 3934 2277 4004 lilio
2304 3950 2462 4003 quem
2487 3936 2688 4004 genuit.

2238 4000 2463 4061 CAPUT
2492 4000 2590 4060 'IV.
2640 4004 2809 4058 Maria
2845 4002 2907 4057 ab
2944 4003 3065 4058 Eva:
3103 4002 3368 4056 maledicta
3410 4000 3586 4055 libera.
3629 4002 3759 4056 Post

2168 4075 2284 4129 hmc
2311 4092 2427 4145 quae
2455 4076 2583 4130 Adae
2611 4076 2750 4131 dicta
2780 4081 2938 4137 sunt,
2970 4074 3038 4129 de
3066 4073 3256 4145 quibus
3281 4072 3545 4145 excipitur
3577 4071 3757 4145 Μεινίῳ

2168 4142 2376 4211 Filius;
2404 4147 2704 4202 contuenda
2731 4154 2856 4201 sunt
2879 4160 2998 4213 quae
3017 4142 3176 4200 etiam
3204 4143 3328 4197 Evae
3355 4142 3495 4197 dicta
3522 4152 3649 4197 sunt
3668 4185 3684 4209 ,
3712 4144 3759 4198 si

2169 4218 2373 4273 cunctis
2398 4217 2607 4273 feminis
2633 4217 2739 4272 sint
2765 4216 3055 4286 generalia,
3083 4224 3138 4269 et
3166 4215 3302 4286 siin
3320 4213 3498 4286 aliquo
3519 4214 3756 4286 excipia-

2171 4298 2256 4342 tur
2292 4287 2472 4341 Maria.
2511 4283 2788 4356 Scriptuni'
2803 4288 2999 4356 quippe
3028 4294 3140 4351 est,
3174 4283 3379 4338 Mulieri
3404 4300 3601 4353 quoque
3628 4285 3757 4356 digit

2169 4359 2328 4423 Deus,
2359 4352 2711 4428 Multiplicabo
2739 4352 2995 4412 curamue:
3022 4367 3135 4411 tuas
3162 4364 3211 4409 et
3239 4352 3503 4428 conceptus
3529 4364 3662 4428 tuus.
3691 4352 3757 4428 In

2170 4429 2345 4483 dolore
2373 4426 2538 4498 paries
2561 4429 2715 4498 ﬁlios,
2749 4438 2797 4483 et
2819 4428 2910 4482 sub
2935 4428 3028 4481 viri
3054 4434 3292 4498 potestate
3315 4426 3439 4498 eris,
3460 4434 3520 4498 ct
3534 4426 3645 4495 ipse
3668 4426 3759 4498 do-

2170 4495 2441 4571 minabitur
2469 4500 2541 4552 tui
2564 4495 2735 4571 (Gen.
2768 4498 2958 4571 1171,16
2979 4498 3018 4565 ).
3046 4495 3358 4571 Eruninam
3378 4495 3557 4571 .Maria
3592 4496 3757 4552 susti-

2169 4571 2301 4633 nuit,
2325 4570 2476 4639 cujus
2500 4564 2728 4623 ani'mam
2754 4568 2963 4638 gladius
2986 4567 3246 4637 passionis
3266 4564 3459 4639 Christi
3488 4575 3762 4639 pertrans-

2170 4641 2263 4694 ivit
2294 4636 2456 4710 (Luc.
2487 4655 2522 4694 ll
2544 4682 2557 4703 ,
2587 4639 2691 4711 55)
2729 4636 2869 4694 :sed
2901 4636 3190 4711 conceptus
3219 4652 3324 4692 non
3356 4636 3758 4711 multiplicavit,

2172 4726 2270 4765 nec
2303 4706 2411 4765 sub
2448 4711 2547 4765 viri
2568 4753 2582 4775 ,
2618 4706 2680 4765 id'
2713 4720 2827 4776 est,
2870 4710 3046 4765 mariti
3074 4706 3350 4779 potestate
3370 4706 3606 4779 V_deguit,
3641 4723 3761 4778 quae

2169 4783 2525 4852 integerrimis
2543 4781 2829 4836 visceribus
2845 4781 2911 4835 de
2932 4776 3130 4849 Spiritu
3154 4788 3338 4834 sancto
3355 4776 3624 4852 Christum
3645 4776 3763 4833 sus-

2170 4849 2342 4921 cepit,
2374 4862 2427 4908 et
2480 4852 2796 4923 virginitatis
2836 4852 3136 4921 integritate
3178 4860 3425 4923 manente
3454 4849 3605 4919 virgo
3636 4865 3762 4923 per-

2171 4920 2386 4978 mansit.
2431 4920 2598 4991 Quem
2637 4923 2759 4991 quia
2795 4922 2910 4977 sine
2954 4920 3154 4991 peccati
3192 4921 3525 4986 colluvione,
3559 4930 3615 4991 et
3646 4920 3761 4976 sine

2170 4995 2338 5048 virilis
2375 4989 2713 5049 admixtionis
2755 4989 3076 5047 detrimento
3119 4992 3381 5061 suscepit,
3421 4991 3537 5045 sine
3577 4989 3762 5046 dolore

2170 5067 2372 5135 genuit,
2404 5074 2458 5120 et
2485 5069 2598 5120 sine
2625 5064 2941 5134 integritatis
2975 5063 3279 5127 violatione,
3313 5062 3763 5135 pudore_virgin_i-

2172 5131 2295 5190 tatis
2336 5137 2535 5205 integra
2580 5131 2887 5202 permansit.
2922 5135 3033 5189 Hoc
3066 5134 3208 5189 enim
3246 5131 3417 5205 potuit
3450 5131 3667 5205 efficere
3695 5132 3763 5205 de

2172 5217 2372 5273 matre,
2401 5202 2523 5276 quia
2561 5207 2639 5259 sic
2677 5206 2817 5261 Deus
2852 5206 3014 5274 elegit
3045 5204 3192 5276 nasci
3225 5205 3293 5258 de
3326 5202 3560 5258 homine.
3602 5202 3762 5276 Maria

2170 5293 2299 5347 ergo
2326 5273 2435 5334 etsi
2458 5278 2814 5331 communicat
2847 5273 3097 5347 mruman
3133 5275 3437 5347 ΕνεῐενηοιιΔ
3460 5273 3761 5347 communi-

2172 5344 2257 5405 cai
2281 5348 2624 5417 parturiendo
2648 5362 2767 5403 cum
2796 5347 3000 5401 dolore.
3034 5345 3336 5417 Promeruit
3355 5344 3497 5400 enim
3521 5344 3625 5398 hoc
3650 5345 3761 5398 sin-

2172 5415 2369 5491 gularis
2394 5421 2650 5491 sanctitas
2680 5419 2794 5491 ejus
2818 5427 2873 5472 et
2900 5416 3182 5491 singularis
3209 5415 3396 5491 gratia,
3427 5430 3545 5491 qua
3576 5429 3761 5491 susce-

2172 5485 2356 5561 ptione
2392 5490 2484 5544 Dei
2525 5485 2861 5559 singulariter
2886 5485 3144 5561 aestimata
3180 5496 3263 5541 est
3295 5485 3619 5561 dignatl‘lon
3660 5485 3763 5538 im-

2173 5556 2366 5616 inerito
2400 5576 2527 5631 ergo
2566 5556 2826 5630 eicipitur
2853 5575 2883 5613 a
2911 5558 3226 5629 quibusdam
3266 5556 3600 5628 generalibus
3636 5570 3761 5610 vera

2237 5723 2333 5769 ttta
2355 5732 2477 5768 unus
2517 5720 2690 5781 Regius
2728 5726 2807 5767 its.
2834 5719 2883 5765 in
2921 5717 3229 5781 Corheiensi,
3262 5724 3451 5773 necesse
3480 5715 3553 5775 est
3586 5707 3761 5771 valent,

2172 5785 2364 5839 omisso,
2391 5794 2496 5831 nec.
2523 5776 2730 5839 At'editi,
2753 5794 2838 5831 nec
2856 5788 2943 5840 est,
2966 5792 3052 5829 nec
3075 5776 3213 5828 ualet.

2237 5849 2257 5879 ³
2291 5854 2414 5907 Mss,
2442 5842 2770 5894 arboramtum.
