4076 6370
545 445 681 504 H51

544 561 715 618 Porro
738 559 970 630 recogita
989 559 1133 629 quod
1158 558 1376 613 morbus
1396 564 1536 630 tuus,
1560 563 1615 609 ut
1636 555 1783 630 aiunt
1810 553 2021 630 mqiicn,
2044 563 2129 609 est

546 625 901 685 incurabilis':
946 625 1216 684 et'tecum
1263 628 1507 693 revolve,
1555 626 1804 696 quoniam
1848 625 1893 677 si
1942 635 2125 679 contra

548 701 715 755 Deum
768 703 1168 771 pnesunipseris
1212 712 1577 771 murmurare;
1630 705 1685 749 et
1724 696 1964 771 morbum
1994 696 2124 771 velis

544 772 684 825 nolis
728 765 1049 831 sustinebis,
1099 785 1193 823 nec
1237 767 1616 821 murmurando
1665 765 1939 819 sanaberis
1970 783 1983 817 :
2018 766 2124 819 imo

542 842 719 894 anima
746 842 1124 899 debilitaberis,
1153 840 1277 893 dum
1307 848 1489 892 contra
1524 837 1687 890 Deum
1721 846 1887 899 tuum,
1917 846 2122 904 patrem

543 920 711 975 tuum,
748 913 1009 965 medicum
1042 921 1209 973 tuum,
1240 911 1546 977 magistrum
1587 916 1731 959 tuum
1760 907 2122 959 mansuetissi-

542 998 686 1033 mum
717 992 767 1035 et
795 981 1308 1048 tranquillissimum,
1356 981 1405 1031 in
1447 980 1562 1047 ipso
1600 978 1806 1045 ﬂagello
1848 977 2122 1048 pacatissi-

543 1067 708 1111 mum,
738 1052 826 1120 qui
859 1047 1124 1121 nunquam
1150 1053 1333 1111 iratus,
1365 1048 1686 1121 cum_iratus
1709 1056 1791 1121 est
1821 1047 2120 1121 misericor-

542 1122 644 1172 dia:
673 1118 999 1183 recordatur,
1030 1120 1461 1174 murmuraveris.
1496 1118 1624 1171 Meis
1657 1118 1814 1185 igitur
1841 1118 2119 1186 acquiesco

541 1192 796 1252 consiliis,
826 1202 878 1245 et
917 1192 1127 1260 quando
1161 1191 1373 1259 quidem
1414 1187 1795 1241 murmurando
1830 1187 1935 1239 duo
1959 1188 2117 1260 mala

542 1263 850 1321 sustineres,
894 1256 1141 1330 paciﬁcus
1167 1256 1301 1326 esto,
1330 1269 1383 1313 et
1407 1273 1691 1330 gravamen
1715 1258 2006 1330 corporale
2034 1256 2118 1330 fac

545 1331 635 1383 tibi
671 1327 963 1384 antidotum
1000 1332 1289 1399 Spiritualc.
1324 1327 1437 1383 Non
1467 1330 1606 1383 enim
1638 1328 1679 1381 si
1711 1328 1763 1399 in
1804 1327 2013 1399 flagello
2036 1328 2117 1399 vis

545 1400 708 1452 Deum
741 1398 1138 1470 recognoscere,
1183 1416 1402 1468 corpore
1431 1409 1484 1454 et
1521 1400 1696 1452 anima
1725 1398 2111 1470 flagellaberis:

541 1483 645 1521 non
669 1472 817 1540 enim
839 1468 1065 1540 flagellat
1103 1472 1240 1525 Deus
1266 1472 1344 1524 bis
1373 1471 1423 1523 in
1473 1470 1719 1540 idipsum.
1755 1468 1798 1520 Ο
1828 1483 1984 1540 quam
2026 1468 2114 1536 ju-

538 1539 716 1609 cundo
741 1538 971 1608 pectore,
1003 1557 1157 1609 quam
1184 1542 1301 1595 lano
1321 1540 1481 1593 corde
1503 1539 1854 1592 visitationem
1882 1538 2114 1609 divinam

540 1608 702 1679 debes
732 1608 1050 1679 prmoptare!
1085 1611 1241 1665 Certe
1269 1612 1311 1663 si
1342 1625 1564 1679 corpore
1604 1618 1747 1661 totus
1776 1608 2111 1679 praevaleres,

540 1677 897 1735 inﬁrmitatem
921 1682 1284 1735 medicinalem
1307 1696 1336 1733 a
1359 1677 1468 1733 Deo
1492 1680 1749 1733 debueras
1776 1678 1910 1731 votis
1938 1679 2114 1731 omni-

537 1746 636 1800 bus
664 1761 926 1818 expetere,
963 1761 1015 1805 et
1046 1768 1110 1803 ne
1146 1752 1345 1804 sanitas
1384 1750 1626 1817 corporis
1655 1749 1933 1801 inﬁrmitas
1971 1758 2114 1801 esset

534 1818 727 1871 anima:
754 1831 1008 1874 metuere.
1038 1821 1177 1874 Nihil
1210 1821 1352 1874 aliud
1381 1822 1513 1884 scio,
1537 1819 1631 1873 sed
1658 1820 1777 1887 quia
1806 1818 2109 1887 inﬁrmaris,

538 1889 737 1960 utiliter
758 1890 920 1943 debes
941 1892 1170 1960 gaudch
1195 1911 1206 1944 :
1236 1892 1357 1959 quia
1393 1891 1543 1958 juxta
1571 1898 1654 1960 est
1680 1886 1887 1960 vocatio
1904 1886 2107 1960 divina,

533 1956 696 2012 debes
727 1960 774 2011 ei
806 1962 928 2013 toais
946 1956 1160 2015 nisibus
1190 1956 1338 2014 hctus
1372 1956 1582 2013 adesse.
1612 1959 1705 2011 Eia
1749 1958 1793 2011 si
1831 1958 2109 2024 episc0pa-

534 2034 643 2095 tum
673 2038 763 2081 aut
784 2029 1038 2084 honorem
1062 2032 1242 2095 alium,
1268 2040 1323 2084 ut
1348 2031 1627 2084 sanitatem
1655 2027 1878 2081 inﬁrmis
1904 2028 2110 2094 optabi-

532 2094 635 2148 lem
665 2099 754 2151 tibi
777 2102 1129 2153 concessisset
1163 2094 1303 2154 Deus
1323 2143 1338 2166 ,
1384 2116 1559 2154 nonne
1588 2098 1732 2151 omni
1764 2097 1955 2166 gaudio
1982 2097 2110 2152 illud

528 2167 728 2239 donum
760 2170 850 2223 Dei
876 2171 1207 2239 susciperes?
1232 2171 1387 2225 Certe
1418 2169 1603 2237 majori
1629 2168 1999 2239 exsultatione,
2028 2169 2108 2220 af-

530 2234 835 2309 fectuosiori
879 2234 1172 2302 voluntate,
1222 2257 1341 2293 cum
1380 2234 1667 2309 gratiarum
1706 2239 1863 2293 etiam
1890 2238 2109 2309 actione

529 2304 667 2360 hanc
691 2308 780 2360 Dei
810 2310 1322 2364 animadversionem
1350 2304 1511 2364 debes
1537 2310 1629 2362 tibi
1656 2309 1863 2363 unicam
1890 2306 2102 2372 habere,

527 2376 649 2442 quia
678 2386 732 2430 et
752 2377 853 2431 hoc
881 2380 1217 2433 utilissimum
1241 2384 1258 2410 ι
1289 2382 1486 2433 donum
1518 2379 1609 2431 Dei
1638 2389 1738 2431 est.
1772 2378 1938 2431 Porro
1967 2379 2010 2431 si
2036 2377 2106 2431 de

529 2445 652 2497 vita:
703 2447 850 2528 istius
899 2448 1208 2528 naufragio,
1262 2449 1436 2528 deque
1487 2446 1879 2527 compendiosa:
1921 2448 2108 2528 mortis

528 2517 885 2581 comparando
907 2516 1227 2572 commercio
1252 2516 1530 2585 cogitares,
1555 2532 1712 2585 quam
1740 2516 2108 2570 inenarrabili-

528 2589 611 2636 ter
632 2585 808 2657 vivere
829 2585 1116 2657 fastidires,
1134 2603 1290 2657 quam
1314 2585 1622 2641 festinanter
1639 2586 1775 2657 mori
1802 2586 1854 2639 in
1880 2586 2107 2657 Domino

525 2654 958 2726 concupisceres!
992 2656 1137 2709 Beati
1152 2654 1302 2711 enim
1337 2658 1520 2711 mortui
1546 2657 1634 2726 qui
1658 2658 1711 2710 in
1737 2654 1956 2709 Domino
1989 2672 2102 2709 mo-

523 2723 726 2797 riuntur
755 2724 936 2794 (Apoc.
964 2742 1067 2791 xw,
1096 2728 1202 2797 13).

582 2792 727 2867 Nam
766 2792 832 2848 ut'
859 2792 1193 2867 collationem
1230 2796 1511 2867 quamdam
1549 2796 1781 2851 breviter
1813 2794 2102 2867 faciamus,

522 2863 881 2936 conferamus,
912 2866 955 2921 si
991 2866 1181 2934 placet,
1211 2863 1277 2921 de
1306 2868 1410 2920 vita
1440 2867 1709 2936 praesenti,
1741 2880 1864 2936 quze
1891 2865 2105 2936 initium

522 2932 891 3006 dolorum_est,
914 2944 966 2989 et
988 2932 1137 3005 quasi
1162 2953 1255 3006 pcr
1280 2932 1509 2991 amicum
1535 2932 1906 3006 litigium'quid
1935 2935 2107 3006 potius

520 3003 874 3070 appetendum
903 3003 1381 3072 sit,’ma|e'vivere,
1413 3022 1478 3060 an
1510 3003 1646 3061 bene
1672 3003 1824 3068 mori,
1855 3005 2106 3059 discutia-

522 3087 641 3145 mus
668 3091 683 3145 _:
711 3089 831 3127 nam
871 3075 1007 3129 bene
1042 3077 1220 3131 vivere
1260 3078 1664 3145 praesentialiter
1694 3090 1851 3130 nemo
1883 3083 2058 3143 potest
2087 3093 2100 3128 :

519 3140 701 3215 pomis
727 3144 866 3196 enim
893 3145 1039 3198 homo
1058 3140 1274 3199 mendas
1300 3145 1466 3211 (Psal.
1495 3162 1625 3209 cxv,
1658 3146 1767 3215 ll).
1791 3145 1857 3198 Et
1878 3140 2102 3211 Aposto—

520 3210 604 3282 lus
636 3212 792 3265 homo
825 3230 930 3281 prce
960 3217 1168 3269 caeteris
1199 3210 1500 3270 hominibus
1530 3210 1903 3270 videns'aliam
1928 3210 2103 3282 legem

521 3280 572 3353 in
604 3280 856 3355 membris
884 3284 996 3355 suis
1026 3285 1125 3354 legi
1156 3287 1347 3339 mentis
1381 3300 1491 3339 sua:
1520 3295 1899 3355 repugnantem
1929 3280 2099 3351 (Rom.

521 3349 937 3425 vu,‘_2_3),_cupit
964 3349 1179 3409 dissolvi
1210 3364 1264 3410 et
1296 3370 1412 3411 esse
1450 3349 1812 3410 cum'Christo
1845 3349 2101 3425 (Philipp.

519 3433 567 3482 ι,
597 3418 728 3494 23ο)ί
758 3418 1043 3494 Etscimus
1072 3426 1192 3494 quia
1232 3428 1405 3479 omnis
1446 3436 1687 3479 creatura
1726 3418 2021 3494 ingemiscit
2047 3418 2104 3479 et

518 3490 743 3556 parturit
772 3491 973 3564 (Rom.
992 3490 1104 3558 vni,
1138 3494 1261 3561 22),
1289 3511 1561 3564 usquequo
1592 3490 1843 3549 liberetur
1871 3510 1900 3547 a
1932 3495 2102 3547 servi-

520 3562 1006 3634 tutc.corruptionis
1028 3579 1121 3632 per
1140 3579 1260 3618 eum
1283 3562 1385 3633 qui
1398 3562 1624 3634 subjecit
1644 3580 1762 3619 eam
1784 3564 1836 3617 in
1858 3578 1971 3634 Spe.
1998 3564 2102 3634 De-

518 3628 678 3708 hique
703 3623 1129 3708 Quis'_nume_rare
1161 3623 1332 3708 potest
1359 3623 1782 3708 prmSEntisvita:
1809 3623 2097 3708 molestias,

517 3700 740 3761 esurire,
771 3700 937 3767 sitire,
968 3700 1174 3770 algere,
1196 3700 1391 3769 calere,
1434 3705 1655 3759 lassari?
1696 3703 2102 3757 Innumerabilia

517 3776 661 3831 sunt,
683 3783 751 3838 ex
784 3770 893 3838 ipsa
924 3773 1301 3827 consuetudine
1329 3775 1478 3829 nobis
1507 3775 1794 3829 domestica
1827 3781 1967 3825 sunt.
2000 3773 2102 3825 Ta-

516 3851 637 3890 men
678 3837 882 3893 initium
910 3840 1148 3895 dolorum
1186 3842 1318 3897 hcce.
1351 3842 1454 3898 Sed
1487 3854 1541 3898 ut
1575 3845 1733 3898 altius
1768 3843 2101 3898 revolvamus

518 3920 637 3981 qua;
673 3908 809 3962 intra
844 3924 941 3963 nos
979 3920 1121 3975 sunt,
1150 3927 1363 3981 cupere,
1396 3929 1593 3980 amare,
1627 3915 1795 3979 odire,
1828 3913 2096 3979 fornicari,

516 3976 835 4047 adulterare,
864 3981 1107 4037 occidere
1134 3976 1436 4052 vel'occidi,
1467 3976 1676 4056 rapere,
1708 3976 1891 4051 furari,
1921 3976 2099 4038 nonne

578 4107 597 4137 ί
632 4113 758 4169 Mss,
787 4109 1059 4161 utillimum.

515 4222 1809 4247 ————-——_—_——————

2021 432 2377 491 APPENDIX.

3688 438 3825 497 1153

2234 553 2463 627 inimicae
2502 557 2774 623 passiones
2801 558 2954 612 nobis
2982 557 3143 611 sunt?
3169 556 3369 611 Tamen
3395 555 3518 625 quis
3543 556 3816 627 immunis,

2233 626 2350 692 quis
2375 626 2508 680 liber
2529 636 2613 680 est
2638 627 2704 679 ab
2728 628 2808 682 his
2831 628 3116 682 omnibus?
3145 627 3209 679 Et
3235 628 3354 696 quis
3377 637 3455 681 tot
3478 638 3533 680 et
3556 637 3818 684 tantarum

2231 695 2492 751 obnoxius
2521 699 2844 765 passionum,
2875 699 3126 751 immunis
3150 695 3304 751 erit’a
3332 699 3587 766 peccato?
3616 698 3680 751 Et
3702 702 3817 766 quis

2231 765 2415 837 yivens
2441 768 2539 822 sub
2566 778 2800 837 peccato,
2826 768 2959 822 bene
2984 769 3147 820 vivit?
3169 768 3309 835 Ergo
3333 765 3473 821 male
3496 770 3627 821 vivit
3646 765 3816 823 omnis

2230 832 2391 890 homo
2410 879 2425 902 ,
2454 832 2577 906 quia
2600 848 2654 892 et
2681 849 2955 906 peccatum
2985 839 3179 892 malum
3207 832 3310 892 est.
3344 839 3583 907 Denique
3610 838 3815 893 uiden-

2231 913 2311 977 ter
2347 911 2659 975 pronuntio.
2693 910 2815 977 quia
2855 908 3170 977 principium
3195 909 3319 962 vitae
3348 908 3582 963 hominis
3610 909 3816 963 initium

2226 975 2469 1031 dolorum
2505 990 2605 1034 est.
2638 975 2810 1033 Fuere
2852 975 3149 1046 philosophi
3188 978 3292 1032 hoc
3327 995 3432 1032 non
3472 979 3814 1048 ignorantes,

2225 1048 2314 1118 qui
2342 1048 2392 1101 in
2422 1058 2539 1102 ortu
2572 1065 2855 1118 puerorum
2889 1049 3158 1117 lugebant,
3191 1049 3245 1102 in
3274 1061 3446 1102 morte
3474 1058 3657 1102 autem
3687 1064 3815 1117 gau-

2224 1116 2422 1172 debant
2452 1135 2465 1171 :
2500 1116 2597 1173 hoc
2624 1116 2999 1188 signiﬁcantes,
3024 1119 3148 1188 quia
3178 1118 3335 1174 homo
3360 1119 3427 1173 ad
3455 1116 3709 1172 laborem
3728 1136 3815 1172 na-

2223 1188 2407 1260 scitur,
2440 1191 2505 1244 ad
2533 1192 2767 1260 requiem
2797 1198 2973 1243 autem
3006 1191 3249 1243 moritur.
3274 1189 3503 1260 Sanctus
3526 1190 3693 1243 etiam
3726 1190 3814 1243 Da-

2222 1257 2309 1310 vid
2334 1269 2388 1313 et
2411 1260 2478 1313 de
2498 1257 2624 1314 ortu‘
2640 1272 2693 1315 et
2716 1262 2782 1315 de
2804 1262 2911 1313 vita
2943 1260 3054 1321 lilii,
3078 1276 3235 1324 quem
3257 1259 3326 1313 de
3350 1260 3617 1313 Bersabee
3641 1274 3814 1313 susce-

2222 1339 2392 1395 perat,
2426 1331 2477 1384 in
2505 1340 2704 1385 tantum
2731 1341 2811 1386 est
2837 1331 3199 1395 contristatus,
3228 1340 3285 1383 ut
3312 1328 3436 1383 dum
3480 1344 3614 1397 puer
3640 1330 3814 1384 adhuc

2222 1398 2443 1465 viveret,
2473 1403 2657 1470 lugens
2686 1412 2738 1456 et
2770 1403 3066 1455 incaznatus
3096 1409 3361 1470 maneret;
3391 1411 3605 1453 mortuo
3634 1410 3810 1454 autem

2221 1472 2461 1541 puerulo,
2483 1468 2807 1541 et'gauderct
2826 1481 2882 1526 et
2909 1480 3145 1525 cmnaret
3173 1469 3241 1539 (II
3264 1468 3391 1540 Reg.
3420 1486 3518 1532 xu,
3554 1469 3647 1533 i6,
3666 1472 3806 1539 etc.).

2220 1537 2265 1593 0
2290 1537 2855 1597 ιηοτεόθεῖόυηώἰιὶεῑ
2886 1557 2919 1595 o
2946 1556 3090 1595 mors
3115 1537 3355 1594 omnium
3381 1541 3646 1594 malorum
3674 1537 3809 1609 prae-
3847 1548 3857 1554 ‘

2220 1611 2447 1663 sentium
2478 1612 2625 1667 ﬁnis!
2655 1629 2689 1667 ο
2715 1628 2860 1666 mors
2898 1611 3095 1665 laboris
3119 1611 3352 1665 clausula
3372 1652 3389 1676 ,
3421 1610 3622 1679 quietis
3662 1611 3808 1678 priu-

2217 1680 2442 1752 cipium!
2476 1684 2604 1748 Quis
2630 1684 2929 1752 excogitare
2958 1691 3130 1752 queat
3144 1690 3353 1735 tuarum
3390 1680 3650 1734 utilitates
3679 1681 3807 1735 bea-

2220 1749 2538 1805 titudinum?
2563 1754 2694 1807 Nam
2729 1749 2865 1807 male
2896 1749 3028 1805 mori
3051 1794 3065 1814 ,
3093 1749 3517 1806 Christianorum
3544 1766 3654 1804 non
3682 1761 3764 1803 est
3791 1770 3804 1805 :

2218 1817 2355 1898 belle
2394 1833 2587 1898 autem,
2611 1825 2938 1898 morit‘cum
2973 1822 3189 1875 Christo
3228 1823 3409 1898 vivere
3445 1831 3549 1898 est.
3590 1820 3807 1898 Et_quis

2217 1890 2388 1961 ipsius
2425 1893 2676 1948 beneficia
2716 1893 3040 1947 suﬂicienter
3073 1891 3351 1961 expediat,
3383 1906 3503 1961 quae
3535 1891 3805 1945 hominem

2264 1960 2428 2015 hristo
2446 1964 2789 2031 conglutinat,
2814 1980 2953 2031 quae,
2978 1971 3035 2015 ut
3052 1960 3251 2016 dictum
3272 1971 3373 2022 est,
3399 1960 3522 2031 ﬁnis
3542 1962 3807 2014 malorum

2215 2039 2315 2102 est,
2331 2034 2517 2102 nutrix
2544 2030 2856 2102 initiumque
2876 2048 3078 2087 secura:
3104 2031 3402 2086 felicitatis?
3426 2030 3641 2102 Valeas,
3665 2046 3807 2085 mors

2214 2101 2286 2153 mi
2310 2101 2672 2168 dilectissimo,
2696 2101 2954 2157 conﬁteor
2972 2102 3221 2171 quoniam
3244 2102 3287 2155 si
3314 2115 3549 2169 possem,
3579 2101 3808 2156 libenter

2215 2177 2267 2223 te
2290 2174 2695 2241 complecterer,
2721 2174 2946 2227 libenter
2970 2181 3021 2226 te
3045 2180 3335 2240 gustarem,
3357 2171 3501 2241 ultro
3525 2172 3767 2225 subirem
3790 2189 3804 2225 :

2213 2250 2267 2294 et
2296 2240 2480 2313 testor,
2510 2245 2631 2313 quia
2662 2245 2835 2297 omnis
2863 2242 3256 2313 meacogitatio
3275 2284 3291 2307 ,
3317 2250 3372 2295 et
3395 2240 3640 2313 epistolae
3667 2257 3805 2308 pra:-

2212 2312 2379 2367 sentis
2418 2310 2747 2383 frequentata
2790 2314 2947 2367 lectio
2984 2312 3198 2380 instigat
3230 2327 3317 2365 me
3336 2311 3414 2383 ad
3451 2311 3529 2364 tui
3557 2310 3805 2366 dilectio-

2212 2396 2356 2449 nem,
2385 2380 2587 2439 tantum
2617 2401 2683 2439 ne
2709 2383 3075 2452 intempestiva
3107 2383 3305 2436 venias.
3334 2380 3650 2452 Tugautem,
3678 2396 3807 2437 caro

2212 2466 2329 2503 mea
2355 2465 2407 2507 et
2435 2470 2496 2508 os
2526 2470 2722 2516 meum,
2749 2451 2906 2524 quem
2936 2453 3160 2524 epistola
3190 2466 3306 2524 mea
3337 2451 3531 2524 visitat,
3560 2466 3729 2524 quam
3753 2461 3808 2507 et

2212 2530 2505 2578 extremam
2532 2520 2818 2579 moriturus
2844 2520 3072 2591 accipis,
3103 2523 3168 2576 de
3199 2521 3296 2575 hac
3323 2520 3512 2575 eadem
3538 2521 3767 2591 epistola
3784 2562 3803 2587 ,

2212 2599 2267 2643 et
2291 2592 2358 2665 de
2382 2596 2500 2649 aliis
2519 2610 2637 2665 qua:
2664 2596 2715 2648 in
2739 2604 2793 2651 te
2816 2603 2938 2648 sunt
2960 2590 3353 2665 exemplaribus
3374 2590 3806 2665 consolationem

2212 2662 2394 2733 accipe
2422 2684 2434 2717 :
2465 2661 2609 2720 ne'in
2637 2675 2877 2721 extremo
2905 2664 3129 2734 positus,
3158 2672 3408 2732 tanquam
3436 2661 3713 2717 desolatus
3736 2661 3807 2718 ad

2211 2737 2413 2789 curiam
2445 2737 2536 2791 Dei
2568 2738 2639 2790 ttti
2669 2737 2871 2789 venias.

2281 2806 2507 2863 CAPUT
2550 2806 2659 2859 νη.
2690 2805 2865 2861 Oratio
2894 2804 3143 2857 morituri.
3192 2801 3286 2856 His
3332 2802 3585 2856 omnibus
3613 2802 3802 2872 exple.-

2213 2873 2296 2939 tis,
2325 2879 2496 2933 oratio
2526 2878 2619 2932 tibi
2646 2887 2730 2931 est
2758 2875 3085 2930 necessaria.
3112 2873 3254 2941 Ergo
3284 2872 3452 2927 Deum
3481 2873 3761 2941 alloquere
3784 2913 3799 2936 ,

2209 2954 2265 2999 et
2290 2948 2389 3001 nisi
2425 2964 2580 3003 secus
2605 2948 2799 3015 egeris,
2826 2945 2893 3000 de
2919 2946 3034 3013 ipso
3068 2958 3287 2998 securus
3313 2942 3401 3015 ita
3426 2942 3592 3015 aifare
3617 2960 3631 2994 :
3660 2943 3802 2998 Deus

2211 3032 2381 3081 meus,
2415 3020 2555 3075 Deus
2580 3011 2752 3082 meus,
2772 3011 3134 3070 misericordia
3153 3028 3293 3077 mea,
3316 3011 3579 3082 refugium
3597 3027 3798 3077 meum,

2210 3096 2263 3142 te
2283 3088 2550 3153 desidero,
2581 3088 2647 3142 ad
2674 3081 2936 3141 tervenire
2962 3085 3175 3146 festino,
3203 3098 3271 3136 ne
3294 3081 3560 3151 despicias
3587 3097 3677 3136 me
3706 3083 3802 3137 sub

2211 3160 2488 3217 tremendo
2516 3152 2822 3213 discrimine
2865 3156 3117 3224 positum,
3149 3153 3333 3207 adesto
3373 3152 3502 3206 mihi
3536 3153 3802 3221 propitius

2208 3234 2263 3288 in
2296 3232 2378 3284 his
2416 3230 2551 3284 meis
2578 3228 2783 3297 magnis
2824 3223 3277 3297 necessitatibus:
3307 3237 3413 3277 non
3457 3237 3686 3297 possum
3716 3238 3803 3277 me

2209 3303 2474 3358 redimere
2516 3300 2650 3354 meis
2670 3294 3121 3367 operationibus,
3154 3294 3247 3349 sed
3291 3302 3347 3367 tu
3392 3294 3599 3367 redime
3631 3308 3724 3367 me_
3749 3301 3804 3367 et

2208 3374 2462 3427 miserere
2508 3371 2632 3424 mei.
2676 3363 2866 3421 Difﬁdo
2912 3367 2979 3421 de
3006 3366 3140 3419 meis
3169 3364 3409 3427 meritis,
3441 3363 3538 3418 sed
3585 3363 3801 3419 conﬁdo

2207 3443 2274 3498 de
2301 3440 2733 3496 miserationibus
2772 3438 2872 3490 tuis
2901 3455 2915 3491 :
2938 3445 2991 3490 et
3017 3436 3133 3504 plus
3158 3433 3368 3487 conﬁdo
3395 3433 3463 3487 de
3504 3437 3611 3488 tuis
3639 3434 3802 3504 mise-

2209 3514 2522 3577 rationibus,
2553 3524 2715 3580 quam
2740 3506 2980 3561 difﬁdam
3015 3503 3085 3580 de
3110 3505 3266 3580 malis
3295 3505 3502 3580 actibus
3534 3503 3802 3580 meis._'l‘u

2208 3598 2266 3639 es
2292 3599 2414 3652 spes
2444 3571 2585 3646 mea,
2614 3581 2753 3633 Deus
2775 3592 2925 3652 meus
2950 3571 3087 3652 :__tibi
3114 3575 3215 3652 soli
3242 3576 3455 3643 peccavi
3479 3589 3602 3652 mea
3622 3577 3796 3652 culpa.

2207 3654 2305 3720 Qui
2324 3644 2406 3707 'fui
2438 3652 2531 3706 tibi
2560 3644 2754 3706 Charus
2783 3647 2849 3700 ad
2877 3644 3243 3720 redimendum
3268 3646 3557 3720 ,-non__sin_i
3591 3644 3801 3701 vilis'ad

2207 3714 2559 3793 perdendum.
2598 3720 2666 3774 Et
2691 3732 2832 3772 nunc
2858 3716 2924 3770 ad
2958 3727 3007 3769 te
3034 3716 3191 3793 venio
3217 3715 3305 3783 qui
3343 3714 3476 3769 nulli
3511 3714 3645 3768 dces
3670 3733 3683 3768 :
3707 3730 3800 3793 cu-

2206 3784 2294 3864 pio
2320 3792 2559 3857 dissolvi,
2585 3799 2639 3845 et
2667 3804 2785 3864 esse
2814 3796 3011 3864 tecum.
3034 3784 3089 3838 In
3108 3800 3306 3864 manus
3334 3793 3451 3864 tuas
3476 3784 3798 3864 commendo

2206 3854 2451 3934 spiritum
2473 3854 2671 3922 meum,
2697 3859 2937 3934 Domine.
2958 3855 3184 3934 R_espice
3207 3856 3259 3908 in
3281 3854 3639 3934 me,AD.omine
3662 3856 3800 3934 Deus

2206 3924 2480 4000 veritatis;
2514 3940 2569 3987 et
2589 3938 2781 4000 praesta
2806 3927 2968 4000 mihi,
2983 3926 3143 4000 Deus_
3152 3940 3321 4000 meus,
3353 3932 3410 3977 ut
3434 3924 3650 4000 inApace
3670 3925 3800 4000 dor-

2205 4008 2367 4061 miam
2392 4014 2446 4059 et
2467 3992 2828 4071 requiescam.
2871 3992 2973 4071 Qui
3011 3997 3063 4049 in
3102 3992 3639 4071 Trinitateperfecta
3665 3994 3799 4050 vivis

2206 4086 2261 4133 et
2279 4090 2469 4145 regnas
2496 4064 2658 4138 Deus,
2689 4086 2782 4140 per
2807 4068 2987 4122 omnia
3013 4066 3207 4121 smcula
3225 4064 3566 4121 saeculorum.
3597 4068 3795 4121 Amen.

1813 4212 3794 4250 ⁸,,-,---,--,,,...-...-.--.--------ι-------ι------¹ι--ι----ι---

1448 4314 1926 4420 LIBER
1967 4298 2854 4417 SECUNDUS.

547 4560 558 4571 .
585 4489 809 4571 CAPUT
851 4490 1132 4571 PRIMUM.
1168 4492 1378 4571 Occasio
1405 4496 1558 4571 hujus
1587 4498 1883 4566 argumenti.
1917 4496 2088 4564 Supe-

514 4566 672 4636 rioris
700 4569 953 4636 tra_cta_tus
972 4578 1186 4636 cursum
1213 4580 1297 4619 me
1318 4566 1572 4620 clausisse
1612 4576 1939 4636 putaveram,
1970 4581 2093 4619 cum

516 4629 728 4707 quidam
755 4630 821 4686 de
846 4631 1093 4686 fratribus
1133 4635 1278 4707 illum
1318 4629 1636 4707 accipientes
1657 4679 1671 4702 ,
1701 4637 1801 4707 ipsi
1839 4629 2094 4691 attentius

516 4700 860 4771 inita-rentes,
893 4712 1135 4758 accurate
1163 4700 1614 4771 collaudaverunt,
1646 4700 1900 4771 et,'sicuti
1936 4714 2095 4761 testa-

516 4769 727 4831 bantur,
765 4786 859 4838 pro
886 4772 985 4825 alia
1011 4775 1249 4846 utilitate
1274 4777 1352 4827 sui
1378 4769 1645 4845 gratanter
1674 4769 1976 4846 relegerunt
1996 4817 2010 4839 ,
2041 4784 2096 4830 et

514 4855 635 4893 eum
681 4845 946 4894 communi
991 4842 1359 4898 decedentium
1381 4842 1410 4899 a
1427 4848 1620 4900 smculo
1638 4842 1985 4900 consolationi
2004 4860 2070 4899 ne
2092 4876 2096 4887 ι

513 4910 1200 4985 εθεδθνὶυηιλ]υςιίοθνθιιυιιῑ.
1219 4914 1331 4984 Ego
1352 4924 1527 4971 autem
1543 4916 1829 4969 fraternum
1844 4918 2094 4985 gaudium

514 4992 693 5059 meum
734 4981 1043 5059 existimans
1058 5025 1089 5059 _,_
1109 4985 1180 5059 ita
1219 4981 1347 5038 illud
1373 4987 1733 5059 complexatus
1773 4981 1891 5040 sum
1912 5027 1927 5052 ,
1948 4997 2007 5059 ut
2042 4987 2094 5039 in

516 5049 754 5125 ipsorum
788 5049 969 5125 laetitia
1000 5052 1131 5106 mihi
1154 5068 1330 5125 meum
1358 5049 1714 5123 complacerct
1742 5049 2055 5125 opusculum
2077 5097 2092 5119 ,

513 5126 568 5170 et
614 5118 753 5185 quod
791 5119 904 5191 ipse
951 5121 1419 5190 impraemeditatus
1459 5118 1819 5191 dictaveram',
1859 5118 2096 5180 solitario

518 5202 829 5268 peragerent
852 5190 880 5268 ί.
895 5192 1167 5268 scrutinio.
1208 5193 1369 5247 Erant
1393 5202 1569 5268 autem
1600 5211 1719 5268 qua:
1757 5197 1963 5268 scripta
1970 5195 2098 5268 fue-

516 5265 641 5337 rant
656 5258 988 5337 simpliciter,
1023 5261 1138 5337 sed,
1168 5270 1226 5337 ut_
1251 5278 1372 5317 reor
1395 5305 1409 5327 ,
1443 5258 1701 5337 catholico
1744 5258 1907 5337 dicta.
1942 5265 2095 5322 Unde

516 5336 569 5408 et
591 5326 857 5408 dictorum
902 5329 1230 5408 simplicitati
1272 5326 1487 5402 propter
1526 5335 1747 5408 fratrum
1771 5336 2094 5408 benevolen-

518 5398 643 5476 tiam
668 5436 681 5456 ,
706 5398 795 5476 qui
822 5398 930 5465 jam
960 5400 1029 5453 ita
1073 5398 1421 5476 laudaverunt
1443 5445 1459 5471 ,
1486 5407 1723 5476 peperci.
1774 5407 1876 5476 Ipsi
1920 5416 2095 5462 autem

518 5463 643 5518 licet
668 5463 911 5546 volumen
942 5478 1086 5546 esset
1116 5474 1389 5540 parvulum
1414 5463 1827 5543 ,V'isi'tationem
1857 5479 2094 5532 inﬁrmo-

520 5535 805 5617 r'utn‘illud
851 5535 1293 5605 appellaverunt:
1340 5535 1438 5617 ego
1476 5557 1651 5617 autem
1688 5548 1972 5617 superiora
2022 5549 2096 5602 uti

521 5612 690 5688 erant,
724 5621 939 5688 manere
978 5625 1164 5688 passus
1199 5627 1337 5688 sum.
1380 5612 1489 5669 Sed
1538 5612 1786 5686 quoniam
1825 5618 2097 5688 epistolari

521 5672 825 5759 studueram
849 5672 1118 5759 brevitati,
1140 5684 1382 5759 quazdam
1412 5672 1997 5759 praetermiseram'qua:
2025 5672 2093 5744 ad

521 5742 763 5797 eatndcm
805 5745 995 5801 inﬁrmi
1025 5742 1381 5810 visitationem
1413 5742 1709 5815 hecessaria
1740 5742 1989 5815 fuisséﬁ,
2017 5742 2091 5816 Ed

582 5874 598 5904 ⁸
633 5880 737 5925 Mss.
760 5879 909 5940 ltegii,
934 5892 1256 5943 peragrarem.

503 5947 514 5959 ο

467 5968 511 5993 ‘l'a

2196 4501 2324 4557 ergo
2365 4500 2485 4555 quae
2525 4483 2825 4557 compendii
2864 4483 3038 4557 gratia
3065 4483 3512 4550 prietermiseram
3536 4524 3552 4547 ,
3586 4497 3798 4557 necnon

2202 4553 2346 4612 et'ea
2372 4553 2491 4626 qua:
2518 4570 2677 4626 super
2705 4554 2844 4609 idem
2866 4553 3132 4626 negotium
3154 4568 3182 4607 a
3210 4561 3505 4626 mepogstea
3528 4553 3792 4622 requisita

2201 4636 2359 4691 sunt,
2389 4623 2532 4681 istilo
2567 4623 3340 4694 subsequenticommendavi.
3376 4624 3541 4677 Erant
3583 4638 3798 4693 quoque

2202 4698 2391 4752 ordine
2436 4693 2822 4764 praecedentia,
2847 4693 2941 4747 sed
2982 4694 3094 4761 ipsa
3138 4694 3540 4764 praeposteravit
3584 4693 3653 4749 ad
3696 4694 3798 4748 alia

2203 4767 2455 4823 tondendi
2485 4782 2587 4819 non
2620 4766 2820 4819 inutilis
2840 4764 3113 4817 velocitas.

2273 4836 2500 4892 CAPUT
2543 4836 2603 4891 ll.
2638 4835 2793 4889 Fides
2820 4836 2934 4887 hinc
2965 4834 3241 4902 migraturo
3270 4835 3573 4887 necessaria.
3618 4833 3795 4888 Maxi-

2203 4925 2280 4961 me
2317 4911 2454 4960 circa
2486 4905 2742 4961 Christum
2782 4904 3050 4958 versanda.
3089 4902 3315 4957 Christus
3352 4903 3607 4958 hominem
3644 4922 3799 4972 super

2203 4978 2423 5049 Angelos
2445 4978 2651 5049 extulit.
2664 4977 2740 5049 Mi
2755 4975 3102 5049 citatissime,
3130 4988 3441 5049 recessurus
3468 4989 3499 5028 a
3536 4975 3798 5049 nobislte

2202 5043 2402 5103 etenim
2430 5047 2698 5115 compellit
2737 5046 2853 5099 dies
2879 5044 3084 5115 ultima)
3106 5083 3120 5107 ,
3152 5043 3322 5097 fidelis
3348 5053 3465 5115 esto
3489 5063 3502 5098 :
3529 5046 3647 5115 sine
3690 5043 3793 5100 ﬁde

2203 5120 2346 5172 enim
2394 5132 2498 5171 non
2543 5114 2694 5186 potes
2737 5116 2946 5186 placere
2983 5114 3124 5178 Deo;
3161 5129 3351 5186 neque_
3376 5114 3519 5169 enim
3563 5114 3797 5186 inﬁdelis

2205 5129 2346 5172 enim
2394 5132 2498 5171 non
2543 5129 2694 5186 potes
2737 5129 2946 5185 placere
2983 5129 3124 5178 ueo;
3161 5129 3333 5237 neque
3376 5129 3519 5169 enim
3563 5129 3795 5171 inuectis

2205 5188 2317 5242 Deo
2350 5196 2433 5241 est
2474 5186 2836 5256 acceptabilis.
2885 5185 3020 5256 Sunt
3067 5198 3194 5253 ergo
3266 5184 3454 5256 eDeog
3479 5185 3645 5239 multa
3672 5201 3795 5240 cre-

2207 5257 2382 5313 dcnda
2440 5256 2505 5309 ad
2553 5254 2777 5311 salutem
2823 5255 3014 5309 animae
3061 5255 3382 5308 necessaria.
3430 5254 3798 5310 Sacramentis

2202 5329 2363 5399 igitur
2386 5327 2578 5399 divinis
2605 5326 2737 5399 ﬁdes
2762 5327 2881 5396 plus
2905 5340 3062 5399 quam
3085 5324 3370 5399 verborum
3399 5329 3798 5399 argumentatio

2202 5394 2501 5452 adhibenda
2528 5405 2629 5451 est.
2660 5394 2845 5465 Neque
2881 5394 3079 5449 etenim
3109 5395 3417 5464 singillatim
3446 5394 3516 5451 de
3537 5396 3649 5450 Deo
3670 5412 3801 5451 cre-

2203 5467 2375 5522 denda
2404 5482 2497 5535 per
2522 5468 2743 5521 rationis
2777 5475 3088 5536 argumenta
3112 5479 3395 5536 possumus
3431 5465 3790 5534 comprehen-

2202 5537 2352 5606 dere,
2408 5534 2688 5607 possumus
2736 5534 2913 5590 autem
2960 5544 3016 5607 et
3057 5534 3315 5607 debemus
3364 5536 3608 5591 credere.
3658 5536 3792 5589 Nam

2202 5625 2375 5678 neque
2395 5605 2461 5664 de
2485 5609 2593 5663 Deo
2615 5608 2898 5676 loquimur,
2924 5606 3109 5678 quina
3132 5605 3529 5678 nobismetipsis
3550 5607 3798 5676 aliquan-

2203 5675 2373 5734 tulum
2407 5688 2587 5733 mente
2630 5675 2949 5733 excedamus
2981 5694 2991 5728 :
3026 5675 3113 5730 ubi
3149 5675 3307 5744 igitur
3340 5684 3423 5730 est
3464 5678 3658 5730 mentis
3698 5693 3795 5730 ex-

2202 5751 2393 5814 cessio,
2426 5749 2613 5804 idonea
2638 5757 2719 5803 est
2739 5748 2861 5803 ﬁdei
2906 5746 3193 5801 successio.
3224 5745 3463 5802 Mirabile
3495 5761 3623 5814 ergo
3662 5746 3796 5802 illud

2203 5820 2271 5875 de
2298 5818 2574 5873 Trinitatis
2603 5820 2821 5885 unitate,
2843 5817 2911 5872 de
2950 5816 3169 5870 unitatis
3194 5814 3386 5871 dei‘lica
3412 5816 3674 5871 Trinitate
3704 5832 3793 5871 sa-

2208 5899 2573 5959 cramentum,
2603 5889 2771 5958 magis
2813 5895 2897 5945 est
2936 5885 3263 5946 credendum
3318 5902 3479 5970 qnam
3519 5901 3793 5956 exponen-
