4076 6370
671 355 947 570 »Ε
1015 338 2111 554 consonant:

2216 355 2392 556 is:
2481 390 3650 544 nonI-nouum

1801 609 2113 710 ἐέλδωρ
2162 611 2525 727 primus.

597 839 822 897 CAPUT
861 833 1145 895 PRIMUM.
1180 833 1406 889 Tristitia
1436 830 1646 901 duplex.
1679 828 1917 911 [frtebete
1941 827 2106 911 silen-

530 914 682 976 tium,
716 912 941 974 fratres;
973 924 1039 964 ne
1064 921 1159 960 vos
1186 912 1419 960 transeat
1437 917 1612 976 sermo
1639 901 1783 954 utilis
1809 910 1860 954 et
1889 901 1940 952 in
1969 907 2106 953 tem-

529 974 1037 1054 pore-necessarius.
1068 977 1197 1054 Nam
1229 985 1352 1054 tunc
1373 975 1452 1028 vel
1479 974 1706 1054 maxime
1731 986 1867 1054 opus
1887 978 1968 1022 est
1997 983 2109 1054 me-

531 1038 727 1117 dicina,
755 1051 965 1121 quando
987 1048 1165 1121 gravis
1179 1045 1414 1121 nascitur
1440 1042 1696 1112 aegritudo
1731 1051 1827 1121 :ﬂet
1855 1052 1981 1121 tunc
2002 1038 2111 1121 sol-

529 1126 671 1178 licite
700 1110 1384 1194 collyrium"adhibendum
1429 1110 1544 1177 esi,
1587 1129 1706 1166 eum
1739 1110 2110 1194 fuerit‘oculus

528 1195 712 1250 dolore
757 1179 1015 1246 tui'batus.
1056 1189 1386 1255 Quicumque
1432 1199 1558 1254 ergo
1621 1199 1733 1255 non
1766 1182 1942 1255 habet_
1969 1179 2111 1234 hunc

526 1264 791 1325 dolorem,
821 1277 924 1316 non
948 1251 1236 1333 obstrepat,
1278 1251 1374 1333 sed
1409 1251 1586 1326 potius
1613 1252 1828 1333 audiat;
1857 1251 1976 1333 quia
2004 1264 2108 1303 non

528 1333 752 1403 impedit
770 1323 980 1395 sanum,
1010 1323 1149 1403 scire
1173 1323 1487 1403 medicinam
1510 1341 1626 1396 qua:
1651 1324 1834 1403 prosit.
1858 1323 1956 1403 Qui
1985 1335 2110 1403 vero

567 1396 627 1460 er
658 1403 797 1456 hunc
828 1415 1008 1456 casum
1038 1399 1304 1454 turbatum
1353 1396 1512 1450 habet
1546 1396 1753 1449 oculum
1786 1396 2014 1454 mentis,
2047 1398 2102 1444 et

567 1421 627 1460 er
658 1418 797 1456 nunc
828 1418 1008 1456 casum
1038 1418 1304 1454 turbatum
1355 1418 1512 1450 navet
1546 1418 1753 1449 ocuwlll
1786 1418 1981 1446 ulcnua
2000 1431 2014 1454 ,
2047 1418 2102 1444 cs

529 1418 804 1530 goloribus
833 1471 1116 1541 cruciatur,
1142 1467 1306 1541 magis
1325 1467 1644 1541 int_entus_s_it
1675 1462 1958 1541 “reperiat
1978 1475 2109 1541 ocuf

529 1545 639 1600 lum
672 1543 736 1597 ad
763 1539 1160 1610 suscipiendum
1190 1534 1437 1610 salutaris
1464 1536 1609 1610 verbi
1651 1534 1929 1610 collyrium
1951 1574 1964 1595 ,
2005 1534 2111 1602 quo

530 1629 639 1670 non
667 1614 837 1668 solum
873 1603 1312 1672 consolationem,
1349 1608 1441 1660 sed
1472 1607 1630 1661 etiam
1659 1603 1952 1659 remedium
1977 1617 2109 1657 con—

531 1694 806 1756 sequatur.
830 1681 1367 1756 Certum_est_autem.
1383 1677 1510 1756 quia
1533 1678 1577 1730 is
1602 1675 1692 1746 qui
1712 1675 1856 1756 dolet
1875 1673 2107 1756 oculum,

530 1757 578 1810 sl
603 1743 724 1810 eum
755 1751 965 1808 medico
992 1749 1287 1806 infundenti
1317 1743 1591 1818 collyrium
1621 1743 1838 1818 aperire
1857 1743 2109 1809 noluerit,

529 1825 807 1895 collyrium
834 1815 1666 1895 quidem_foris_extra_pupillam
1697 1815 1963 1895 fundi_tur._
1982 1829 2112 1894 oeuf

530 1895 616 1950 lus
638 1885 770 1948 'vero
797 1885 1037 1948 remanet
1063 1892 1114 1943 in
1151 1889 1352 1943 dolore.
1387 1885 1475 1941 Sic
1493 1885 1566 1942 'et
1591 1902 1741 1941 mens
1768 1885 1996 1940 dolentis
2019 1925 2034 1950 ,
2066 1885 2112 1937 si

535 1973 756 2033 propter
781 1960 1294 2033 nimiamtristitiam
1321 1959 1568 2033 verbose
1594 1956 1997 2033 clauserii,_nou
2026 1969 2112 2008 re-

533 2025 688 2105 cepia
719 2033 929 2105 salubri
956 2030 1360 2105 :thmonitione1
1400 2029 1611 2105 incipiet
1661 2029 1779 2105 plus
1804 2025 2023 2105 dolere:
2057 2033 2113 2105 et

532 2094 756 2159 forsitan
785 2104 892 2173 pati
919 2102 1050 2157 illud
1077 2100 1216 2170 quod
1250 2101 1299 2151 in
1329 2094 1600 2173 Scripiura
1625 2094 1948 2173 continetur,
1973 2094 2113 2173 Quia

531 2175 733 2228 tristitia
761 2165 934 2227 mundi
960 2165 1170 2226 inertiam
1199 2165 1528 2241 operatur'(ll
1559 2169 1675 2222 Cor.
1699 2185 1793 2231 vn,
1823 2166 1934 2241 l0).
1972 2165 2110 2219 Bea-

536 2252 624 2298 tus
654 2245 847 2299 Paulus
873 2243 1164 2312 apostolus,
1207 2241 1437 2312 fidelium
1467 2240 1654 2293 doctor
1679 2249 1731 2312 et
1760 2240 1998 2292 medicus
2023 2251 2113 2312 sa-

534 2315 742 2380 lutaris,
769 2307 1046 2368 duas-esse
1069 2312 1203 2365 dixit
1223 2311 1482 2373 tristitias,
1506 2325 1667 2364 unam
1698 2309 1890 2380 bonam
1917 2315 1969 2360 et
1988 2307 2113 2360 alte-

534 2399 650 2438 ram
682 2379 904 2446 malam;
929 2399 1086 2436 unam
1109 2381 1309 2442 utilem,
1336 2392 1388 2433 et
1409 2381 1629 2433 alteram
1653 2379 1925 2439 inutilem;
1955 2391 2111 2429 unam

533 2469 653 2522 qua:
680 2455 869 2516 salvat,
901 2453 1341 2522 etialteramqua:
1364 2449 1558 2522 perdit.
1585 2450 1651 2502 Et
1679 2447 1986 2522 neduhium
2015 2446 2116 2522 ali-

534 2515 619 2577 cui
653 2515 894 2576 videatur
929 2521 981 2575 id
1010 2519 1150 2590 quod
1178 2515 1298 2572 dico
1319 2561 1347 2590 ,_
1364 2515 1475 2588 ipsa
1504 2520 1619 2587 ejus
1647 2519 1807 2590 verba
1852 2515 2110 2590 recitabo.

537 2592 625 2647 Ait
652 2593 814 2656 enim,
849 2591 975 2658 Qua:
1000 2586 1278 2644 secundum
1308 2586 1472 2642 Deum
1498 2586 1568 2642 est
1597 2589 1797 2642 tristitia
1817 2628 1830 2650 ,
1865 2586 2112 2658 paeniten-

538 2663 661 2716 tiam
687 2664 736 2718 iu
767 2657 977 2717 salutent
1017 2661 1244 2714 stabilem
1281 2668 1517 2729 aperatur
1548 2675 1565 2712 :
1606 2659 1720 2712 hau:
1745 2666 1827 2712 est
1853 2659 1942 2729 illa
1973 2657 2111 2729 bona

543 2733 774 2787 tristitia.
804 2734 1053 2802 Sequitur
1066 2729 1270 2802 deinde
1289 2727 1471 2802 ,_Narn
1492 2729 1842 2802 swcttlijiujus
1869 2727 2070 2802 tristitia
2093 2767 2110 2794 ,

537 2813 744 2858 mortem
769 2799 1005 2874 operatur
1033 2801 1218 2874 (Ibid.,
1253 2799 1339 2870 ll)
1376 2818 1389 2853 :
1419 2799 1531 2854 haec
1556 2809 1638 2854 est
1667 2799 1755 2852 illa
1783 2799 1938 2852 mala.

607 2867 831 2929 CAPUT
873 2873 936 2926 ll.
965 2867 1153 2927 Luctus
1180 2867 1491 2924 mortuorum
1520 2885 1687 2924 causa:
1727 2875 1950 2938 respectu
1975 2867 2114 2936 ipso-

534 2959 668 2997 runt.
701 2943 1043 2997 Ostenduntur
1068 2957 1228 2996 came.
1276 2939 1560 2997 Videamus
1586 2956 1730 3010 ergo,
1763 2938 1970 3010 fratres.
2012 2939 2112 2992 ista

537 3014 746 3068 tristitia
774 3030 892 3084 quae
920 3029 1062 3068 nunc
1085 3022 1169 3067 est
1191 3012 1241 3065 in
1264 3011 1528 3084 manibus,
1554 3008 2110 3084 qu:e_nune_agitur.i_n

534 3094 748 3154 pectore
768 3079 866 3150 ,'et
888 3084 1098 3138 auditur
1118 3097 1247 3136 voce
1267 3100 1302 3154 ;_
1316 3081 1461 3136 utilis
1485 3079 1657 3146 sit,'an
1681 3081 1912 3144 inutilis;
1945 3079 2110 3154 prod-

535 3151 654 3209 esse
681 3156 883 3218 valeat,
912 3170 977 3208 an
1007 3168 1218 3208 nocere.
1274 3151 1421 3207 Jacet
1447 3166 1572 3206 ecce
1612 3166 1806 3219 corpus
1838 3151 2106 3214 exanime,

527 3224 672 3293 jacet
693 3226 744 3278 in
769 3225 942 3279 tabula
965 3226 1124 3279 homo
1146 3223 1262 3278 sine
1278 3221 1514 3293 homine,
1538 3222 1774 3276 membra
1797 3223 1979 3290 utique
1997 3221 2114 3275 sine

536 3292 723 3363 spiritu
754 3313 766 3348 :
794 3296 1072 3358 clamatur,
1095 3308 1196 3347 nec
1215 3292 1534 3363 re5p0ndet;
1563 3299 1800 3357 vocatur,
1818 3299 1874 3345 et
1893 3306 1996 3345 non
2021 3307 2113 3344 au-

537 3362 646 3435 dit;
671 3364 814 3434 jacet
830 3364 990 3419 facies
1008 3363 1220 3435 pallida,
1243 3362 1412 3416 forma
1429 3370 1651 3426 mutata,
1673 3377 1766 3435 per
1789 3376 1944 3430 quam
1967 3376 2114 3416 mors

537 3433 648 3503 ipsa
674 3432 927 3489 'cernitur
958 3437 973 3466 ¹
1009 3432 1025 3488 Ξ
1059 3434 1318 3503 cogitatur
1358 3441 1615 3502 praeterea
1653 3432 1767 3503 ejus
1795 3439 2114 3503 perpetuum

536 3501 825 3575 silentium,
853 3501 1443 3575 cogitatur—delectatio,
1473 3511 1564 3556 aut
1591 3501 1709 3575 qua:
1733 3501 1852 3568 fuit,
1882 3512 1970 3555 aut
1995 3517 2114 3575 qua:

536 3574 710 3628 futura
744 3585 860 3630 erat
892 3573 1127 3644 utilitas,
1158 3575 1454 3644 cogitantur
1479 3574 1822 3628 necessitates
1843 3613 1857 3637 ,
1899 3573 2115 3644 veniunt

536 3644 588 3698 in
629 3655 860 3700 mentem
901 3643 1059 3701 verba
1103 3643 1438 3710 dulcissima,
1471 3644 1625 3714 longa
1656 3643 1984 3714 consuetudo
2029 3657 2114 3698 re-

536 3715 780 3784 quiritur.
810 3717 935 3771 llaec
961 3724 1085 3771 sunt
1113 3716 1229 3770 sine
1251 3714 1412 3768 dubio
1434 3730 1553 3784 qua:
1575 3713 1794 3769 movent
1815 3713 2075 3784 lacrytnas
2095 3756 2110 3782 ,

536 3783 758 3840 incitant
790 3787 1042 3842 ululatum
1068 3828 1082 3853 ,
1121 3796 1175 3840 et
1217 3794 1384 3839 totum
1429 3783 1661 3839 animum
1707 3786 1757 3838 in
1798 3783 2112 3852 profundam

541 3857 806 3912 tristitiam
831 3858 1164 3927 demergunt.
1189 3857 1383 3914 Contra
1407 3855 1519 3910 haec
1538 3865 1644 3927 tam
1667 3855 1858 3916 valida,
1878 3863 1986 3908 tam
2007 3854 2117 3927 for-

541 3927 609 3980 tia
637 3927 837 3984 doloris
871 3926 1056 3994 arma,
1081 3930 1101 3959 ³
1124 3927 1250 3982 illud
1281 3929 1449 3996 primo
1478 3926 1712 3980 omnium
1740 3926 2111 3995 opponendum

535 4005 652 4062 est,
699 4000 821 4068 quia
861 4015 1017 4068 omne
1050 3997 1192 4067 quod
1225 3999 1462 4051 nascitur
1505 3998 1558 4068 in
1599 3999 1698 4052 hoc
1732 3997 1960 4062 mundo,
2018 4011 2110 4050 ne-

537 4079 692 4120 cesse
719 4067 801 4122 est
825 4069 982 4123 mori.
1005 4067 1130 4122 Huic
1155 4077 1236 4122 est
1261 4068 1403 4129 enim
1432 4069 1514 4120 lex
1544 4067 1638 4120 Dei
1659 4078 1712 4121 et
1731 4068 1993 4121 sententia
2011 4069 2112 4120 im-

539 4138 808 4190 mutabilis
831 4180 846 4204 ,
890 4154 1046 4208 quam
1081 4137 1468 4208 postidelictum
1500 4138 1744 4206 princeps
1773 4137 1982 4207 generis
2010 4136 2111 4190 hu-

537 4207 679 4278 mani
707 4205 944 4278 accepit,
971 4205 1177 4278 dicente
1207 4207 1336 4269 Deo,
1369 4205 1526 4278 Terra
1547 4223 1598 4260 es
1617 4247 1631 4270 ,
1649 4205 1694 4278 et
1723 4205 1794 4260 ini
1814 4218 1995 4278 terram
2021 4208 2114 4278 ibis

537 4273 692 4348 tua...
736 4273 984 4347 tu,'l9).
1027 4277 1163 4345 Quid
1206 4290 1335 4348 ergo
1380 4277 1497 4328 novi
1525 4277 1760 4346 contigit,
1792 4279 1833 4348 si
1861 4277 2018 4348 homo
2047 4276 2113 4348 ad

536 4345 640 4400 hoc
673 4356 853 4413 natus,
897 4345 1088 4402 divinae
1129 4347 1227 4415 legi
1273 4362 1333 4398 ac
1362 4348 1639 4400 sententize
1670 4345 1952 4401 Satisfecit?
1976 4346 2112 4415 Quid

537 4417 658 4470 novi
687 4419 912 4483 accidit,
940 4419 984 4472 si
1010 4435 1072 4472 ex
1101 4417 1409 4472 mortalibus
1437 4427 1609 4483 natus,
1634 4426 1834 4471 naturtc
1866 4419 2109 4486 pmpriae,

536 4486 659 4556 quia
685 4503 783 4544 nec
805 4498 1010 4558 poterat
1034 4503 1306 4553 excusare,
1331 4488 1643 4558 respondit?
1666 4489 1778 4542 Non
1795 4496 1875 4542 est
1896 4488 2114 4541 inusita-

536 4565 647 4611 tum
699 4561 840 4628 qttod
881 4561 1153 4628 antiquum
1197 4567 1312 4623 est,
1367 4576 1472 4613 non
1519 4569 1600 4613 est
1641 4559 1930 4613 inauditum
1973 4558 2113 4627 quod

535 4629 898 4700 quotidianmn
945 4640 1062 4696 est,
1105 4644 1210 4682 non
1259 4637 1339 4682 est
1368 4631 1635 4698 proprium
1662 4629 1800 4700 quod
1831 4645 2114 4684 commune

536 4699 719 4770 est.7Si
740 4715 866 4756 avos
889 4708 943 4755 et
969 4715 1191 4770 proavos
1219 4701 1464 4770 novimus
1495 4716 1585 4767 per
1605 4699 1743 4754 hanc
1769 4701 1904 4753 viam
1927 4701 2114 4770 mortis

534 4769 824 4840 profectos,
851 4771 896 4825 si
923 4769 1066 4840 ipsos
1090 4771 1320 4840 denique
1355 4769 1691 4824 Patriarchas
1719 4779 1773 4823 et
1818 4769 2111 4839 Prophetas

534 4839 605 4894 ab
641 4840 810 4894 A'dam
842 4839 1166 4911 protoplasto
1198 4839 1302 4894 nun
1329 4841 1442 4895 sine
1472 4855 1661 4894 occasu
1683 4840 1980 4895 audivimus
2009 4842 2111 4894 mi-

532 4925 716 4978 grasse
743 4911 810 4966 de
835 4913 1029 4965 saeculo
1052 4929 1066 4976 ;
1099 4912 1368 4966 eleventus
1387 4911 1623 4964 animum
1649 4911 1712 4965 de
1739 4912 1998 4980 profundo
2019 4913 2112 4966 tri-

533 4981 690 5052 stitiae
721 4997 736 5036 :
765 4983 884 5050 quia
914 4982 1050 5051 quod
1073 4982 1318 5048 debebat,
1346 4982 1446 5036 hoc
1470 4981 1716 5036 reddidit.
1735 4983 1797 5035 Et
1823 4984 2000 5052 utique
2019 4983 2114 5037 de-

533 5049 698 5121 bitum
732 5049 852 5106 cum
881 5049 1117 5106 redditur
1138 5094 1152 5115 ,
1180 5067 1336 5121 quam
1370 5062 1540 5121 potest
1579 5052 1774 5107 habere
1801 5049 2112 5107 tristitiam?

536 5119 651 5192 Hoc
676 5131 757 5192 est
781 5138 904 5176 vere
931 5119 1514 5192 debituquuodnulla
1545 5133 1717 5192 potest
1742 5124 1961 5192 pecunia
1991 5123 2113 5178 red-

531 5190 622 5246 imi
654 5209 666 5245 :
698 5190 797 5246 hoc
826 5201 907 5247 est
933 5193 1166 5248 debitum
1189 5234 1204 5258 ,
1234 5190 1374 5262 quod
1415 5209 1512 5247 nec
1541 5190 1706 5247 virtus
1730 5190 1946 5248 excusat
1971 5235 1986 5259 ,
2011 5209 2109 5248 nec

535 5262 815 5334 sapientia,
851 5279 950 5318 nec
981 5273 1232 5332 potestas,
1274 5279 1374 5318 nec
1400 5263 1496 5332 ipsi
1521 5263 1752 5334 denique
1777 5280 1927 5334 reges
1955 5273 2107 5334 pote-

533 5339 659 5404 runt
684 5333 976 5388 declinare.
1009 5334 1171 5390 Plane
1202 5335 1444 5389 hortarer
1469 5349 1588 5404 ego,
1621 5333 1677 5388 ut
1699 5333 1917 5404 augeres
1944 5333 2110 5388 tristi-

533 5400 684 5476 tiam,
707 5404 757 5476 si
782 5404 1109 5476 fuissetitaiis
1135 5420 1242 5471 res,
1269 5421 1390 5476 quae
1411 5400 1529 5460 cum
1554 5415 1733 5476 posset
1759 5400 1842 5460 tua
1870 5405 2109 5460 substan-

533 5471 607 5524 tia
632 5472 863 5542 redimi,
907 5475 992 5530 vel
1029 5471 1632 5547 diﬂ‘erri;'negligentia
1655 5517 1671 5543 ,
1717 5486 1810 5532 aut
1851 5477 2109 5547 parcitate

502 5755 508 5761 .
592 5709 611 5742 ⁸
643 5707 764 5760 adut
783 5708 863 5760 hic
881 5709 1079 5771 addunt,
1100 5718 1149 5764 et
1167 5709 1406 5765 hat-retia.
1813 5776 1816 5779 _

539 5772 613 5844 Α]
643 5771 762 5844 ξωὶιί
778 5771 991 5844 addunt,
1022 5772 1349 5844 spiritualibus
1370 5772 1617 5840 debetmts.
1635 5786 1820 5832 amart
1841 5778 2101 5844 prasidiis.

529 5831 663 5900 (llud
685 5845 806 5900 ergo
825 5831 999 5900 primo,
1024 5831 1118 5887 e'tc.

2213 826 2568 896 provenisset.
2614 824 2747 881 Cum
2789 838 2919 881 vero
2957 823 3052 881 Dei
3077 824 3364 896 {decretum
3390 825 3602 883 firmum
3647 828 3718 884 sit
3743 839 3802 886 et

2215 897 2542 952 immutabile
2562 939 2577 962 ,
2608 896 2801 951 frustra
2834 896 3076 951 dolemus
3095 937 3110 962 ,
3151 905 3207 951 et
3235 896 3302 952 de
3331 897 3486 952 nobis
3514 899 3808 966 querimus

2215 984 2378 1038 quare
2403 968 2472 1022 sit
2493 980 2753 1038 mortuus,
2786 983 2905 1020 cum
2933 969 3190 1038 scriptum
3216 968 3305 1038 sit,
3336 967 3545 1022 Domini
3563 967 3670 1023 Dei
3693 980 3809 1025 sunt

2215 1037 2379 1091 exitus
2419 1040 2593 1109 mortis
2621 1037 2795 1106 (Psal.
2840 1053 3020 1099 uvu,
3046 1037 3321 1109 21_).Alsta
3351 1055 3481 1109 ergo
3502 1043 3802 1100 communis

2215 1111 2337 1163 vita:
2367 1108 2604 1180 conditio
2635 1109 2678 1162 si
2709 1109 2999 1180 recipiatur
3024 1108 3094 1180 fin
3126 1107 3306 1180 animo
3329 1151 3342 1172 ,
3373 1107 3592 1178 incipiet
3617 1127 3806 1180 grava-

2217 1188 2302 1233 tus
2323 1179 2500 1235 cordis
2529 1180 2738 1242 oculus,
2772 1179 2922 1248 quasi
2960 1179 3124 1246 prima
3153 1178 3420 1234 infusione
3447 1178 3698 1235 relevari.

2287 1249 2515 1321 CABUT
2555 1249 2642 1303 lll.
2674 1249 2804 1303 Alite
2827 1261 3054 1319 respectu
3085 1251 3243 1302 uas-tri
3271 1267 3359 1303 nec
3385 1253 3550 1321 magis
3575 1253 3804 1306 rationa-

2219 1321 2358 1374 biles.
2393 1319 2621 1374 Tristitia
2646 1321 2801 1373 nimia
2828 1336 2921 1390 cur
2945 1329 3154 1374 mortem
3196 1329 3449 1390 operetur.
3474 1319 3596 1377 'Sed
3634 1324 3766 1378 dicis
3783 1364 3802 1389 ,

2221 1390 2344 1446 Scio
2380 1405 2732 1463 communem
2745 1404 2865 1463 esse
2894 1389 3047 1463 hunc
3072 1389 3253 1463 casum
3274 1432 3303 1463 ,4
3336 1393 3448 1446 scio
3487 1394 3612 1462 quia
3643 1394 3690 1448 is
3713 1395 3804 1463 qui

2222 1470 2464 1516 mortuus
2489 1469 2574 1515 est
2595 1502 2609 1524 ,
2650 1460 2886 1516 debitum
2917 1461 3076 1515 solvit
3107 1479 3120 1514 :
3153 1462 3243 1516 sed
3275 1460 3687 1517 delectationem
3711 1460 3802 1518 co-

2218 1532 2348 1602 gito,
2378 1532 2724 1604 necessitates
2748 1540 2934 1604 repeto
2953 1572 2969 1597 ,
2999 1533 3434 1604 consuetudinem
3474 1536 3711 1604 requiro.
3739 1535 3792 1589 Si

2221 1601 2437 1672 propter
2469 1602 2580 1655 haac
2622 1603 2832 1656 tristitia
2873 1601 3136 1667 aftieeris;
3188 1618 3370 1658 errore
3398 1601 3648 1668 duceris,
3693 1621 3797 1662 non

2221 1674 2429 1744 ratione
2454 1673 2786 1744 gubernaris.
2808 1673 2965 1744 iScire
2991 1673 3133 1728 enim
3166 1672 3351 1737 debes,
3375 1676 3495 1744 quia
3525 1676 3796 1743 Dominus,

2217 1745 2305 1814 qui
2331 1742 2472 1797 hanc
2494 1742 2713 1797 dederat
2738 1742 3144 1797 delecmtionem
3167 1785 3180 1807 ,
3210 1745 3340 1798 dare
3370 1742 3544 1814 potest
3569 1755 3624 1800 et
3644 1742 3798 1801 aliam

2215 1815 2476 1884 potiorem
2504 1856 2517 1876 ,
2547 1822 2602 1866 et
2641 1816 3011 1868 necessitatem
3042 1814 3236 1867 sufficit
3263 1816 3362 1869 alia
3391 1818 3674 1871 occasione
3712 1834 3798 1873 re-

2216 1883 2364 1954 plere
2393 1886 2432 1936 ⁸.
2465 1883 2756 1940 Utilitatem
2792 1899 2919 1938 vero
2945 1926 2958 1950 ,
2986 1885 3123 1938 sicut
3149 1893 3290 1937 tuam
3319 1885 3467 1940 vides
3490 1928 3507 1953 ,
3552 1886 3718 1942 debes
3746 1897 3796 1943 et

2219 1955 2335 2022 ejus
2372 1955 2458 2025 qtti
2499 1955 2777 2008 defunctus
2808 1962 2890 2008 est
2928 1956 3160 2025 cogitare
3191 1973 3216 2025 :7
3237 1956 3358 2025 quia
3386 1958 3464 2011 sic
3491 1958 3540 2011 ei
3573 1959 3792 2013 forsitan

2217 2024 2552 2094 expediebat,
2584 2025 2719 2080 sicut
2744 2024 3014 2093 scriptum
3030 2033 3111 2079 est
3145 2043 3157 2078 :
3195 2024 3390 2095 Raptus
3414 2037 3487 2081 est
3507 2070 3521 2093 ,
3555 2045 3620 2081 ne
3647 2029 3796 2082 utali-

2219 2096 2289 2148 tia
2332 2104 2544 2148 mutaret
2589 2096 2698 2163 ejus
2741 2096 3067 2150 intellectum.
3121 2095 3320 2149 Placita
3360 2098 3494 2150 enim
3536 2109 3646 2152 erat
3692 2099 3797 2155 Deo

2217 2167 2387 2218 anima
2415 2167 2545 2236 ejus,
2574 2166 2783 2234 ideoque
2811 2167 3096 2236 properavit
3122 2166 3185 2219 de
3204 2167 3369 2220 media
3393 2168 3659 2236 iniquitate
3677 2171 3796 2224 edu-

2217 2185 2387 2218 amma
2415 2185 2545 2236 ejus,
2574 2185 2783 2234 taeoque
2811 2185 3096 2236 properavit
3122 2185 3185 2219 ae
3204 2185 3369 2220 meam
3393 2185 3461 2220 mi
3501 2185 3659 2222 uttate
3677 2185 3794 2224 eau-

2217 2252 2338 2307 cere
2369 2253 2480 2307 eum
2533 2237 2550 2303 (
2574 2237 2703 2302 δίῳ.
2730 2251 2783 2289 tv
2802 2237 3060 2307 ,ιι-14).
3109 2238 3180 2291 De
3199 2185 3585 2293 consuetugine
3625 2251 3794 2296 autem

2219 2305 2344 2375 quid
2371 2306 2586 2361 dicam?
2612 2322 2779 2379 quam
2817 2306 2942 2379 dum
2968 2309 2988 2338 ¹¹
3019 2305 3228 2379 tempus
3264 2310 3338 2360 sic
3370 2308 3494 2362 facit
3519 2309 3790 2379 oblivisci,

2218 2386 2277 2429 ut
2305 2392 2574 2450 nunquam
2607 2375 2766 2450 fuisse
2795 2377 3054 2450 videatur.
3083 2377 3231 2442 Quod
3263 2395 3390 2448 ergo
3422 2389 3633 2448 tempus
3663 2375 3795 2450 prae;

2218 2455 2324 2498 stat
2347 2458 2400 2500 et
2421 2447 2564 2518 dies,
2590 2447 2947 2518 multomagis
2971 2447 3126 2501 debet
3147 2451 3282 2502 ratio
3304 2447 3354 2503 et
3383 2451 3519 2503 bona
3539 2447 3796 2518 ’prarstare

2219 2516 2490 2591 cogitatio.
2522 2517 2590 2591 Et
2611 2517 2695 2569 vel
2729 2517 2855 2591 illud
2888 2519 3118 2591 maxime
3139 2519 3476 2591 cogitandum
3506 2516 3588 2574 est
3609 2563 3626 2588 ,
3658 2523 3794 2591 quod

2217 2585 2398 2639 divina
2430 2602 2523 2653 per
2553 2587 2865 2655 Apostolum
2896 2589 3154 2642 sententia
3184 2585 3449 2652 dil‘tinivit,
3485 2585 3621 2654 Quia
3641 2585 3794 2646 tristi-

2218 2657 2289 2708 tia
2315 2657 2489 2730 mundi
2516 2666 2726 2730 mortem
2756 2669 2992 2730 operatur
3024 2658 3086 2727 (ll
3117 2657 3233 2712 Cor.
3271 2677 3342 2713 vn
3369 2702 3381 2722 ,
3421 2661 3530 2730 10).
3567 2663 3719 2728 Quod
3753 2664 3796 2718 si

2218 2734 2321 2779 tam
2345 2728 2629 2800 oblectatio
2651 2744 2807 2796 quam
2831 2729 3027 2800 utilitas
3055 2744 3290 2796 praesens
3311 2733 3423 2786 sive
3444 2728 3792 2800 consuetudo,

2218 2812 2306 2874 res
2334 2797 2514 2874 mundi
2540 2808 2671 2874 sunt_
2690 2809 2744 2874 et
2771 2799 2962 2868 gaudia
2992 2800 3170 2874 sasculi
3203 2803 3502 2855 transitoria
3527 2821 3540 2867 ;
3577 2797 3788 2874 pmpter

2218 2865 2334 2922 haec
2366 2871 2600 2921 animum
2641 2865 2892 2934 dejicere,
2926 2879 2979 2923 et
3019 2871 3259 2939 spiritum
3285 2865 3592 2927 eorttristari
3621 2917 3636 2938 ,
3676 2865 3798 2930 'vide

2220 2954 2286 2991 ne
2313 2939 2380 2991 sit
2409 2953 2534 2992 vere
2564 2940 2831 2992 mortifera
2871 2940 3139 2994 valetudo.
3175 2942 3439 3009 Itepetens
3479 2954 3661 2998 autem
3705 2947 3798 3000 ite-

2217 3024 2335 3062 rum
2377 3015 2536 3077 atque
2567 3011 2755 3063 iterum
2791 3010 2962 3063 dicam
2998 3029 3009 3063 :
3047 3010 3180 3077 Quia
3213 3014 3414 3066 tristitia
3447 3016 3622 3067 mundi
3663 3033 3796 3068 mor-

2218 3087 2315 3153 tem
2343 3090 2598 3153 operatur.
2623 3080 2815 3153 Quare
2844 3090 3038 3153 autem
3064 3092 3289 3136 mortem
3333 3086 3625 3153 operatur?
3667 3088 3798 3152 Quia

2217 3150 2354 3226 solet
2380 3149 2539 3202 nimia
2567 3151 2779 3226 tristitia
2801 3160 2891 3226 aut
2921 3152 2983 3226 ad
3010 3149 3420 3226 dubitationem,
3450 3167 3539 3208 aut
3567 3156 3632 3209 ad
3663 3149 3798 3226 peri—

2217 3221 2464 3290 culosam
2484 3221 2775 3290 perducere
2807 3222 3210 3290 blasphemiam.

2287 3289 2513 3362 CAPUT
2552 3289 2638 3343 IV.
2687 3291 2871 3362 Luctus
2917 3289 2994 3346 Itis
3031 3295 3115 3362 qui
3151 3304 3264 3347 ante
3306 3294 3561 3348 Christum
3609 3295 3799 3352 licitas.

2216 3358 2320 3434 Cur
2354 3358 2583 3434 Citristus
2602 3363 2795 3430 ﬂeverit
2819 3358 3091 3416 Lazarum.
3119 3363 3224 3418 Sed
3249 3364 3390 3419 dicet
3415 3367 3634 3434 aliquis,
3666 3369 3800 3422 Pro-

2217 3429 2368 3484 hihes
2408 3429 2608 3506 lugere
2634 3441 2906 3506 mortuos,
2957 3449 3078 3506 cum
3131 3443 3185 3488 et
3230 3429 3563 3489 Patriarelia:
3607 3429 3800 3506 plorati

2216 3510 2362 3578 sunt,
2389 3509 2443 3554 et
2468 3501 2674 3578 Moyses
2701 3502 2791 3556 ille
2815 3501 3042 3578 famulus
3065 3505 3177 3571 Dei,
3201 3516 3261 3578 et,
3283 3508 3429 3578 multi
3459 3501 3656 3562 deinde
3680 3525 3800 3578 pro-

2219 3572 2413 3640 phetze,
2439 3573 2732 3645 praisertim
2756 3589 2876 3627 cum
2899 3573 2999 3628 Job
3019 3590 3230 3644 quoque
3245 3577 3572 3645 justissitnus
3593 3572 3798 3634 vestem

2216 3655 2366 3715 suam
2395 3657 2552 3710 supra
2583 3642 2813 3715 filiorum
2854 3642 3172 3700 eonsciderit
3217 3642 3398 3702 necem
3431 3647 3551 3715 (Job
3578 3664 3630 3709 ι,
3663 3648 3800 3712 20)?

2215 3710 2332 3788 Non
2362 3727 2461 3780 ego
2487 3713 2746 3788 prohibeo
2775 3714 2958 3788 lugere
2987 3718 3365 3788 mortuos,_sed
3396 3710 3634 3788 gentium
3671 3710 3796 3775 illu-

2216 3781 2444 3860 minatur
2470 3783 2757 3860 ‘Apostoius
2779 3825 2816 3860 ,Α
2837 3781 2924 3853 qui
2955 3786 3030 3838 sic
3059 3787 3160 3851 ait,
3219 3785 3350 3860 Nolo
3395 3781 3482 3860 eos
3521 3791 3760 3860 ignorare
3780 3833 3796 3857 ,

2217 3853 2416 3920 fratres,
2446 3852 2909 3929 de_dorntietiti_bus,
2940 3865 2992 3907 ut
3017 3852 3687 3929 noucontristeminifsicut
3715 3852 3800 3929 qui

2215 3938 2356 4000 spent
2381 3939 2479 4000 non
2509 3924 2687 4000 habent
2719 3924 2757 3995 (Ι
2780 3924 2954 4000 Thess.
2971 3941 3032 4000 _tv
3051 3926 3200 4000 [12).
3227 3927 3338 4000 Non
3361 3938 3536 3996 potest
3559 3924 3800 4000 Evange-

2215 3992 2270 4067 lii
2297 3993 2509 4067 claritas
2533 3992 2828 4067 obscurari,
2863 3997 2904 4048 si
2933 3997 2982 4049 hi
3011 3998 3096 4066 qui
3126 3992 3248 4050 ante
3273 3992 3440 4067 legem
3470 4012 3560 4053 aut
3591 4003 3693 4055 sub
3713 3992 3799 4055 Ἰε-

2216 4063 2296 4131 gis
2323 4065 2505 4116 umbra
2538 4067 2690 4132 positi
2723 4065 2968 4130 fuerant,
3008 4063 3131 4121 suos
3177 4063 3415 4124 mortuos
3459 4069 3680 4124 flebant.
3730 4072 3798 4128 Et

2217 4135 2408 4187 merito
2433 4133 2648 4205 flebant,
2679 4137 2801 4205 quia
2844 4137 3074 4190 nondum
3112 4139 3177 4193 de
3208 4140 3359 4194 caelis
3385 4153 3606 4194 venerat
3635 4143 3796 4196 Chri-

2217 4212 2348 4278 stus,
2377 4205 2464 4278 qui
2490 4204 2866 4278 fontetniillum
2897 4207 3248 4278 lacrymarutn
3279 4225 3374 4264 sua
3401 4214 3797 4269 resurrectione

2217 4274 2672 4347 siccavit._Merit9
2697 4276 2914 4341 flebant,
2947 4274 3068 4347 quia
3097 4280 3270 4334 adhuc
3301 4283 3488 4335 mortis
3526 4285 3796 4339 sententia

2221 4344 2580 4419 permanebat.
2605 4345 2790 4419 Merito
2817 4344 3263 4417 lamentabantur,
3293 4351 3414 4419 quia
3441 4353 3678 4407 nondmn
3709 4370 3798 4408 re-

2217 4417 2474 4494 surreciio
2500 4416 2899 4494 pt'tedieahaiur.
2923 4419 3217 4494 Sperabam
3235 4416 3446 4494 quidem
3473 4426 3643 4494 sancti
3671 4425 3792 4494 qui-

2217 4499 2320 4563 que
2356 4484 2638 4563 adventum
2666 4487 2877 4563 Domini
2903 4505 2916 4553 ;
2946 4484 3040 4544 sed
3068 4484 3303 4547 mortuos
3331 4493 3543 4547 interim
3572 4484 3794 4563 flebant,

2216 4554 2338 4624 quia
2368 4556 2601 4632 nondum
2630 4557 2871 4632 viderant
2895 4575 3050 4628 quem
3079 4564 3384 4630 sperabant.
3428 4565 3667 4632 Denique
3709 4554 3795 4620 Si;

2219 4640 2374 4679 meon
2406 4643 2540 4682 unus
2569 4626 2934 4703 de__v_e_teribus
2961 4626 3179 4696 sanctis,
3208 4634 3296 4703 qui
3327 4634 3470 4702 prius
3509 4626 3690 4689 fuerat
3727 4635 3794 4690 de

2216 4709 2308 4772 sua
2356 4706 2525 4751 morte
2582 4698 2879 4772 sollicitus,
2935 4698 3240 4772 postquam'
3273 4698 3452 4758 Iesum
3510 4705 3798 4760 Dominum

2217 4765 2644 4843 adhucpuerum
2674 4765 2965 4843 secundum
3009 4765 3226 4827 esi-nem
3265 4775 3499 4843 suscepit
3542 4776 3594 4829 in
3623 4778 3797 4830 mani-

2220 4837 2315 4912 bus
2337 4837 2449 4912 ,_de
2476 4853 2571 4893 suo
2605 4840 2747 4894 exitu
2776 4841 3071 4910 gratulatur
3098 4843 3281 4898 dicens
3307 4885 3318 4906 .
3359 4837 3512 4898 Nunc
3542 4846 3757 4902 dimittis
3778 4889 3794 4912 ,

2217 4905 2448 4984 Domine,
2483 4905 2843 4984 servum_tuum
2871 4913 2923 4965 in
2951 4928 3075 4984 pace
3093 4955 3107 4977 ,
3140 4915 3256 4984 quia
3284 4915 3514 4970 uiderunt
3537 4919 3673 4970 oculi
3699 4905 3799 4970 mei

2216 4978 2437 5055 salutare
2463 4987 2604 5055 tuum
2648 4979 2799 5055 (Luc.
2836 4997 2908 5055 tr,
2945 4978 3066 5055 '29).
3102 4978 3162 5038 θ’
3185 4985 3373 5040 beatus
3411 4987 3499 5044 ille
3531 4986 3794 5043 Simeon!

2215 5046 2347 5114 Quia
2371 5049 2510 5128 quod
2533 5046 2779 5119 sperabat
2799 5046 3158 5128 viderat,'_ja_m
3183 5065 3412 5111 mortem
3432 5073 3581 5128 suam
3607 5073 3798 5128 pacem

2215 5128 2269 5199 et
2296 5121 2531 5199 requiem
2563 5123 2920 5199 computabat.
2949 5121 3254 5199 Seddices,
3284 5128 3423 5199 Ecce
3464 5127 3515 5182 in
3546 5121 3797 5199 Evange-

2215 5188 2538 5265 iiolegitur,
2572 5188 2972 5265 archisynagogi
3011 5188 3269 5264 ploratam
3314 5198 3473 5252 filiam
3512 5197 3623 5265 (Id.
3662 5188 3790 5265 viil,

2331 5300 2344 5323 ,
2377 5270 2440 5338 et
2466 5258 2891 5338 sorores_LazaFi
2920 5258 3178 5338 Baiarum
3213 5268 3428 5324 ﬂevisse
3471 5258 3655 5338 (Ioan.
3706 5258 3794 5335 si,

2375 5329 2792 5424 Sedhilii‘atihuc
2829 5336 3394 5424 secundutttnveierem
3420 5329 3591 5410 legem
3617 5329 3795 5424 sapic;

2213 5397 2376 5464 bant,
2405 5401 2526 5469 quia
2558 5403 2783 5458 necdum
2810 5420 2838 5456 a
2879 5408 3102 5462 mortuis
3125 5407 3395 5464 Christum
3433 5397 3795 5468 r55urrexisso

2211 5481 2616 5552 conspexerant.
2646 5474 2816 5552 ‘F_l_ev‘it
2843 5476 2999 5552 piant:
3025 5487 3079 5532 et
3103 5479 3218 5552 ipse
3241 5481 3496 5536 Dominus
3522 5482 3790 5537 Lazarum

2206 5543 2316 5621 jam
2347 5543 2827 5621 septtltum_(lbid.,
2844 5543 2958 5621 ἥδ)
2980 5591 2994 5612 ,
3016 5543 3136 5602 non'
3150 5551 3330 5621 utique
3355 5563 3412 5606 ut
3439 5552 3600 5607 flendi
3645 5568 3790 5608 mor-

2213 5619 2332 5667 tuos
2359 5612 2578 5668 formam
2606 5612 2784 5682 daret,
2814 5617 2907 5671 sed
2937 5612 2994 5672 ut
3029 5634 3088 5674 se
3112 5635 3208 5690 per
3235 5612 3496 5694 l’acrymas
3522 5637 3650 5678 suas
3675 5638 3790 5678 .ve-

2209 5724 2294 5802 1-:
2324 5723 3792 5802 essetqutiﬁhmmmwmwadmm

2207 5796 2294 5859 ρετ
2321 5785 2468 5859 ςιεαρη
2801 5789 3040 5857 supplere.

2271 5848 2292 5884 ³
2323 5853 2478 5918 Forte,
2505 5848 2764 5908 interdum.

3979 1106 3981 1152 |

3981 1198 3983 1254 Ι

3981 1290 3985 1360 1

3983 1371 3989 1516 ,ζ

3987 1564 3993 1702 i
