4076 6370
342 364 479 421 1165

337 483 531 538 cedunt
572 480 636 535 ad
679 480 978 535 Dominum.
1017 478 1147 533 Nam
1178 479 1222 533 si
1254 480 1501 548 plangere
1543 478 1902 539 voluerimus,

340 554 437 617 ipsi
469 552 619 605 nobis
650 551 971 604 insaltabuut
1012 549 1147 602 beati
1193 560 1482 619 martyres,
1527 560 1579 601 et
1628 551 1831 613 dicent,
1863 548 1907 604 Ο

341 624 525 677 ﬁdeles
544 662 556 679 .
589 636 622 672 ο
651 637 868 688 regnum
904 620 989 673 Dei
1017 619 1287 687 cupientes
1306 659 1319 680 ,
1350 633 1443 671 vos
1471 620 1557 688 qui
1590 619 1778 671 charos
1809 635 1905 672 ve-

338 703 479 747 stros
507 690 730 744 delicate
758 690 1041 743 morientes
1060 729 1074 750 ,
1109 688 1158 739 in
1192 688 1340 741 lectis
1367 689 1545 757 utique
1584 698 1635 740 ct
1680 688 1868 755 plumis
1887 728 1902 752 ,

336 777 459 815 cum
494 775 718 814 mmrorc
761 759 1003 827 plangitis
1027 766 1081 812 et
1110 758 1330 827 lugetis;
1358 760 1399 809 si
1427 773 1519 810 eos
1558 773 1585 809 a
1611 757 1905 811 Gmnilibns

341 842 555 900 prOpIer
580 826 771 883 nomen
797 829 996 900 Domini
1025 826 1248 881 cruciari
1285 837 1347 900 et
1372 828 1592 881 interfici
1622 826 1903 900 videretis,

338 897 463 969 quid
495 899 685 953 facturi
716 897 934 951 essetis?
964 901 1065 969 Aut
1101 897 1381 969 nonvobis
1420 898 1688 969 praecessit
1720 912 1905 969 exem-

340 966 519 1040 plum?
555 966 1189 1040 Abraham“patriarcha;
1216 966 1377 1040 filium
1413 968 1644 1040 iunicum“
1675 967 1907 1020 offerens

338 1034 688 1097 sacrificium,
722 1036 893 1103 gladio
928 1036 1240 1090 obedientiae
1278 1036 1532 1103 jugulavit
1566 1034 1727 1105 (Gen.
1764 1051 1867 1088 χχιι
1890 1077 1904 1098 ,

342 1110 444 1178 10)
477 1126 490 1162 :
521 1108 692 1178 llCCrCl
717 1122 881 1178 quem
913 1115 1056 1178 tanto
1090 1106 1816 1178 annm-euiluit.rt‘pcrcill
1852 1114 1908 1159 ¹¹ί

341 1175 568 1234 Domino
597 1176 848 1231 obediens
887 1176 1215 1245 probaretur.
1260 1175 1363 1230 Sed
1404 1177 1444 1227 si
1486 1176 1670 1228 dicatis
1696 1216 1709 1235 ,
1760 1176 1905 1227 illum

341 1257 557 1317 propter
599 1246 688 1300 Dei
729 1246 828 1299 hoc
870 1248 1447 1317 fecissepraeceptum;
1479 1246 1908 1317 et_vusibabetis

340 1314 701 1386 prm'ceptum,
762 1324 968 1386 ut_non
1019 1315 1211 1386 tristes
1248 1316 1362 1368 sitis
1411 1315 1475 1366 de
1526 1314 1909 1386 dormientibus

338 1384 385 1457 (Ι
413 1384 589 1440 Thess.
608 1402 678 1449 tv,
696 1386 803 1454 12).
828 1384 924 1457 Qui
944 1400 1070 1453 ergo
1093 1384 1304 1457 minima
1330 1401 1431 1457 non
1454 1396 1685 1457 serrant,
1709 1384 1905 1457 majora

335 1454 551 1525 quando
580 1456 901 1509 servabunt?
933 1459 1012 1525 An
1040 1454 1271 1525 _ncscitis
1311 1455 1432 1522 quia
1458 1455 1687 1525 animus
1724 1455 1813 1522 qui
1855 1456 1905 1525 in

340 1522 537 1581 talibus
581 1527 861 1593 frangitur.
914 1524 977 1575 ad
1030 1522 1248 1593 fortiora
1299 1524 1555 1589 reprobus
1606 1523 1909 1593 invenitur?

339 1596 471 1663 Quis
505 1592 891 1649 timens’rivum
915 1636 929 1658 ,
962 1608 1109 1647 mare
1140 1592 1423 1661 aliquando
1466 1592 1791 1661 ingreditur?
1818 1592 1906 1646 Sic

336 1667 429 1735 qui
458 1667 655 1735 plangit
683 1665 1015 1733 impatienter
1043 1664 1336 1735 amissum,
1362 1663 1799 1735 quandopoterit
1841 1663 1906 1715 ad

341 1731 901 1806 martyriipervcuire
949 1733 1259 1806 Certamen?
1296 1731 1423 1806 Nam
1464 1733 1550 1806 qui
1585 1733 1634 1785 in
1675 1733 1754 1806 his
1781 1747 1909 1806 con-

337 1801 557 1859 stans'et
578 1801 939 1872 magnanimus
954 1802 1149 1864 existit,
1169 1802 1277 1871 jam
1302 1801 1399 1856 sibi
1421 1802 1639 1870 gradum
1657 1802 1721 1855 ad
1741 1803 1909 1871 potio-

338 1892 396 1929 ra
426 1874 736 1927 substernit.

411 1943 636 1999 CAPUT
676 1943 738 1995 V.
789 1940 1061 2013 Egregium
1105 1942 1170 1994 de
1215 1942 1308 2013 hoc
1352 1940 1561 2013 pavidis
1596 1940 1903 2013 Exemplum.

345 2011 518 2067 Vestes
544 2014 712 2082 nigras
741 2008 902 2066 luctus
927 2008 1047 2080 ergo
1076 2014 1205 2082 [e_rre
1245 2010 1380 2063 haud
1419 2011 1563 2082 licet.
1587 2008 1790 2082 Etlrnicl
1814 2027 1905 2082 ou-

336 2083 447 2135 dila
467 2084 562 2151 [itii
587 2078 743 2135 morte
770 2078 1388 2152 responsururl’langendi
1408 2078 1629 2152 Ethnici,
1661 2078 1909 2152 Iuda-iac

336 2149 681 2206 catechumeni
709 2149 989 2205 morientes.
1016 2149 1247 2202 Tristitia
1265 2150 1501 2219 salutaris
1529 2164 1779 2219 quamam.
1809 2150 1908 2203 Rc-

335 2223 635 2285 cam'tulatio
658 2222 901 2275 sermonis
929 2221 1199 2285 utriusque.
1230 2218 1504 2273 Sufﬁciant
1531 2218 1659 2283 bare,
1695 2219 1903 2283 fratres,

338 2289 440 2345 ad'
441 2293 625 2346 mortis
652 2301 1010 2360 contemptum
1032 2330 1046 2353 ,
1075 2301 1128 2343 et
1153 2289 1218 2360 ad
1257 2290 1369 2358 spei
1399 2289 1586 2343 futura:
1621 2291 1905 2341 confirma-

336 2362 560 2416 tionem.
599 2359 951 2430 Superest’ut
989 2375 1148 2412 unum
1191 2359 1259 2413 de
1296 2359 1904 2430 rveteribusrexemplum

343 2431 628 2499 proferam.
650 2428 787 2500 quod
811 2444 1029 2500 omnem
1049 2429 1466 2500 consolationem
1493 2428 1669 2493 faciat,
1694 2438 1747 2481 et
1766 2428 1904 2500 quod

339 2498 501 2553 etiam
535 2498 851 2569 patientibus
888 2498 1063 2569 cordis
1089 2499 1305 2569 auribus
1331 2499 1451 2552 volo
1487 2512 1672 2569 omnes
1700 2498 1902 2569 audire.

340 2570 507 2623 David
536 2562 628 2624 rex
660 2584 881 2638 magnus
920 2568 1082 2621 ﬁlium
1110 2562 1369 2638 dilectum
1390 2609 1403 2628 ,
1432 2581 1590 2637 quem
1619 2567 1757 2620 sicut
1792 2568 1906 2620 ani-

340 2655 481 2692 mam
506 2637 768 2708 propriam
794 2639 1073 2707 diligebat,
1106 2637 1414 2708 inﬁrmitate
1441 2651 1776 2708 percussum,
1809 2637 1907 2708 im-

340 2706 723 2778 patientissime
770 2706 1009 2778 ferebat;
1038 2716 1091 2761 et
1130 2720 1250 2760 cum
1297 2706 1667 2778 hmnana_jam
1713 2707 1905 2778 auxilia

336 2775 471 2850 nihil
500 2779 849 2850 prodessent,
888 2793 947 2850 se
989 2777 1160 2850 ipsum
1180 2777 1458 2850 convertit
1492 2775 1901 2850 aditomnium.

340 2844 589 2916 Deposita
614 2848 775 2918 regali
806 2848 990 2918 gloria,
1010 2844 1154 2918 sedit
1178 2846 1231 2899 in
1265 2855 1421 2909 terra,
1439 2844 1602 2918 iacuit
1631 2845 1682 2897 in
1706 2845 1900 2918 cilicio,

339 2914 446 2970 non
474 2914 830 2984 manducavit,
858 2931 963 2971 non
1005 2916 1162 2973 bibit.
1196 2926 1395 2983 septem
1428 2914 1614 2968 diebus
1641 2916 1905 2968 continuis

336 3002 504 3041 orans
540 2989 736 3051 Deum,
768 2988 812 3041 si
851 2988 989 3041 forte
1015 2986 1115 3041 sibi
1147 2985 1284 3040 ﬁlios
1320 2985 1623 3037 donaretur.
1654 2987 1907 3039 Accesse-

339 3069 465 3111 rnnt
489 3059 728 3112 seniores
751 3058 940 3111 domus
964 3057 1077 3124 ejus
1097 3095 1111 3118 ,
1139 3056 1473 3108 conSolantes
1500 3062 1818 3124 rogaverunt
1848 3063 1905 3107 ut

338 3139 527 3196 panem
557 3138 809 3191 sumeret,
840 3127 993 3196 veriti
1031 3124 1257 3196 ne_forte
1280 3124 1402 3176 dum
1436 3124 1599 3176 lilium
1639 3123 1799 3177 vellet
1826 3124 1903 3176 vi-

338 3192 487 3262 vere,
517 3197 631 3265 ipse
656 3207 778 3250 ante
801 3195 1081 3265 deficeret.
1100 3192 1212 3247 Non
1242 3202 1527 3265 potuerunt
1553 3202 1866 3265 extorquere
1884 3234 1900 3258 ,

339 3282 446 3319 non
475 3262 697 3335 cogere;
724 3281 874 3343 amor
900 3266 1047 3343 enim
1073 3264 1353 3343 impatiens
1378 3263 1511 3343 solet
1536 3262 1767 3343 pericula
1790 3264 1902 3332 ipsa

333 3332 700 3390 contemnere.
730 3334 877 3390 Jacet
904 3350 995 3387 rex
1036 3334 1089 3386 in
1134 3333 1376 3400 squalore
1421 3332 1575 3385 cilicii
1617 3340 1905 3399 aegrotante

337 3404 449 3459 filio
478 3423 492 3459 :
522 3421 619 3459 nec
638 3406 799 3459 verba
827 3403 1027 3457 faciunt
1047 3403 1481 3462 consolationem,
1502 3415 1601 3455 nec
1626 3401 1734 3470 ipsa
1754 3416 1903 3455 esca-

338 3491 456 3529 rum
484 3477 769 3529 necessitas
798 3481 970 3528 vocat.
998 3472 1145 3527 Mens
1167 3472 1375 3525 tristitia
1404 3472 1632 3539 pascitur
1651 3472 1694 3536 ',
1718 3480 1903 3539 pectus

335 3544 521 3599 dolore
563 3546 817 3610 reficitur,
850 3543 985 3597 oculi
1035 3543 1295 3612 lacrymas
1338 3556 1431 3608 pro
1474 3541 1897 3612 potibusilunnt.

338 3612 480 3667 inter
510 3613 622 3668 hmc
651 3612 845 3667 factum
871 3620 953 3666 est
983 3612 1122 3681 quod
1149 3610 1467 3681 decreverat
1495 3610 1649 3663 Deus.
1682 3610 1904 3664 Moritur

333 3698 487 3754 puer.
513 3684 661 3739 Uxor
695 3684 747 3754 in
793 3684 963 3744 luctu,
1004 3680 1111 3734 tota
1152 3680 1344 3735 domus
1381 3681 1432 3733 in
1463 3680 1693 3754 planctu,
1726 3681 1902 3754 famuli

335 3750 510 3822 pavidi
530 3795 544 3816 ,
573 3755 696 3823 quid
727 3753 879 3807 ﬁeret
906 3760 1257 3823 exaestuantes
1283 3768 1296 3804 :
1324 3764 1481 3823 nemo
1510 3751 1650 3804 enim
1675 3750 1903 3823 audebat

333 3819 552 3877 domino
582 3819 744 3876 ﬁlium
773 3833 1037 3875 mortuum
1067 3821 1309 3874 nuntiare
1330 3819 1375 3885 ³,
1409 3820 1655 3873 timentes
1680 3819 1863 3888 utique
1883 3861 1899 3885 ,

331 3909 403 3948 ne
445 3894 534 3947 ille
576 3894 665 3962 qui
700 3893 777 3946 sic
811 3892 1145 3962 impatienter
1182 3891 1354 3962 adhuc
1383 3890 1557 3962 vivunt
1585 3889 1823 3958 lugebat,
1856 3893 1901 3943 si

327 3963 567 4018 audisset
594 3959 1031 4025 mortuutn,’vit-.e
1060 3960 1256 4016 faceret
1292 3960 1473 4013 linem.
1499 3959 1630 4013 Dum
1659 3967 1904 4026 strepunt

330 4033 515 4086 famuli
542 4032 681 4086 inter
705 4047 764 4087 se
783 4073 799 4097 ,
828 4032 951 4086 dum
979 4030 1157 4085 tristes
1179 4069 1194 4091 ,
1223 4030 1357 4082 alter
1384 4028 1449 4082 ad
1472 4030 1696 4083 alterum
1724 4028 1902 4085 dicere

328 4111 423 4155 aut
448 4102 636 4156 suadet
662 4113 754 4155 aut
773 4110 944 4166 vetat,
974 4099 1230 4153 intellexit
1256 4098 1445 4160 David,
1481 4098 1740 4166 praevenit
1767 4115 1901 4151 nun-

328 4173 465 4228 tios.
498 4188 563 4225 an
606 4172 765 4224 vitam
813 4171 951 4224 ﬁlius
992 4170 1300 4224 exhalasset
1345 4169 1649 4238 interrogat.
1696 4168 1899 4238 Negare

328 4255 440 4295 non
469 4250 705 4309 possunt,
736 4240 926 4294 factum
955 4239 1171 4309 fletibus
1190 4239 1444 4291 indicant.
1481 4237 1565 4291 Fit
1605 4237 1899 4293 concursus

328 4308 579 4365 insolitus
599 4310 641 4372 ‘,
662 4311 991 4378 exspectatio
1010 4308 1227 4377 grandis
1252 4317 1307 4363 et
1332 4319 1531 4372 metus,
1556 4323 1623 4363 ne
1648 4309 1773 4377 quid
1798 4312 1899 4363 sibi

329 4381 552 4449 periculi
583 4381 695 4446 pius
715 4380 738 4413 ⁸
764 4388 911 4448 pater
941 4379 1176 4449 inferret.
1201 4379 1376 4445 Surgit
1402 4379 1653 4449 continuo
1679 4394 1769 4433 rex
1801 4379 1902 4432 Da-

274 4482 291 4498 .
328 4447 417 4503 vid
448 4450 514 4504 de
542 4449 734 4515 cilicio,
767 4447 933 4518 Surgit
961 4447 1161 4512 bilaris,
1186 4449 1334 4515 quasi
1364 4448 1524 4500 ﬁlium
1547 4463 1699 4500 suum
1722 4450 1899 4502 audis-

326 4530 411 4574 set
436 4520 748 4574 incolumem
777 4536 788 4571 :
819 4519 960 4572 vadit
984 4519 1047 4570 ad
1082 4518 1315 4579 balneas,
1345 4518 1479 4569 lavat
1506 4518 1894 4585 corpusculum,

330 4590 478 4643 vadit
508 4589 575 4643 ad
601 4590 882 4657 templum.
912 4587 1098 4641 adorat
1122 4587 1317 4651 Deum,
1346 4588 1585 4657 epulatur
1610 4603 1732 4641 eum
1761 4590 1896 4640 ami-

322 4660 428 4723 cis.
455 4656 773 4728 compressis
792 4658 1054 4728 suspiriis,
1078 4657 1278 4728 gemitu
1299 4658 1442 4709 omni
1461 4656 1726 4728 deposito,
1750 4658 1897 4710 vultu

321 4728 436 4797 jam
468 4725 608 4784 1m.
637 4725 897 4783 Mirantur
920 4725 1231 4788 domesnci.
1278 4733 1492 4797 stupent
1522 4725 1675 4797 amici
1708 4740 1893 4797 novam

321 4794 381 4852 et
409 4800 637 4853 subitam
664 4800 1119 4852 conversationem
1139 4796 1159 4826 ‘
1186 4813 1198 4848 :
1223 4794 1421 4849 audent
1458 4794 1688 4863 denique
1729 4795 1892 4849 inter-

324 4883 540 4935 rogare,
572 4869 698 4938 quid
727 4869 828 4921 sibi
857 4868 1016 4921 vellet
1042 4867 1172 4931 hoc,
1203 4872 1405 4938 ut_cum
1438 4866 1648 4938 vivente
1678 4864 1788 4938 filio
1816 4866 1895 4919 sic

320 4934 822 5003 doluerit,'mortuo
852 4952 954 4991 non
985 4936 1227 4990 doleret?
1253 4934 1545 5003 BeSpondit
1571 4935 1649 4987 vir
1676 4935 1764 4989 ille
1786 4950 1897 4988 ma-

320 5007 673 5076 gnanimitate
694 5008 1006 5076 przccipnus,
1032 5005 1259 5076 Necesse
1277 5004 1383 5076 fuit
1410 5020 1531 5058 cum
1556 5003 1728 5076 adhuc
1752 5004 1896 5058 vive-

322 5073 409 5130 ret
454 5077 616 5140 filius,
656 5073 708 5130 et
767 5073 1029 5130 humiliari
1056 5117 1072 5141 ,
1120 5083 1175 5128 et
1215 5074 1490 5143 jejunare,
1533 5083 1587 5128 et
1625 5073 1802 5143 lugere
1843 5076 1893 5128 in

321 5156 613 5214 conspectu
643 5148 882 5209 Domini;
920 5154 1039 5199 erat
1075 5145 1214 5198 enim
1243 5158 1367 5212 spes
1404 5144 1719 5211 impetrandi
1742 5158 1895 5198 com-

319 5231 535 5272 meatus
577 5217 739 5270 viue'
774 5232 788 5269 :
818 5226 875 5270 at
916 5231 1044 5271 vero
1087 5223 1363 5283 postquam
1405 5215 1648 5268 voluntas
1687 5214 1895 5269 Domini

382 5350 404 5382 ¹
436 5355 552 5412 Ms,
595 5347 898 5412 gtadiopene
910 5345 1171 5412 iugulavit,
1193 5356 1283 5412 nec
1304 5352 1435 5412 tanto
1454 5345 1610 5412 lunari
1631 5344 1861 5409 pepercit.

385 5412 407 5442 ³
440 5411 577 5468 aditi,
595 5406 851 5460 iwceasitas
880 5406 1129 5470 Mt;
1157 5406 1399 5459 tristitiam
1421 5406 1599 5470 patitur
1631 5406 1651 5458 ξ
1677 5406 1730 5459 et
1760 5421 1893 5468 mox,

380 5594 404 5625 ι
437 5566 820 5649 mata?“

377 5657 401 5719 ξ
434 5663 543 5719 M511
556 5654 649 5719 ﬁlii
670 5653 819 5719 ipsius
840 5660 995 5715 paler-

376 5716 401 5747 °
432 5714 567 5773 Editi,
592 5714 956 5765 conuersionem.

374 5779 396 5807 ’⁷
430 5786 528 5827 Νοιι
552 5778 699 5828 habet
719 5784 823 5835 Ms.,
848 5775 954 5826 υἱιω

1251 365 1334 419 DE
1372 363 1877 418 CONSOi..-\Tl.’lNE
1919 362 2345 420 MORTUORUM
2376 361 2605 417 SERMO
2642 363 2708 419 ll.

3446 367 3580 422 “66

2016 481 2147 532 facta
2189 487 2304 544 est,
2334 479 2551 533 stultum
2593 485 2765 547 estet
2798 477 3012 547 impium
3052 481 3285 535 animum
3323 483 3578 537 lamenta-

2016 550 2159 622 tione
2188 548 2360 603 inutili
2394 549 2647 622 macerari
2682 566 2694 601 :
2727 544 3011 622 sic‘di‘gens
3032 590 3045 608 ,
3082 551 3187 622 Ego
3209 552 3291 622 ibo
3313 552 3380 604 ad
3406 555 3547 607 illum
3567 597 3580 614 ,

2014 619 2100 671 ille
2129 635 2228 690 non
2257 628 2528 672 revertetur
2553 618 2620 669 ad
2643 633 2719 670 me
2758 616 2777 688 (
2801 617 2841 670 ll
2869 617 2993 687 Reg.
3036 616 3145 690 xu:
3179 621 3399 690 16-25).
3447 624 3580 677 Ecce

2014 688 2312 758 exemplum
2348 690 2788 758 magnanimitatis
2820 698 2976 757 atquc
3004 689 3227 743 virtutis.
3256 688 3404 758 Quod
3428 695 3469 745 si
3495 695 3582 748 ille

2021 757 2178 832 David
2206 757 2378 832 adlute
2408 760 2505 832 sub
2527 758 2639 832 lege
2671 757 2888 832 positus.
2911 758 3007 832 sub
3028 758 3116 832 illa
3144 775 3245 832 non
3268 762 3386 815 dico
3418 763 3581 818 licen-

2018 828 2108 891 tia,
2134 826 2224 880 sed
2253 826 3001 892 necessitatelamentationis,
3024 829 3100 881 sic
3125 831 3355 883 animum
3380 848 3407 885 a
3434 833 3575 888 luctu

2018 897 2361 950 irrationabili
2387 899 2712 964 separavit‘,
2746 897 2823 952 sic
2848 899 3111 951 trisutiam
3154 915 3301 952 suam
3342 917 3583 956 suorum-

2016 983 2117 1035 que
2146 967 2468 1036 compcseuit
2500 982 2511 1018 :
2544 981 2637 1019 nos
2667 968 2753 1035 qui
2779 968 2886 1035 jam
2928 970 3027 1021 sub
3051 970 3215 1038 gratia
3249 986 3451 1034 sumus,
3482 976 3579 1028 sub

2014 1045 2157 1089 certa
2184 1050 2277 1104 Spe
2304 1038 2702 1105 resurrectionis
2725 1078 2736 1096 .
2760 1039 2950 1105 quibus
2979 1039 3151 1091 omnis
3179 1040 3383 1093 tristitia
3413 1042 3579 1095 inter»

2015 1105 2226 1166 dicitur,
2256 1121 2357 1173 qua
2387 1104 2559 1159 fronte
2589 1104 2825 1160 mortuos
2859 1117 3068 1160 nostros
3107 1108 3388 1164 Gentilium
3438 1127 3584 1167 more

2017 1175 2349 1244 plangimus,
2400 1175 2629 1227 ululatus
2672 1175 2883 1228 insanus
2929 1178 3237 1241 attollimus,
3283 1179 3440 1233 veluti
3478 1182 3583 1233 alio

2015 1260 2209 1311 genere
2250 1244 2563 1298 bacchantes
2586 1286 2600 1310 ,
2630 1246 2911 1299 eonscissis
2943 1248 3132 1301 tunicis
3172 1257 3380 1315 pectora
3413 1251 3583 1305 nuda-

2016 1315 2341 1386 mus,‘ver_ba
2368 1316 2541 1386 inania
2570 1326 2621 1367 et
2648 1317 2844 1367 tta-nias
2863 1319 2884 1347 ’
2910 1318 3047 1370 circa
3077 1333 3267 1386 corpus
3292 1328 3344 1373 et
3374 1322 3537 1374 tumul
3557 1349 3574 1359 ο

2016 1394 2125 1436 tum
2156 1382 2176 1414 ⁸
2196 1383 2427 1458 defuncti
2442 1386 2767 1458 cantamus?
2792 1386 3064 1458 Postremo
3085 1382 3243 1441 etiam
3260 1405 3359 1458 qua
3380 1384 3595 1446 ratione

2017 1464 2190 1507 vestes
2216 1457 2392 1522 nigras
2419 1455 2665 1524 tingimus
2685 1497 2699 1519 ,
2727 1457 2823 1508 nisi
2857 1465 2908 1509 ut
2937 1472 3034 1509 nos
3074 1473 3196 1509 vere
3240 1455 3477 1513 infideles
3522 1462 3599 1514 et

2015 1524 2237 1599 miseros
2268 1533 2603 1599 nontantum
2635 1524 2872 1599 fletibus,
2898 1526 2997 1599 sed
3026 1528 3181 1579 etiam
3223 1531 3457 1583 vestibus
3485 1545 3581 1599 ap-

2017 1592 2337 1662 probemus?
2366 1594 2546 1646 Aliena
2583 1602 2706 1646 sunt
2732 1595 2829 1648 ista
2848 1637 2862 1659 ,
2893 1594 3115 1662 fratres,
3144 1606 3393 1652 extranea
3425 1592 3578 1663 sunt,

2016 1678 2117 1715 non
2152 1664 2309 1737 iicent
2336 1680 2347 1714 :
2376 1673 2429 1737 et
2456 1664 2497 1715 si
2525 1664 2764 1727 ﬁcerent,
2788 1680 2899 1737 non
2924 1664 3191 1737 decerent.
3216 1666 3319 1721 Sed
3340 1669 3582 1737 aliquan-

2016 1740 2097 1785 tus
2134 1731 2203 1786 de
2245 1734 2510 1807 fratribus
2534 1735 2928 1807 et‘sororibus,
2976 1737 3097 1789 licet
3137 1735 3263 1791 ﬁdes
3295 1731 3501 1807 propria
3528 1743 3593 1793 et'

2016 1812 2333 1873 praeceptum
2366 1803 2567 1855 Domini
2601 1803 2763 1856 fortes
2802 1802 2988 1871 faciat,
3018 1802 3494 1873 parentum'tamen
3528 1819 3582 1863 ct

2014 1871 2512 1945 vicinornmcpinio
2551 1873 2785 1945 debilitat
2824 1883 2877 1929 et
2917 1871 3109 1945 frangit
3140 1893 3154 1929 :
3188 1890 3253 1929 ne
3296 1876 3484 1944 lapidei
3526 1888 3582 1933 et

2012 1941 2257 2013 crudeles
2294 1942 2635 2013 iudicentur,
2662 1943 2705 1996 si
2752 1941 3079 2013 pepercerint
3122 1941 3436 2000 vestimento
3455 1946 3494 2009 ⁸,
3531 1950 3577 2003 si

2012 2026 2117 2063 non
2147 2010 2341 2063 insanis
2372 2012 2595 2086 luctibus
2623 2010 2829 2067 fuerint
2848 2014 3269 2086 debacchati._Et
3296 2015 3395 2071 hoc
3421 2032 3578 2086 quam

2014 2096 2202 2134 vanum
2234 2091 2347 2143 est,
2379 2096 2536 2150 quam
2575 2082 2809 2150 ineptum
2830 2124 2842 2145 ,
2876 2083 3152 2151 opiniones
3188 2082 3462 2138 hominum
3489 2104 3579 2141 cr-

2012 2151 2239 2222 rantium
2269 2152 2529 2220 cogitare;
2555 2163 2743 2222 etnon
2759 2154 2966 2216 timere,
2992 2168 3056 2207 ne
3079 2153 3201 2222 quid
3230 2155 3399 2209 minus
3423 2158 3580 2211 faciat

2011 2220 2078 2273 de
2107 2219 2207 2273 ﬁde
2236 2236 2391 2292 quam
2421 2219 2693 2292 suscepit?
2717 2221 2891 2288 Quare
2920 2238 3021 2275 non
3049 2219 3215 2292 magis
3257 2224 3407 2278 discit
3450 2227 3582 2281 tole-

2013 2292 2233 2343 rantiam
2262 2291 2349 2343 ille
2378 2291 2464 2359 qui
2495 2292 2609 2343 talis
2628 2300 2727 2356 est,
2750 2307 2912 2359 quare
2938 2307 3038 2345 non
3071 2308 3098 2344 a
3130 2291 3214 2347 me
3240 2293 3395 2347 discit
3422 2294 3578 2350 ﬁdem

2014 2359 2103 2412 ille
2138 2359 2452 2429 quiidubius
2488 2360 2607 2413 est?
2634 2359 2854 2426 Quando
2882 2362 3088 2415 etiamsi
3127 2371 3301 2416 tantus
3330 2364 3399 2417 sit
3425 2364 3580 2418 dolor

2011 2428 2270 2504 ejusmodi
2296 2429 2543 2504 pectoris,
2576 2431 2730 2504 tacite
2752 2431 2939 2504 debeat
2961 2432 3153 2504 luctum
3185 2448 3343 2486 sensu
3375 2434 3583 2504 digere-

2012 2512 2072 2552 re
2086 2498 2128 2569 f,
2159 2509 2213 2552 et
2240 2498 2357 2569 non
2372 2499 2583 2569 levitate
2609 2500 2688 2552 sui
2719 2501 2877 2553 animi
2909 2499 3195 2569 publicare.

2084 2568 2255 2638 unum
2296 2568 2468 2621 adhuc
2492 2567 2611 2621 volo
2640 2567 2936 2638 proponere
2964 2571 3268 2635 exemplum
3310 2570 3374 2625 ad
3408 2573 3580 2627 corri-

2009 2637 2210 2706 gendos
2229 2652 2334 2710 cos_
2344 2639 2431 2706 qui
2460 2638 2629 2706 plangi
2645 2637 2887 2710 mortuos
2909 2640 3247 2710 arbitrantur.
3269 2640 3580 2710 Exemplum

2009 2715 2184 2763 autem
2214 2706 2280 2761 de
2306 2707 2632 2780 Paganorum
2657 2708 2885 2780 ibistoria
2915 2720 3013 2780 est.
3044 2709 3163 2763 Fuit
3187 2711 3395 2779 quidam
3429 2706 3578 2780 prin-

2008 2790 2136 2851 ceps
2163 2793 2393 2851 paganus
2414 2776 2513 2849 (α),
2542 2778 2626 2851 qui
2657 2776 2883 2851 lt_abeba_t_
2905 2779 3073 2851 ﬁlium
3092 2776 3322 2851 unicum,
3348 2776 3581 2851 satisque

2010 2844 2280 2899 dilectum.
2317 2844 2638 2916 ilic‘cum’in
2665 2844 2923 2913 Capitolio
2953 2848 3106 2901 idolis
3135 2850 3244 2902 suis
3280 2850 3462 2916 gentili
3488 2844 3579 2913 ere

2008 2929 2130 2984 rore
2164 2914 2519 2979 sacrificaret,
2563 2918 2832 2969 nuntiatur
2859 2917 2906 2971 ei
2936 2918 3073 2984 quod
3106 2919 3243 2971 ﬁlius
3272 2914 3360 2972 ille
3392 2922 3579 2976 unicus

2009 2983 2262 3055 defuisset
2281 2986 2321 3055 ε.
2346 2985 2458 3038 Non
2489 2985 2698 3051 reliquit
2725 3000 2875 3039 sacra
2904 2983 3022 3055 quae
3049 2989 3266 3055 gerebat
3308 2990 3361 3041 in
3402 2992 3577 3042 mani-

2009 3053 2128 3118 bus,
2163 3070 2263 3127 non
2293 3054 2620 3127 lacryruavir,
2646 3053 2978 3127 necromnino
2995 3053 3274 3124 suspiravit
3298 3075 3311 3111 :
3336 3057 3427 3127 sed
3449 3060 3576 3127 quid

2009 3125 2315 3194 respondit,
2355 3123 2552 3178 audite.
2583 3124 2899 3193 Sepeliatur,
2943 3123 3109 3194 inquit
3140 3143 3152 3176 :
3181 3126 3396 3179 memini
3434 3123 3574 3184 enim

2009 3207 2098 3263 me
2125 3193 2287 3247 ﬁlium
2317 3195 2564 3262 genuisse
2591 3195 2886 3248 mortalem.
2919 3193 3049 3249 Vide
3075 3210 3386 3263 responsum
3407 3238 3421 3259 ,
3453 3200 3575 3251 vide

2010 3261 2238 3334 hominis
2269 3261 2452 3332 pagani
2479 3264 2728 3316 virtutem
2757 3282 2767 3315 :
2797 3273 2853 3317 ut
2883 3280 2979 3317 nec
3006 3261 3297 3331 exspectari
3328 3279 3386 3319 se
3401 3266 3575 3334 jusse-

2009 3333 2107 3402 rit.
2131 3333 2229 3402 vel
2277 3342 2333 3385 ut
2378 3342 2637 3402 priesente
2679 3347 2737 3386 se
2777 3334 3060 3402 sepulturae
3091 3335 3228 3387 ﬁlius
3257 3333 3572 3390 traderetur.

2007 3400 2144 3467 Quid
2175 3400 2396 3473 agimus,
2426 3401 2634 3467 fratres,
2661 3403 2703 3455 si
2735 3400 2974 3457 diabolus
2998 3405 3135 3457 hunc
3158 3405 3206 3456 in
3230 3404 3368 3457 diem
3388 3404 3573 3473 judicii

2007 3487 2187 3527 coram
2226 3471 2436 3525 Christo
2474 3482 2655 3526 contra
2698 3488 2793 3525 nos
2831 3473 3117 3540 producat,
3166 3482 3219 3526 et
3263 3471 3435 3539 dicat,
3481 3476 3575 3528 llic

2009 3557 2159 3595 meus
2188 3542 2380 3611 cultor,
2410 3558 2565 3609 quem
2596 3556 2694 3611 ego
2725 3543 3002 3610 prmstigiis
3031 3543 3352 3610 deripiebam
3404 3546 3536 3600 meis
3555 3587 3570 3608 ,

2007 3621 2064 3664 ut
2093 3610 2315 3665 serviret
2352 3612 2507 3665 cacis
2535 3622 2589 3665 et
2615 3613 2792 3665 surdis
2829 3613 3156 3672 simulacris;
3199 3614 3283 3667 cui
3326 3628 3426 3681 ego
3470 3629 3569 3668 nec

2007 3682 2450 3735 resurrectionem
2478 3697 2509 3735 a
2540 3682 2760 3736 mortuis
2779 3722 2792 3743 ,
2826 3696 2925 3736 nec
2953 3681 3253 3750 paradisum
3275 3723 3289 3743 ,
3336 3700 3432 3737 nec
3459 3699 3574 3740 cm-

2007 3750 2178 3822 lornm
2227 3766 2386 3819 regna
2441 3751 2815 3822 promiseram;
2867 3750 2951 3805 hic
2995 3752 3086 3804 lilii
3131 3753 3319 3805 nobilis
3363 3754 3574 3822 sapiens

2009 3821 2144 3874 unici
2174 3834 2395 3874 mortem
2419 3836 2514 3874 nec
2529 3820 2713 3884 doluit,
2734 3837 2832 3875 nec
2859 3822 3129 3887 ingemuit,
3158 3838 3254 3876 nec
3281 3823 3366 3875 tali
3391 3820 3573 3879 nimtio

2009 3905 2124 3944 mea
2153 3905 2305 3945 sacra
2332 3890 2567 3943 deseruit
2593 3908 2607 3943 :
2632 3892 2703 3943 tui
2734 3900 2908 3946 autem
2930 3892 3232 3955 Christiani,
3266 3893 3337 3944 tui
3368 3895 3568 3958 ﬁdeles,

2008 3974 2103 4026 pro
2121 3961 2312 4028 quibus
2343 3960 2461 4013 ideo
2487 3960 2773 4014 cruciﬁxus
2802 3969 2855 4013 et
2880 3971 3117 4015 inortuus
3143 3977 3202 4021 es
3220 4002 3235 4023 ,
3266 3972 3323 4014 nt
3346 3973 3573 4021 mortem

2007 4030 2105 4097 ipsi
2137 4044 2239 4083 non
2268 4030 2535 4092 timerent.
2558 4029 2653 4083 sed
2676 4038 2857 4083 essent
2877 4029 2944 4083 de
2964 4031 3353 4085 resurrectione
3377 4034 3569 4096 securi.

2007 4115 2110 4151 non
2132 4099 2301 4152 solum
2326 4100 2501 4167 lugent
2523 4107 2758 4152 mortuos
2776 4108 2829 4153 et
2850 4114 2978 4153 voce
2999 4110 3051 4152 et
3077 4100 3275 4164 habitu,
3296 4101 3387 4154 sed
3414 4103 3572 4156 etiam

2005 4168 2070 4221 ad
2101 4170 2378 4222 ecclesiam
2399 4168 2685 4235 procedere
2699 4168 3122 4230 confunduntur;
3145 4171 3394 4237 aliquanti
3412 4172 3571 4225 etiam
3594 4198 3597 4203 -

2007 4239 2107 4307 ipsi
2149 4239 2328 4293 clerici
2372 4240 2444 4292 tui
2488 4247 2542 4293 et
2582 4249 2821 4306 pastores
2851 4238 3200 4295 ministerium
3229 4257 3380 4295 suum
3412 4242 3577 4296 inter-

2007 4310 2252 4378 mittunt,
2284 4317 2532 4362 vacantes
2564 4308 2760 4372 luctui,
2800 4314 2949 4378 quasi
2994 4311 3305 4364 insultantes
3347 4321 3446 4364 tua:
3479 4327 3573 4364 vo-

2005 4377 2229 4433 luntati?
2253 4378 2464 4444 Quare?
2484 4378 2613 4442 Quia
2635 4393 2767 4447 quos
2789 4377 3021 4439 voluisti.
3045 4380 3111 4433 de
3137 4380 3316 4433 smculi
3344 4381 3569 4447 caligine

2004 4449 2070 4500 ad
2104 4458 2154 4501 te
2186 4448 2402 4500 vocasti.
2430 4447 2565 4513 Quid
2608 4450 2673 4499 ad
2721 4449 2832 4500 Inec
2875 4449 3198 4515 respondere
3247 4452 3569 4516 poterimus,

2005 4517 2235 4570 fratres?
2256 4518 2439 4570 Nonne
2463 4516 2703 4570 confusio
2724 4532 2819 4569 nos
2843 4518 3224 4585 apprehendat,
3247 4534 3369 4572 cum
3395 4521 3444 4572 in
3472 4521 3570 4573 hac

2006 4597 2154 4657 parte
2181 4587 2454 4641 inferiores
2480 4587 2725 4657 gentibus
2750 4587 3081 4657 invenimur?
3105 4590 3166 4641 Et
3188 4590 3367 4657 utique
3402 4590 3565 4657 lugeri

2003 4656 2161 4710 debet
2190 4670 2440 4724 paganus,
2468 4656 2556 4726 qui
2588 4656 2829 4709 nesciens
2857 4655 3045 4722 Deum,
3080 4673 3199 4711 mox
3231 4655 3294 4710 ut’
3314 4655 3559 4717 moritur.

2004 4739 2333 4794 rectoAcursu
2364 4727 2532 4793 pergit
2556 4726 2619 4778 ad
2652 4741 2881 4793 pmnam.
2911 4726 3092 4794 Plangi
3120 4726 3280 4779 debet
3317 4726 3531 4779 Juda-ns
3551 4768 3565 4789 ,

2041 4796 2092 4848 ui
2134 4791 2496 4848 Clli‘iSlOlell
2539 4791 2787 4856 credens,
2833 4791 3064 4848 animant
3106 4810 3255 4848 suam
3288 4795 3568 4862 perditioni

2042 4866 2294 4933 cputavit.
2322 4865 2614 4920 Dolendum
2645 4874 2723 4919 est
2754 4865 2906 4931 plane
2942 4866 3011 4919 de
3050 4864 3446 4918 catechumenis
3479 4882 3570 4916 Ιιιι-

2003 4936 2128 4989 stris
2149 4977 2163 4999 ,
2190 4936 2236 4989 si
2269 4944 2360 4989 aut
2388 4950 2480 4987 sua
2508 4934 2870 4989 incredulitate
2889 4974 2904 4993 ,
2929 4943 3021 4987 aut
3050 4933 3364 5002 negligentia
3399 4934 3571 5001 proxi-

2004 5020 2232 5070 morum,
2262 5006 2377 5059 sine
2407 5006 2665 5073 baptismo
2694 5002 2909 5073 salutari
2939 5005 3277 5073 recesserint.
3304 5003 3570 5056 Czuterom

2002 5075 2090 5143 qui
2118 5071 2486 5139 sauctiﬁeatus'
2504 5075 2666 5141 gratia
2690 5112 2705 5134 ,
2732 5071 2968 5139 signatus
2994 5072 3095 5143 fide
3117 5112 3132 5135 ,
3159 5076 3570 5143 conversatione

2004 5141 2276 5212 probatus.
2301 5145 2380 5197 vel
2407 5144 2697 5197 innocentia
2725 5155 2947 5212 securus
2974 5141 3040 5197 de
3070 5142 3394 5212 ltocimnndo
3422 5159 3569 5198 rece-

2002 5206 2095 5278 dit,
2120 5212 2496 5268 beatiﬁcandus
2510 5220 2609 5274 est,
2628 5228 2732 5265 non
2752 5206 3029 5280 lugendus,
3048 5210 3449 5278 desiderandus,
3467 5229 3571 5266 non

2064 5344 2081 5373 ¹
2114 5342 2250 5399 aditi,
2264 5337 2519 5402 superavit.

2063 5404 2082 5434 ⁸
2115 5410 2216 5463 Ms.,
2238 5408 2285 5463 et
2315 5413 2452 5463 vana.

2064 5464 2085 5525 ξ
2114 5460 2257 5513 Certe
2274 5462 2535 5525 legendum
2558 5468 2651 5520 est,
2675 5460 2926 5525 tumulum.
2996 5469 3047 5525 at.

2063 5524 2085 5555 ⁸
2117 5527 2213 5573 Non
2236 5521 2385 5584 habet
2408 5531 2508 5580 us,
2530 5536 2573 5571 ει
2601 5521 2897 5584 peperceth
2919 5524 3203 5584 restituente.

2034 5614 2037 5615 ν
2060 5587 2081 5616 ⁸
2104 5586 2239 5643 Editi,
2251 5583 2483 5647 dirigere;
2496 5586 2604 5633 etin
2620 5586 2790 5643 verbo,
2802 5583 3318 5647 publicare,tractatum
3330 5583 3555 5635 claudunt

2062 5647 2083 5676 ⁶
2116 5653 2271 5701 Forte,
2296 5644 2546 5705 defunctus
2576 5652 2710 5693 esset.

2060 5708 2135 5768 (tl)
2159 5704 2518 5771 tloratius._vid.
2544 5708 2632 5754 'Iit.
2665 5708 2758 5755 Liv.
2779 5706 2861 5755 Ιιι).
2881 5708 2935 5771 ἐκ
2957 5704 3235 5759 Plutarchus
3256 5708 3573 5771 Apopbtegtu.

2002 5765 2168 5818 Lacon.
2190 5767 2345 5816 simile
2369 5769 2546 5816 dictum
2562 5780 2590 5814 a
2614 5775 2837 5815 laconico
2860 5765 3028 5815 refert.
