4076 6370
424 406 436 439 i
495 413 625 469 1171

495 539 582 583 tur
610 527 909 581 hominibus
942 525 1165 588 durum;
1207 523 1298 578 sed
1321 538 1565 585 magnum
1589 521 1744 575 habet
1763 522 2061 589 prmniiuni.

494 597 848 666 Auditequalc
867 615 879 650 ι
899 594 967 651 Ut
991 596 1117 657 sitis,
1135 596 1321 666 inquit,
1345 594 1440 662 ﬁlii
1464 592 1631 666 Patris
1647 593 1791 666 castri
1807 591 1890 659 qui
1906 592 2069 666 inme-_-

498 668 562 741 lis
584 678 655 741 est
677 660 885 736 (Matth.
900 682 955 732 v,
970 667 1039 721 Η
1054 709 1067 730 ,
1086 667 1196 733 45).
1211 660 1455 741 Oquanta
1477 661 1793 741 grati:i_t_Per
1812 676 1905 714 nos
1927 660 2066 741 senrvi

494 738 636 811 digni
658 731 771 811 _iion
800 752 1010 811 sumus,
1058 747 1111 790 et
1139 731 1233 804 per
1258 731 1588 811 inimicorum
1613 733 1948 811 dilectionem
1977 731 2070 811 (ιιιι

499 800 602 880 Dei
617 808 905 880 efficimur.
930 800 1053 861 Ideo
1095 800 1250 880 ergo,
1285 804 1507 867 fratres,
1538 812 1614 880 et“
1634 804 1852 880 aniieosn
1873 800 2070 880 diligite

490 882 540 932 in
580 878 723 943 Deo,
756 889 808 933 et
840 878 1078 931 inimicos
1102 871 1302 944 diligite
1345 884 1558 942 prepter
1585 873 1766 944 Deum.
1814 871 1911 938 Qui
1941 872 2071 944 enim

488 949 665 1018 diligit
688 940 993 1018 proximum,
1015 948 1150 1018 sicut
1170 940 1456 1018 A'postolus
1481 944 1641 1018 dicit,
1676 941 1832 1018 legem
1854 940 2072 1018 iinptetiit

495 1012 809 1084 (Ro'mfiuii,
825 1018 899 1087 δ).
916 1017 1043 1071 Nam
1066 1017 1153 1085 qui
1172 1012 1327 1069 verus
1348 1015 1664 1087 Christianus
1680 1014 1939 1087 vulteSse,
1961 1012 2073 1065 haec

495 1089 546 1142 ei
577 1103 794 1142 necesse
838 1084 920 1142 est
964 1084 1222 1154 prmCepta
1250 1084 1515 1138 custodire
1542 1102 1556 1137 :
1587 1084 1631 1137 si
1656 1084 1796 1137 enim
1847 1097 1950 1136 non
1977 1096 2073 1154 cii-

497 1158 685 1221 stodit,
704 1158 817 1227 ipse
842 1173 901 1212 se
927 1153 1292 1210 circumvenit.
1311 1155 1404 1227 Ille
1431 1154 1804 1227 itaquehonus
1827 1153 2072 1227 christia-

500 1243 602 1306 nu_s_
626 1223 858 1306 est,__qiii
886 1228 1024 1306 nulla
1057 1226 1379 1298 phylacteria
1418 1225 1501 1278 vel
1541 1224 1939 1306 adinveiitiones
1963 1223 2077 1306 dia-

478 1298 605 1353 tholi
634 1292 833 1362 credit,
872 1297 965 1351 sed
1004 1292 1214 1351 omnem
1244 1310 1393 1350 suam
1422 1309 1570 1362 spem
1618 1296 1668 1347 in
1711 1294 1826 1347 solo
1864 1292 2076 1346 Christo

502 1369 653 1448 ponit
681 1386 693 1421 :
721 1369 811 1437 qui
839 1367 1422 1448 peregrinosaanquam
1453 1366 1622 1448 ipsum
1660 1362 1925 1448 Christum
1955 1377 2074 1416 cum

499 1434 693 1506 'gaudio
718 1434 1115 1507 shscipitfquia
1157 1437 1269 1506 ipse
1288 1434 1447 1507 dicit,
1480 1434 1675 1507 Hospes
1705 1436 1815 1507 fui,
1838 1444 1887 1507 et
1905 1449 2075 1507 susce-

502 1504 647 1576 pistis
676 1525 753 1563 me
774 1504 881 1572 ;el,
909 1504 1161 1571 Οιιαιιιάὶιι
1179 1504 1369 1577 fecistis
1391 1506 1482 1577 hoc
1502 1506 1673 1577 unica:
1696 1504 1911 1577 minimis
1933 1504 2075 1577 oleis,

501 1573 627 1631 inihi
655 1579 842 1647 fecistis
873 1578 1082 1647 (Matth.
1115 1573 1356 1647 “v.55
1379 1617 1394 1639 ,
1425 1576 1537 1643 40).
1570 1576 1680 1647 ille,
1712 1576 1947 1647 inquam,
1978 1573 2075 1627 ho—

478 1664 603 1701 rnus
643 1644 963 1703 christianos
1006 1657 1120 1707 est,
1148 1648 1235 1716 qui
1266 1646 1559 1715 hOSpitibus
1604 1646 1741 1698 lavat
1773 1644 1980 1716 pedes,
2025 1651 2080 1716 et

504 1727 753 1787 tanquam
785 1727 1027 1786 parentes
1051 1713 1396 1772 charissimos
1425 1716 1623 1784 diligit;
1654 1718 1741 1782 qui
1763 1715 1911 1787 juxta
1935 1713 2074 1787 quod

504 1785 692 1851 habet,
741 1785 1058 1857 pauperibus
1099 1788 1489 1857 eleemosynam
1532 1786 1746 1857 tribuit;
1777 1785 1865 1854 q'ui
1892 1785 1955 1837 ad
1987 1800 2078 1857 ec-

501 1856 751 1913 clesiam,
782 1859 1109 1925 frequentius
1168 1856 1348 1922 venit,
1402 1866 1455 1910 et
1502 1856 1819 1909 oblationem
1862 1870 1980 1923 qua:
2027 1856 2077 1907 in

478 1928 656 1982 .altari
685 1930 791 1983 Deo
816 1929 1066 1982 offeratur
1091 1929 1336 1993 exhibet;
1355 1927 1444 1995 qui
1471 1926 1537 1980 de
1563 1925 1819 1979 fructibus
1841 1926 1947 1979 suis
1975 1939 2077 1977 non

502 2008 711 2066 gustat,
744 1999 841 2053 nisi
876 1999 1020 2068 prius
1059 2001 1166 2051 Deo
1209 1997 1432 2068 effe-rat,
1473 1996 1561 2066 qui
1608 2005 1832 2068 stateras
1872 1995 2080 2048 dolosas

502 2076 558 2121 et
585 2084 860 2123 mensuras
887 2069 1121 2136 duplices
1145 2084 1249 2122 non
1292 2067 1481 2130 habet,
1511 2069 1598 2135 qui
1631 2067 1902 2135 pecuniam
1930 2081 2079 2118 suam

503 2152 611 2192 non
640 2139 705 2193 ad
734 2154 945 2193 usuram
972 2139 1187 2199 tribuit,
1216 2139 1303 2206 qui
1345 2146 1398 2191 et
1426 2139 1538 2205 ipse
1563 2147 1707 2190 caste
1730 2137 1853 2190 vivit
1874 2176 1888 2195 ,
1937 2146 1991 2189 et
2020 2138 2081 2188 li-

502 2206 606 2262 lios
628 2224 754 2263 suos
781 2210 861 2264 vel
892 2210 1094 2263 vicinos
1118 2208 1275 2262 docet
1301 2216 1357 2260 nt
1374 2218 1521 2262 caste
1545 2217 1599 2261 et
1622 2222 1745 2261 cum
1771 2207 1863 2260 Dei
1892 2206 2080 2259 timore

504 2279 713 2345 vivant,
770 2288 826 2335 et
870 2280 1077 2348 quoties
1121 2289 1317 2333 sanctae
1363 2279 1722 2332 solemnitates
1760 2276 2078 2338 adveniunt,

507 2358 633 2404 ante
661 2350 778 2404 dies
805 2350 981 2417 plures
1008 2350 1303 2403 castitatem
1330 2350 1488 2402 etiam
1514 2364 1634 2402 cum
1681 2348 1889 2415 propria
1918 2360 2081 2400 uxore

504 2419 766 2483 custodit,
796 2428 855 2473 ut
881 2434 1067 2473 secura
1092 2419 1413 2474 conscientia
1439 2418 1502 2471 ad
1535 2418 1736 2470 Domini
1766 2418 1933 2470 altare
1962 2430 2083 2484 pos-

476 2487 574 2543 -sit
597 2489 882 2551 accedere;
913 2490 1001 2558 qui
1050 2499 1317 2556 postremo
1342 2488 1638 2559 symbolum
1667 2496 1735 2559 ett
1760 2487 2078 2559 dominicam

503 2559 798 2613 orationem
828 2556 1137 2613 memoriter
1170 2569 1315 2613 tenet
1340 2600 1355 2623 ,
1373 2556 1431 2612 et
1459 2558 1595 2611 lilios
1621 2572 1683 2610 ac
1715 2556 1962 2609 familiam
1990 2572 2077 2609 ea-

503 2627 628 2683 dem
676 2629 850 2684 docet.
897 2630 997 2696 Qui
1024 2630 1142 2683 talis
1167 2640 1279 2688 est.
1316 2629 1432 2684 sine
1459 2628 1620 2681 dubio
1649 2642 1805 2681 verus
1833 2627 2079 2679 christia-

504 2713 607 2768 nus
632 2708 747 2764 est;
780 2699 872 2753 sed
905 2709 959 2753 et
998 2700 1240 2754 Christus
1267 2700 1318 2752 in
1350 2700 1463 2768 ipso
1494 2698 1728 2763 habitat,
1777 2697 1863 2763 qui
1911 2697 2036 2749 dixit
2060 2738 2075 2762 ,

501 2766 617 2837 Ego
642 2779 687 2823 et
716 2769 872 2822 Pater
889 2771 955 2822 ad
984 2786 1095 2823 cum
1119 2766 1389 2835 veniemus,
1410 2779 1455 2821 et
1477 2769 1781 2821 mansionem
1802 2768 1939 2836 apud
1966 2784 2080 2820 eum

503 2840 748 2909 faciemus
773 2839 951 2908 (Joan.
979 2856 1092 2905 XIV,
1130 2840 1242 2908 25).
1275 2840 1528 2894 Similiter
1555 2847 1609 2891 ct
1653 2854 1745 2904 per
1772 2837 2077 2909 prophetam

440 2926 447 2934 '
480 2908 631 2981 dicit
649 2949 667 2974 ,
698 2909 806 2981 Ego
832 2910 1119 2981 inhabitqu
1145 2911 1199 2963 in
1222 2911 1293 2963 eis
1318 2950 1334 2973 ,
1362 2920 1408 2963 et
1436 2911 1563 2981 inter
1588 2924 1669 2963 eos
1690 2908 1954 2962 ambulubo
1982 2949 1998 2975 ,
2033 2917 2080 2962 et

503 2996 601 3051 erat
615 2977 819 3051 illorum
848 2979 984 3033 Deus
1006 2978 1189 3049 (Leuit.
1220 2996 1375 3051 xxvii,
1408 2977 1515 3051 i2).

574 3050 629 3105 4.
670 3050 749 3119 (τι)
790 3051 928 3106 Ecce
954 3048 1196 3113 audistis.
1226 3050 1438 3115 fratres,
1472 3048 1651 3118 quales
1679 3051 1782 3105 sint
1806 3048 2077 3103 christiani

506 3119 633 3174 lieni
661 3137 675 3173 :
708 3121 825 3175 ideo
852 3132 1104 3189 quantum
1135 3122 1355 3189 potestis
1377 3161 1393 3185 ,
1432 3136 1550 3176 cum
1596 3122 1683 3176 Dei
1714 3120 1976 3186 adiutorio
2005 3121 2079 3175 la-

504 3189 736 3256 horetis,
768 3199 825 3245 ut
852 3207 1042 3244 nomen
1069 3190 1415 3246 christianum
1446 3208 1548 3244 non
1578 3194 1646 3246 sit
1690 3190 1876 3245 falsum
1910 3191 1960 3243 in
1986 3207 2081 3240 Vo-

502 3259 606 3316 bis.
636 3261 740 3331 Sed
772 3271 829 3314 ut
852 3263 959 3315 veri
987 3261 1259 3315 christiani
1287 3276 1405 3315 esse
1432 3263 1681 3331 possitis,
1710 3276 1919 3328 semper
1944 3277 2079 3330 prie-

504 3340 654 3399 cepta
682 3330 877 3385 Christi
904 3342 958 3384 et
981 3333 1207 3401 cogitate
1231 3335 1285 3385 in
1314 3330 1489 3385 mente
1508 3374 1522 3397 ,
1555 3342 1607 3385 et
1632 3331 1847 3399 implete
1878 3334 1929 3384 in
1953 3346 2079 3400 ope-

502 3402 728 3471 ratione.
792 3402 1049 3455 llediniite
1091 3402 1296 3456 animas
1339 3412 1541 3456 vestras
1587 3403 1655 3456 de
1717 3416 1904 3471 ptena,
1951 3402 2076 3454 dum

505 3470 711 3525 habetis
760 3473 811 3524 in
858 3480 1115 3541 potestate
1174 3473 1426 3526 remedia.
1485 3470 1889 3543 EleeiiitiSyiiaiii
1923 3470 2077 3537 juxta

505 3542 645 3596 vires
675 3543 827 3597 facile
847 3584 861 3606 ,
907 3558 1088 3610 pacein
1121 3552 1173 3597 et
1210 3544 1519 3596 charitatcm
1550 3542 1772 3598 habete.
1805 3543 2078 3595 disCordcs

503 3611 570 3664 ad
600 3614 935 3667 conenrdiam
980 3623 1252 3675 revocate,
1301 3613 1630 3666 mendacium
1673 3613 1865 3680 fugite,
1900 3612 2078 3679 perju-

506 3684 643 3735 rium
692 3684 1055 3749 exiiavescite,
1105 3681 1292 3736 falsum
1346 3683 1700 3736 testiinonium
1733 3700 1835 3735 non
1883 3683 2074 3747 dicite,

505 3750 701 3805 fartum
732 3768 836 3806 non
883 3754 1056 3810 facile.
1102 3754 1406 3807 Oblat'iones
1451 3763 1505 3805 et
1550 3753 1783 3807 decimas
1826 3753 2079 3807 Ecclesia:

505 3821 692 3876 tim-rte
714 3865 727 3884 ,
758 3824 1033 3877 luminaria
1082 3824 1277 3876 sanctis
1304 3823 1433 3876 locis
1457 3822 1606 3890 juxta
1650 3823 1790 3890 quod
1840 3823 2073 3889 habetis,

505 3891 772 3947 exhibete.
801 3894 1108 3963 Symbolum
1131 3902 1185 3947 ct
1207 3895 1499 3947 orationem
1542 3894 1857 3947 dominicam
1884 3895 1934 3947 in
1963 3910 2075 3947 ine-

488 3963 674 4017 moria
703 3965 925 4020 retinete
943 4006 956 4025 .
988 3974 1043 4019 et
1071 3964 1189 4018 filiis
1216 3965 1403 4018 vestris
1433 3963 1710 4017 insinuante.
1736 3963 1896 4017 Filios
1917 3965 2074 4018 etiam

506 4048 642 4100 quos
664 4048 729 4088 ex
758 4034 1024 4102 BaptiSuio
1050 4036 1358 4103 suscepistis
1380 4075 1394 4099 ,
1423 4035 1608 4088 docete
1630 4043 1684 4088 et
1707 4034 1960 4102 castigate
1978 4074 1994 4099 ,
2021 4045 2077 4088 ut

505 4116 717 4169 semper
731 4105 1054 4157 cunitiinore
1075 4105 1161 4157 Dei
1176 4104 1352 4158 vivant
1371 4121 1383 4167 ;
1403 4105 1588 4157 scitote
1618 4120 1712 4157 vos
1740 4104 2076 4172 lidejussores

507 4172 742 4244 proipsis
752 4174 888 4242 apud
907 4175 1065 4227 Deum
1080 4175 1304 4227 esse.Ad
1322 4174 1827 4242 Ecclesiamquoque
1843 4176 2078 4244 frequen-

509 4243 614 4296 tius
629 4245 926 4307 convenite,
947 4254 1247 4296 sanctormii
1280 4244 1565 4312 patrocinia
1592 4245 1859 4299 humiliter
1873 4243 2073 4311 expeti-

507 4313 729 4375 te,dieni
745 4313 1066 4369 dominicam
1085 4329 1177 4381 pro
1188 4317 1478 4367 reverentia
1500 4315 1900 4369 resurrectionis
1920 4315 2076 4370 Chri-

504 4382 574 4437 sti
622 4382 821 4450 absque
852 4384 959 4437 ullo
984 4399 1145 4450 opere
1176 4382 1353 4437 servili
1378 4384 1567 4446 colite,
1598 4395 1897 4439 sanctorum
1928 4388 2069 4440 Sole-

507 4452 759 4507 ninitates
803 4454 888 4522 pio
912 4453 1099 4506 affectu
1116 4455 1396 4508 celebrate.
1420 4455 1693 4507 Proximos
1712 4465 1915 4510 vestros
1935 4456 2071 4511 sicut

504 4523 854 4591 vosmetipsos
883 4524 1080 4591 diligite
1112 4541 1125 4576 :
1156 4525 1292 4593 quod
1320 4524 1467 4578 vobis
1496 4526 1654 4578 vultis
1682 4526 1747 4578 ab
1775 4527 1893 4579 aliis
1924 4529 2068 4593 fieri,

502 4593 607 4647 hoc
632 4601 687 4648 et
728 4609 820 4647 vos
844 4594 961 4648 aliis
991 4595 1176 4657 facile;
1226 4595 1365 4664 quod
1414 4596 1561 4648 vobis
1590 4613 1691 4649 non
1737 4598 1893 4650 vultis
1934 4598 2067 4664 fieri,

504 4665 645 4737 nulli
677 4664 897 4719 faciatis.
935 4663 1255 4737 Charitatem
1298 4674 1421 4719 ante
1461 4666 1634 4718 omnia
1689 4667 1912 4737 habete;
1950 4669 2071 4737 quia

501 4733 732 4805 charitas
751 4737 922 4804 operit
961 4735 1347 4789 multitudinem
1396 4747 1726 4803 peccatorum
1759 4736 1800 4805 (Ι
1835 4733 2067 4803 μεινξιν,

501 4804 581 4866 8).
610 4804 793 4861 Estole
836 4806 1154 4874 hospitales,
1208 4806 1467 4869 humiles,
1517 4822 1728 4860 omnem
1759 4804 2068 4862 Sollicitudi-

508 4890 632 4928 nem
681 4876 1403 4956 vestraiii_projieientesin.
1436 4877 1632 4956 Deum,
1676 4876 1923 4956 quoniam
1973 4879 2067 4946 ipsi

508 4893 632 4928 nem
681 4893 906 4930 veStram
954 4893 1048 4956 pro
1075 4893 1290 4929 ieienies
1336 4893 1387 4928 in
1436 4893 1632 4937 iieiim,
1676 4893 1923 4955 quoniam
1973 4895 2067 4946 ipsi

502 4960 626 4999 cura
652 4945 826 5000 estde
853 4946 1001 5018 vobis
1044 4893 1153 5018 ξω.
1184 4961 1216 5000 v
1238 4986 1251 5009 ,
1277 4945 1360 5018 _7).
1392 4945 1638 5018 lnlirnios
1675 4947 1917 5012 visitale,
1949 4964 2068 5001 c.ir-

501 5024 711 5095 ceratos
753 5015 1391 5095 reqitirite,'pcret_;rin.osi
1450 5015 1731 5083 suscipite,
1778 5018 2070 5095 esurientes

508 5086 710 5153 pascite
729 5126 746 5151 ,
776 5086 944 5139 nudos
969 5085 1192 5147 ve5lite,
1225 5085 1457 5139 hariolos
1482 5096 1534 5137 et
1564 5101 1743 5151 magos
1775 5086 1955 5154 fugite.
1992 5091 2069 5142 Sit

501 5156 651 5210 vobis
677 5156 949 5224 inqualitas
978 5156 1026 5208 in
1056 5157 1285 5224 pondere
1315 5165 1367 5207 et
1395 5156 1444 5207 in
1474 5170 1717 5209 mensura
1739 5198 1753 5219 ,
1783 5158 1849 5209 sit
1873 5168 2066 5211 statera

499 5224 638 5295 jnsta
660 5265 674 5287 ,
702 5224 876 5295 justus
906 5226 1139 5286 modius,
1170 5240 1457 5293 :uqunsque
1498 5227 1759 5279 sextarius
1788 5245 1799 5277 :
1835 5245 1930 5281 nec
1955 5230 2070 5294 plus

502 5294 655 5363 quam
705 5294 923 5349 dedistis
967 5296 1247 5364 repetalis,
1282 5312 1451 5363 neque
1492 5311 1676 5347 usuras
1715 5312 1807 5363 pro
1835 5297 2067 5352 fenerata

501 5366 721 5433 pecunia
745 5381 774 5418 a
812 5381 1074 5434 quoquam
1103 5367 1344 5433 exigatis.
1376 5364 1525 5431 Quod
1551 5367 1592 5417 si
1635 5366 2066 5433 Obscnm‘t't‘tlis,

499 5436 672 5487 securi
703 5436 751 5487 in
779 5436 866 5488 die
890 5437 1072 5502 judicii
1121 5448 1244 5488 ante
1273 5437 1497 5488 tribunal
1529 5438 1712 5490 :eterni
1756 5438 1948 5504 judieis
1976 5455 2067 5492 ve-

499 5506 705 5559 nientes
724 5505 941 5571 dicetis,
970 5508 1061 5570 Da,
1085 5506 1329 5570 Domine,
1356 5508 1474 5575 quia
1499 5505 1772 5569 dedimus;
1800 5509 1896 5561 mis
1932 5525 2065 5573 rere,

497 5575 624 5649 quia.
649 5576 1059 5649 misericordiam
1110 5577 1368 5649 fecimus;
1413 5593 1508 5649 nos
1542 5576 1885 5648 implevimus
1928 5579 2068 5649 quod

499 5642 697 5699 iussisti
718 5685 732 5707 ,
763 5655 815 5699 tu
847 5646 1007 5701 redde
1034 5646 1171 5717 quod
1200 5647 1506 5716 promisisti.

490 5788 493 5799 ’
555 5803 627 5865 (ti)
655 5812 715 5854 Ex
743 5804 851 5853 eod.
876 5818 1022 5853 serm.
1050 5820 1096 5853 ιι.
1122 5808 1181 5865 5;
1209 5821 1272 5856 ex
1295 5819 1441 5856 scrin.
1469 5805 1573 5865 εἶδ’
1604 5822 1649 5856 n.
1677 5807 1719 5867 2,
1745 5816 1791 5857 et
1818 5821 1962 5856 scrin.
1990 5810 2067 5867 73,

494 5877 540 5915 n.
565 5870 612 5924 ὕ,
637 5869 852 5928 ejusdem
876 5871 1169 5928 Appendns.

1922 404 2285 462 APPI‘ZNDlX.

3628 413 3761 468 “7‘3

2245 521 2298 573 5.
2329 521 2406 586 (a)
2448 522 2583 595 Ante
2607 526 2780 595 omnia
2808 537 2982 579 autem
3014 525 3143 580 illud
3177 526 3435 579 denuntio
3462 534 3623 595 atque
3649 527 3754 579 ob-

2176 596 2362 665 testor,
2393 600 2450 665 ut
2478 593 2649 645 nullas
2677 594 3004 662 Paganorum
3031 598 3319 665 sacrilegas
3344 593 3757 651 consuetudines

2175 660 2496 731 observetis,
2530 677 2635 715 non
2663 660 2898 731 caragios
2927 669 2941 698 ¹
2965 710 2978 731 ,
3010 683 3113 720 ηοιι
3158 660 3365 720 divinos
3386 708 3399 726 .
3450 682 3555 720 non
3594 668 3757 720 sorti-

2175 730 2366 806 legos,
2395 744 2498 784 non
2545 744 2987 800 priccantaiores;
3022 752 3120 792 nec
3162 751 3261 806 pro
3303 737 3411 791 ulla
3458 751 3619 791 causa
3667 746 3758 790 aut

2178 801 2481 875 iatn-mittite
2507 817 2603 875 eos
2618 806 2898 859 consulere
2918 807 3001 859 vel
3030 801 3359 875 interrogare
3379 807 3714 875 pr:rsumatis
3738 824 3754 862 :

2176 878 2296 957 quia
2322 872 2409 957 qui
2442 872 2563 957 facit
2590 872 2692 957 hoc
2713 876 2905 957 malum
2926 918 2940 935 ,
2966 878 3140 957 perdit
3166 872 3415 957 Baptismi
3444 891 3756 957 sacramen-

2179 951 2309 1012 tum.
2332 942 2590 995 Similiter
2608 951 2663 996 et
2686 947 2900 1012 auguria
2922 942 3003 999 vel
3031 942 3441 1001 sternutationes
3469 947 3759 1002 observare

2180 1011 2376 1086 nolite_,
2406 1028 2503 1086 nec
2529 1014 2579 1065 iii
2608 1011 2793 1086 itinere
2817 1016 2967 1082 ροςίιί
2990 1017 3195 1086 aliquas
3221 1018 3454 1069 aviculas
3478 1029 3758 1072 cantantes

2179 1082 2462 1155 attendatis
2493 1101 2533 1155 Δε
2576 1083 2669 1136 sed
2717 1085 2829 1139 sive
2878 1086 2995 1146 iter,
3045 1082 3157 1139 sive
3204 1087 3574 1155 quodcumque
3623 1103 3759 1155 opus

2180 1152 2432 1226 arripitis,
2461 1152 2664 1226 signate
2693 1169 2788 1226 vos
2815 1156 2864 1207 in
2894 1156 3105 1209 nomine
3128 1152 3347 1226 Christi,
3378 1165 3430 1209 et
3457 1152 3759 1226 symbolum

2180 1230 2235 1274 et
2256 1222 2548 1291 orationem
2576 1222 2893 1278 dominicam
2924 1240 3043 1279 cum
3074 1225 3177 1279 fide
3203 1236 3255 1279 et
3274 1222 3556 1281 devotione
3577 1228 3758 1289 dicite;

2179 1300 2233 1343 et
2277 1292 2405 1344 nihil
2437 1294 2585 1345 vobis
2614 1307 2808 1348 nocere
2839 1298 3029 1358 poterit
3077 1297 3338 1350 inimicus.
3399 1297 3581 1348 Nullus
3623 1298 3762 1352 chri-

2180 1362 2383 1414 Stiaiius
2404 1362 2648 1416 observet
2664 1378 2763 1425 qua
2787 1364 2874 1418 die
2898 1367 3111 1419 demum
3138 1373 3312 1429 exeat,
3328 1367 3408 1419 vel
3436 1382 3537 1431 qua
3557 1367 3645 1421 die
3675 1385 3753 1421 re-

2181 1440 2444 1492 vertatur;
2477 1434 2597 1501 quia
2628 1449 2813 1488 omnes
2852 1434 2966 1489 dies
3006 1436 3144 1488 Deus
3171 1436 3314 1491 fecit.
3347 1437 3537 1489 Nullus
3566 1439 3632 1490 ad
3674 1438 3758 1490 in-

2181 1500 2655 1570 choandum’oiiiis
2696 1503 2834 1557 diem
2866 1517 2918 1558 ct
2967 1505 3141 1558 lunam
3183 1505 3435 1560 attendat.
3482 1507 3667 1561 Nullus
3710 1510 3763 1560 in

2181 1572 2414 1623 caleiidis
2441 1573 2663 1640 jannarii
2691 1574 2915 1628 nefanda
2961 1586 3015 1629 et
3057 1576 3361 1640 ridiculosa,
3396 1579 3618 1641 vetulas,
3669 1590 3762 1632 aut

2180 1643 2421 1695 cervulos
2446 1685 2461 1708 ,
2508 1655 2597 1697 aut
2622 1643 2881 1712 jocticos’
2909 1646 3057 1699 faciat
3084 1687 3098 1708 ,
3128 1662 3298 1716 neque
3352 1663 3564 1700 mensas
3596 1664 3688 1714 per
3740 1648 3763 1679 ³

2184 1722 2389 1766 noctein
2422 1724 2723 1778 componat,
2744 1730 2842 1768 nec
2871 1724 3077 1769 strenas
3103 1716 3488 1771 autbihitioncs
3515 1730 3762 1773 exerceat

2183 1781 2495 1857 superﬂuas.
2519 1782 2700 1857 Nullus
2716 1785 3035 1857 christianos
3054 1788 3113 1857 in
3141 1802 3296 1856 pyras
3317 1787 3339 1817 ⁸
3359 1788 3560 1851 credat,
3587 1804 3762 1857 neque

2182 1852 2234 1922 in
2266 1863 2421 1906 cantu
2447 1854 2665 1917 sedeat;
2696 1855 2814 1921 quia
2847 1870 3004 1922 opera
3034 1852 3290 1910 diabolica
3321 1869 3460 1911 sunt.
3491 1852 3685 1910 Nullus
3706 1860 3758 1912 in

2187 1921 2468 1976 festivitate
2511 1926 2676 1977 sancti
2718 1921 2934 1978 Joannis
2962 1935 3051 1979 aut
3077 1937 3379 1981 santtornm
3407 1928 3761 1982 solemnitati-

2186 1994 2281 2046 bus
2308 1994 2550 2057 solstitia,
2578 2003 2669 2047 aut
2693 1995 3028 2055 halationes‘.
3057 1998 3139 2051 vel
3166 1998 3498 2051 saltationes“
3516 2008 3608 2052 aut
3633 2014 3762 2052 can-

2166 2063 2592 2135 ticandiaholica
2633 2076 2895 2118 exerceat.
2948 2066 3130 2120 Nullus
3175 2068 3385 2120 nomina
3432 2067 3759 2135 daemonum,

2182 2143 2273 2186 aut
2297 2133 2615 2201 Neptunum,
2640 2142 2730 2187 aut
2747 2135 2961 2202 Orcum,
2980 2145 3069 2190 aut
3093 2138 3327 2201 Dianam,
3345 2146 3435 2191 aut
3454 2133 3757 2201 Herculem,

2182 2214 2273 2277 aut
2299 2204 2605 2277 Minervam,
2634 2216 2724 2256 aut
2750 2206 3057 2261 Geiiisciun'
3081 2248 3096 2272 ,
3128 2216 3215 2261 aut
3237 2219 3428 2261 caalera
3456 2210 3759 2277 hiijusmodi

2184 2274 2359 2345 inepta
2390 2274 2606 2328 credere
2648 2284 2737 2328 aut
2782 2277 3025 2330 invocare
3057 2289 3355 2345 pm'snmat.
3388 2274 3571 2333 Nullus
3615 2280 3757 2334 diem

2180 2342 2331 2415 Juvis
2378 2345 2579 2413 absque
2625 2345 2823 2399 sanctis
2872 2342 3261 2415 festivitatibus,
3290 2350 3464 2403 neciu
3495 2351 3758 2406 maionec

2183 2414 2237 2467 in
2281 2415 2388 2468 ullo
2440 2423 2680 2483 tempore
2725 2417 2776 2469 in
2806 2417 2915 2470 otio
2942 2418 3205 2483 observet,
3250 2434 3419 2486 neque
3456 2420 3758 2474 dicstinia.

2182 2499 2296 2537 rum
2319 2485 2342 2517 ⁸
2366 2486 2444 2537 vel
2474 2500 2767 2550 murorum,
2799 2496 2889 2540 aut
2914 2489 2995 2540 vel
3023 2504 3183 2542 unum
3214 2485 3433 2543 omnino
3459 2490 3621 2554 diem,
3655 2491 3759 2546 nisi

2182 2563 2382 2607 tantum
2409 2553 2726 2609 dominicam
2771 2557 2929 2610 diem.
2963 2557 3147 2611 Nullus
3172 2559 3490 2612 christianos
3517 2561 3582 2613 ad
3614 2563 3752 2619 fana,

2182 2625 2265 2677 vel
2294 2625 2359 2677 ad
2387 2634 2595 2689 petras,
2629 2627 2710 2679 vel
2740 2626 2805 2679 ad
2853 2627 3052 2692 fontes,
3080 2630 3160 2682 vel
3189 2628 3255 2683 ad
3285 2630 3504 2684 arbores
3524 2672 3537 2689 ,
3570 2641 3663 2684 aut
3686 2633 3755 2685 ad

2180 2695 2444 2749 Cancellos
2465 2698 2507 2759 ’,
2541 2696 2619 2749 vel
2667 2711 2759 2764 per
2787 2697 2933 2749 trivia
2976 2700 3247 2752 luminaria
3288 2700 3461 2760 faciat,
3506 2707 3600 2753 aut
3632 2712 3756 2756 vota

2182 2765 2403 2818 reddere
2449 2776 2751 2832 przcsumat.
2800 2768 2980 2821 Nullus
3009 2769 3074 2822 ad
3104 2770 3238 2823 colla
3279 2771 3360 2822 vel
3407 2770 3639 2824 hominis
3668 2774 3756 2825 vel

2180 2836 2459 2909 cujuslibet
2501 2836 2761 2909 _animalis
2804 2839 3046 2907 ligamina
3086 2840 3382 2906 dependere
3426 2853 3713 2909 pra-sumit
3739 2885 3753 2902 ,

2180 2905 2386 2980 etiamsi
2413 2920 2444 2980 ξι
2468 2906 2675 2980 clericis
2705 2905 2861 2972 tiaiit,
2901 2911 2998 2962 etsi
3031 2905 3236 2963 dicatur
3262 2910 3400 2980 quod
3426 2905 3528 2964 'res
3571 2924 3755 2967 sancta

2180 2977 2268 3047 sit,
2299 2984 2351 3028 et
2396 2975 2601 3047 divinas
2630 2978 2904 3047 lectiones
2942 2981 3207 3033 contineat
3236 2997 3250 3036 :
3280 2975 3401 3047 quia
3433 2996 3538 3035 non
3571 2992 3654 3035 est
3700 2983 3755 3035 in

2179 3046 2257 3099 eis
2285 3046 2573 3099 remedium
2614 3046 2810 3102 Christi
2837 3090 2850 3112 ,
2895 3050 2988 3103 sed
3019 3065 3274 3104 vent-inim
3302 3046 3529 3105 diaboli.
3573 3051 3757 3107 Nullus

2181 3127 2464 3182 pricsuinat
2506 3117 2839 3172 lustrationes
2870 3119 3061 3179 facere,
3096 3136 3192 3174 nec
3234 3121 3426 3174 herbas
3452 3123 3747 3185 incantare,

2181 3200 2352 3253 neque
2380 3202 2565 3253 pecora
2592 3204 2684 3255 per
2709 3204 2889 3242 cauam
2921 3191 3163 3244 arborem
3198 3193 3280 3244 vel
3305 3201 3497 3246 terram
3528 3194 3753 3246 {oratam

2182 3257 2437 3326 transire;
2471 3258 2589 3324 quia
2622 3274 2717 3326 per
2749 3262 2860 3312 illl‘c
2903 3261 3116 3314 diabolo
3161 3261 3370 3316 videtur
3410 3277 3748 3318 coosecrare.

2180 3325 2329 3401 Nullo
2346 3328 2536 3401 mulier
2556 3325 2832 3401 praesumat
2850 3332 3093 3385 succinos
3112 3332 3175 3384 ad
3202 3334 3393 3386 collum
3416 3333 3751 3401 dependere:

2181 3411 2278 3473 nec
2306 3398 2355 3448 in
2387 3398 2524 3461 tela,
2553 3400 2635 3473 vel
2666 3399 2716 3452 in
2746 3402 2970 3473 tinctura
2996 3444 3010 3466 ,
3040 3403 3150 3455 sive
3178 3404 3230 3454 in
3270 3398 3499 3471 quolibet
3538 3419 3706 3473 opere
3734 3447 3750 3469 ,

2181 3466 2467 3541 Minervam
2498 3469 2578 3541 vel
2605 3479 2824 3523 ceteras
2853 3472 3104 3524 infaustas
3133 3466 3382 3538 iiersimas
3426 3466 3701 3529 nominare
3726 3466 3741 3541 ;

2179 3536 2270 3613 _sed
2299 3538 2348 3613 in
2380 3539 2523 3591 omni
2545 3554 2709 3613 opere
2746 3541 2939 3613 Chriin
2968 3536 3186 3611 gratiam
3215 3544 3403 3597 adesse
3429 3552 3618 3613 optare
3638 3588 3653 3607 ,
3701 3536 3755 3599 et

2181 3606 2232 3679 in
2264 3608 2454 3661 virtute
2484 3606 2713 3663 nominis
2754 3611 2871 3679 ejus
2902 3606 3010 3665 lolii
3037 3613 3198 3666 corde
3245 3606 3531 3667 conlidere.
3566 3606 3754 3669 Nullus

2178 3676 2221 3728 si
2249 3678 2457 3751 quando
2474 3680 2595 3751 luna
2612 3676 2949 3751 obscuratur.
2975 3684 3265 3737 vociferare
3286 3694 3604 3751 przcsuinat;
3630 3690 3750 3750 quia

2172 3749 2336 3801 certis
2378 3750 2701 3816 temporibus
2744 3752 2850 3803 Deo
2887 3752 3106 3818 juhente
3135 3749 3462 3818 obscuratur.
3493 3754 3599 3808 Nec
3632 3749 3750 3808 luna

2180 3832 2313 3909 lrt‘fwa
2339 3806 2616 3909 quisq-nam
2664 3821 2846 3909 timeat
2870 3806 3066 3903 aliquid
3096 3806 3271 3893 operis
3320 3806 3560 3909 arripere
3582 3806 3748 3909 ξ’(ιιιίη

2179 3886 2334 3964 Deus
2358 3888 2421 3941 ad
2462 3886 2561 3942 hoc
2588 3891 2764 3964 lunam
2798 3891 2938 3964 fecit,
2960 3886 3025 3945 iit
3053 3886 3288 3958 len'ipora
3321 3886 3564 3963 designet
3595 3886 3747 3964 ((ὶειι.

2178 3972 2225 4031 t,
2256 3958 2343 4026 14)
2364 3998 2378 4018 ,
2421 3967 2474 4031 et
2519 3962 3023 4028 noctium‘tenebras
3054 3973 3340 4031 temperet;
3371 3958 3473 4017 non
3503 3976 3559 4017 ut
3588 3958 3750 4018 alien.

2172 4026 2258 4096 jus
2288 4043 2421 4096 opus
2452 4030 2722 4098 impediat,
2771 4026 2860 4085 aut
2900 4026 3202 4088 dementem
3246 4034 3511 4087 hominem
3556 4037 3747 4099 faciat,

2177 4099 2482 4170 sicutstiilti
2510 4103 2829 4170 putant,qni
2870 4116 2899 4155 ιι
2945 4103 3273 4157 d:cmonibus
3315 4105 3526 4157 invaSos
3555 4122 3584 4157 a
3629 4108 3748 4159 luna

2179 4169 2282 4235 pati
2313 4180 2514 4236 putant.
2549 4170 2731 4223 Nullus
2755 4169 2998 4225 dominos
3025 4176 3189 4228 solem
3222 4184 3308 4227 aut
3348 4175 3527 4228 lunam
3576 4187 3748 4241 vocet,

2177 4253 2348 4305 neque
2379 4255 2472 4305 per
2506 4256 2599 4311 eos
2631 4240 2772 4308 juret
2804 4257 2816 4292 :
2848 4243 2965 4311 quia
2993 4253 3231 4297 creatura
3271 4245 3361 4297 Dei
3385 4255 3528 4307 sunt,
3565 4257 3616 4299 et
3656 4240 3751 4303 ne-

2176 4311 2516 4363 eessitalihus
2537 4310 2805 4363 hominum
2823 4310 2971 4379 jussu
2997 4314 3085 4368 Dei
3111 4314 3419 4367 inserviunt.
3443 4315 3631 4371 Nullus
3653 4318 3747 4371 sibi

2176 4389 2430 4453 proponat
2463 4382 2620 4453 fatum
2650 4383 2750 4453 vel
2776 4380 3057 4444 fortunam,
3085 4393 3174 4436 aut
3216 4386 3449 4453 genesim
3474 4386 3517 4417 ⁸⁸
3542 4429 3556 4451 ,
3609 4389 3747 4453 quod

2174 4449 2332 4521 vulgo
2359 4451 2625 4503 nascentia
2651 4451 2842 4504 dicitur
2863 4470 2875 4515 ;
2900 4465 2955 4505 ut
2982 4454 3149 4518 dicat,
3178 4449 3395 4521 Qualem
3422 4449 3746 4511 nasCenliaui

2174 4519 2369 4583 attulit,
2421 4521 2594 4574 taliter
2620 4523 2721 4574 erit
2768 4523 2932 4590 :qiiia
2983 4523 3113 4577 Deus
3158 4519 3262 4577 vult
3311 4542 3483 4578 omnes
3526 4528 3749 4581 homines

2174 4589 2337 4666 salvos
2364 4590 2474 4657 ﬁeri
2497 4632 2511 4651 ,
2557 4601 2602 4666 et
2627 4594 2693 4643 ad
2737 4589 3040 4666 agnitionem
3081 4596 3300 4666 ueritatis
3340 4598 3509 4649 venire
3542 4597 3583 4666 (l
3615 4598 3748 4650 Tim.

2176 4672 2208 4711 Il
2230 4701 2243 4719 ,
2280 4658 2334 4730 ’1)
2355 4701 2369 4723 ,
2402 4664 2632 4729 atquein
2665 4664 2919 4735 sapientia
2953 4665 3127 4717 omnia
3154 4665 3447 4735 dispensat,
3474 4658 3612 4720 sicut
3640 4669 3751 4721 dis-

2175 4736 2349 4806 posuit
2378 4742 2516 4806 _aiite
2553 4732 2730 4806 mundi
2762 4734 3208 4806 constitutionem.
3242 4732 3515 4790 l’rzeterea
3545 4740 3752 4806 quoties

2172 4800 2344 4868 aliqua
2378 4802 2652 4855 inlirmitas
2678 4804 2931 4867 evenerit,
2973 4821 3075 4857 non
3105 4818 3410 4873 querantur
3452 4800 3746 4874 praecantm

2238 4892 2361 4960 ιβ’.
2402 4892 2547 4955 Lugd.
2584 4900 2702 4942 \‘en.
2741 4900 2866 4955 l.ov.,
2903 4893 3180 4957 carcarios;
3214 4903 3265 4945 et
3307 4897 3450 4959 paulo
3482 4907 3610 4961 post,
3649 4914 3753 4950 rar-

2171 4963 2310 5000 cam.
2378 4961 2431 4999 Μ.

2235 5016 2256 5105 ἰ
2288 5014 2712 5122 ξοὲἓὲἐῗηεὶδ,
2727 5014 2937 5076 jotticos.
2975 5020 3400 5077 Atcermanensis,
3414 5020 3639 5081 jotn'cos.

2288 5084 2426 5124 Alias.
2449 5088 2607 5124 super.

2235 5088 2256 5105 σ
2288 5088 2426 5135 Alias,
2449 5088 2607 5135 super.

2235 5140 2256 5201 ξ
2282 5144 2405 5201 .\l_ss._,
2430 5149 2594 5201 puras,
2618 5138 2745 5201 quod
2771 5138 2899 5186 idem
2922 5147 3029 5201 est;
3055 5153 3081 5188 a
3105 5137 3216 5200 pur,
3250 5142 3392 5201 ignis.

2235 5198 2255 5228 ⁸
2288 5198 2361 5263 sic
2384 5197 2643 5263 legendum
2666 5198 2693 5258 ιι
2714 5202 2782 5247 sis
2806 5197 3129 5263 suadentibus
3152 5210 3227 5248 ιιι).
3257 5197 3611 5263 Benedictiuis;
3645 5208 3752 5255 vide

2174 5266 2287 5325 tom.
2368 5257 2598 5319 Appendq
2623 5257 2768 5307 serui.
2796 5260 2903 5318 31:5,
2925 5275 2972 5308 ii.
3008 5262 3054 5321 1,
3079 5270 3129 5310 et
3159 5275 3307 5310 serui.
3335 5264 3441 5325 266,
3468 5282 3517 5314 ii.
3541 5257 3659 5317 Satn
3686 5277 3752 5325 8.,

2172 5318 2461 5368 titillationes.
2528 5325 2583 5365 Μ,
3041 5318 3047 5321 -
3430 5318 3439 5325 ν
3736 5326 3737 5329 η

2236 5381 2257 5444 9
2292 5381 2482 5427 Additur
2504 5380 2548 5426 ia
2573 5380 2748 5444 S[.ii‘il.,
2777 5381 3033 5443 cernulus;
3056 5396 3162 5444 seu,
3192 5384 3431 5436 cornutas.

2235 5443 2253 5472 '
2292 5448 2362 5487 Er.
2393 5449 2443 5489 et
2467 5447 2595 5499 l.ov.,
2623 5442 2873 5490 (mustum.

2234 5504 2256 5534 ⁸
2291 5501 2429 5560 Alias,
2454 5510 2738 5551 tui-inurunt.

2234 5566 2360 5673 ’usie
2475 5566 2827 5614 Gernianensis.
2842 5572 2894 5616 At
2905 5567 3224 5627 Oorbeieusis,
3245 5568 3405 5619 cellos.
3433 5571 3550 5621 Editi
3573 5581 3749 5631 animo,

2234 5640 2251 5673 r
2292 5638 2359 5673 es.

2171 5638 2359 5675 OCHlGS.

2240 5688 2280 5718 ίο
2316 5686 2448 5743 Editi,
2463 5684 2711 5734 Cenist'tm.

2238 5750 2323 5808 to;
2337 5747 2431 5794 vid.
2462 5749 2505 5794 in
2529 5748 2798 5857 appoiidice
2822 5751 2932 5797 tomi
2957 5750 2987 5797 ὅ
3008 5762 3155 5798 serm.
3182 5750 3289 5811 278,
3316 5768 3363 5813 ιι,
3392 5754 3448 5813 2;
3483 5755 3592 5811 277,
3620 5769 3667 5803 ιι.
3698 5754 3745 5813 l;

2238 5812 2281 5857 7.
2310 5823 2370 5855 iiii
2485 5809 2542 5857 ὗε
2562 5822 2591 5855 ‘..
2624 5809 2670 5857 9.
2707 5810 2834 5857 ιι.
2873 5810 2979 5857 ‘2‘755.
3005 5815 3052 5857 ιι.
3080 5812 3138 5857 4:
3165 5813 3281 5857 278.
3304 5830 3351 5857 ii-
3387 5818 3437 5857 ις
3477 5816 3588 5857 2277-
3613 5833 3661 5857 ιι-
3687 5817 3745 5857 l:

2174 5804 2370 5919 origini
2413 5810 2461 5865 ὅ,
2485 5809 2543 5869 5;
2562 5804 2670 5869 279,
2707 5824 2752 5857 ιι.
2774 5810 2834 5871 δ;
2873 5810 2979 5871 265,
3005 5815 3052 5860 ιι“.
3080 5812 3139 5873 4;
3165 5804 3363 5874 ’ὶῗὸξιιί
3387 5818 3403 5866 1
3426 5804 3448 5879 ς’
3477 5804 3592 5875 “277,
3613 5833 3661 5879 ιι,
3687 5804 3747 5876 ιξ

2180 5876 2235 5919 2.7
2273 5906 2288 5919 .
2309 5885 2355 5918 ιι.
3020 5888 3024 5892 ‘

2180 5885 2288 5933 ate,
2309 5885 2355 5918 ιι.
2382 5886 2428 5919 ο.
3020 5888 3024 5892 ι
