4076 6370
548 371 682 429 H75

544 507 673 561 pore
698 490 977 546 custodiat.
1012 489 1082 547 Et
1106 490 1315 562 quoties
1335 489 1388 544 in
1413 498 1568 545 nocte
1590 488 1811 562 excitati
1829 487 2052 549 fueritis.
2070 499 2127 543 et

541 559 761 617 soranus
786 578 851 616 es
877 562 1046 618 oculis
1070 559 1396 625 evolaverit,
1430 576 1550 613 mox
1581 559 1734 613 labiis
1768 559 1976 628 signum
2005 573 2127 612 cru-

541 637 622 685 cis
659 642 927 687 occurrat.
960 633 1107 687 Mens
1145 647 1357 701 quoque
1383 629 1712 684 orationibus
1734 640 2039 698 occupetur,
2062 644 2124 701 ac

544 702 637 756 Dei
680 714 943 771 pra-cepta
977 704 1027 758 in
1057 700 1219 757 corde
1246 703 1560 763 volvantur,
1594 716 1659 771 ne
1684 701 1894 769 stupido
1925 700 2123 768 pectori

543 770 764 840 repente
800 770 1050 841 subrepat
1076 773 1348 837 inimicus,
1380 773 1464 826 vel
1498 787 1588 840 per
1623 770 1820 825 famam
1863 771 2121 824 incuriam

540 854 724 912 serpat
771 843 836 897 ad
888 846 1119 899 animam
1168 842 1508 898 adversarius
1554 841 1760 896 avidus.
1805 843 1869 895 Et
1903 857 2022 895 cum
2069 842 2120 894 iu

540 911 702 995 sensu
730 914 883 996 vobis
911 916 1462 996 turpemhsnpgesserit
1490 911 1894 996 cogitationem,
1911 927 2123 996 propo-

544 986 654 1038 nite
679 986 830 1039 vobis
856 983 1089 1040 futurum
1118 985 1211 1039 Dei
1237 983 1523 1054 judicium.
1556 983 1744 1037 inferni
1772 985 2119 1051 supplicium,

538 1055 801 1119 gehennae
829 1071 1041 1125 paruas,
1068 1056 1249 1109 tartari
1282 1054 1528 1109 tenebras
1555 1070 1570 1105 :
1601 1068 1720 1123 qua:
1746 1054 1889 1123 impii
1919 1054 2123 1123 patien-

541 1135 646 1180 tur.
674 1126 727 1181 Si
762 1126 874 1180 ha-c
903 1126 1160 1188 feceritis,
1201 1126 1378 1179 statim
1414 1126 1582 1192 turpis
1629 1125 1878 1194 cogitatio
1923 1138 2122 1178 evane-

540 1205 683 1259 scet,
712 1212 811 1251 nec
841 1212 934 1251 vos
956 1196 1167 1252 deseret
1200 1197 1364 1250 virtus
1401 1194 1634 1257 Christi;
1675 1196 1796 1263 quia
1824 1210 2009 1248 verum
2040 1202 2122 1248 est

538 1266 680 1333 quod
707 1267 962 1337 propheta
993 1268 1131 1321 canit
1154 1308 1168 1327 .
1199 1267 1472 1337 Sperantes
1500 1267 1553 1319 in
1590 1263 1811 1320 Domino
1839 1265 2117 1319 miscricor-

538 1336 633 1409 diu
648 1336 974 1409 circumdabit
1003 1337 1022 1409 (
1046 1337 1188 1409 Psal.
1218 1353 1362 1401 nsi,
1395 1336 1508 1409 10).

610 1407 664 1462 9.
704 1408 782 1477 (a)
811 1406 916 1462 Sed
952 1405 1074 1462 cum
1106 1407 1220 1462 hch
1265 1405 1477 1473 omnia,
1521 1405 1807 1460 auxiliante
1854 1405 2116 1469 Domino,

542 1476 893 1548 impleveritis
913 1520 927 1541 ,
957 1480 1145 1532 scitote
1172 1478 1291 1548 quia
1321 1477 1422 1531 hoc
1449 1478 1672 1531 moleste
1698 1487 2013 1548 accepturus
2037 1486 2117 1531 est

537 1545 812 1605 diabolus.
840 1549 982 1612 quod
1010 1545 1305 1603 videat'vos
1342 1563 1370 1601 a
1402 1548 1654 1602 societate
1678 1562 1772 1599 sua
1794 1545 2115 1612 discedere;

539 1628 594 1671 et
622 1619 693 1673 oh
720 1617 821 1675 hoc
847 1615 1073 1689 fortasse
1097 1620 1301 1689 aliquas
1342 1619 1605 1686 nequitias
1647 1625 1739 1670 aut
1784 1615 2118 1689 infirmitates

537 1689 688 1743 vobis
711 1690 974 1743 immittet.
997 1688 1172 1744 Nolite
1192 1688 1289 1755 pro
1314 1689 1414 1743 hoc
1432 1690 1750 1757 desperare;
1781 1688 1902 1755 quia
1931 1689 1995 1739 ad
2024 1702 2119 1742 vos

537 1760 842 1828 probandos
871 1761 1141 1827 permittet
1181 1759 1281 1813 hoc
1312 1759 1451 1813 Deus
1478 1760 1589 1813 fieri
1609 1799 1625 1823 ,
1658 1766 1717 1811 ut
1743 1767 2028 1827 cognoscat
2070 1758 2114 1810 si

537 1845 603 1883 ex
627 1840 737 1884 toto
762 1829 924 1885 Corde
968 1846 1065 1884 vos
1090 1831 1153 1899 ad
1181 1830 1298 1899 ejus
1338 1828 1756 1883 misericordiam
1790 1829 2000 1894 tenetis,
2032 1830 2115 1883 vel

535 1901 580 1953 si
609 1902 867 1955 veraciter
888 1901 939 1954 in
961 1916 1080 1956 eum
1108 1901 1343 1955 creditis.
1370 1900 1471 1955 Sed
1502 1909 1557 1954 et
1581 1913 1676 1953 vos
1699 1908 1886 1952 cuncta
1915 1900 2116 1965 patien-

539 1979 622 2024 ter
651 1970 886 2036 sufferte,
933 1982 987 2025 et
1019 1972 1179 2025 Deum
1232 1972 1282 2024 in
1322 1972 1569 2025 omnibus
1615 1968 1911 2024 benedicite
1964 1978 2019 2022 ut
2060 1970 2112 2023 in

535 2041 687 2111 vobis
717 2044 883 2110 possit
914 2042 1121 2109 impleri
1144 2041 1282 2111 quod
1312 2042 1568 2109 scriptum
1599 2049 1699 2111 est,
1721 2038 1905 2093 Beatus
1932 2040 2006 2092 vir
2027 2041 2115 2108 qui

534 2109 1081 2182 suffert’tentationcm.
1106 2109 1342 2182 quoniam
1370 2128 1481 2164 cum
1516 2110 1947 2182 probatusfuerit,
1974 2111 2112 2162 acci-

535 2180 636 2251 piet
671 2199 909 2237 coronam
952 2183 1067 2235 vita:
1096 2180 1299 2253 (Jacobi
1338 2198 1376 2246 t,
1402 2180 1535 2253 η).
1578 2180 1895 2253 Consoletur
1922 2196 2016 2233 Vos
2056 2189 2113 2235 et

535 2252 637 2324 huc
680 2254 825 2324 quod
854 2254 981 2307 dicit
1011 2250 1297 2324 Apostolus
1336 2270 1348 2306 :
1380 2252 1512 2319 Quia
1559 2268 1671 2306 cum
1712 2250 2031 2324 tribulamur,
2078 2267 2112 2303 α

534 2319 755 2392 Domino
774 2319 1098 2392 corripimur,
1141 2332 1194 2375 ut
1231 2340 1331 2376 non
1360 2339 1473 2374 cum
1493 2324 1587 2375 Itoc
1610 2323 1795 2373 mundo
1816 2325 2113 2392 damnentur

536 2392 580 2460 (Ι
619 2390 736 2447 Cor.
771 2408 847 2456 XI,
878 2390 989 2463 δί).
1031 2392 1245 2446 Necnon
1274 2403 1325 2463 et
1348 2393 1472 2446 illud
1506 2408 1524 2445 :
1545 2390 2109 2463 Flagellatrﬂeusom-

536 2478 653 2515 nem
678 2463 840 2532 ﬁlium
866 2460 1011 2531 quém
1039 2463 1214 2532 recipit
1242 2461 1424 2531 (llebr.
1448 2460 1657 2532 MILO).
1680 2460 1745 2513 Et
1780 2462 1905 2532 illud
1930 2479 1945 2515 :
1970 2462 2110 2524 Quos

532 2541 672 2585 amat
699 2530 969 2596 Dominus,
994 2530 1160 2601 arguit
1185 2541 1231 2585 et
1268 2532 1478 2601 castigat
1504 2530 1681 2599 (Prov.
1710 2546 1784 2591 in,
1818 2531 1924 2597 ll).
1957 2532 2106 2598 Quod

534 2602 582 2655 si
612 2603 773 2656 semel
804 2604 888 2657 vel
915 2603 996 2656 his
1026 2602 1289 2671 nequitias
1313 2615 1444 2672 quas
1470 2601 1725 2672 immittit,
1760 2601 1979 2672 viriliter
2027 2611 2107 2655 at-

532 2687 638 2741 que
667 2672 890 2727 lideliter
914 2688 1012 2744 pro
1052 2670 1143 2744 Dei
1174 2670 1356 2744 amore
1373 2671 1779 2744 AStlSlitlllcrili-S;
1810 2670 1879 2723 ita
1934 2672 2103 2739 ipsum

533 2754 717 2807 postea
746 2760 774 2796 a
803 2741 976 2797 vestra
1003 2742 1339 2797 infestaliouc
1369 2742 1504 2796 Deus
1542 2741 1846 2811 dignabitur
1876 2744 2104 2810 repelle-

532 2826 615 2878 re,
644 2823 700 2868 ut
725 2815 947 2869 ulterius
971 2814 1121 2867 vobis
1149 2828 1413 2882 nunquam
1442 2814 1606 2880 possit
1635 2827 1844 2865 nocere.
1883 2812 1951 2865 Ita
1978 2829 2105 2881 ergo

531 2898 629 2939 Vos
652 2885 696 2939 si
728 2886 838 2940 veri
868 2895 922 2938 et
950 2901 1053 2937 non
1082 2884 1196 2938 falsi
1227 2883 1497 2937 christiani
1528 2884 1676 2948 estis,
1702 2896 1888 2936 omnes
1918 2882 2103 2935 diabo-

531 2952 661 3009 licas
711 2954 1188 3010 circmnventiones
1230 2953 1391 3023 fugite
1428 2967 1491 3007 ac
1538 2953 1828 3021 despicite,
1888 2961 1944 3007 et
1996 2962 2104 3009 tota

530 3034 711 3080 mente
741 3040 834 3078 vos
873 3025 939 3079 ad
978 3025 1139 3079 Deum
1173 3033 1381 3088 tenete;
1410 3032 1469 3077 nt
1508 3038 1851 3092 quzccumque
1879 3024 2101 3077 adversa

530 3095 682 3149 vobis
709 3094 952 3150 inimicus
983 3094 1281 3156 immiserit,
1331 3100 1592 3162 patienter
1630 3103 1683 3148 et
1713 3092 1920 3147 fet-liter
1969 3094 2104 3148 tole-

529 3166 680 3236 retis.
712 3164 840 3219 Nam
867 3175 919 3219 et
945 3165 987 3220 si
1010 3182 1103 3236 per
1129 3165 1407 3234 sortilegos
1426 3174 1518 3218 aut
1543 3164 1751 3218 divinus
1772 3165 1943 3233 aliqua
1968 3179 2104 3233 pras-

528 3235 743 3300 dixcrit,
792 3245 846 3291 et
877 3237 947 3289 ita
992 3235 1249 3296 evenerit,
1281 3237 1440 3289 nolite
1484 3236 1660 3288 mirari
1688 3252 1700 3286 :
1734 3237 1854 3299 quia
1883 3237 2099 3302 spiritus

600 3323 625 3360 r
671 3323 793 3387 aera
838 3307 1096 3387 volantes,
1133 3305 1295 3387 facile
1338 3314 1555 3387 possunt
1594 3305 2097 3387 prmviderenaliqua

553 3378 723 3431 'utura.
755 3377 826 3431 De
853 3378 950 3431 hac
966 3392 1023 3430 re
1043 3376 1215 3430 divina
1239 3375 1509 3445 Scriptura
1530 3375 2052 3429 contestatnrdiceus
2081 3393 2094 3430 :

529 3444 747 3501 Etiamsi
772 3463 887 3501 vera
917 3448 1057 3500 vobis
1084 3447 1319 3509 dixerint,
1361 3444 1515 3498 nolite
1560 3446 1759 3499 credere
1794 3446 1906 3508 eis;
1944 3454 2099 3500 tentat

525 3518 661 3571 enim
689 3535 774 3571 vos
800 3516 1045 3571 Dominus
1071 3516 1208 3570 Deus
1241 3526 1417 3581 vester,
1444 3525 1613 3569 utrum
1642 3516 1855 3569 linteatis
1893 3532 2005 3568 cum
2031 3533 2097 3571 an

526 3603 628 3641 non
659 3587 973 3659 (l)cut.xm.
999 3590 1077 3656 5).
1100 3586 1240 3659 lllud
1284 3587 1442 3659 etiam
1469 3592 1675 3659 scitote,
1711 3587 1829 3655 quia
1858 3601 1956 3659 nec
1978 3602 2093 3659 vos,

527 3673 627 3713 nec
654 3656 848 3728 aliquid
879 3658 1019 3728 quod
1045 3658 1111 3712 ad
1139 3672 1231 3711 vos
1262 3657 1509 3728 pertinet.
1550 3656 1743 3728 hedere
1775 3657 1966 3724 p0terit
1999 3658 2097 3711 ini-

525 3729 715 3795 tnicus,
744 3726 840 3783 nisi
868 3726 1119 3798 quantum
1144 3727 1443 3797 permiserit
1464 3728 1618 3781 Deus.
1640 3726 1899 3782 Permittit
1919 3738 2094 3798 autem

528 3798 630 3854 hoe
664 3800 820 3869 Deus,
849 3797 968 3869 quia
996 3808 1208 3868 peccata
1237 3799 1510 3869 hominum
1541 3798 1653 3851 liazc
1688 3798 1938 3869 exigunt.
1962 3797 2094 3869 Per-

525 3870 687 3924 mittit
711 3867 889 3925 autem
919 3867 1125 3925 duabus
1144 3885 1208 3923 ex
1235 3867 1409 3922 causis
1435 3884 1448 3921 :
1482 3877 1536 3922 ut
1563 3875 1655 3920 aut
1684 3867 1868 3936 probet
1896 3867 1938 3919 si
1973 3867 2092 3923 boni

523 3941 673 4010 estis,
703 3952 794 3995 aut
824 3942 1045 4010 castiget
1090 3941 1133 3994 si
1187 3949 1512 4010 peccitores.
1560 3937 1663 3993 Sed
1704 3938 1790 4005 qui
1834 3938 2095 4010 patienter

523 4007 981 4079 tiispCllSa.ionctti
1016 4010 1106 4064 Dei
1151 4007 1491 4079 sustinuerit.
1536 4017 1593 4061 ut
1642 4024 1763 4079 cum
1806 4008 2095 4077 perdiderit

522 4077 742 4149 aliquid,
773 4081 936 4142 dicat.
967 4079 1212 4133 Dominus
1233 4080 1391 4138 dedit.
1430 4078 1670 4132 Dominus
1699 4077 1900 4149 abstulit
1924 4097 1940 4141 ;
1966 4079 2094 4133 sicut

528 4147 743 4203 Domino
775 4149 986 4219 placuit,
1030 4151 1099 4219 ita
1125 4155 1314 4219 factum
1335 4158 1405 4202 est
1427 4164 1446 4202 :
1466 4150 1529 4202 sit
1559 4164 1737 4201 nomen
1785 4147 1988 4201 Domini
2011 4149 2094 4202 be-

522 4218 779 4272 nedictum
802 4220 919 4289 (Job
976 4236 1012 4285 l,
1040 4218 1169 4290 2|);
1200 4234 1294 4287 pro
1325 4219 1420 4290 ista
1451 4219 1696 4290 patientia
1724 4227 1813 4271 aut
1840 4232 2092 4275 coronam

523 4290 743 4358 recipiet
770 4290 815 4345 si
857 4290 1031 4359 justus
1066 4288 1166 4353 est,
1211 4296 1302 4341 aut
1330 4288 1705 4359 indulgentiam
1734 4289 1777 4342 si
1828 4299 2090 4356 peccator.

520 4357 671 4426 Quod
700 4362 744 4416 si
770 4357 1195 4421 titurmuraverit,
1226 4359 1304 4413 vel
1337 4357 1728 4427 desperaverit;
1756 4373 1932 4412 rerum
1954 4360 2097 4428 pari-

522 4439 607 4483 ter
645 4440 701 4485 ct
732 4430 923 4485 anima:
971 4430 1221 4485 damnum
1263 4430 1510 4485 incurret.
1552 4428 1655 4484 Sed
1697 4429 1825 4481 mihi
1868 4430 2089 4497 credite,

521 4498 735 4564 fratres,
763 4504 883 4571 quia
904 4501 949 4557 si
976 4518 1038 4556 ex
1070 4510 1181 4555 toto
1214 4499 1376 4555 corde
1416 4515 1628 4569 semper
1674 4499 1725 4571 in
1773 4499 1960 4555 timore
2000 4501 2090 4556 Dei

522 4570 959 4640 permanseritis,
990 4580 1044 4627 et
1074 4578 1333 4640 praecepta
1373 4571 1487 4639 ejus
1516 4570 1889 4635 custodieritis,
1938 4571 2005 4623 ita
2039 4581 2093 4627 ut

521 4640 698 4713 nullas
725 4657 793 4697 ex
823 4641 1002 4713 gentili
1023 4643 1402 4696 consuetudine
1429 4641 2093 4713 adinvcntionesobserve-

521 4712 590 4767 tis
619 4729 634 4778 ;
667 4712 796 4767 nihil
829 4712 977 4767 vobis
1020 4713 1264 4767 inimicus
1312 4727 1505 4766 nocere
1532 4712 1743 4780 poti-rit,
1783 4712 1874 4765 sed
1916 4714 2090 4767 omnia

518 4791 694 4838 vestra
720 4782 1190 4853 prosperabuntur.
1218 4784 1379 4836 llecto
1405 4782 1543 4835 enim
1570 4782 1858 4836 christiano
1884 4796 1981 4835 nec
2000 4798 2093 4836 au-

518 4853 667 4919 guria
692 4893 709 4920 ,
759 4869 859 4909 nec
890 4855 993 4908 alia
1028 4854 1275 4923 qua-libet
1303 4855 1547 4922 ﬁgmenta
1592 4867 1782 4905 nocere
1832 4862 2087 4921 possunt:

518 4923 643 4992 quia
685 4923 773 4978 ubi
811 4924 1017 4991 signum
1056 4925 1227 4977 crucis
1256 4939 1373 4977 eum
1404 4923 1506 4976 fide
1545 4933 1595 4975 et
1620 4923 1806 4992 timore
1838 4923 1925 4975 Dei
1954 4938 2092 4991 pra:-

518 4991 762 5061 eesserit,
794 4994 924 5049 nihil
951 4994 1020 5048 ibi
1048 4995 1242 5062 poterit
1260 5009 1452 5047 nocere
1480 4992 1741 5046 inimicus.
1767 4991 1983 5060 Tepidis
2004 5010 2093 5043 vu-

517 5079 581 5118 ro
609 5072 665 5119 et
689 5065 1074 5134 negligentibus
1113 5064 1231 5119 ideo
1271 5078 1461 5117 nocere
1492 5071 1710 5131 possunt
1732 5102 1748 5126 ,
1780 5064 1898 5129 quia
1936 5064 2092 5134 relin-

517 5144 743 5203 quentes
768 5132 874 5189 Dei
922 5144 1205 5204 pra-cepta,
1256 5150 1349 5203 per
1390 5135 1660 5204 vinosum
1718 5132 2089 5201 negligentiam

520 5202 680 5272 prava
700 5220 858 5272 Opera
890 5202 1210 5269 exercendo,
1249 5202 1346 5273 ipsi
1397 5220 1455 5258 se
1498 5202 1798 5256 dannonum
1845 5205 2089 5273 potestati

516 5286 807 5343 spontaneo
838 5275 1049 5329 tradunt
1079 5272 1377 5328 voluntate:
1406 5274 1491 5343 qui
1523 5274 1565 5325 si
1586 5273 1635 5325 iu
1664 5272 2089 5328 scrvitioChristi

524 5354 945 5413 perseverarent,
977 5353 1034 5399 et
1062 5361 1155 5413 per
1182 5344 1293 5413 ejus
1315 5346 1564 5397 auxilium
1595 5343 1929 5397 solummodo
1958 5360 2088 5399 con-

518 5414 775 5477 liderent,
806 5417 933 5469 nihil
975 5431 1188 5484 prorsus
1219 5414 1342 5468 mali
1375 5422 1697 5483 paterentur.

594 5485 676 5539 10.
708 5486 780 5557 (b)
813 5485 936 5540 llzcc
955 5482 1080 5555 ergo
1108 5487 1354 5550 scientes,
1378 5482 1507 5557 totis
1545 5499 1638 5538 vos
1668 5482 1865 5538 viribus
1891 5482 1954 5557 ad
1998 5484 2087 5539 Dei

518 5555 935 5625 misericordiam
978 5565 1172 5618 tenete,
1215 5571 1374 5623 Opera
1406 5555 1541 5608 bona
1588 5569 1799 5625 semper
1826 5556 1987 5624 agite.
2037 5566 2092 5611 et

517 5624 586 5680 de
610 5625 904 5681 substantia
930 5636 1101 5680 vestra
1125 5626 1441 5697 pauperibus
1466 5636 1699 5695 erogate.
1726 5625 1825 5693 Qui
1847 5626 1965 5697 plus
1992 5626 2089 5679 ha-

577 5760 654 5888 ἕο)
673 5767 737 5811 Bx
761 5775 908 5813 serm.
932 5761 1042 5822 278,
1068 5776 1148 5811 nu.
1173 5761 1220 5821 2,
1245 5762 1276 5809 5
1294 5768 1345 5812 et
1368 5762 1414 5810 4.
1486 5790 1487 5793 η

603 5826 631 5875 b
678 5832 737 5876 hs
762 5839 910 5876 smn.
932 5826 1010 5886 78,
1035 5840 1115 5875 nn.
1140 5827 1187 5886 tl,
1207 5826 1253 5874 ὕ.
1281 5824 1325 5886 3,
1352 5826 1398 5874 iu
1427 5834 1487 5887 .tp

603 5822 654 5887 ὑ)
678 5832 737 5876 cs
762 5839 910 5876 Scl’lll.
932 5826 1010 5886 78,
1035 5840 1115 5875 nn.
1140 5827 1187 5886 6,
1207 5826 1253 5874 ὕ.
1281 5824 1325 5886 ξ,
1352 5826 1398 5874 iu
1427 5822 1633 5887 .tppend.
1658 5826 1771 5876 ιοπηί
1794 5826 1840 5875 5.

2015 368 2374 426 APPENDIX.

3674 387 3805 448 ηπ

2233 488 2343 571 bet,
2363 491 2490 571 plus
2517 491 2859 571 lribuat_;‘_qni
2888 510 3013 571 vero
3032 495 3229 571 minus,
3255 495 3441 555 deboc
3468 499 3586 571 ipso
3606 503 3769 571 largia
3786 537 3799 547 -

2232 569 2319 640 tur
2362 561 2547 616 beatus
2585 574 2660 640 _et
2700 561 2902 640 hilaris.
2936 565 3304 640 [innuptiqu
3348 561 3504 636 quod.
3528 561 3799 640 prmvalet,

2230 631 2429 706 tribuat
2464 650 2478 686 :
2509 634 2631 701 quia
2682 635 2926 688 nimirum
2975 647 3056 689 est
3093 631 3233 692 unde
3275 631 3542 706 gaudebit:
3591 631 3799 700 Scilicri

2232 703 2321 770 qui
2366 702 2457 756 dat
2489 720 2695 773 parum,
2736 706 2960 771 accipiet
3001 708 3224 759 multum
3246 702 3431 767 {sicut
3454 713 3707 767 Dominus
3734 720 3797 770 ad

2229 773 2515 841 Apostolus
2544 776 2799 851 promittit
2825 777 3041 851 dicens.
3072 777 3369 851 Cmtiiplitnt
3392 784 3624 851 accipiet,
3655 795 3703 837 et
3729 788 3800 839 si-

2229 851 2332 893 tam
2357 854 2592 896 cternam
2620 846 2805 911 possidt
2818 846 2885 898 bit
2911 846 3116 923 (Matth.
3143 846 3255 904 xix}
3278 849 3392 917 29).
3418 846 3532 913 Dat.
3562 856 3797 923 inquam,

2230 927 2526 990 nttmnnun,
2553 924 2605 967 et
2628 926 2901 990 comparat
2926 918 3143 971 cmleste
3166 936 3422 987 regnum;
3453 924 3543 975 dat
3580 918 3795 990 parvam

2231 985 2524 1055 pecuniam,
2557 996 2610 1038 et
2655 989 2785 1039 emit
2820 988 2983 1039 vitam
3012 985 3285 1041 :cteroam.
3317 991 3516 1045 'l'euete
3544 985 3673 1055 ergo
3706 1012 3799 1052 res

2226 1052 2292 1135 and
2318 1055 2709 1135 elecmosynam
2731 1071 2746 1119 ;
2768 1058 2886 1135 quia
2899 1097 2914 1116 .
2932 1058 3065 1109 sicut
3093 1060 3347 1135 scriptum
3362 1074 3463 1121 est.
3480 1050 3798 1135 electum

2226 1122 2293 1196 de
2311 1134 2469 1196 morte
2487 1122 2682 1185 liberat,
2713 1136 2760 1178 et
2783 1122 2869 1192 qui
2891 1144 3001 1180 eam
3031 1122 3222 1196 fecerit,
3254 1147 3353 1183 non
3381 1132 3467 1184 ibit
3497 1134 3549 1185 in
3566 1122 3796 1190 tenetis-as

2226 1191 2378 1269 (Tol).
2400 1210 2471 1258 tv,
2496 1196 2604 1269 πυτ
2630 1191 2998 1269 Unusquisque
3015 1191 3267 1267 quantum
3292 1204 3559 1269 praevalet.
3593 1214 3797 1261 tantum

2228 1265 2479 1331 porrigat.
2508 1266 2607 1340 Qui
2641 1268 2796 1319 habet
2818 1265 3148 1329 aurum,_det
3169 1265 3355 1324 aurum
3383 1290 3396 1325 :
3428 1281 3485 1326 et
3512 1276 3601 1340 qui
3638 1275 3793 1332 habet

2224 1346 2521 1413 argentum,
2543 1335 2635 1414 det
2660 1346 2980 1414 argentum:
3005 1340 3092 1408 qui
3125 1355 3391 1414 vero__non
3437 1335 3593 1397 habet
3629 1361 3793 1414 pecu-

2224 1405 2388 1482 niam,
2412 1421 2531 1482 cum
2561 1407 2706 1482 bono
2720 1408 2897 1459 animo
2924 1405 3359 1476 det'pauperibus
3382 1421 3437 1465 et
3464 1405 3791 1482 buccellam;

2222 1483 2276 1527 et
2302 1475 2345 1528 si
2376 1491 2481 1530 non
2508 1476 2665 1530 habet
2693 1477 2976 1554 integram,
3007 1475 3167 1554 exeo
3191 1482 3331 1554 quod
3364 1482 3522 1536 habet
3558 1475 3787 1554 frangat,

2222 1554 2277 1597 ct
2307 1556 2509 1621 partem
2549 1562 2716 1621 egeno
2747 1550 2960 1621 tribuat.
3009 1549 3152 1604 Sciat
3178 1552 3297 1618 quia
3319 1554 3560 1620 quamvis
3606 1549 3791 1621 parum

2221 1630 2342 1688 cum
2366 1616 2505 1688 bono
2533 1617 2711 1669 animo
2740 1618 3011 1679 tribuerit.
3043 1616 3371 1688 acceptabile
3403 1622 3513 1677 Deo
3536 1616 3658 1678 erit.
3690 1626 3792 1679 Do.

2224 1686 2399 1757 minus
2420 1686 2560 1739 enim
2584 1702 2688 1739 non
2723 1690 2873 1757 copia
2904 1686 3183 1757 largitatis,
3209 1692 3301 1744 sed
3338 1692 3707 1747 benevolentia
3736 1706 3789 1752 et

2221 1753 2502 1829 devotione
2534 1753 2826 1811 delectatur
2858 1769 2910 1812 et
2936 1753 3163 1826 pascitur
3202 1761 3487 1829 largientis.
3523 1763 3587 1819 Ui
3612 1776 3789 1821 autem

2221 1827 2395 1905 nullus
2416 1841 2616 1895 panper
2639 1829 3067 1905 abelecmosyna
3175 1827 3427 1885 excusare
3449 1839 3635 1905 possit.
3678 1838 3789 1905 ipse

2224 1894 2479 1950 Dominus
2510 1912 2604 1965 pro
2629 1899 2795 1952 calice
2814 1894 3192 1970 aqum-frigida!
3212 1917 3271 1954 se
3297 1894 3598 1959 mercedem
3622 1894 3788 1961 reddi-

2220 1974 2395 2040 turum
2424 1982 2555 2040 esse
2574 1969 2814 2034 promisit
2842 1969 3136 2036 (Mallius,
3165 1971 3278 2040 42).
3321 1973 3420 2039 Qui
3447 1976 3589 2027 enim
3621 1995 3649 2027 a
3682 1978 3789 2032 Deo

2219 2036 2397 2112 plures
2425 2037 2707 2112 facultates
2719 2041 2943 2112 accepit,
2967 2041 3135 2112 magis
3158 2036 3547 2111 utiqne'judicii
3580 2048 3788 2112 pericu-

2216 2106 2325 2159 lum
2351 2107 2651 2179 sustinebit.
2679 2108 2854 2161 Potuit
2881 2106 3078 2179 nempe
3103 2110 3240 2165 Dens
3253 2106 3456 2169 omnes
3480 2106 3676 2170 divi-tes
3705 2118 3786 2171 fa-

2214 2191 2341 2253 cere
2367 2178 2518 2253 :.sed_
2550 2192 2810 2253 pauperes
2848 2181 2968 2233 ideo
2989 2178 3039 2253 in
3067 2181 3169 2237 hoc
3216 2185 3413 2237 mundo
3440 2200 3561 2238 esse
3598 2187 3783 2253 voluit,

2217 2256 2272 2320 ut
2292 2246 2483 2320 divites
2507 2247 2761 2302 haberent
2783 2252 3051 2318 quomodo
3076 2263 3285 2320 peccata
3315 2271 3407 2306 sua
3437 2246 3782 2311 redimerem:

2213 2315 2630 2396 Redimiteergo
2658 2334 2774 2396 vos,
2800 2315 3119 2396 "charissim'i,
3152 2324 3276 2375 dum
3303 2322 3510 2396 habetis
3550 2328 3601 2379 in
3632 2340 3785 2396 pole-

2213 2397 2350 2465 state
2378 2388 2635 2455 pretium;
2683 2389 2812 2465 date
2854 2391 3247 2465 eleemosynam
3290 2393 3359 2448 de
3399 2395 3538 2450 bono
3565 2410 3615 2449 et
3634 2388 3783 2465 justo

2213 2457 2417 2530 labore,
2446 2467 2501 2510 et
2528 2475 2632 2512 non
2663 2458 2731 2512 de
2750 2460 2970 2514 alterius
3009 2457 3213 2530 rapina.
3241 2465 3430 2518 Audite
3470 2457 3783 2525 inmlu'ante

2213 2525 2355 2608 fores
2383 2538 2585 2608 vestras
2608 2543 2866 2608 pauperes
2895 2525 3161 2608 rogantes,
3183 2543 3240 2587 nt
3268 2535 3447 2608 etipsi
3467 2606 3476 2608 Α
3494 2554 3589 2604 pro
3632 2540 3783 2594 vobis

2211 2597 2263 2669 in
2289 2597 2375 2669 die
2387 2598 2569 2665 judicii
2590 2597 2792 2666 rogent.
2826 2597 3145 2669 Pr0plictain
3166 2597 3420 2659 attendite
3432 2597 3779 2663 clamantem:

2213 2665 2313 2748 Qui
2347 2670 2624 2748 auerterith
2654 2670 2842 2739 inquit,
2895 2665 3067 2726 aurem
3115 2690 3260 2748 suam
3301 2675 3363 2728 ob
3404 2693 3578 2746 egeno.
3606 2682 3783 2748 stips:

2206 2738 2452 2815 iqoocabit
2475 2737 2769 2815 Dominum,
2805 2753 2981 2796 etnon
3017 2745 3249 2815 martial
3278 2762 3388 2797 eum
3431 2737 3621 2814 '(f’rov.
3667 2737 3778 2815 ιίι,

2208 2810 2320 2881 15).
2354 2809 2482 2863 Date
2506 2824 2652 2881 ergo
2676 2810 2744 2865 de
2788 2827 2854 2865 eo
2881 2815 3020 2880 quod
3061 2814 3203 2867 Deus
3239 2816 3385 2868 dedit
3411 2809 3599 2880 vobis;
3653 2809 3777 2881 quia

2208 2878 2321 2955 ipse
2349 2880 2540 2955 accipit
2564 2878 2702 2955 quod
2734 2878 3052 2955 pauperibus
3078 2884 3236 2938 datis.
3258 2884 3360 2952 Ipsi
3380 2878 3596 2955 quidem
3617 2878 3778 2953 datis,

2206 2949 2299 3019 sed
2329 2949 2476 3004 vobis
2505 2950 2555 3003 in
2580 2951 2811 3005 futurum
2828 2949 3219 3019 transmittitis;
3255 2949 3359 3008 non
3386 2949 3525 3011 unde
3537 2949 3782 3014 ventrem

2207 3018 2491 3096 impleatis,
2515 3020 2607 3096 sed
2634 3021 2775 3096 unde
2792 3022 3033 3096 ﬂammas
3061 3018 3407 3091 exstinguatis
3441 3045 3454 3080 :
3480 3030 3604 3096 quia
3650 3032 3782 3083 sicut

2203 3104 2335 3158 aqua
2355 3091 2625 3167 cytinguit
2650 3093 2836 3167 igitent,
2862 3094 2934 3167 ita
2953 3092 3267 3164 eleemosyna
3291 3091 3557 3166 exstinguit
3596 3118 3780 3167 pecca-

2205 3168 2309 3237 tum
2358 3158 2543 3237 (EfcIi.
2598 3158 2686 3237 tu,_'
2873 3163 3007 3237 lliuc
3032 3158 3282 3218 "(intimis
3323 3183 3416 3232 per
3453 3158 3779 3237 prophetam

2203 3229 2331 3283 dicit
2361 3229 2374 3282 ἑ
2404 3229 2607 3305 Dabunt
2624 3233 2819 3305 singuli
2840 3234 3229 3301 redemptionem
3241 3229 3530 3290 animarum
3544 3229 3775 3305 suarum,

2201 3309 2247 3377 et
2272 3316 2371 3353 non
2396 3302 2487 3377 erit
2510 3301 2563 3354 in
2587 3302 2659 3377 eis
2680 3301 2882 3357 morbus
2916 3320 3073 3374 neque
3100 3322 3265 3359 casus.
3310 3308 3439 3362 Date
3459 3324 3613 3377 etgo,
3647 3301 3777 3365 duni

2201 3369 2344 3433 licet,
2368 3371 2787 3440 redemptionem
2834 3369 3129 3428 aninn'irum
3166 3388 3456 3431 vestrarum
3482 3397 3495 3431 :
3519 3369 3779 3436 redimite

2325 3430 2421 3510 ipsi
2448 3430 2573 3524 dmi
2605 3430 2794 3508 ιάτῖιίεν
2816 3445 2938 3513 quia
2959 3454 3078 3513 post
3102 3456 3325 3502 mortem
3346 3430 3510 3502 na...
3526 3430 3777 3506 «sua:

2199 3521 2364 3567 tmere
2391 3521 2583 3567 οοιθει.

2274 3584 2360 3637 Η.
2387 3582 2461 3651 (a)
2494 3582 2864 3654 Unusquisque
2887 3582 2955 3638 de
2998 3586 3137 3654 quali
3179 3586 3387 3654 ingenio
3424 3590 3507 3644 vel
3545 3591 3777 3646 artificio

2198 3654 2345 3715 vivit,
2374 3654 2442 3707 de
2473 3653 2585 3722 ipso
2622 3653 2879 3707 decimam
2912 3653 3023 3708 Deo
3053 3658 3103 3709 in
3149 3653 3464 3724 pauperibus
3493 3661 3576 3713 vel
3602 3663 3778 3717 mles

2199 3726 2301 3801 siis
2323 3724 2503 3801 donet.
2533 3724 3007 3801 Consideretﬂuia
3038 3729 3213 3801 omina
3244 3728 3335 3781 Dei
3366 3739 3490 3801 sunt
3530 3748 3625 3798 per
3652 3750 3774 3801 qua:

2198 3796 2346 3854 vivit.
2370 3797 2481 3849 sive
2506 3803 2642 3847 terra
2668 3834 2682 3857 ,
2710 3794 2820 3847 sive
2848 3794 3082 3859 ﬂumina,
3110 3797 3227 3849 sive
3254 3794 3566 3854 seminaer
3592 3794 3772 3857 omnia

2198 3880 2317 3939 qua;
2352 3865 2452 3918 sub
2484 3864 2622 3939 cudo
2651 3865 2731 3939 vel
2762 3881 2919 3939 super
2948 3865 3308 3939 cmlus__snnt;
3346 3878 3402 3921 et
3443 3871 3487 3922 si
3521 3872 3636 3939 ipse
3666 3888 3772 3927 non

2198 3936 2449 4010 dedisset,
2478 3934 2605 3987 nihil
2633 3936 2811 4010 utique
2839 3935 3076 4010 haberet.
3105 3936 3233 3990 Nam
3268 3938 3403 4010 Deus
3428 3934 3611 3995 noster
3630 3984 3647 4005 ,
3676 3945 3769 4010 qui

2197 4007 2444 4079 dignatur
2472 4014 2636 4058 totum
2663 4007 2823 4079 dare,
2838 4005 3096 4079 decimam
3127 4010 3207 4079 de
3229 4022 3325 4061 suo
3350 4009 3597 4079 dignatur
3619 4028 3648 4063 a
3678 4005 3773 4067 no-

2198 4076 2280 4129 bis
2300 4085 2559 4143 repetere,
2595 4092 2697 4128 non
2727 4076 2825 4127 sibi
2860 4077 3087 4143 penitus,
3120 4077 3210 4131 sed
3235 4079 3386 4131 nobis
3412 4076 3769 4147 profuturam.

2198 4147 2287 4199 Sic
2312 4148 2451 4199 enim
2496 4147 2606 4214 ipse
2642 4160 2735 4213 per
2774 4148 3085 4215 prophetam
3126 4150 3364 4215 promisit
3408 4151 3591 4204 dicens
3626 4169 3642 4207 :
3675 4153 3771 4206 lu-

2198 4221 2338 4291 [erte.
2371 4216 2532 4291 inquit
2556 4257 2572 4291 ,_
2595 4232 2793 4291 omnem
2821 4217 3063 4291 (fecitnam
3100 4218 3150 4269 in
3180 4219 3371 4291 horreis
3398 4237 3521 4274 mets
3540 4261 3555 4284 ,
3583 4233 3631 4275 et
3655 4240 3773 4291 pro-

2198 4285 2307 4339 bate
2347 4303 2426 4339 me
2472 4288 2523 4337 iu
2554 4287 2650 4357 his,
2682 4287 2804 4357 dicit
2832 4285 3073 4339 Dominus
3109 4302 3128 4341 :
3153 4289 3195 4340 si
3228 4305 3327 4341 non
3353 4306 3599 4357 aperuere
3637 4285 3772 4346 nobis

2196 4366 2476 4409 Cataroclas
2496 4355 2626 4419 ctrli,
2658 4367 2702 4407 et
2732 4354 2953 4420 effudere
2982 4357 3116 4410 vobis
3136 4359 3330 4480 {ructus
3360 4354 3505 4413 terra?
3526 4379 3681 4431 usque
3703 4364 3772 4415 ad

2198 4427 2561 4480 ubumluutiam
2593 4424 2841 4480 (Malae/1.
2871 4442 2945 4480 Ill.
2982 4427 3103 4480 10).
3156 4428 3357 4480 h-tldile
3396 4446 3522 4480 ergo
3545 4432 3770 4480 libenter

2198 4427 2561 4500 abundantiam
2593 4424 2841 4500 (Malae/1.
2871 4442 2945 4488 tu,
2982 4427 3103 4495 10).
3136 4424 3367 4500 Reddite
3396 4446 3522 4500 ergo
3545 4424 3770 4487 libenter

2195 4497 2539 4569 decimamex
2579 4496 2824 4569 omnibus
2861 4512 2981 4569 qum
3020 4498 3298 4566 pOSsidetis
3339 4496 3501 4567 super
3549 4510 3766 4569 terram,

2234 4567 2335 4620 uod
2365 4567 2684 4635 cognoscitis
2715 4566 2820 4619 Deo
2848 4567 3055 4634 placere
3076 4608 3090 4633 ,
3116 4569 3185 4622 de
3217 4566 3478 4624 frumento
3501 4613 3517 4636 ,
3550 4572 3619 4626 de
3647 4566 3768 4626 vino

2234 4584 2335 4620 nou
2365 4584 2684 4635 cognoscitis
2715 4584 2820 4619 ueo
2848 4584 3055 4634 pmcere
3076 4608 3090 4633 ,
3116 4584 3185 4622 de
3217 4584 3478 4624 Iruinento
3501 4613 3517 4636 ,
3550 4584 3619 4626 de
3647 4589 3768 4626 vnio

2195 4584 2262 4690 iie
2289 4637 2571 4709 legumine,
2602 4636 2669 4690 de
2700 4638 2838 4709 leno,
2867 4637 2933 4689 de
2959 4652 3089 4690 auro
3109 4677 3122 4698 ,
3150 4638 3215 4692 de
3241 4651 3489 4708 argento.
3518 4643 3587 4696 de
3614 4660 3769 4709 peco-

2195 4709 2361 4774 ribus,
2390 4708 2604 4775 insuper
2633 4715 2684 4760 et
2729 4707 2963 4760 lanarum
2991 4722 3060 4760 ex
3090 4711 3263 4762 ovium
3305 4707 3566 4765 tonsioue.
3597 4707 3769 4768 Nolito

2195 4781 2260 4832 de
2282 4789 2472 4832 cuncta
2494 4778 2781 4831 substantia
2813 4785 2981 4830 vestra
3001 4778 3240 4833 fraudare
3260 4779 3519 4833 deciniam
3544 4799 3557 4835 :
3588 4800 3655 4836 ne
3684 4801 3769 4835 vo-

2195 4851 2277 4904 bis
2307 4864 2493 4903 novem
2534 4860 2712 4917 pirles
2748 4845 3073 4910 auferantur,
3115 4860 3168 4903 et
3206 4850 3314 4901 sola
3358 4850 3565 4904 decima
3599 4870 3762 4908 rema-

2197 4928 2338 4973 neat.
2365 4918 2833 4989 Convertimiuiad
2856 4917 2976 4989 hoc,
3002 4919 3127 4972 dicit
3153 4919 3423 4984 Dominus,
3446 4932 3502 4975 ut
3529 4925 3762 4989 aperiam

2198 4990 2349 5043 vobis
2365 4999 2655 5043 cataractas
2669 4988 2810 5052 C(Bii,
2829 4998 2880 5040 et
2893 4988 3155 5043 efl'mnlam
3180 4989 3331 5043 vobis
3346 4988 3764 5047 benedictionem

2195 5076 2367 5114 meum
2395 5059 2627 5132 (Ibid._7
2650 5059 2687 5126 ).
2820 5059 2988 5132 igitur
3002 5060 3256 5113 dederitis
3284 5062 3581 5132 voluntarie
3606 5104 3620 5125 .
3653 5066 3765 5132 plus

2195 5127 2411 5197 semper
2436 5130 2685 5182 Dominus
2710 5127 3058 5202 daiiitvohis:
3091 5132 3134 5182 si
3165 5146 3267 5202 non
3292 5130 3568 5202 dederitis,
3594 5127 3768 5202 quan-

2196 5204 2463 5270 tiemnque
2490 5213 2751 5270 pauperes
2778 5199 2828 5252 in
2858 5198 2988 5270 locis
3028 5201 3077 5252 in
3100 5201 3291 5270 quibus
3329 5198 3766 5265 habitatis,'fame

2196 5268 2389 5325 mortui
2416 5268 2631 5332 fuerint,
2666 5278 2928 5322 tantorum
2949 5268 3349 5324 honiieidiorum
3379 5273 3453 5325 rei
3482 5274 3651 5327 eritis.
3684 5274 3765 5327 ln-

2196 5358 2353 5409 si.pv-r
2376 5340 2621 5393 innuitlct
2646 5340 2794 5392 Vobis
2813 5340 3066 5393 Dominus
3089 5340 3439 5407 pestilentiam
3461 5353 3513 5396 et
3539 5342 3764 5397 famem:

2196 5423 2242 5465 et
2288 5410 2517 5478 perdetis
2570 5419 2733 5462 totum
2784 5410 2929 5478 quod
2980 5411 3204 5472 liabets.
3254 5426 3457 5464 nccnou
3502 5414 3675 5466 adhuc
3714 5427 3765 5466 et

2196 5484 2401 5535 animas
2436 5491 2653 5533 vesti-as.
2686 5479 2753 5534 Ut
2788 5491 2962 5533 autem
3014 5480 3129 5534 lrrc
3179 5481 3327 5535 vobis
3378 5498 3482 5535 non
3532 5487 3762 5549 veniant,

2197 5553 2439 5605 festinate
2467 5568 2585 5603 cum
2608 5551 2745 5604 bono
2775 5552 2952 5603 animo
2977 5551 3123 5612 dare,
3157 5552 3297 5606 unde
3324 5554 3528 5606 animas
3567 5565 3766 5607 vestras

2199 5623 2408 5691 possitis
2430 5622 2707 5675 redimere.
2729 5619 2834 5674 Nec
2848 5620 3050 5689 eligatis
3070 5621 3152 5675 cui
3175 5623 3590 5677 miscricordiam
3611 5626 3766 5677 facia-

2198 5694 2285 5758 tis,
2316 5708 2383 5748 ne
2409 5692 2547 5746 forte
2573 5693 2898 5761 praetereatis
2941 5707 3060 5746 eum
3099 5692 3186 5761 qui
3220 5703 3455 5746 meretur
3484 5696 3720 5763 accipere
3745 5708 3763 5747 :

2262 5825 2332 5889 (a)
2359 5824 2456 5875 vid.
2482 5822 2761 5885 serm.277,
2788 5838 2869 5873 nn.
2900 5825 2941 5883 t,
2967 5825 3014 5883 3,
3037 5826 3083 5875 in
3106 5834 3185 5890 Apj
3204 5826 3374 5876 codice
3403 5827 3516 5877 tomi
3533 5827 3581 5876 ὅ.
