4076 6370
528 340 663 395 1179

518 449 729 513 ΓΜιιιιΙι.
758 473 790 510 v
814 498 829 523 ,
859 455 970 524 39.).
1004 454 1337 508 Concubinas
1385 466 1513 524 vero
1559 452 1671 506 sive
1714 460 1839 524 ante
1888 452 2097 524 nuptias

518 530 631 583 sive
674 537 792 598 post
820 523 1030 598 nuptias
1068 525 1263 598 habere
1309 523 1836 598 prohibeiiiitszqiiia
1878 523 2097 575 omnino

518 591 756 653 illicitum
787 591 1045 651 estham
1073 594 1162 664 qui
1208 608 1429 647 uxorem
1462 591 1743 660 legitimam
1772 592 1964 664 ducere
2002 608 2098 645 co-

500 667 925 737 -gitat,dignum
973 675 1054 719 est
1094 662 1150 716 ut
1190 663 1538 737 virginitatem
1584 678 1748 737 usque
1793 662 1857 715 ad
1889 664 2099 729 nuptias

518 733 817 801 custodiat,
860 747 913 789 ct
964 744 1081 803 post
1131 734 1337 800 nuptias
1394 733 1589 786 nullam
1639 733 1858 786 alteram
1908 743 2100 799 prauer

520 824 677 861 unam
708 808 993 876 legitimam
1025 804 1300 876 conjngcm
1326 811 1629 876 cognoscat,
1648 804 1785 876 sicut
1825 804 2095 876 apostolus

526 879 716 931 Paulus
747 873 1015 946 prascepit.
1050 877 1162 943 lpsc
1194 874 1345 926 tidem
1374 873 1624 946 servetci
1649 914 1664 937 ,
1693 873 1829 946 sicut
1852 888 1968 926 eam
1997 873 2095 925 sibi

521 942 761 1004 servare'
794 942 936 1011 vult;
970 962 1067 998 nec
1111 952 1291 1012 peccet
1333 958 1452 996 cum
1496 942 1595 995 alia
1618 983 1633 1005 ,
1663 944 1797 995 sicut
1824 958 1922 995 nec
1947 957 2096 995 suam

523 1035 642 1071 cum
675 1018 779 1070 alio
807 1018 920 1070 viro
953 1017 1059 1068 vult
1102 1029 1320 1082 peccare
1353 1031 1365 1065 :
1397 1014 1586 1065 timens
1618 1012 1740 1065 illud
1773 1012 1910 1082 quod
1959 1013 2097 1065 idem

525 1088 795 1152 apostolus
838 1081 1141 1139 terribiliter
1171 1086 1464 1152 proclamat
1496 1083 1677 1135 dicens
1701 1124 1715 1145 ,
1749 1081 2100 1135 Fornicatores

524 1151 569 1210 ct
599 1158 852 1210 adulteros
866 1155 1113 1224 judicabit
1140 1154 1277 1205 Deus
1295 1151 1475 1224 (IIebr.
1494 1168 1608 1224 snt,
1636 1152 1713 1219 4).
1737 1152 1814 1219 (a)
1838 1152 2099 1219 Quidquid

526 1227 667 1280 enim
725 1228 793 1281 de
838 1222 958 1293 jure
1006 1224 1249 1278 connubii
1300 1222 1607 1293 mulieribus
1658 1239 1759 1293 non
1816 1223 1972 1285 licet,
2004 1239 2101 1277 nec

532 1300 653 1350 viris
692 1292 909 1351 omnino
954 1296 1093 1348 licet.
1122 1294 1249 1347 Nam
1288 1293 1375 1362 qui
1425 1301 1545 1345 ante
1592 1292 1850 1361 legitimas
1893 1293 2100 1359 nuptias

531 1367 723 1420 habere
770 1366 1117 1420 concubinam
1158 1362 1428 1433 przrsnmit
1452 1405 1467 1427 ,
1500 1362 1648 1430 pejus
1692 1371 1913 1431 peccat,
1941 1377 2099 1430 quam

526 1437 611 1504 qui
656 1436 973 1490 adulterium
1022 1432 1341 1497 eoinmittit;
1373 1443 1427 1487 et
1466 1432 1533 1485 ob
1583 1434 1681 1504 hoc
1708 1434 1895 1504 dignus
1942 1442 2023 1486 est
2071 1448 2101 1485 a

528 1502 797 1559 consortio
839 1506 1256 1559 Christianorum
1297 1504 1551 1569 separari.
1582 1502 1730 1566 Quod
1776 1504 1817 1556 si
1859 1518 1961 1554 non
1993 1518 2105 1569 pte-

529 1578 761 1641 nitui-rit,
791 1586 986 1630 asterna
1020 1576 1159 1627 illum
1190 1574 1399 1626 ﬂamma
1432 1575 1545 1626 sine
1568 1572 1805 1627 remedio
1826 1573 2098 1626 cruciabit.

604 1646 689 1700 16.
729 1649 1062 1713 Quapropter
1085 1686 1098 1706 ,
1126 1643 1413 1696 Christiane
1438 1684 1452 1705 ,
1484 1643 1602 1711 fuge
1652 1643 2051 1696 fornicationem
2084 1683 2101 1708 ,

529 1716 783 1770 erubesco
817 1718 922 1783 jam
969 1716 1065 1769 sub
1108 1714 1273 1768 oculis
1312 1713 1398 1765 Dei
1432 1713 1829 1783 etAngelorum
1863 1727 2101 1779 peccare.

528 1786 782 1855 Capitalia
826 1786 1047 1839 crimina
1100 1786 1244 1855 omni
1294 1785 1409 1836 nisu
1436 1782 1767 1855 Admetestare,
1798 1797 1933 1855 “qua:
1982 1791 2107 1836 sunt

530 1852 863 1937 sacrilegium
887 1896 899 1917 ,
934 1853 1292 1937 “homicidium
1316 1895 1338 1935 ,.
1386 1853 1739 1937 adulterium,
1793 1852 2107 1937 falsumute-

532 1921 835 1980 stimonium
867 1966 881 1990 ,
930 1924 1126 1979 furtum
1159 1964 1173 1985 ,
1228 1922 1410 1991 rapina
1441 1965 1457 1987 ,
1511 1922 1754 1991 superbia
1789 1962 1804 1984 ,
1864 1921 2057 1975 invidia
2088 1963 2103 1987 ,

531 1996 770 2060 avaritia,
804 1995 1093 2057 iracundia,
1129 1995 1381 2048 ebrietas.
1413 1993 1537 2047 llzec
1561 2002 1685 2047 sunt
1713 1992 1853 2045 enim
1884 1992 2106 2046 crimina

531 2082 649 2134 qua:
694 2075 937 2133 mergunt
983 2065 1226 2119 homines
1261 2065 1312 2117 in
1350 2063 1660 2134 supplicium
1710 2070 1963 2115 aeternum
1995 2078 2108 2134 :_ex

531 2132 724 2203 quibus
752 2132 1068 2205 quietumque
1108 2136 1158 2189 in
1186 2149 1244 2188 se
1268 2134 1349 2187 vel
1378 2149 1536 2205 unmn
1557 2132 1761 2205 habere
1788 2132 2057 2205 cognoscit
2089 2173 2105 2198 ,

532 2201 578 2259 si
611 2201 1115 2272 pmnitentiam'non
1154 2205 1318 2271 egerit
1337 2244 1351 2269 ,
1377 2204 1492 2257 sine
1521 2203 1628 2258 ullo
1666 2201 1902 2272 remedio
1930 2201 1982 2254 in
2013 2218 2108 2271 ge-

538 2270 708 2329 henna
742 2276 875 2344 ignis
902 2274 1126 2329 ardebit.
1157 2270 1222 2328 Et
1248 2274 1387 2344 ideo,
1416 2289 1449 2325 ο
1477 2273 1651 2344 anima
1682 2270 2003 2344 christiana,
2024 2270 2110 2344 vi;

532 2346 656 2412 gila,
687 2340 800 2405 ora,
832 2360 959 2398 cave
988 2359 1198 2411 semper
1223 2343 1472 2410 praedicta
1494 2343 1712 2396 crimina
1744 2359 1756 2393 :
1781 2351 1834 2394 et
1858 2340 2109 2412 quidquid

534 2410 656 2466 boni
687 2415 960 2481 prawales,
981 2429 1079 2483 age
1106 2428 1201 2483 pro
1225 2415 1330 2465 vita
1354 2421 1573 2466 :eterna.
1591 2412 1759 2483 Aperi
1794 2410 2110 2479 pauperibus

534 2498 748 2537 manum
776 2493 918 2535 tuam
941 2500 955 2545 ;
988 2481 1044 2535 ut
1072 2482 1313 2536 Christus
1339 2482 1431 2536 tibi
1457 2481 1654 2550 aperiat
1678 2482 1889 2550 januam
1918 2495 2065 2533 suam
2090 2520 2105 2541 ,

534 2562 591 2607 et
640 2552 803 2605 intres
829 2553 879 2605 in
909 2553 1096 2621 gaudia
1128 2552 1377 2618 paradisi.
1407 2550 1521 2604 Noli
1563 2549 1677 2618 ipse
1718 2560 1767 2604 te
1805 2551 2014 2621 tradere
2056 2550 2108 2603 in

535 2622 887 2691 perditionem
909 2618 936 2686 ξ
947 2624 1068 2692 quia
1096 2621 1355 2692 Christus,
1380 2635 1476 2692 pro
1514 2628 1565 2674 te
1598 2634 1748 2673 suum
1777 2618 1958 2672 etl‘udit
1980 2634 2108 2692 _san-

532 2687 767 2761 guinem.
811 2687 1040 2748 Satis'te
1078 2691 1295 2746 charum
1344 2687 1526 2744 habuit
1556 2730 1570 2754 ,
1604 2705 1760 2761 quem
1810 2698 1914 2741 tam
1945 2687 2109 2761 charo

536 2760 707 2832 pretio
725 2764 1069 2831 comparavit.
1092 2762 1310 2816 Terreat
1337 2769 1389 2814 te
1412 2769 1584 2815 metus
1604 2760 1880 2832 gehennge,
1900 2774 2005 2827 quo
2030 2760 2110 2813 sic

537 2828 709 2900 possis
733 2828 997 2886 abstinere
1026 2833 1093 2886 ab
1118 2832 1367 2899 operibus
1396 2832 1591 2898 pravis.
1623 2828 1777 2883 Omni
1809 2828 1935 2882 hora
1967 2844 2110 2900 mor-

537 2898 642 2955 tem
666 2902 853 2958 adesse
879 2918 1031 2969 spera
1050 2943 1064 2965 ,
1093 2898 1347 2956 et'l‘utura
1370 2900 1565 2967 judicia
1593 2900 1684 2952 Dei
1712 2914 1872 2964 super
1897 2906 1947 2952 te
1963 2898 2108 2967 jugi-

538 2981 617 3024 ter
646 2970 869 3025 formida
899 2991 912 3026 :
944 2984 1000 3024 nt
1030 2972 1122 3025 tibi
1152 2972 1315 3039 possit
1343 2971 1509 3039 aptari
1534 2969 1675 3039 quod
1698 2969 1949 3036 scriptum
1978 2978 2061 3020 est
2089 3008 2106 3035 ,

533 3041 717 3096 Beatus
744 3042 891 3096 homo
918 3043 1004 3109 qui
1022 3058 1217 3110 seniper
1236 3051 1306 3096 est
1328 3039 1537 3109 pavidus
1564 3038 1743 3106 (Prov.
1777 3054 1961 3110 sxvut,
1995 3039 2105 3110 id).

530 3111 683 3178 Quod
730 3114 867 3165 tnale
907 3107 1073 3166 fecisti
1120 3107 1342 3164 emenda
1380 3110 1506 3164 dum
1555 3120 1744 3177 potes,
1774 3108 1898 3178 dum
1946 3107 2108 3162 habes

534 3177 801 3235 licentiam
832 3183 1047 3249 pocaite.
1074 3179 1290 3235 Veniam
1314 3196 1418 3233 non
1441 3179 1695 3247 desperes
1720 3178 1762 3231 si
1791 3177 1856 3249 ad
1887 3180 2103 3231 meliora

530 3248 890 3321 convertaris;
923 3253 1043 3321 quia
1078 3251 1379 3321 desperatio
1408 3250 1556 3321 pejor
1584 3258 1666 3321 est
1691 3248 2104 3321 o_mni_peccato.

532 3319 612 3390 (b)
640 3316 956 3375 Nullatenus
987 3337 1112 3391 ergo
1156 3316 1222 3374 de
1274 3321 1368 3375 Dei
1411 3316 1784 3391 misericordia
1832 3316 2103 3391 desperes,

534 3386 635 3444 nec
677 3400 796 3456 post
832 3386 1293 3459 ('euttun'peccata
1318 3431 1333 3453 ,
1364 3405 1463 3444 nec
1512 3397 1629 3456 post
1667 3387 1810 3441 mille
1838 3386 2103 3459 crimina:

529 3460 653 3528 quia
701 3461 841 3515 nulla
885 3472 969 3516 est
1020 3456 1123 3514 tam
1167 3459 1381 3528 grandis
1426 3460 1612 3526 culpa,
1642 3473 1759 3524 ﬂlllP.
1803 3456 2108 3528 paenitendo

532 3525 638 3583 non
663 3531 854 3586 habeat
882 3532 1110 3586 veniam.
1142 3525 1392 3596 Quamvis
1417 3544 1541 3595 ergo
1569 3528 1689 3595 quis
1709 3542 1789 3591 me
1818 3534 1868 3596 te
1895 3525 2064 3581 irritet
2087 3568 2103 3592 ,

530 3602 773 3668 quamvis
801 3603 1143 3665 convicietur,
1168 3594 1412 3670 quamvis
1440 3594 1683 3670 inim-iam
1713 3597 1802 3649 tibi
1835 3594 1989 3670 iaciat
2012 3612 2026 3660 ;
2054 3608 2105 3650 tu

531 3666 684 3733 tace,
732 3673 935 3739 patiens
984 3682 1136 3736 esto,
1170 3666 1268 3724 nec
1306 3668 1567 3738 rependas
1600 3666 2025 3739 _contumcli:n_n‘;
2054 3674 2107 3719 et

535 3736 745 3795 melius
776 3742 997 3795 tacendo
1030 3742 1211 3795 vinces
1266 3736 1532 3807 injuriam.
1570 3736 1719 3807 (Cum
1760 3736 2106 3807 rmaledicitur

529 3810 646 3871 tibi,
680 3811 976 3866 tubenedic
1001 3828 1012 3861 :
1039 3821 1093 3866 et
1119 3806 1358 3877 magnam
1391 3806 1609 3862 habebis
1637 3806 1894 3875 gratiam,
1928 3806 1967 3858 si
2001 3821 2103 3860 non

529 3879 693 3933 ltcdas
718 3896 747 3933 a
775 3898 880 3949 quo
910 3883 1065 3935 lmsus
1092 3897 1172 3936 es.
1198 3879 1406 3933 Nullum
1433 3877 1712 3946 despicias,
1734 3891 2100 3949 nonservum,

529 3964 638 4004 non
663 3946 887 4017 egenum
918 3968 930 4005 :
962 3953 1085 4019 quia
1132 3951 1351 4003 t‘orsitau
1382 3948 1567 4002 molior
1606 3958 1688 4002 est
1720 3946 1857 4019 apud
1898 3946 2060 3999 Deum
2087 3986 2102 4009 ,

528 4035 686 4085 quam
718 4030 792 4085 tu;
819 4031 872 4074 et
899 4017 1016 4091 quia
1044 4017 1923 4091 omnes,secundum_Apostqum,
1947 4032 2104 4068 unum

526 4103 717 4142 sumus
742 4091 793 4142 in
819 4087 1017 4144 Christo
1045 4089 1168 4143 .Iesu
1195 4088 1388 4153 (Galat.
1420 4104 1476 4141 ιιι
1497 4129 1510 4149 ,
1528 4088 1654 4155 28);
1687 4094 1740 4139 et
1761 4087 1876 4154 quia
1907 4102 2005 4137 non
2032 4093 2104 4138 est

528 4173 859 4223 personarum
903 4171 1136 4224 acceptor
1189 4158 1324 4211 Deus
1372 4159 1508 4227 (Act.
1538 4173 1574 4210 Χ
1605 4198 1617 4214 ,
1645 4155 1740 4227 51)
1771 4172 1784 4217 ;
1814 4155 1940 4227 sed,
1969 4156 2105 4208 sicut

527 4228 795 4297 seriptum
810 4238 911 4291 est,
945 4230 1293 4295 Unusquisque
1315 4225 1449 4297 quod
1471 4228 1639 4297 fecerit
1666 4226 1866 4297 bonum.
1895 4225 1989 4277 hoc
2014 4241 2103 4297 ac-

525 4292 735 4376 cipieta
768 4296 1000 4376 Domino,
1031 4292 1133 4376 sive
1157 4292 1360 4361 servus,
1391 4292 1491 4376 sive
1520 4294 1880 4376 liber_(Is'phes.
1917 4309 1989 4352 Vl,
2023 4292 2099 4376 8).

526 4365 642 4419 Non
674 4368 920 4422 detrahas
951 4369 1096 4422 fratri
1128 4378 1236 4432 tuo,
1267 4382 1364 4420 nec
1394 4365 1554 4421 facias
1582 4364 1898 4419 calumniam
1929 4364 2105 4429 proxi-

527 4452 624 4508 mo,
645 4448 764 4502 tuo,
798 4453 895 4492 nec
920 4440 970 4492 vi
998 4438 1265 4508 opprimas
1293 4453 1412 4508 eum
1440 4454 1453 4491 :
1481 4435 1571 4489 sed
1600 4435 1857 4508 sicutper
1887 4434 2100 4508 Moysen

524 4507 719 4561 dicitur
742 4549 756 4569 ,
790 4508 849 4561 Si
876 4504 1166 4577 paupertate
1185 4507 1470 4577 compulsus
1501 4505 1774 4559 vendiderit
1800 4520 1854 4557 se
1887 4504 2100 4577 tibifra-

525 4586 739 4649 tertuus
759 4618 774 4642 ,
806 4595 907 4632 non
933 4576 1119 4649 aﬂliges
1137 4576 1670 4649 eummoreservorum
1699 4592 1787 4643 per
1808 4576 2098 4649 potentiam,

523 4648 613 4701 sed
643 4664 757 4702 cum
788 4645 1085 4703 timore"Dci
1111 4665 1203 4718 age
1228 4648 1360 4701 circa
1386 4647 1548 4700 illum.
1584 4645 1837 4718 Memento
1864 4646 2102 4718 quoniam

523 4727 580 4771 tu
599 4735 767 4773 servus
792 4736 843 4772 es
868 4719 1046 4787 (Levit.
1081 4714 1215 4783 xiv,
1244 4718 1313 4773 '59
1337 4760 1352 4782 ,
1379 4719 1448 4772 45
1472 4758 1486 4783 ,
1523 4718 1628 4786 tl).
1664 4714 1782 4768 Non
1808 4714 1971 4787 oderis
1995 4719 2103 4783 fra-

523 4798 650 4841 trem
697 4800 836 4844 tuum
877 4785 930 4843 in
974 4789 1123 4844 corde
1167 4788 1392 4853 tuo;sed
1436 4787 1630 4855 publice
1662 4801 1817 4853 argue
1842 4785 2018 4855 illum,
2047 4796 2101 4838 ut

522 4876 624 4913 non
665 4858 849 4914 habeas
889 4878 1037 4930 super
1077 4861 1222 4914 illuni
1264 4868 1521 4930 peccatum
1552 4854 1659 4927 (Id.
1684 4872 1799 4930 xix,
1827 4854 1938 4930 i7).
1966 4854 2101 4930 Hinc

520 4937 575 4983 et
606 4930 859 4986 Dominus
886 4925 1242 5000 inEvangclio
1264 4925 1424 4991 dicit,
1460 4927 1520 5000 Si
1549 4925 1823 5000 peccaverit
1843 4925 1900 5000 in
1916 4935 1963 5000 te
1987 4929 2098 5000 fra-

521 5010 596 5053 ter
625 5011 737 5055 tuus
757 5042 771 5060 .
801 5003 996 5071 corripe
1019 4993 1160 5054 illuin
1187 5002 1315 5071 inter
1345 5009 1390 5051 te
1412 5007 1469 5071 _et
1498 4993 1661 5071 ipsum
1691 4993 2095 5071 so_lum_(Matth.

520 5083 678 5137 xvm,
712 5072 822 5141 l5);
855 5082 909 5126 et
931 5065 1139 5125 rursum
1159 5112 1174 5137 ,
1207 5070 1268 5125 Si
1296 5069 1494 5141 septies,
1524 5067 1709 5141 inquit,
1738 5066 1790 5118 in
1819 5065 1899 5118 die
1925 5081 2099 5141 pecca-

520 5083 678 5137 xvut,
712 5081 822 5141 15);
855 5082 909 5126 et
931 5087 1139 5125 rursum
1159 5112 1174 5137 ,
1207 5081 1267 5125 δι
1296 5081 1494 5137 septies,
1524 5084 1573 5120 tn
1618 5081 1709 5130 nu,
1738 5082 1790 5118 tn
1819 5081 1899 5118 ate
1925 5081 2099 5133 pecca-

518 5143 669 5207 verit,
701 5152 746 5195 et
773 5143 915 5195 toties
942 5142 1252 5207 paenituerit,
1283 5138 1475 5191 dimitte
1508 5138 1553 5191 ei
1580 5081 1732 5207 ῗιιιε.
1762 5150 1907 5207 xvtt,
1941 5134 2100 5199 ι);ει

520 5205 708 5281 iterum
729 5253 743 5275 ,
775 5212 836 5266 Si
865 5205 1015 5278 oﬂ'ers
1035 5253 1049 5275 ,
1083 5211 1287 5281 inquit,
1316 5226 1499 5263 munus
1537 5205 1694 5281 tuum
1716 5206 1783 5258 ad
1825 5205 1994 5281 altare
2015 5246 2027 5267 ,
2050 5216 2098 5281 et

516 5280 584 5335 ibi
607 5276 1109 5352 recordatusfueris,
1139 5276 1255 5349 quia
1285 5283 1443 5351 frater
1468 5288 1584 5331 tuus
1608 5277 1752 5352 habet
1783 5276 1976 5344 aliquid
2002 5276 2097 5352 ad-

516 5368 711 5405 versum
740 5362 805 5416 te,
830 5346 1061 5421 relinque
1079 5346 1351 5404 ibimun'us
1383 5359 1523 5404 tamn
1551 5358 1667 5421 ante
1690 5348 1882 5421 altare,
1909 5355 1954 5398 et
1975 5346 2097 5398 vade

516 5422 655 5489 prius
681 5415 995 5476 reconciliari
1021 5415 1165 5492 fratri
1187 5431 1301 5492 tuo;
1322 5430 1368 5473 et
1391 5429 1518 5492 tunc
1545 5419 1747 5492 veniens
1780 5415 1959 5492 offeres
1984 5432 2098 5468 mu-

514 5486 607 5543 nus
627 5503 767 5546 tuum
791 5492 999 5560 (Matth.
1021 5486 1084 5559 'v,
1114 5490 1359 5560 25et24).
1389 5490 1514 5545 Hice
1537 5498 1609 5555 te,
1636 5486 1945 5551 christiana,
1962 5501 2097 5557 prae-

512 5639 773 5752 ωῐςπξέὶό.
804 5656 952 5693 serm.
977 5642 1087 5702 289,
1124 5656 1207 5692 nn.
1242 5642 1290 5703 3,
1323 5640 1381 5705 4;
1415 5641 1524 5703 288,
1559 5653 1608 5690 n.
1648 5639 1697 5700 5,
1733 5638 1782 5688 in
1822 5637 2097 5702 Appendice

572 5763 645 5829 (b)
671 5766 743 5817 sic
763 5765 1037 5827 εει-(11838,
1061 5781 1109 5816 ιι.
1134 5763 1181 5814 2.
1426 5752 1429 5753 ν

1965 321 2327 389 APPENDLX.

3647 334 3794 394 “80'

2205 456 2355 517 cepta
2401 459 2652 506 revocent
2690 452 2755 505 ad
2798 450 3170 515 concordiam,
3202 451 3315 507 bzrc
3363 453 3536 509 dulcia
3584 457 3783 515 Christi

2206 519 2589 592 medicamenta
2631 530 2818 592 curent
2863 520 2971 576 odii
3010 523 3224 576 vulnera
3259 540 3418 592 :quze
3451 528 3493 578 si
3542 538 3781 585 contem-

2207 590 2408 670 pseris,
2445 591 2823 670 terribilenuin
2869 593 3273 670 te_sent_cntiam
3321 590 3635 670 retorquesi,
3681 618 3787 670 qua

2205 660 2399 736 dicitur
2419 702 2436 736 ,_
2466 660 2761 736 Omnisqui
2784 663 3033 736 irascitur
3059 664 3203 731 fratri
3221 680 3355 736 _suo,
3385 660 3500 718 reus
3537 669 3629 720 erit
3642 660 3788 736 jridj-

2205 730 2282 783 cio
2310 745 2328 783 :
2357 730 2437 804 vel
2463 770 2479 794 ,
2508 732 2593 804 qui
2633 732 2827 804 dixerit
2857 733 3005 804 fratri
3021 750 3137 804 suo
3164 775 3179 794 ,
3214 734 3414 799 Racha,
3448 746 3534 788 aut
3578 730 3746 795 Fritue
3765 785 3781 804 ,

2205 816 2322 872 rens
2346 802 2438 852 erit
2462 802 2701 872 gehenme
2724 802 2853 870 ignis
2884 799 3047 863 (Ibid.
3080 802 3151 855 2:).
3174 806 3209 865 ).
3243 805 3377 857 Ecce
3406 806 3598 860 audisti
3617 850 3631 872 ,
3655 799 3787 865 cba;

2206 870 2434 945 rissime,
2464 871 2586 939 quid
2617 873 2802 945 timeas
2822 912 2836 931 ,
2863 873 2987 945 quid
3017 873 3287 945 observes.
3324 874 3466 929 llabe
3494 870 3626 945 ergo
3653 881 3786 934 cha-

2206 940 2461 1017 ritatetn,
2498 951 2616 996 tene
2662 942 3144 1017 patienti:nn,_luge
3177 944 3502 1017 discordiam
3526 940 3789 1017 ,itttpotte

2208 1009 2387 1062 frenos
2430 1011 2620 1078 linguae
2647 1021 2749 1064 tua:
2779 1053 2794 1072 ,
2828 1027 2894 1064 ne
2921 1009 3101 1065 trahat
3126 1013 3189 1064 ad
3216 1015 3512 1081 gehennam
3554 1009 3789 1075 animam

2209 1088 2350 1131 tuam
2382 1083 2540 1149 :quia
2608 1082 2894 1134 secundum
2928 1081 3255 1148 Scriptor-am
3280 1125 3293 1142 .
3332 1084 3470 1138 Mors
3516 1097 3563 1139 et
3607 1090 3707 1142 vita
3738 1095 3787 1143 in

2208 1149 2435 1201 manibus
2463 1151 2646 1222 linguae
2678 1152 2901 1204 consistit
2927 1153 2942 1213 (
2956 1152 3105 1222 Prov;
3134 1168 3264 1206 xvnt
3290 1194 3304 1216 ,
3332 1157 3390 1208 Sil
3405 1161 3422 1222 l
3448 1170 3463 1218 ;
3487 1167 3534 1207 et
3577 1156 3666 1211 Vir
3693 1163 3789 1213 lin-

2206 1236 2391 1295 guosus
2411 1237 2510 1295 non
2531 1221 2773 1295 dirigetur
2796 1222 2847 1274 in
2877 1232 3009 1295 terra
3036 1222 3053 1290 (
3079 1220 3220 1295 Paul.
3244 1220 3462 1289 cuius,
3495 1227 3606 1295 1‘1).

2281 1291 2366 1343 17.
2410 1291 2532 1361 llme
2556 1292 2777 1345 sollicita
2806 1293 3229 1346 consideratione
3259 1291 3573 1361 pensantes,
3596 1298 3789 1357 fratres

2208 1359 2505 1432 charissimi
2531 1403 2543 1421 ,
2579 1363 2736 1413 verba
2764 1362 2921 1415 simul
2964 1372 3013 1415 et
3050 1378 3226 1416 inores
3252 1359 3573 1432 componite.
3605 1368 3769 1423 Secta-

2211 1431 2335 1504 mini
2361 1444 2571 1504 semper
2595 1432 2869 1494 justitiam,
2894 1442 3066 1485 amate
3094 1433 3284 1486 Christi
3314 1431 3597 1504 percepta.
3636 1440 3782 1494 Uere.

2210 1499 2404 1565 linquat
2437 1502 2620 1567 impius
2665 1503 2793 1553 viam
2833 1518 2976 1574 suam
2997 1541 3012 1562 ,
3037 1512 3084 1555 et
3110 1503 3183 1555 vir
3218 1499 3416 1567 iniquus
3458 1499 3793 1574 cogitationes

2207 1585 2327 1621 suas
2357 1586 2375 1623 :
2400 1580 2447 1623 et
2474 1580 2748 1644 revertatur
2780 1571 2847 1644 ad
2879 1574 3148 1624 Dominum
3169 1613 3185 1637 ,
3209 1575 3344 1628 sicut
3379 1571 3633 1644 prapbeta
3675 1581 3785 1633 ela-

2209 1649 2316 1711 mat
2338 1680 2353 1702 ,
2380 1651 2425 1693 et
2454 1642 2761 1711 miserebitur
2788 1643 2928 1708 ejus;
2953 1643 3069 1709 quia
3096 1644 3209 1711 pius
3241 1656 3311 1697 est
3339 1644 3408 1697 ad
3428 1642 3787 1710 ignoscendum

2210 1708 2364 1778 (Isai.
2394 1726 2478 1773 sv,
2509 1712 2582 1778 7).
2615 1710 2730 1778 Ipse
2755 1711 2895 1764 enim
2918 1708 3168 1767 admonet
3192 1713 3374 1768 duas
3393 1756 3408 1778 ,
3431 1708 3788 1775 ϐοητεηὶυοὶιιε

2306 1798 2383 1854 me
2405 1823 2419 1843 ,
2448 1790 2494 1833 et
2516 1781 2705 1854 sanabo
2736 1783 3059 1854 contritiones
3088 1783 3105 1815 ⁸
3141 1798 3324 1838 vestras
3353 1788 3369 1849 (
3390 1786 3519 1841 Osee
3552 1805 3643 1841 xw
3668 1831 3685 1853 ,
3713 1792 3747 1844 5
3769 1832 3785 1854 ,

2211 1850 2286 1914 5).
2315 1851 2374 1903 Ει
2402 1865 2585 1904 rursus
2608 1868 2621 1900 :
2649 1851 2867 1914 Quttrite
2886 1850 3068 1906 bonum
3097 1863 3144 1906 et
3173 1871 3271 1906 non
3302 1858 3490 1909 malum
3518 1899 3532 1919 ,
3560 1869 3615 1911 ut
3648 1850 3784 1912 viva;

2211 1920 2307 1982 tis;
2333 1928 2378 1973 et
2403 1922 2493 1972 erit
2516 1919 2767 1973 vobiscum
2807 1920 3056 1974 Dominus
3091 1925 3417 1978 exercituum.
3448 1928 3513 1981 Et
3542 1928 3735 1983 iterum
3767 1948 3781 1983 :

2215 1989 2365 2042 Odite
2390 1992 2598 2061 malum,
2628 2002 2673 2043 et
2699 1991 2889 2061 diligite
2918 1992 3122 2056 bonum;
3145 2002 3197 2045 ut
3226 2006 3518 2051 nusereatur
3541 1998 3791 2053 Dominus

2212 2061 2360 2138 vestri
2381 2060 2400 2130 (
2422 2061 2629 2138 Amos_v
2653 2101 2667 2122 ,
2695 2062 2757 2114 14
2783 2060 2803 2123 ,⁷
2830 2062 2895 2114 15
2913 2062 2959 2138 ι).
2986 2062 3121 2115 Ecce
3149 2064 3249 2138 hoc
3271 2066 3381 2132 ipse
3412 2067 3667 2122 Dominus
3696 2086 3784 2138 per

2216 2132 2523 2198 prophetam
2549 2130 2770 2190 clamat;
2798 2140 2852 2183 et
2882 2132 2923 2183 si
2953 2146 3037 2185 me
3063 2132 3248 2188 audire
3272 2130 3613 2192 contemnitis
3634 2180 3651 2200 ,
3678 2130 3757 2193 sal

2215 2210 2318 2272 tem
2357 2201 2435 2254 vel
2472 2201 2642 2269 ipsum
2670 2200 2866 2272 audite.
2909 2200 3222 2272 Ipseictiam
3266 2205 3316 2257 in
3345 2205 3631 2272 Evangelia
3655 2224 3787 2262 con-

2213 2270 2413 2323 solatur
2443 2270 2976 2348 peccatoresdicens.
3007 2271 3125 2348 Dion
3146 2275 3255 2327 veni
3278 2270 3634 2348 vocarejustos
3656 2321 3671 2342 ,
3700 2282 3793 2333 sed

2214 2346 2586 2413 peccatoresgin
2634 2341 2973 2413 penitentiam
3006 2340 3157 2405 (Luc.
3182 2359 3245 2406 v,
3275 2345 3391 2405 39).
3434 2340 3549 2413 Ipse
3598 2340 3787 2402 itentm

2212 2411 2462 2486 admonet
2492 2411 2701 2486 dicens,
2732 2410 3189 2486 Priptuni‘qurerite
3213 2431 3432 2486 regnant
3450 2410 3540 2469 Dei
3565 2428 3614 2471 et
3631 2420 3788 2486 justi-

2214 2481 2335 2552 t_iam
2354 2480 2482 2550 ejus,
2505 2491 2551 2534 et
2572 2482 2678 2552 lucc
2702 2482 2869 2534 omnia
2887 2480 3335 2552 adjicienturvobis
3357 2484 3562 2552 (Matth.
3583 2480 3657 2548 vi,
3674 2490 3787 2552 53).

2215 2549 2281 2622 Et
2311 2549 2497 2622 iterum
2531 2568 2544 2603 :
2582 2550 2743 2603 Pelite
2762 2593 2777 2611 ,
2807 2560 2854 2604 et
2876 2550 3078 2603 dabitur
3104 2553 3239 2606 vobis
3264 2549 3506 2622 ;quterite
3533 2598 3547 2614 .
3575 2567 3622 2609 et
3646 2549 3787 2611 inre-

2212 2620 2358 2693 nietis
2379 2622 2647 2693 ;_pulsate,
2677 2631 2722 2674 et
2754 2622 3028 2693 aperietur
3051 2622 3186 2693 vobis
3215 2626 3231 2693 (
3256 2620 3335 2677 Id.
3378 2640 3448 2679 vu
3469 2668 3483 2686 ,
3512 2628 3543 2679 7
3564 2626 3601 2689 l.
3636 2627 3790 2680 Modo

2212 2688 2352 2744 enim
2395 2690 2647 2745 Dominus
2685 2688 2795 2759 pro
2822 2689 3070 2746 ineffabili
3106 2688 3297 2759 pietate
3337 2712 3430 2747 sua
3475 2711 3579 2749 non
3615 2698 3787 2750 solum

2211 2760 2496 2835 admonet,
2523 2762 2617 2816 sed
2654 2771 2708 2814 et
2742 2771 2891 2835 rogat
2934 2769 2990 2814 ιιι
3026 2774 3399 2818 convertamur
3440 2766 3505 2819 ad
3534 2781 3681 2819 eum.
3711 2768 3785 2835 (a)

2212 2830 2501 2903 Audiamus
2531 2847 2659 2900 ergo
2694 2845 2815 2884 eum
2838 2830 2983 2903 Adam
3014 2842 3197 2903 rogat;
3227 2850 3292 2886 ne
3318 2835 3361 2887 si
3392 2850 3496 2888 non
3528 2830 3787 2903 facimus,

2211 2917 2316 2955 non
2351 2900 2530 2973 audiat
2554 2918 2650 2955 nos
2676 2915 2795 2973 c_um
2830 2900 3105 2969 judicahit.
3138 2903 3425 2957 Audiamus
3469 2917 3525 2958 et
3550 2907 3761 2973 Scripta

2213 2988 2324 3041 ram
2351 2970 2615 3025 dicentem
2632 3013 2647 3041 ,
2680 2968 2784 3023 Fili
2806 3013 2820 3035 ,
2836 2968 3087 3041 imiserere
3109 2973 3294 3026 animle
3324 2984 3422 3028 tute
3448 2974 3654 3041 placens
3673 2968 3789 3029 'Deo

2212 3040 2405 3164 (Eccli.
2452 3057 2558 3095 xxx
2586 3083 2599 3104 ,
2626 3040 2740 3107 21).
2773 3040 2909 3108 Quid
2961 3040 3027 3093 ad
3073 3041 3188 3097 haec
3222 3040 3508 3110 respondet
3558 3046 3786 3099 humana

2234 3111 2500 3164 raeilitas?
2533 3114 2667 3164 Deus
2696 3120 2846 3164 roaat
2869 3120 2925 3164 ut
2952 3111 3024 3164 tui
3055 3112 3388 3164 miserearis.
3419 3125 3473 3164 et
3525 3131 3632 3164 non
3662 3117 3738 3164 vis
3770 3136 3785 3164 ι

2234 3111 2500 3179 ragilitas?
2533 3114 2667 3165 Deus
2696 3120 2846 3179 rogat
2869 3120 2925 3165 ut
2952 3111 3024 3164 tui
3055 3112 3388 3176 miserearis,
3419 3125 3473 3167 et
3525 3131 3632 3167 non
3662 3117 3738 3168 vis
3770 3136 3785 3168 :

2210 3181 2477 3250 quomodo
2507 3191 2558 3235 te
2588 3181 2764 3237 audiet
2791 3182 2841 3235 in
2872 3181 2968 3252 (die
2998 3185 3332 3236 necessitatis
3355 3186 3739 3252 supplicantem
3766 3227 3780 3242 .

2210 3267 2329 3306 cum
2372 3260 2425 3304 tu
2467 3267 2588 3304 eum
2637 3268 2732 3319 pro
2775 3263 2826 3305 te
2869 3251 2982 3318 ipso
3029 3266 3131 3304 non
3175 3253 3327 3306 audis
3370 3251 3689 3319 rogantem?
3731 3258 3786 3308 Si

2212 3320 2382 3392 ιιιοὼι
2422 3323 2533 3392 hinc
2575 3321 2947 3389 neglexeritis,
2983 3320 3192 3385 fratres,
3218 3323 3346 3392 quid
3386 3323 3587 3377 facietis
3619 3325 3671 3377 in
3700 3325 3786 3379 die

2206 3390 2423 3458 judieii,
2457 3391 2536 3445 vel
2579 3392 2645 3446 ad
2688 3392 2840 3459 cujus
2881 3392 3196 3459 confugiens
3241 3390 3538 3447 auxilium?
3574 3393 3671 3459 Si,
3705 3396 3783 3448 iu-

2209 3476 2399 3528 quam,
2434 3461 2591 3514 modo
2623 3462 2959 3526 neglexeritis
2999 3462 3121 3515 talia
3150 3462 3242 3517 Dei
3274 3461 3607 3517 hortamenta
3631 3504 3649 3527 ,
3682 3479 3785 3517 n--n

2210 3529 2471 3599 cﬂ‘ugietis
2511 3538 2653 3603 tunc
2704 3531 2904 3603 inferni
2935 3542 3193 3586 tormenta
3232 3552 3247 3589 :
3295 3548 3393 3587 nec
3443 3548 3538 3587 vos
3595 3539 3786 3603 poterit

2209 3616 2395 3671 aurum
2441 3601 2527 3654 vel
2571 3610 2848 3670 argentum
2895 3602 3151 3666 liberare,
3184 3617 3356 3670 neque
3398 3601 3640 3667 divitize',
3668 3602 3786 3671 qua:

2211 3686 2350 3741 nunc
2376 3670 2427 3724 in
2458 3672 2661 3739 angulis
2684 3671 3008 3725 absconditis
3027 3712 3042 3732 .
3073 3682 3128 3724 et
3163 3687 3226 3725 ex
3257 3673 3449 3741 quibus
3476 3670 3789 3737 arrogantes

2208 3739 2378 3811 eﬂ’ecti
2431 3740 2652 3794 salutem
2706 3750 2932 3795 vestram
2976 3739 3319 3811 oblitihestis.
3376 3743 3509 3795 Hinc
3559 3757 3790 3811 namque

2211 3810 2463 3863 Dominus
2491 3828 2584 3877 per
2610 3812 2917 3878 prophetam
2939 3810 3086 3870 dicit.
3134 3809 3354 3864 Visitabo
3382 3829 3537 3876 super
3563 3829 3652 3865 vos
3679 3809 3787 3864 ma-

2209 3880 2259 3932 la
2280 3921 2293 3943 ,
2320 3890 2365 3932 et
2387 3882 2635 3948 quiescere
2678 3881 2862 3950 faciant
2901 3882 3185 3949 superbiam
3225 3882 3495 3950 impiorum
3521 3922 3534 3940 ,
3564 3893 3613 3935 et
3638 3900 3785 3937 arro-

2207 3951 2429 4022 gantiam
2459 3951 2665 4019 fortium
2694 3950 2970 4022 [tltntiliabo
2996 3950 3147 4019 (lsai.
3180 3967 3305 4015 xm,
3338 3951 3445 4022 11).
3479 3951 3547 4005 Ει
3572 3968 3787 4005 rursum

2207 4019 2458 4074 admonet
2480 4022 2662 4076 dicens
2684 4061 2698 4083 ,
2733 4019 2911 4074 Redite
2934 4060 2949 4082 ,
2984 4019 3416 4089 pmvaricatores,
3443 4023 3510 4073 ad
3534 4039 3621 4074 cor
3652 4023 3670 4091 (
3700 4022 3784 4074 Id.

2208 4106 2352 4154 mn,
2380 4093 2434 4157 8)
2461 4108 2472 4142 :
2501 4093 2735 4160 quiescitc
2772 4106 2919 4161 agere
2947 4107 3173 4157 perverse
3192 4132 3207 4154 ,
3239 4092 3413 4146 discite
3437 4093 3561 4146 bene
3586 4097 3787 4161 facere,

2206 4163 2482 4214 succurrite
2514 4177 2750 4231 oppresso
2773 4202 2788 4222 ,
2822 4160 3090 4232 defendite
3137 4178 3440 4232 pauperem,
3484 4173 3550 4232 et
3582 4160 3787 4232 viduam

2206 4241 2275 4354 ἦ
2298 4232 2540 4369 ιίά¹υςιςηηι
2586 4241 2630 4284 et
2684 4230 2936 4300 pupillum
2980 4230 3147 4286 nolite
3185 4232 3486 4286 calumniari
3532 4230 3667 4302 (Id.
3722 4250 3785 4293 ι.

2289 4316 2315 4353 e
2466 4341 2480 4352 .

2289 4311 2415 4353 et”
2446 4311 2480 4353 l.

2280 4372 2365 4423 18.
2408 4372 2530 4425 llaec
2580 4386 2743 4437 ergo,
2794 4370 3012 4436 fratres,
3051 4370 3102 4424 in
3147 4379 3326 4425 mente
3374 4372 3639 4436 retinete,
3671 4371 3782 4423 ltzrc

2207 4455 2525 4507 magnopere
2564 4441 2833 4495 custodire
2875 4441 3133 4495 festinate.
3180 4443 3413 4510 Pugnate
3456 4452 3511 4494 ut
3552 4443 3787 4511 separati

2207 4526 2235 4561 a
2274 4511 2526 4581 diabolo,
2548 4512 2940 4575 conjungamini
2983 4512 3090 4565 Deo
3119 4512 3207 4581 qui
3238 4527 3332 4566 vos
3362 4513 3607 4565 redemit.
3655 4515 3777 4565 Stu-

2208 4591 2366 4645 peant
2389 4580 2586 4636 Gentes
2627 4582 2695 4634 de
2732 4580 3145 4636 conversatione
3180 4591 3348 4636 vestra
3383 4594 3480 4637 :et
3519 4582 3565 4636 si
3603 4582 3784 4636 detra.

2206 4649 2335 4704 bant
2380 4652 2530 4705 vobis
2559 4693 2574 4713 ,
2604 4651 2764 4706 etiam
2814 4661 2869 4704 et
2920 4652 3173 4705 irrideant
3224 4652 3637 4705 Christianitatis
3693 4667 3784 4706 vos

2204 4736 2366 4787 opera
2386 4723 2608 4788 sectari,
2641 4738 2706 4775 ne
2730 4722 3114 4776 conturbemini
3139 4738 3201 4776 ex
3237 4720 3364 4785 hoc;
3398 4722 3621 4775 reddent
3643 4724 3779 4775 enim

2203 4792 2271 4843 de
2296 4808 2361 4845 eo
2391 4794 2667 4847 rationem.
2707 4792 2892 4844 Totam
2920 4808 3047 4859 ergo
3072 4808 3217 4857 spent
3240 4801 3469 4845 vestram
3505 4792 3557 4844 in
3584 4790 3781 4845 Christi

2204 4862 2563 4916 misericordia
2597 4862 2773 4931 ponite
2798 4880 2811 4915 :
2833 4871 2889 4915 et
2917 4878 3019 4915 non
3051 4863 3221 4915 Solum
3251 4862 3317 4914 ab
3340 4872 3458 4914 actu
3491 4861 3800 4930 impudico,—

2203 4932 2295 4984 sed
2345 4933 2503 4986 etiam
2552 4947 2581 4985 a
2625 4932 3031 5001 cogitatimtibus
3068 4931 3297 4986 sordidis
3334 4933 3538 4985 animas
3581 4942 3779 4991 vestras

2202 5003 2464 5056 custodite
2492 5020 2506 5063 ;
2534 5003 2653 5070 quia
2713 5002 2965 5055 Dominus
3022 5002 3159 5056 Deus
3202 5002 3376 5069 justus
3408 5002 3571 5070 jtdex
3611 5012 3667 5055 et
3718 5002 3778 5051 dc

2201 5073 2607 5140 cingimtionibus
2642 5072 2859 5139 judical.
2910 5074 2973 5125 Et
3016 5072 3116 5126 hoc
3162 5089 3390 5136 moneo,
3443 5074 3636 5124 fratres
3667 5112 3683 5134 ,
3728 5079 3779 5123 ιιι

2204 5144 2507 5210 superbiam
2536 5143 2747 5210 penitus
2772 5142 3070 5210 deportatis,
3105 5158 3199 5209 per
3225 5160 3379 5208 quam
3409 5142 3475 5194 de
3502 5144 3643 5195 coelo
3671 5142 3777 5193 dia-

2204 5211 2356 5266 bolus
2396 5212 2775 5280 corruitzquia
2802 5255 2817 5277 ,
2859 5213 2996 5265 sicut
3040 5213 3311 5279 apostolus
3356 5222 3610 5275 testatur,
3648 5211 3781 5263 Deus

2201 5284 2427 5347 superbis
2452 5283 2655 5345 resistit,
2679 5293 2724 5334 et
2747 5283 3017 5335 lmmilibus
3037 5282 3123 5334 dat
3149 5283 3364 5351 gratiam
3385 5281 3585 5345 (Jacobi
3606 5298 3677 5344 tv,
3703 5281 3776 5348 ti).

2207 5352 2355 5407 Unde
2388 5354 2639 5406 Dominus
2672 5353 2719 5404 in
2752 5354 3032 5419 Evangelia
3056 5352 3183 5405 dicit
3203 5393 3217 5409 .
3253 5352 3428 5404 Omnis
3456 5352 3586 5404 enim
3617 5354 3702 5413 qui
3729 5366 3781 5402 se

2202 5425 2419 5483 exultat,
2460 5423 2837 5487 humiliabitur;
2885 5432 2932 5474 et
2972 5423 3058 5488 qui
3103 5439 3156 5474 se
3199 5422 3449 5483 quniliat,
3480 5420 3779 5474 excitabitur

2204 5492 2352 5562 (Luc.
2386 5510 2503 5561 xiv,
2535 5494 2643 5565 11).
2676 5494 2740 5547 Ει
2774 5494 2994 5560 iterum,
3023 5491 3140 5545 Nisi
3174 5493 3399 5547 conversi
3422 5492 3616 5564 fueritis
3636 5499 3683 5546 et
3707 5492 3777 5547 ef-

2266 5699 2281 5729 ι
2320 5704 2446 5753 Mss,
2467 5692 2749 5744 eversiones.

2267 5758 2338 5820 (a)
2365 5752 2597 5807 asserta.
2624 5757 2699 5818 ξ),
2721 5770 2768 5805 ιι.
2793 5754 2840 5818 3,
2866 5756 2914 5806 in
2935 5752 3144 5822 Append.
3175 5754 3289 5804 tomi
3310 5755 3359 5805 5.
