4076 6370
580 389 719 447 1183

578 503 787 569 fratres,
817 500 988 558 solum
1017 499 1307 562 diabolum,
1348 499 1436 568 qui
1482 492 1835 565 superbienth
1868 492 2033 548 factus
2068 505 2151 550 est

579 576 785 638 malus,
831 573 1192 636 detestantes,
1237 578 1502 623 Lautorum
1552 569 2148 638 bonorum_crcatorcm

578 635 857 697 Dominum
883 635 1190 709 gloriﬁcate.
1207 641 1404 694 Cavete
1430 652 1642 709 semper
1665 635 1799 689 viam
1830 635 2010 698 latam,
2034 650 2151 701 qua:

575 714 723 767 ducit
777 713 841 766 ad
888 707 1158 766 interitum
1213 728 1227 765 :
1270 707 1651 778 apprehendite
1696 716 2009 774 angustam,
2058 718 2152 773 per

574 801 734 851 quam
780 785 1043 851 reperitur
1084 792 1279 836 aeterna
1308 777 1563 851 latitudo.
1611 777 1874 851 Pauperes
1910 786 2149 851 crpore-

580 845 759 916 grinos
790 845 854 905 ad
879 853 1177 905 convivium
1210 858 1450 904 remeate
1476 891 1490 911 ,
1530 846 1910 911 ﬂuminumque
1949 845 2015 898 de
2053 846 2152 899 bac

576 937 634 975 re
671 924 1062 990 pra-cipientem
1089 920 1341 973 attendite
1374 936 1387 969 :
1416 916 1541 990 Cum
1580 916 1722 990 fucis,
1757 916 2147 990 inquit,_pran-

576 985 718 1044 dium
747 985 1052 1044 aut'cazuam
1078 1032 1093 1054 ,
1134 992 1239 1042 noti
1282 1004 1457 1042 vocare
1490 986 1664 1040 divites
1708 986 1794 1049 qui
1831 985 2151 1037 conviventur

574 1072 731 1113 tecum
754 1079 773 1127 ;
798 1062 887 1115 sed
915 1077 1037 1116 voca
1067 1076 1328 1128 pauperes,
1360 1057 1565 1117 debiles,
1596 1072 1773 1128 crocos,
1805 1054 2012 1128 claudos
2035 1095 2050 1117 ,
2102 1063 2149 1108 et

574 1124 763 1184 bentur
789 1133 887 1185 erit
906 1172 917 1189 .
964 1131 1080 1195 quia
1109 1124 1207 1182 non
1237 1128 1415 1181 habent
1446 1128 1580 1179 unde
1606 1125 1693 1178 tibi
1717 1124 2029 1195 retribuam;
2071 1141 2150 1177 re-

575 1201 820 1254 tribuetur
847 1193 982 1253 enini
1005 1200 1094 1253 tibi
1122 1200 1171 1251 iu
1196 1198 1556 1251 resurrectione
1573 1196 1827 1266 jnstorunt
1854 1193 2005 1259 (Luc.
2039 1210 2146 1266 xw,

578 1270 789 1337 12-14).
822 1270 900 1340 (a)
932 1270 1037 1324 Nec
1062 1272 1202 1323 enim
1237 1270 1437 1333 justum
1476 1278 1578 1340 est,
1610 1274 1666 1340 ut
1698 1265 1747 1317 in
1787 1265 1976 1340 populo
2005 1265 2150 1340 ebri-

573 1334 767 1405 sdano,
802 1334 891 1410 qui
918 1358 1023 1392 ttuu
1052 1340 1219 1410 pretio
1248 1336 1678 1410 suntredcmpti,
1710 1344 1765 1388 et
1808 1338 1895 1410 uni
1928 1334 2150 1410 Domino

573 1405 835 1469 serviunt:
861 1411 945 1463 alii
977 1408 1219 1462 distentis
1252 1408 1420 1477 epulis
1451 1406 1725 1477 ventribus
1768 1414 1821 1458 ct
1849 1405 1981 1459 ebrii
2011 1406 2152 1456 ini-e-

576 1479 723 1542 dant,
750 1480 839 1533 alii
869 1480 1020 1532 famis
1061 1476 1295 1547 periculo
1322 1478 1588 1547 deﬁciant.
1623 1476 1846 1528 Prorsus
1879 1483 2149 1542 peccatum

574 1559 678 1610 est,
710 1559 766 1602 ut
797 1561 972 1603 nostra
1003 1546 1264 1617 superflua
1295 1562 1321 1599 a
1353 1549 1506 1600 lineis
1545 1546 1867 1599 devorentur
1888 1586 1900 1605 ,
1932 1554 1985 1597 et
2016 1560 2148 1610 pnit-

579 1634 732 1683 peres
759 1636 857 1673 nec
885 1619 1237 1673 vetustissima
1280 1633 1503 1686 qua!th
1551 1618 1796 1686 recipere
1825 1624 2147 1686 mereantur.

575 1688 750 1755 Quare
778 1706 881 1742 non
909 1689 1278 1747 consideratis,
1301 1684 1423 1756 quia
1457 1686 1567 1752 pari
1604 1684 1908 1738 conditione
1932 1684 1981 1736 iii
2009 1684 2150 1756 hunc

577 1754 831 1812 mundum
863 1759 1110 1819 venistis,
1156 1754 1415 1826 uniusque
1449 1756 1651 1808 [lumini
1683 1756 1819 1808 servi
1855 1756 2024 1826 estis,
2079 1754 2152 1806 si-

575 1828 684 1881 mili
728 1830 884 1883 etiaut
927 1832 1067 1882 exitu
1114 1828 1180 1881 de
1226 1823 1420 1880 mundo
1459 1826 1784 1893 migrabitis;
1827 1833 1879 1876 et
1920 1825 1964 1877 si
2014 1823 2151 1878 bene

574 1898 763 1966 agitis,
814 1900 876 1952 ad
917 1916 1074 1952 unam
1124 1896 1501 1951 beatitudinem
1556 1894 2150 1966 venietis?iAt_quare

576 1964 773 2036 pauper
815 1970 1082 2022 vobiscum
1133 1985 1235 2020 non
1282 1968 1506 2034 accipiat
1529 1967 1728 2030 cibum,
1756 1965 1853 2036 qui
1877 1964 2148 2017 vobiscum

575 2034 885 2107 accepturus
929 2049 1010 2092 est
1047 2038 1372 2091 consortium
1417 2034 1780 2107 Angelorum?
1826 2034 2003 2101 Quare
2044 2051 2147 2088 non

573 2106 797 2174 accipiat
825 2108 906 2161 vel
953 2119 1187 2162 veterem
1216 2109 1465 2169 tunicam,
1498 2107 1593 2176 qui
1617 2106 1810 2172 pariter
1836 2113 2150 2176 accepturus

572 2189 655 2231 est
684 2179 1091 2233 itnmortalitatis
1118 2179 1305 2231 stulam
1328 2176 1353 2228 ?
1383 2174 1541 2237 "asc,
1576 2175 1784 2239 fratres,
1805 2174 2150 2229 considerau-

575 2257 675 2313 tes,
707 2250 771 2300 ita
803 2265 1088 2317 pauperum
1110 2264 1289 2302 curam
1316 2247 1502 2316 gerite,
1531 2245 1925 2317 utuberriinam
1951 2260 2045 2311 pro
2069 2245 2150 2298 bis

573 2314 973 2372 retributionem
1003 2319 1056 2371 in
1084 2321 1231 2372 caelis
1258 2314 1543 2384 accipiatis.
1573 2314 1901 2384 Mendacium
1938 2329 2151 2381 semper

578 2386 760 2455 fugite,
784 2391 905 2454 quia
939 2402 1041 2440 non
1075 2390 1349 2441 minimuut
1374 2382 1704 2455 crimeniest
1723 2424 1739 2448 ,
1765 2382 2036 2455 Sc_riptura
2064 2384 2149 2455 di-

573 2452 746 2514 cente.
780 2452 848 2510 03
877 2458 1010 2524 quod
1039 2462 1291 2517 incutitur,
1326 2454 1504 2506 occidit
1529 2454 1750 2524 aniumm
1780 2452 1934 2520 (Sep.
1963 2452 2144 2524 1.77“).

576 2526 663 2589 Et,
693 2525 854 2580 Testis
882 2521 1039 2589 falsus
1066 2543 1163 2578 non
1206 2528 1297 2577 erit
1324 2524 1597 2591 impunitus
1625 2521 1806 2590 (Prov.
1840 2537 1949 2585 XIX,
1979 2523 2058 2587 5).
2084 2521 2150 2576 Et

576 2595 736 2648 David
762 2596 825 2648 ad
860 2596 1161 2655 Dominum,
1180 2594 1389 2657 Perdes,
1413 2593 1600 2660 itiqttit,
1629 2608 1798 2644 omnes
1823 2593 1908 2661 qui
1936 2592 2149 2660 (omnu-

576 2674 659 2718 tur
687 2665 1001 2731 mendacium
1030 2668 1045 2734 (
1070 2664 1211 2719 Paul.
1240 2681 1293 2728 v,
1329 2663 1406 2734 7).
1441 2663 1505 2717 Et
1532 2660 1847 2729 Apostolus,
1874 2660 2145 2734 Deruuen-

573 2746 663 2796 tes,
686 2735 873 2803 inquit,
898 2733 1229 2797 mendacium,
1254 2733 1515 2803 loquimini
1538 2734 1792 2785 veritatem
1813 2733 2149 2801 unusquisque

572 2822 685 2858 cum
715 2808 1062 2877 proxinto‘suo
1093 2805 1305 2877 (Εριιρε.
1339 2819 1407 2865 tv,
1437 2803 1551 2877 25).

642 2869 730 2929 εξιζ
765 2875 836 2945 (b)
866 2877 917 2928 In
950 2875 1047 2928 liae
1070 2869 1199 2946 ergo
1218 2879 1324 2928 vita
1346 2875 1496 2941 positi
1526 2871 1779 2946 itaagite,
1800 2869 2147 2946 utcum_binc

573 2940 942 3013 migraveritis.
973 2958 1025 2999 et
1050 2940 1174 2999 cari»
1204 2940 1373 3000 vestra
1397 2960 1424 2996 a
1447 2940 1713 2997 vermibus
1737 2941 1959 3013 coeperit
1984 2940 2120 2995 devo

572 3012 677 3067 rari
728 3015 778 3068 in
818 3015 1081 3081 sepulcro,
1133 3017 1305 3069 anima
1345 3023 1529 3067 ornata
1561 3013 1714 3065 bouis
1738 3012 1988 3078 operibus
2025 3026 2145 3066 cum

571 3086 768 3139 sanctis
785 3086 1029 3139 omnibus
1057 3087 1264 3140 [artetur
1290 3086 1338 3137 in
1362 3088 1515 3138 coelo.
1547 3081 1801 3137 Retrahat
1822 3098 1913 3133 vos
1933 3098 1962 3135 a
1988 3083 2143 3135 malis

573 3155 823 3223 operibus
851 3155 930 3208 vel
977 3165 1314 3224 peccatorum
1356 3153 1615 3208 interitus.
1646 3153 1841 3224 Eorum
1882 3151 2142 3224 quosjam

574 3222 902 3293 praemisistis
932 3222 1187 3280 attendite
1222 3225 1568 3279 calamitates.
1619 3222 1960 3275 Considerate
2006 3222 2141 3274 divi-

573 3301 683 3346 tum
731 3296 1004 3361 sepulcra,
1053 3296 1133 3348 vel
1184 3311 1367 3349 eorum
1407 3294 1494 3363 qui
1535 3302 1658 3363 ante
1688 3306 1903 3363 parvum
1934 3300 2142 3363 tempus

574 3363 847 3433 vobiscum
873 3374 1042 3429 erant,
1072 3366 1194 3433 quid
1224 3362 1453 3424 fuerunt,
1483 3372 1533 3417 et
1574 3362 1697 3431 quid
1735 3370 1878 3433 sunl_,
1910 3362 1991 3415 vel
2017 3362 2144 3433 quid

572 3432 649 3486 eis
677 3433 873 3487 divitia:
890 3435 968 3489 vel
986 3430 1245 3503 cupiditas
1270 3433 1447 3488 s:eculi
1480 3430 1815 3503 profuerunt.
1839 3430 2135 3503 Ecce‘nibil

571 3517 637 3557 ex
666 3505 743 3558 eis
766 3504 863 3557 nisi
892 3500 1217 3570 soliciiieres
1235 3500 1603 3558 remanserunt
1626 3519 1638 3554 :
1662 3503 1749 3570 qui
1776 3501 1818 3552 si
1854 3500 1995 3567 loqui
2024 3516 2145 3568 pos-

572 3583 712 3643 sent,
743 3573 857 3628 haec
886 3564 1034 3627 vobis
1063 3576 1241 3643 procul
1279 3574 1440 3627 dubio
1468 3564 1723 3643 dicerent,
1766 3564 1980 3643 [liquid
2006 3564 2143 3643 infe:

572 3642 700 3698 lices
726 3653 925 3697 tantum
956 3639 1251 3713 prosarculi
1278 3643 1565 3713 cupiditate
1592 3640 1910 3713 discurritis?
1939 3639 2139 3710 thuid

574 3728 668 3766 vos
715 3715 853 3768 vitiis
896 3709 968 3769 et'
996 3715 1304 3769 criminibus
1349 3709 1599 3781 repletis?
1642 3709 1988 3781 Considerate
2022 3709 2141 3764 ossa

573 3794 774 3847 nostra,
818 3794 872 3837 ut
901 3785 982 3838 vel
1013 3785 1089 3838 sic
1117 3785 1264 3837 vobis
1293 3779 1507 3836 horreat
1534 3779 1795 3848 cupiditas
1820 3780 1902 3849 vel
1931 3781 2141 3834 miseria

573 3865 770 3908 vestra.
803 3854 952 3922 Quod
982 3869 1074 3907 viis
1097 3855 1245 3919 estis,
1278 3868 1374 3906 nos
1396 3851 1589 3906 fuimus
1614 3848 1785 3922 :quod
1815 3848 1911 3922 nos
1936 3866 2140 3922 sumus,

570 3938 668 3977 vos
693 3920 860 3978 erilis.
892 3923 992 3978 Ista
1014 3924 1212 3987 omnia,
1240 3924 1446 3985 fratres,
1476 3921 1697 3974 sollicita
1720 3920 2145 3974 consideratione

573 4005 829 4062 pensate,
877 4006 931 4049 et
975 3993 1088 4049 haec
1131 3993 1564 4055 considerantes,
1602 3991 1936 4062 expavescite
1961 3991 2143 4062 :‘diem

574 4060 762 4117 inertis
786 4074 908 4118 ante
937 4067 1118 4117 oculos
1144 4079 1356 4129 semper
1380 4062 1577 4131 ponite,
1615 4069 1669 4112 et
1708 4060 1772 4112 ad
1812 4060 2143 4114 emendatio-

572 4149 693 4186 nem
720 4144 972 4200 quantum
999 4135 1219 4202 potestis
1242 4133 1501 4186 festinate.
1529 4130 1699 4183 Nolite
1720 4131 1982 4202 negligere
2003 4132 2144 4199 quod

575 4217 669 4280 vos
692 4205 829 4280 _pius
874 4201 1129 4257 Dominus
1169 4203 1394 4280 sustinet
1441 4209 1719 4280 peccantes
1752 4215 1765 4250 :
1796 4201 1917 4279 quia
1946 4212 2144 4280 quanio

572 4272 771 4326 diutius
799 4281 1077 4341 exspectat
1108 4281 1162 4325 ut
1190 4270 1515 4341 etnendetis,
1549 4276 1693 4341 tanto
1723 4270 1935 4341 gravius
1965 4271 2141 4341 vindif

570 4342 708 4395 cabit
739 4344 781 4397 si
811 4337 1169 4408 neg'lcxcritis.
1192 4341 1246 4397 Si
1277 4340 1411 4394 forte
1440 4339 1634 4402 putatis
1655 4338 1793 4407 quod
1818 4337 1938 4391 finis
1958 4340 2143 4394 mundi

571 4413 772 4466 tardius
800 4414 1005 4477 veniat,
1053 4413 1133 4466 vel
1176 4412 1535 4481 unusquisque
1575 4409 1876 4481 consideret
1902 4423 2055 4462 suum
2079 4413 2139 4462 ii-

576 4498 721 4552 uein.
755 4482 823 4552 (c)
859 4484 993 4537 Ecce
1019 4483 1143 4537 dum
1176 4479 1398 4537 libenter
1420 4479 1879 4549 acjitCtttitlissime
1906 4488 2143 4552 moratur

571 4549 731 4605 homo
759 4548 814 4607 iii
844 4553 1058 4616 mundo,
1091 4555 1357 4623 multaque
1387 4554 1437 4605 in
1471 4548 1623 4619 longe
1655 4559 1892 4618 tempore
1917 4548 2143 4623 ‘_dispo—

571 4624 645 4675 nit
674 4624 895 4691 agenda,
929 4632 1145 4692 repente
1175 4620 1372 4691 rapitur
1403 4624 1452 4677 in
1486 4630 1733 4687 mortem,
1764 4629 1819 4674 et
1845 4635 1907 4673 ex
1941 4620 2143 4692 impro-

570 4695 682 4747 viso
709 4690 944 4747 aufertur
962 4690 1001 4749 at
1018 4690 1261 4762 corpore.
1292 4693 1396 4749 Sed
1426 4694 1514 4746 ille
1540 4693 1723 4762 beatus
1750 4699 1851 4755 est,
1877 4690 1965 4757 qui
1988 4700 2143 4745 antea

568 4777 779 4830 semper
814 4764 995 4817 bet-ain
1029 4767 1168 4818 illam
1200 4764 1437 4818 habuerit
1465 4771 1587 4815 ante
1614 4761 1816 4823 oculos,
1847 4771 1900 4815 et
1924 4762 2143 4815 festina-

569 4834 704 4888 verit
744 4835 793 4888 iii
826 4835 910 4887 illa
946 4835 1072 4889 liora
1118 4837 1303 4888 mortis
1348 4843 1558 4901 paratus
1605 4832 1846 4894 inteniri,
1884 4842 1940 4884 ut
1979 4832 2145 4899 possit

570 4905 698 4957 tanti
727 4915 897 4959 metus
930 4919 1181 4958 terrorem
1209 4904 1460 4958 evadere.
1492 4901 1641 4969 Quod
1686 4902 1727 4953 si
1767 4902 1926 4953 vultis
1964 4902 2101 4954 seire
2126 4942 2140 4963 ,

566 4988 687 5027 cum
732 4985 874 5029 metu
930 4991 1116 5037 magno
1138 5016 1152 5039 ,
1184 4974 1477 5028 charissimi
1499 5014 1511 5033 ,
1542 4972 1847 5040 magnisque
1871 4970 2143 5023 doloribus

566 5056 848 5113 separatur
873 5047 1049 5100 anima
1071 5064 1096 5097 a
1126 5062 1369 5113 corpore.
1394 5044 1618 5097 \‘eniuut
1636 5044 1774 5113 enim
1805 5041 2140 5113 Angelieatu

565 5111 859 5185 assumere,
911 5124 967 5169 tit
1009 5111 1295 5185 perduiattt
1334 5124 1455 5167 ante
1488 5111 1715 5166 tribunal
1748 5111 2016 5185 metuendi
2058 5112 2144 5177 ju-

566 5183 701 5238 dicis
743 5203 756 5238 :
800 5195 923 5240 tunc
960 5181 1021 5241 et
1058 5187 1140 5239 illa
1181 5199 1481 5239 memorans
1520 5200 1677 5250 opera
1709 5198 1798 5233 sua
1833 5181 1991 5246 mala,
2024 5197 2143 5250 qua:

566 5256 653 5310 die
702 5266 967 5375 noctuque
1016 5257 1213 5324 gessit,
1255 5256 1619 5309 COIllt'CltliSt'il
1646 5264 1697 5307 et
1729 5251 2057 5375 inqetuiscit,
2090 5262 2145 5305 et

566 5326 752 5375 flll:l‘l'i|.
779 5344 840 5375 ea
902 5343 1059 5375 tmere
1086 5366 1102 5375 .
1157 5326 1496 5375 induciasaue
1547 5334 1742 5375 uetere.
1776 5324 1980 5375 ticens.
2016 5323 2144 5375 Date

566 5274 653 5310 uie
702 5274 861 5310 nocui
904 5275 967 5309 tte
1016 5274 1213 5324 gessit,
1255 5274 1619 5309 contrennsctt
1646 5274 1697 5307 et
1730 5274 2057 5314 III'CItItsctt,
2090 5274 2144 5305 «ιι

562 5326 752 5394 qua-rit
779 5344 840 5381 ea
868 5274 1059 5396 iugere
1086 5366 1102 5388 ,
1157 5326 1742 5396 induciasque;petere,
1776 5274 1980 5396 iiicens,
2003 5323 2144 5396 Date

571 5393 700 5450 milii
729 5397 812 5451 vel
845 5393 998 5451 uuiits
1030 5398 1173 5451 borze
1212 5393 1461 5467 Spatium.
1493 5394 1642 5450 Tunc
1672 5393 1818 5464 quasi
1860 5393 2016 5446 simul
2062 5393 2141 5447 lo-

625 5559 646 5625 ἱ
680 5556 817 5625 dies,
841 5557 890 5608 in
914 5558 1313 5625 ιυιιριυςηιροηα,
1556 5616 1568 5625 .
1611 5623 1619 5625 _
1709 5615 1719 5625 .

649 5620 699 5679 α)
729 5628 749 5663 \
765 5621 826 5668 id.
852 5614 1014 5669 serui.w
1034 5620 1137 5677 116,
1161 5614 1211 5669 it.
1237 5619 1285 5675 4,
1305 5620 1352 5667 in
1377 5616 1587 5680 Append.
1608 5615 1721 5666 tomi

627 5618 704 5743 ibi
723 5688 836 5740 Qure
867 5689 1157 5743 sequuntur,
1192 5680 1512 5732 conficiebant
1541 5686 1795 5729 tractatum
1828 5675 1893 5725 de
1930 5674 2038 5722 vani

533 5675 836 5790 ,εωξῧιρυτε
867 5675 1157 5745 sequuntur,
1192 5675 1512 5732 conficiebant
1541 5686 1795 5729 tractatum
1828 5675 1893 5725 de
1930 5675 2145 5724 vanitate

647 5756 688 5789 ~u
710 5756 743 5790 ι.

560 5754 835 5871 “ii-inim
858 5804 971 5856 inde
993 5803 1221 5855 translata
1244 5804 1294 5856 in
1317 5803 1402 5854 lib.
1426 5801 1586 5854 Medit.
1605 5800 1848 5862 Bcruanli,
1873 5812 1979 5863 cap.
1999 5795 2048 5847 9..

2025 377 2381 434 APPENMX.

3700 381 3834 439 ιιει

2259 496 2471 564 quentia
2501 496 2676 551 omnia
2701 511 2860 565 opera
2891 495 3005 565 ejus
3031 495 3245 568 dietmt,
3274 493 3355 568 Tu
3402 511 3499 551 nos
3536 497 3714 568 egisti,
3746 510 3829 556 tua

2255 582 2416 634 Opera
2444 582 2646 629 sumus,
2685 583 2788 620 non
2832 579 2882 619 te
2912 567 3229 629 deserimus,
3261 567 3351 619 sed
3402 567 3589 621 tecum
3621 585 3834 635 semper

2257 638 2477 709 erimus,
2507 648 2785 709 tecumque
2821 651 2979 705 perge
3003 651 3101 709 nus
3137 636 3204 689 ad
3247 635 3523 709 judicium.
3564 637 3689 692 llzcc
3717 642 3835 709 qui-

2257 706 2378 759 dem
2412 708 2704 775 peccatoris
2756 709 2928 759 anima
2958 707 3093 775 agit,
3139 722 3256 774 qua:
3294 724 3412 759 cuiu
3466 706 3747 761 horrendo
3772 713 3834 763 ti-

2257 791 2406 830 more
2430 786 2707 848 separatur
2731 792 2759 829 a
2785 792 3027 848 corpore,
3050 787 3103 829 et
3127 777 3295 848 pergit
3333 778 3484 845 plena
3511 780 3746 848 peceatis
3772 791 3826 834 et

2259 848 2453 916 ingenti
2498 847 2809 901 confusione
2847 847 3114 913 depressa.
3155 846 3289 899 Justi
3334 864 3459 900 vero
3500 846 3679 902 anima
3710 864 3828 903 cum

2256 927 2532 983 separatur
2559 933 2587 970 a
2615 932 2858 982 corpore,
2890 933 2993 970 non
3024 918 3204 977 timet,
3236 931 3332 971 nec
3356 920 3664 983 expavescit
3690 935 3702 968 :
3732 920 3823 974 sed

2257 990 2426 1057 magis
2454 1002 2572 1041 cum
2587 987 2775 1057 gaudio
2791 987 3080 1056 egreditur,
3106 995 3160 1041 ct
3183 1002 3301 1040 cum
3327 989 3684 1041 exsitltationc
3709 1004 3828 1055 per-

2256 1059 2331 1122 git
2354 1056 2435 1111 ’ad
2481 1059 2643 1112 Deum
2673 1056 3053 1111 deducentibus
3094 1073 3153 1111 se
3195 1058 3408 1126 Angelis
3432 1059 3653 1111 sanctis.
3688 1059 3831 1114 illam

2256 1143 2383 1196 ergo
2412 1127 2594 1181 horam
2623 1126 2800 1192 modo,
2822 1126 3030 1193 fratres,
3059 1127 3260 1190 timete,
3293 1144 3358 1180 ne
3386 1135 3511 1182 tunc
3554 1129 3784 1182 tiuieatis
3817 1148 3831 1183 :

2258 1197 2397 1251 illam
2443 1213 2581 1251 nunc
2626 1210 2937 1265 praecavete,
2987 1206 3042 1249 ut
3086 1206 3209 1250 tunc
3252 1197 3422 1250 securi
3450 1213 3569 1251 esse
3597 1200 3831 1266 possitis.

2259 1267 2576 1322 Mementote
2600 1266 2794 1336 iugiter
2816 1309 2831 1331 ,
2857 1269 2977 1335 quia
3010 1268 3062 1320 in
3089 1268 3265 1321 medio
3291 1267 3599 1337 laqueorum
3629 1268 3829 1325 diaboli

2257 1338 2569 1401 ambulatis;
2601 1346 2656 1393 et
2683 1337 2802 1391 ideo
2829 1352 3041 1405 semper
3068 1338 3236 1406 parati
3275 1349 3443 1391 θείοιο
3467 1380 3483 1402 ,
3526 1349 3581 1390 nt
3620 1340 3834 1407 quando

2262 1407 2467 1462 ﬂumini
2507 1416 2824 1474 pra-ceptum
2882 1408 3098 1460 missum
3145 1407 3322 1468 fuerit,
3370 1408 3520 1461 liberi
3575 1408 3644 1460 ab
3688 1411 3832 1464 omni

2259 1477 2377 1531 labe
2405 1478 2603 1544 peccati
2648 1477 2712 1531 ad
2746 1480 2982 1544 requiem
3013 1478 3239 1531 transire
3272 1477 3505 1544 possitis.
3534 1477 3644 1532 Nec
3681 1481 3829 1532 arbi-

2260 1548 2467 1601 tremini
2498 1564 2594 1601 vos
2622 1547 2708 1599 diu
2738 1548 2787 1599 in
2814 1547 2912 1600 hoc
2937 1548 3133 1601 mundo
3162 1563 3475 1607 mansuros;
3507 1549 3629 1615 quia
3672 1551 3830 1602 nitui-

2258 1633 2373 1671 rum
2403 1618 2694 1687 proveniet,
2738 1626 2795 1670 iit
2842 1631 2945 1671 neu
2995 1617 3317 1671 concedatur
3359 1627 3479 1687 post
3506 1618 3832 1673 dominicum

2258 1698 2577 1757 pra'ceptum
2618 1691 2836 1741 missum
2881 1703 2979 1742 nec
3015 1688 3167 1757 unius
3207 1687 3351 1741 liora:
3380 1689 3550 1756 spatio
3585 1690 3667 1741 vel
3715 1704 3833 1742 nio-

2259 1756 2443 1813 nieuto
2468 1760 2517 1811 in
2543 1760 2640 1811 bac
2657 1759 2759 1810 vita
2782 1759 3095 1812 consistere.
3115 1756 3307 1811 Cavete
3326 1758 3485 1825 igitur
3507 1774 3573 1811 ne
3595 1759 3662 1812 de
3687 1760 3832 1813 exitu

2258 1841 2437 1899 vestro
2467 1830 2727 1882 tristitiam
2772 1826 2981 1899 faciatis
3005 1828 3216 1897 Angelis
3244 1829 3460 1891 sanctis,
3496 1838 3549 1881 et
3576 1829 3828 1898 gaudium

2260 1898 2501 1952 inimicis.
2533 1899 2730 1953 Scitote
2754 1912 2880 1951 vero
2898 1897 3017 1967 quia
3037 1900 3211 1951 anima
3236 1913 3355 1951 cum
3387 1916 3413 1947 :i
3436 1897 3660 1967 carpere
3685 1900 3830 1952 avel-

2260 1968 2403 2032 litur,
2430 1971 2607 2024 statim
2634 1979 2725 2022 aut
2768 1969 2821 2022 in
2868 1967 3110 2035 paradiso
3157 1983 3250 2035 pro
3296 1968 3446 2022 bonis
3486 1970 3709 2030 meritis,
3741 1978 3834 2023 aut

2257 2051 2401 2092 certe
2429 2055 2525 2107 pro
2557 2040 2785 2107 peccatis
2815 2039 2864 2091 in
2894 2038 3098 2091 iul'eruo
3118 2040 3368 2091 centinuo
3396 2040 3411 2069 ¹
3444 2040 3831 2107 prmcipitatur.

2257 2109 2589 2178 Quapropter
2615 2110 2791 2177 eligite
2821 2108 2978 2160 modo
3005 2108 3145 2176 quod
3188 2108 3365 2171 vultis,
3396 2117 3451 2162 et
3495 2109 3595 2162 hoc
3631 2109 3740 2177 jam
3774 2110 3830 2163 in

2257 2182 2362 2232 vita
2387 2189 2578 2236 vestra.
2613 2180 2698 2231 ltic
2726 2179 3011 2245 disponite,
3060 2188 3150 2232 aut
3195 2180 3571 2248 perpetualiter
3599 2180 3833 2246 gaudere

2256 2264 2376 2303 eum
2407 2252 2624 2311 sanctis,
2649 2258 2739 2302 aut
2765 2250 2881 2303 sine
2904 2250 3006 2302 line
3035 2247 3257 2302 cruciari
3284 2264 3405 2302 cum
3433 2249 3626 2316 impiis.
3652 2248 3835 2316 Inique

2256 2320 2339 2374 vel
2377 2320 2563 2374 saltem
2600 2336 2769 2386 ιιωιιςῐε
2811 2334 2903 2372 vos
2943 2326 3208 2379 terreant,
3236 2319 3278 2371 si
3308 2320 3521 2388 praunia
3551 2334 3657 2371 nun
3688 2319 3831 2371 invi-

2257 2399 2369 2442 tant
2396 2408 2410 2444 :
2440 2400 2491 2444 et
2518 2401 2831 2460 pra'scnlem
2854 2389 3105 2460 mundum
3124 2388 3168 2442 si
3185 2388 3462 2458 chpicere
3485 2405 3588 2442 non
3610 2389 3833 2449 valetis.

2256 2460 2340 2513 vel
2370 2475 2489 2513 cum
2521 2459 2731 2526 ’justitia
2761 2459 3045 2527 possidete.
3079 2460 3175 2523 Qui
3206 2460 3255 2512 iu
3283 2461 3557 2525 juventnte
3586 2460 3780 2512 erravit
3814 2502 3839 2523 ,

2255 2530 2445 2609 saltem
2471 2530 2522 2609 iu
2548 2540 2821 2609 seuectpte
2840 2529 3112 2609 resipiscat
3133 2547 3146 2593 ;
3171 2538 3224 2583 et
3250 2530 3382 2581 mala
3405 2546 3525 2609 qua:
3554 2530 3829 2609 peccando

2254 2602 2553 2663 commisit,
2606 2599 2909 2663 pceiiitendo
2946 2598 3055 2666 jam
3093 2606 3372 2667 expurget.
3405 2598 3541 2653 Ecce
3572 2600 3832 2667 paulatim

2254 2669 2433 2724 deficit
2468 2671 2725 2730 mundus,
2757 2678 2811 2723 et
2856 2679 3046 2723 cuncta
3098 2684 3215 2737 qua:
3262 2668 3531 2730 videntur,
3577 2669 3837 2722 velociter

2256 2749 2502 2808 tanquam
2536 2740 2724 2793 nebula
2751 2749 2843 2792 aut
2860 2748 3105 2807 tauquam
3129 2740 3425 2807 vespertina
3448 2738 3634 2792 umbra
3651 2748 3834 2792 trans-

2252 2822 2399 2863 eunt.
2465 2810 2603 2864 Ecce
2650 2810 2790 2879 quod
2844 2810 2970 2862 olim
3023 2809 3519 2877 przeuuutiabatur,
3573 2809 3835 2877 pra'senti

2255 2882 2492 2949 tempore
2510 2881 2617 2944 jam
2643 2882 2916 2949 perspicue
2937 2880 3174 2932 cernitur
3200 2896 3214 2932 :
3242 2879 3630 2949 subtrahuntur
3646 2880 3837 2934 omnia

2255 2948 2412 3011 bona.
2446 2960 2499 3005 et
2523 2948 2777 3005 eri-sentit
2792 2950 3024 3017 quotidie
3050 2950 3205 3003 mala.
3230 2949 3401 3003 Nolite
3428 2965 3575 3018 ergo,
3607 2948 3833 3010 fratres.

2255 3022 2508 3075 mundum
2552 3020 2660 3091 jam
2692 3020 2933 3089 diligere,
2965 3019 3037 3088 (a)
3069 3035 3225 3091 quem
3265 3028 3408 3073 tanta
3450 3019 3670 3091 cernitis
3707 3034 3835 3072 cum

2252 3091 2527 3144 velocitate
2556 3089 2795 3144 transire
2846 3108 2860 3145 :
2905 3091 3066 3144 nolite
3094 3090 3144 3143 iit
3172 3089 3287 3157 ejus
3323 3104 3505 3143 amore
3533 3090 3838 3143 auclioram

2252 3161 2429 3216 Cordis
2451 3161 2556 3229 jam
2589 3160 2769 3229 figere,
2796 3177 2953 3227 quem
2995 3162 3072 3213 sic
3111 3159 3176 3212 ad
3207 3161 3363 3212 linem
3392 3160 3701 3227 conspicitis
3729 3160 3834 3212 de-

2252 3232 2449 3301 clinare
2481 3249 2495 3284 :
2524 3232 2816 3301 praesertim
2842 3246 2960 3283 cum
2993 3229 3274 3301 Apostolus
3296 3230 3507 3295 clamet,
3527 3230 3669 3299 quod
3691 3230 3833 3285 ami-

2251 3302 2373 3355 citia
2405 3300 2560 3369 hujus
2589 3300 2768 3354 mundi
2796 3301 3002 3354 inimica
3033 3302 3101 3353 sit
3132 3300 3259 3354 Deo.

2323 3370 2411 3425 2‘2.
2447 3372 2612 3425 Vitam
2641 3386 2769 3439 ergo
2810 3381 3060 3425 :cteruam
3103 3386 3168 3424 ex
3203 3370 3450 3423 omnibus
3492 3385 3699 3438 praecor
3728 3369 3834 3426 diis

2249 3443 2443 3496 Vestris
2470 3452 2663 3507 amate,
2697 3458 2852 3511 qttam
2883 3456 3146 3509 nunquam
3178 3441 3233 3494 in
3258 3442 3449 3494 sarcula
3479 3440 3699 3493 finiatis.
3750 3440 3827 3510 (ὑ)

2255 3513 2382 3566 Illuc
2416 3512 2678 3578 festinate,
2712 3510 2796 3564 tibi
2842 3527 3050 3579 semper
3078 3511 3292 3572 viVatis.
3333 3521 3387 3564 et
3421 3511 3507 3564 ubi
3546 3510 3659 3579 jam
3691 3513 3830 3565 mori

2252 3598 2519 3652 nunquam
2551 3582 2796 3636 linteatis.
2824 3581 2878 3636 Si
2910 3581 3050 3634 enim
3075 3582 3152 3635 sic
3176 3582 3368 3635 amatis
3396 3581 3547 3635 istam
3566 3583 3831 3652 miseram

2251 3651 2571 3721 fluidumque
2599 3653 2779 3715 vitam,
2805 3652 2890 3704 tibi
2912 3666 3039 3721 (cum
3070 3660 3215 3703 tanto
3240 3652 3418 3705 labore
3434 3651 3632 3715 vivitis,
3662 3660 3719 3704 et
3740 3652 3831 3705 tibi

2250 3724 2334 3778 vix
2363 3719 2644 3787 curri-udo,
2674 3719 2979 3789 satageudo.
3005 3721 3268 3784 sudando,
3292 3720 3609 3788 suspirando
3642 3736 3831 3774 neces-

2251 3793 2408 3847 s:triis
2427 3795 2664 3861 Corporis
2692 3792 2994 3846 satisfaciiis
3022 3810 3033 3844 :
3067 3801 3263 3859 quanto
3291 3792 3455 3859 magis
3500 3805 3686 3844 amare
3731 3791 3830 3844 de-

2252 3863 2388 3919 betis
2410 3864 2567 3916 vitant
2607 3875 2881 3931 attentam,
2932 3862 3017 3915 ubi
3067 3862 3266 3915 nullum
3307 3876 3535 3929 utiquam
3584 3862 3826 3915 laborem

2252 3934 2597 3998 sustinebitis,
2624 3932 2714 3987 ubi
2747 3948 2955 4001 semper
2984 3948 3190 3985 suunua
3217 3941 3299 3985 est
3325 3932 3604 3992 securitas,
3637 3945 3831 3985 secura

2254 4005 2494 4065 felicitas,
2527 4003 2646 4058 felix
2679 4005 2910 4065 libertas,
2944 4003 3105 4056 libera
3140 4003 3391 4065 beatitas;
3447 4001 3532 4055 ubi
3580 4001 3832 4069 implebi~

2254 4084 2335 4126 tttr
2372 4074 2498 4127 illud
2533 4074 2671 4142 quod
2724 4075 2977 4127 Dominus
3005 4074 3074 4142 riu
3112 4072 3409 4142 (Evangelio
3454 4071 3599 4131 dicit,
3660 4070 3826 4123 Erunt

2252 4146 2476 4197 homines
2503 4141 2689 4198 similes
2709 4144 2910 4212 Angelis
2940 4141 3148 4211 (Matth.
3181 4158 3319 4205 uti,
3352 4143 3442 4210 50)
3464 4158 3481 4212 ;γ
3504 4142 3833 4212 similes_uti-

2251 4230 2356 4282 que
2390 4230 2491 4266 non
2523 4210 2834 4274 substantia,
2859 4210 2955 4265 sed
2978 4212 3323 4282 beatitudine.
3366 4213 3431 4264 lit
3472 4211 3607 4282 illud
3637 4230 3651 4266 :
3682 4210 3828 4264 Tunc

2240 4280 2372 4351 justi
2393 4283 2651 4353 fulgebunt
2671 4285 2797 4335 sicut
2818 4283 2894 4353 sol
2915 4283 2966 4334 iu
2988 4298 3140 4350 regno
3177 4280 3346 4353 Putris
3366 4298 3536 4333 eorum
3560 4281 3673 4348 (Id.
3706 4296 3823 4341 xm,

2250 4354 2365 4421 45).
2396 4352 2579 4420 Qualis
2601 4362 2749 4420 putas
2773 4352 2872 4406 erit
2902 4362 3024 4405 tunc
3049 4352 3300 4419 splendor
3316 4353 3636 4414 anituartnn,
3661 4368 3830 4419 quau-

2250 4424 2319 4477 do
2344 4425 2470 4477 sols
2507 4424 2795 4477 claritatem
2843 4422 3054 4476 habebit
3094 4423 3181 4477 lux
3230 4422 3559 4490 corporum?
3601 4421 3678 4475 lbi
3713 4422 3823 4490 jam

2254 4510 2357 4547 non
2380 4494 2481 4546 erit
2508 4494 2607 4547 ulla
2628 4493 2859 4557 tristitia,
2890 4494 3065 4547 nullus
3094 4492 3261 4556 labor,
3292 4492 3466 4545 nullus
3496 4492 3676 4553 dolor,
3708 4492 3827 4543 nul—

2253 4564 2334 4617 lus
2355 4566 2530 4628 timor,
2563 4566 2699 4617 nulla
2727 4580 2897 4625 mors;
2934 4562 3026 4616 sed
3072 4572 3322 4631 perpetua
3367 4577 3579 4631 semper
3627 4563 3829 4614 sanitas

2253 4635 2628 4702 perseverabit.
2659 4633 2807 4687 Nulla
2833 4633 2900 4686 ibi
2927 4642 3210 4702 consurget
3236 4633 3456 4691 malitia.
3485 4634 3629 4685 nulla
3646 4632 3828 4686 carnis

2254 4705 2484 4768 miseria,
2508 4704 2649 4757 nulla
2669 4703 2945 4773 aegritudo,
2967 4704 3105 4757 nulla
3126 4706 3342 4756 omnino
3366 4707 3682 4756 necessitas.
3715 4702 3827 4756 Non

2252 4776 2352 4829 erit
2380 4777 2446 4828 ibi
2481 4773 2669 4839 fames,
2695 4791 2799 4827 non
2823 4774 2961 4838 sitis,
2997 4791 3096 4825 non
3126 4774 3310 4841 frigus,
3344 4788 3446 4826 non
3478 4782 3667 4835 :cstus,
3724 4787 3827 4825 nou

2252 4845 2505 4899 lassitudo
2524 4844 2729 4912 jejunii,
2776 4859 2874 4897 nec
2903 4844 3004 4896 ulla
3049 4843 3267 4897 teutatio
3296 4843 3514 4909 inimici,
3568 4859 3677 4896 non
3717 4843 3825 4910 jam

2256 4915 2506 4984 peccandi
2535 4916 2793 4977 voluntas,
2824 4929 2921 4967 nec
2950 4915 3054 4967 ulla
3082 4914 3421 4982 delinquendi
3457 4914 3819 4984 possibilitas;

2252 4982 2342 5040 Sed
2374 4997 2539 5038 totum
2570 4985 2870 5047 exsultatio,
2905 4992 3070 5037 totum
3098 4984 3277 5036 l:etitia
3305 4984 3614 5051 possidebit,
3662 4982 3833 5035 innui-

2253 5073 2452 5123 ues-pte
2502 5056 2719 5118 Angelis
2764 5055 2947 5107 siiciati
2997 5056 3112 5108 sine
3161 5055 3263 5106 ulla
3302 5055 3478 5106 carnis
3522 5054 3831 5106 inﬁrmitate

2254 5130 2562 5179 vernaliuut.
2597 5124 2668 5179 lbi
2697 5141 2822 5194 ergo
2849 5127 2950 5178 erit
2980 5125 3155 5178 laetitia
3183 5135 3356 5185 certa,
3396 5125 3465 5176 ibi
3498 5124 3713 5192 requies
3741 5138 3822 5194 sc-

2251 5212 2396 5256 cura,
2425 5198 2490 5248 ibi
2517 5211 2612 5262 pax
2642 5192 2788 5258 vera,
2824 5195 2894 5249 ibi
2922 5196 3225 5262 iucunditas
3268 5194 3493 5257 iuliuita,
3522 5195 3610 5247 tibi
3650 5195 3696 5246 si
3748 5192 3826 5243 lo-

2250 5283 2345 5321 cus
2369 5265 2639 5320 obtinendi
2668 5267 2806 5319 ullus
2832 5266 3006 5331 fuerit,
3037 5265 3311 5320 amittendi
3344 5266 3396 5321 iu
3424 5264 3620 5317 swcula
3651 5264 3829 5317 nullus

2249 5438 2527 5549 sariualibcst,
2550 5436 2781 5491 continuo.
2807 5450 2836 5487 a
2860 5444 2940 5487 Ms.
2958 5438 3232 5488 CorbeicaSI
3258 5446 3312 5487 ct
3332 5451 3359 5485 a
3384 5437 3508 5486 libro
3526 5436 3594 5486 de
3614 5438 3831 5486 Vanitatis

2312 5586 2385 5645 to)
2404 5591 2511 5632 ttzec
2528 5584 2691 5637 verba.
2706 5595 2845 5645 quem
2860 5590 3007 5647 trait-7,
3027 5598 3184 5647 usque
3199 5583 3276 5643 ad,
3291 5582 3401 5646 jam
3421 5578 3593 5645 ﬁgere,
3612 5581 3831 5631 addim

2253 5660 2314 5695 ex
2353 5648 2475 5694 libro
2495 5646 2560 5694 de
2584 5644 2796 5694 vanitate
2813 5644 2995 5695 seculi.

2316 5709 2385 5769 (ti)
2412 5714 2475 5757 ita
2500 5714 2552 5756 et
2576 5706 2731 5770 )tedit.
2756 5707 2998 5769 Berttat‘di,
3014 5720 3119 5770 cap.
3144 5706 3219 5769 t7,
3244 5713 3405 5759 etscr.

2253 5775 2464 5835 Appeud.
2490 5780 2603 5821 toan
2623 5769 2669 5817 ὃ.
