4076 6370
326 334 476 391 "89

334 451 513 505 minus
534 448 711 513 dicat,
742 449 942 504 nullum
992 458 1276 520 ponentem
1307 460 1520 502 manum
1568 447 1619 501 in
1646 457 1824 520 aratro
1852 459 1906 503 et

334 520 707 589 respicientem
735 519 1051 583 retrorsum,
1086 519 1301 587 dignum
1324 533 1445 573 csso
1461 532 1624 587 regno
1644 519 1901 589 coalorum

339 587 487 658 (Luc.
515 606 587 653 Ix,
621 590 730 658 δὲ).
751 589 1040 658 Respicerc
1068 601 1243 643 autem
1275 596 1586 653 retrorsum,
1610 588 1737 641 nihil
1761 587 1903 640 aliud

335 670 413 713 est
442 673 598 728 quant
632 658 683 712 in
714 674 779 712 eo
828 674 1145 727 quemquam
1200 658 1460 727 paenitere
1502 658 1641 728 quod
1673 658 1902 728 coeperit

334 726 553 793 bonum,
584 736 637 781 et
666 726 874 782 rursum
903 726 1183 782 mundanis
1206 726 1491 783 desideriis
1522 726 1770 796 obligari.
1797 726 1904 781 De-

329 802 494 868 nique
518 798 586 850 ab
605 812 701 867 spe
738 798 907 868 venia:
936 797 1078 852 nulla
1114 814 1211 851 nos
1237 799 1495 851 malorum
1519 798 1785 868 quantitas
1812 811 1902 868 re-

329 866 485 922 vocet
509 885 520 919 :
546 866 668 936 quia
699 867 939 937 quamvis
960 869 1135 935 gravis
1161 870 1230 922 sit
1255 869 1407 936 culpa
1439 868 1687 937 humana,
1709 866 1906 937 largior

331 939 681 991 nihilominus
710 936 793 991 est
824 938 1182 991 misericordia
1224 939 1421 991 divina.
1454 936 1605 991 Unde
1631 952 1724 1005 per
1757 936 1904 989 Psal-

325 1010 541 1063 mistam
563 1005 951 1071 dicitur,Mulla
975 1017 1046 1060 est
1073 1009 1213 1076 apud
1236 1008 1507 1076 Dominum
1536 1005 1900 1076 misericordia,

326 1088 374 1131 et
399 1078 603 1147 copiose
629 1077 770 1147 apud
798 1093 921 1129 eum
964 1072 1238 1147 redemptio
1288 1078 1306 1147 (
1332 1075 1475 1147 Padi.
1505 1090 1691 1140 cunt,
1724 1072 1801 1146 7).
1835 1074 1903 1128 Et

324 1145 539 1208 iterum,
566 1145 673 1200 Cor
690 1148 961 1200 contritum
988 1156 1036 1201 et
1077 1145 1395 1200 humiliatum
1420 1145 1559 1199 Deus
1604 1162 1704 1198 non
1750 1160 1899 1212 sper-

324 1220 399 1270 nit
421 1216 591 1281 (Psal.
622 1232 671 1281 ι,
701 1215 806 1287 l9).

394 1289 484 1341 27.
518 1287 641 1340 llaec
671 1284 788 1349 nos,
813 1285 1024 1351 fratres,
1052 1286 1241 1341 diebus
1271 1300 1333 1340 ac
1359 1284 1606 1339 noctibus
1635 1285 1892 1339 memoria

320 1357 593 1419 refoveat.
646 1356 759 1409 haec
796 1369 895 1409 nos
947 1367 1207 1426 praecepta
1249 1355 1555 1426 frequenter
1586 1355 1895 1408 sollicitent.

322 1428 568 1481 Debitum
585 1426 706 1479 vita:
735 1428 893 1479 linem
912 1426 1021 1495 jam
1042 1426 1258 1495 jamque
1284 1425 1585 1479 adfuturum
1611 1436 1857 1492 putemus
1882 1440 1894 1475 :

318 1499 660 1564 vicinumque
677 1509 952 1564 speremus
978 1497 1164 1549 mortis
1187 1497 1349 1560 diem,
1375 1510 1532 1563 quem
1551 1495 1893 1562 longinquum

320 1581 445 1621 esse
493 1566 778 1620 nescimus.
811 1565 966 1619 Modo
992 1565 1337 1620 emendemus
1366 1564 1505 1634 quod
1543 1564 1893 1633 deliquimus;

320 1651 394 1691 ne
435 1645 562 1690 tunc
590 1636 850 1703 poenitere
890 1635 1208 1703 incipiamus
1235 1636 1446 1703 quando
1466 1636 1575 1701 jam
1620 1649 1724 1686 non
1754 1634 1897 1703 vale:

319 1706 520 1760 bimus.
553 1701 667 1759 Erit
706 1706 919 1774 quidem
960 1701 1014 1759 et
1068 1706 1118 1757 in
1166 1701 1376 1759 inferno
1423 1705 1730 1774 pmnitcntia
1754 1742 1769 1765 ,
1799 1701 1895 1774 sed

316 1778 540 1830 omnino
569 1772 915 1828 infructuosa.
944 1774 1060 1828 Erit
1085 1774 1155 1827 ibi
1186 1775 1497 1842 poenitentia
1524 1773 1763 1826 dolorem
1798 1772 1895 1824 lia-

317 1846 453 1900 bens
472 1886 487 1909 ,
515 1845 608 1899 sed
635 1845 953 1899 medicinam
986 1859 1089 1898 non
1124 1846 1356 1898 habens:
1384 1845 1563 1912 ibique
1591 1843 1895 1896 nullatenus

310 1917 517 1985 poterit
541 1930 571 1968 a
611 1915 722 1985 Deo
759 1915 1052 1983 promereri
1082 1915 1221 1983 quod
1251 1914 1521 1985 petit,_qui
1550 1914 1633 1985 hic
1654 1913 1894 1985 noluerit

315 1983 505 2039 audire
535 1984 675 2054 quod
700 1985 839 2038 Deus
868 1985 1051 2055 jussit.
1084 1983 1329 2055 Ideoque,
1368 1983 1664 2055 cltarissimi
1690 2024 1704 2044 ,
1728 1997 1895 2050 quan-

315 2064 429 2109 tum
457 2069 740 2123 possumus
759 2096 774 2118 ,
804 2054 1086 2124 pra-ceptis
1117 2054 1211 2108 Dei
1260 2056 1310 2107 in
1340 2054 1588 2107 omnibus
1611 2054 1893 2124 obtempe-

304 2120 531 2185 remus;
555 2133 614 2178 ut
641 2124 712 2177 ibi
737 2120 1012 2192 praemium
1031 2124 1267 2177 muneris
1291 2123 1581 2191 capiamus.
1610 2122 1732 2190 Ipsi,
1762 2120 1890 2192 dum

315 2195 465 2260 licet,
497 2194 584 2248 hic
632 2191 750 2247 nos
772 2193 1115 2263 castigemus,
1147 2195 1246 2263 ipsi
1278 2195 1551 2263 nobiscum
1570 2192 1638 2263 de
1677 2191 1888 2245 actibus

310 2264 510 2319 nostris
556 2264 817 2318 rationem
868 2262 1122 2317 faciamus
1153 2262 1298 2332 {ipsi
1340 2277 1436 2317 nos
1491 2262 1650 2331 judici
1693 2271 1879 2332 nostro

307 2346 667 2394 accusemus.
723 2330 1345 2402 atqueemendationem
1398 2330 1635 2386 nostram
1686 2347 1790 2384 non
1820 2330 1889 2384 ad

309 2412 611 2460 extremum
639 2403 763 2457 vitae
800 2401 1113 2457 ’dill'eramus
1136 2420 1149 2455 :
1175 2404 1270 2457 sed
1322 2403 1533 2472 quoties
1562 2403 1616 2455 in
1655 2401 1888 2470 peccatis

1625 332 1853 390 SEliMO
1893 324 1979 390 DE
2018 332 2150 390 SYM
2160 333 2350 389 DOLO.

2014 448 2259 521 labimur,
2289 460 2385 515 per
2406 446 2772 521 paenitentiam
2808 446 3172 521 remi-gamus,
3202 467 3273 511 ac
3298 456 3430 513 totis
3456 460 3585 517 viri.

2014 518 2113 570 lms
2144 518 2445 589 voluptates
2461 518 2724 589 pessimas
2746 518 3027 589 carnisque
3064 518 3344 581 illecebras
3367 530 3587 585 vincen-

2013 595 2114 667 tes,
2150 586 2276 667 illud
2306 586 2625 667 omnimodis
2656 586 3049 667 praecaveamus
3081 609 3094 644 :
3123 598 3373 663 quoniam
3404 604 3581 667 quoti-

2012 656 2099 709 die
2126 656 2188 709 ad
2217 664 2442 711 mortem
2472 656 2820 725 properamus
2846 699 2861 720 .
2892 669 2946 713 et
2973 660 3098 714 dum
3130 656 3396 721 nescimus
3422 656 3582 724 ἐθεη-
3614 708 3623 725 ς

2012 728 2164 809 rique
2198 721 2590 809 consistimus,
2636 736 2853 809 repente
2914 744 3061 784 mors
3115 734 3281 809 venit.
3337 721 3622 809 lbivergqni

2011 794 2323 848 festinemus
2357 796 2451 869 ubi
2496 796 2606 869 jam
2639 794 2742 869 non
2781 799 3033 863 timetur,
3079 810 3136 855 et
3173 803 3259 857 ubi
3289 820 3388 858 nos
3413 794 3583 866 sanc'ti
3616 794 3623 869 ἐ

2010 880 2205 935 omnes
2228 864 2501 935 suscipere
2530 866 2611 919 vel
2656 867 2835 921 videre
2867 869 3208 935 desiderant,
3240 874 3326 927 ubi
3366 889 3462 929 nos
3489 864 3579 932 res
3616 864 3625 915 i-

2007 934 2253 1012 cielestis
2287 934 2528 1012 Christus
2556 944 2610 989 et
2654 940 2864 1004 superni
2915 934 3295 1012 civesiAngeli
3335 949 3583 1012 expansis
3614 944 3623 990 ι

2005 1004 2285 1080 charitatis
2309 1003 2543 1080 brachiis
2571 1003 2903 1080 exspectant.
2951 1009 3045 1068 lbi.
3077 1003 3313 1080 inquam,
3363 1003 3582 1069 festine-

2006 1088 2144 1153 mus,
2179 1073 2264 1126 ubi
2309 1074 2426 1128 sine
2462 1075 2566 1127 fine
2592 1076 2827 1153 vivamus
2850 1119 2865 1139 ,
2911 1088 2978 1153 et_
3006 1080 3093 1132 ubi
3120 1073 3373 1149 angeliCis
3402 1086 3572 1153 agmi-

2005 1142 2160 1217 nibus
2194 1152 2483 1217 consortes
2496 1158 2620 1217 esse
2648 1146 2933 1212 possimus.
2957 1147 3031 1202 Ita
3061 1142 3335 1217 postremo
3357 1153 3409 1205 in
3436 1142 3573 1208 Exsi-

2005 1212 2079 1266 lio
2118 1213 2273 1279 hujus
2325 1214 2504 1267 mundi
2533 1229 2791 1290 agamus,
2832 1225 2904 1290 _nt
2938 1218 3005 1271 ad
3036 1212 3275 1290 futurum
3321 1221 3577 1290 judicium

2003 1298 2123 1336 cum
2158 1297 2344 1355 secura
2368 1284 2689 1337 conscientia
2724 1286 2875 1339 bonis
2900 1289 3150 1355 operibus
3189 1284 3360 1345 ornati
3389 1295 3576 1348 venia-

2006 1369 2124 1404 mus
2154 1370 2166 1404 :
2196 1352 2371 1421 ibique
2400 1355 2759 1421 gratissimum
2793 1356 2899 1409 Deo
2921 1352 3112 1411 munus
3134 1371 3343 1415 nostras
3371 1364 3579 1419 animas

2003 1422 2286 1491 offeramus
2318 1440 2331 1476 :
2361 1433 2418 1476 ut
2446 1438 2543 1491 pro
2570 1422 2670 1477 hoc
2694 1428 3020 1480 commercio
3063 1428 3131 1481 ab
3155 1444 3221 1483 eo
3266 1434 3581 1488 mteruitatis

2003 1490 2380 1570 beatitudinem
2429 1490 2672 1562 accipere
2685 1502 2752 1570 _et
2783 1496 3129 1570 _in_szeculum
3158 1500 3335 1570 saeculi
3360 1503 3577 1570 gloriari

2003 1563 2284 1628 possimus.
2324 1562 2447 1617 llaec
2489 1578 2617 1625 nos,
2649 1564 2946 1618 cltarissimi
2977 1606 2992 1627 .
3030 1568 3276 1622 mandata
3328 1562 3583 1627 hactenus

2001 1632 2150 1702 quasi
2184 1632 2266 1684 lac
2291 1632 2440 1685 vobis
2468 1635 2727 1702 gustanda
2759 1637 3100 1702 porreximus
3131 1654 3143 1690 :
3177 1648 3230 1691 et
3268 1653 3394 1694 ecce
3422 1643 3579 1697 modo

2001 1701 2101 1779 sub
2147 1702 2449 1779 testimonio
2476 1701 2568 1756 Dei
2596 1713 2663 1779 et‘
2680 1701 2985 1779 sanctorum
3012 1706 3337 1779 angelorum
3364 1712 3453 1779 qui
3480 1726 3582 1765 nos

2001 1770 2281 1845 loquentes
2323 1774 2572 1845 audiunt,
2617 1773 2940 1845 absolvimus
2998 1770 3235 1830 debitum
3292 1770 3572 1845 nostrum,

1998 1842 2232 1893 coelestia
2263 1841 2420 1917 vobis
2452 1853 2710 1911 praecepta
2755 1844 3047 1917 tradentes.
3093 1846 3302 1901 Amodo
3340 1849 3451 1917 jam
3485 1841 3576 1905 ve;

1998 1922 2166 1981 strum
2193 1921 2275 1981 est
2307 1912 2559 1979 cogitare,
2600 1922 2860 1981 quatenus
2887 1926 2940 1969 et
2973 1915 3265 1971 admonitio
3293 1912 3472 1973 nostra
3492 1920 3575 1975 ef-

1998 1978 2191 2053 [ectum
2222 1978 2411 2053 habeat
2440 1978 2658 2049 salutis,
2693 1993 2746 2037 et
2774 2000 2868 2038 vos
2892 2000 3106 2053 semper
3134 1987 3459 2044 voluntatem
3477 1991 3569 2045 Dei

1998 2048 2249 2126 hie-iantes
2265 2051 2332 2103 ab
2360 2053 2503 2126 omni
2524 2068 2619 2107 vos
2647 2054 2787 2126 malo
2804 2048 3117 2126 custodiatis
3136 2096 3151 2121 ,
3175 2066 3333 2126 atque
3354 2058 3571 2114 demum

1998 2120 2264 2197 liberi__ab
2289 2121 2432 2173 oumi
2463 2124 2778 2197 contagime
2809 2126 3010 2197 peccati
3040 2124 3105 2178 ad
3137 2120 3303 2194 regna
3326 2129 3565 2184 cmlestia

1998 2189 2346 2262 tripudiantes
2389 2189 2671 2262 pervenire
2721 2189 2935 2261 possitis
2967 2212 2979 2246 :
3013 2189 3301 2262 praestante
3338 2199 3565 2253 Domino

1996 2271 2179 2335 nostro
2205 2260 2330 2335 .lestt
2369 2261 2618 2328 Christo,
2667 2260 2756 2331 qui
2789 2276 2909 2317 cum
2933 2260 3090 2318 Patre
3115 2274 3169 2335 et
3205 2267 3404 2335 Spiritu
3441 2284 3570 2323 san-

1996 2338 2084 2452 ito
2122 2330 2249 2383 vivit
2275 2338 2328 2383 et
2369 2340 2554 2400 regnat
2611 2330 2707 2401 per
2743 2342 2936 2387 cuncta
2991 2334 3186 2388 saecula
3233 2330 3575 2393 mulorum.

2051 2414 2195 2451 men.

2051 2414 2195 2451 men.

1755 2623 2141 2695 SEBMO

1247 2790 1519 2929 DE
1576 2774 2681 2934 SYM.BOLO‘“’.

378 3042 658 3096 Exonnmu
684 3037 830 3093 Fidei
839 3037 1092 3092 interioris
1103 3034 1423 3091 dexterioris
1433 3035 1722 3104 necessitas.
1736 3032 1778 3104 VS
1784 3050 1890 3104 ym-

295 3114 482 3168 fbolum
495 3111 671 3181 regule
685 3110 823 3181 ﬁdei.
856 3109 969 3173 Qua
980 3110 1174 3181 ratione
1191 3106 1483 3181 institutum
1608 3103 1743 3181 Quid
1753 3103 1889 3157 com-

308 3174 578 3254 pla-(amr:
598 3178 671 3250 (b)
685 3179 876 3254 Notum
890 3188 1006 3254 est,
1024 3175 1375 3254 dilectissimi,
1392 3174 1646 3254 Charitati
1669 3182 1883 3254 vestras,

298 3242 666 3324 illlOd_lllililt_‘.é
690 3250 867 3304 saeculi
890 3248 1146 3324 beneficia
1186 3244 1496 3324 temporalia
1526 3258 1556 3298 a
1583 3242 1892 3324 temporali-

310 3312 410 3376 bus
434 3320 663 3375 dominis
688 3320 983 3386 accepturi,
1012 3319 1157 3386 prius
1183 3312 1529 3371 sacramentis
1572 3312 1891 3367 militaribus

294 3393 633 3462 obligantur,
666 3400 719 3443 et
743 3389 972 3462 dominis
1001 3388 1112 3441 suis
1141 3388 1295 3441 fidem
1325 3400 1384 3439 se
1407 3393 1730 3462 servaturos
1770 3398 1893 3462 pro-

310 3453 528 3517 ﬁtentur
557 3477 570 3512 :
594 3453 792 3529 quanto
820 3459 988 3528 magis
1012 3473 1139 3527 ergo
1182 3466 1381 3529 interno
1407 3454 1536 3523 Regi
1578 3453 1888 3529 militaturi,

309 3541 367 3587 et
417 3524 625 3585 aeterna
660 3530 875 3595 praemia
907 3524 1239 3597 percepturi,
1291 3525 1489 3578 debent
1540 3524 1892 3597 sacramentis

307 3600 619 3657 cmlestibus
647 3593 1009 3669 Obligari,—eti
1044 3593 1200 3669 [idem
1248 3610 1343 3669 per
1387 3608 1544 3669 quam
1570 3593 1890 3669 ei_placiit_tri

308 3681 469 3733 sunt,
495 3670 702 3740 publice
727 3662 960 3740 proﬁteri
994 3668 1019 3720 9
1047 3667 1179 3740 Dicit
1228 3662 1373 3740 enim
1406 3662 1740 3740 'Apos_tolu_s_,
1770 3662 1895 3740 Sine

311 3742 419 3811 ﬁde
440 3731 747 3811 int-possibile
763 3749 836 3792 est
865 3738 1062 3811 placere
1089 3736 1196 3811 Deo
1219 3734 1403 3802 (Hebr.
1442 3731 1514 3796 xi,
1545 3734 1623 3803 6).
1666 3731 1814 3787 Hanc
1839 3734 1891 3811 in

303 3802 563 3867 cordibus
588 3810 783 3864 nostris
805 3802 1062 3877 agnoscit,
1081 3807 1168 3874 qui
1191 3814 1455 3859 scrutatur
1485 3802 1641 3877 renes
1643 3812 1709 3877 et
1731 3802 1891 3877 corda

304 3884 331 3953 η(
345 3880 490 3935 Psal.
522 3896 615 3945 vn,
644 3878 754 3953 i0).
806 3873 912 3953 set
946 3885 1161 3953 propter
1189 3874 1608 3953 conservandam
1643 3873 1894 3953 @qclesize

313 3943 1003 4017 itnitatem,'dispensationi
1034 3945 1471 4017 hujustcmporis
1494 3958 1615 4017 cum
1647 3943 1751 3996 ﬁde
1771 3957 1898 4017 _c_or-

308 4023 399 4076 dis
420 4011 725 4075 necessaria
742 4027 825 4072 est
839 4018 950 4071 oris
979 4016 1244 4071 confessio
1274 4031 1287 4066 :
1325 4011 1448 4081 quia
1476 4012 1637 4067 corde
1658 4011 1896 4081 creditur

310 4092 383 4145 ad
407 4090 693 4158 justitiam,
712 4103 806 4142 ore
829 4097 1003 4141 autem
1029 4085 1294 4158 confessio
1321 4080 1700 4158 ﬁtadsaiutem

312 4178 371 4222 ς,
404 4153 647 4232 ξομποη
676 4169 876 4232 tantum
901 4157 1339 4232 praedicatorum,
1370 4153 1654 4232 sed_etiam
1682 4153 1895 4232 audito-

308 4223 605 4286 rum.'Nou
638 4230 779 4282 enim
810 4223 964 4282 aliter
1004 4225 1169 4280 frater
1189 4224 1255 4279 de
1282 4223 1445 4278 fratre
1474 4224 1611 4277 bene
1635 4223 1856 4277 sentiret
1877 4261 1894 4287 ,

316 4317 421 4355 nec
453 4316 549 4367 pax
578 4299 827 4353 Ecclesiae
859 4308 1179 4361 servaretur,
1211 4309 1310 4367 nec
1354 4294 1517 4348 alium
1546 4292 1741 4367 docere
1760 4332 1774 4353 .
1798 4300 1900 4367 aut

315 4373 387 4425 ab
409 4362 743 4444 aiiodisccre
771 4368 929 4444 saluti
959 4366 1257 4421 necessaria
1273 4372 1498 4444 posset,
1526 4363 1635 4444 nisi
1662 4362 1815 4444 quod
1846 4363 1897 4444 in

306 4442 484 4495 corde
515 4440 674 4495 habet
693 4479 709 4502 .
740 4439 905 4508 signis
927 4452 1116 4491 vocum
1146 4433 1394 4508 tanquam
1421 4433 1813 4508 sttis‘vehiculis
1832 4433 1898 4508 ad

314 4514 549 4565 aliorum
572 4508 731 4564 corda
764 4503 1166 4563 transmitteret.
1200 4503 1295 4575 BSt
1318 4519 1451 4575 ergo
1489 4503 1622 4557 ﬁdes
1645 4511 1702 4556 et
1737 4503 1900 4575 corde

316 4579 581 4637 servanda
602 4620 616 4643 ,
661 4588 715 4632 et
751 4593 845 4632 ore
871 4576 1182 4646 promenda.
1210 4574 1368 4629 Fides
1390 4572 1898 4646 'namqueomnium

318 4654 581 4707 bonorum
607 4658 691 4704 est
721 4642 1121 4704 fundamentum
1146 4685 1161 4712 ,
1210 4652 1267 4698 et
1313 4647 1558 4698 humanae
1584 4642 1772 4696 salutis
1819 4642 1902 4694 in-

319 4721 634 4776 itium.Sine
660 4720 759 4774 bac
781 4733 939 4773 nemo
965 4716 1033 4771 ad
1059 4730 1340 4772 numerum
1368 4713 1596 4767 ﬁliorum
1624 4712 1716 4767 Dei
1744 4720 1900 4780 pote.

316 4794 391 4845 rit
407 4791 685 4863 pervenire
709 4808 723 4844 :
745 4790 866 4863 quia
883 4789 1000 4842 sine
1026 4788 1138 4863 ipsa
1164 4786 1215 4839 in
1242 4784 1344 4838 hoc
1373 4783 1569 4863 sarculo
1587 4796 1693 4863 nec
1707 4781 1903 4863 justifi-

310 4853 548 4916 cationis
590 4853 932 4929 consequitur
972 4853 1229 4929 gratiam,
1259 4870 1362 4909 nec
1413 4855 1468 4908 in
1523 4853 1702 4929 futuro
1741 4853 1900 4929 vitam

316 4931 616 5003 possidebit
642 4922 916 5003 aeternam.
946 4922 1012 4982 Et
1039 4931 1099 5003 _si
1145 4927 1265 5003 quis
1301 4940 1405 4980 non
1418 4922 1786 5003 ambulaverit
1810 4938 1905 5003 per

318 4991 513 5065 iidem,
543 5016 647 5056 non
674 5000 951 5072 perveniet
988 4998 1056 5052 ad
1079 4991 1387 5072 __spcciem._
1416 4994 1530 5049 Hoc
1570 4991 1903 5072 attendentes

314 5063 790 5144 sancti’Apust'oli,
821 5080 1021 5125 certam
1073 5063 1194 5121 fidei
1220 5066 1478 5144 regulam
1534 5063 1898 5144 tradiderunt,

314 5157 483 5214 quam
534 5132 1151 5214 secundum‘numerum
1205 5132 1568 5214 A_po:stolicum
1618 5132 1902 5214 duodecim

319 5207 602 5268 sententiis
622 5209 1084 5281 comprehensam,
1104 5207 1419 5277 Symbolum
1434 5212 1759 5281 vocaverunt
1775 5218 1795 5257 :
1811 5217 1906 5273 per

317 5300 481 5353 quam
507 5277 786 5353 credentes
806 5279 1120 5353 catholicam
1149 5285 1391 5331 tenerent
1407 5277 1664 5353 unitatem
1681 5314 1713 5353 ,-
1736 5282 1792 5328 et
1811 5288 1905 5353 per

318 5343 482 5424 quam
534 5352 837 5407 hmreticam
879 5349 1260 5405 convincerent
1310 5347 1641 5415 pravitatem.
1679 5343 1808 5417 Sym

386 5485 466 5550 (α)
488 5484 680 5550 Qlimjn
703 5482 931 5550 tomo_i_0,
955 5482 1020 5532 de
1042 5488 1297 5550 Tempore
1312 5490 1461 5549 serm.
1489 5477 1573 5550 18l_
1590 5511 1606 5534 ,
1640 5482 1694 5525 et
1725 5482 1834 5550 post
1858 5476 1906 5526 in

567 5546 648 5596 59.
674 5540 977 5611 lassitudini),
1012 5540 1232 5611 Caesarie,
1268 5540 1523 5611 Gregorio,
1543 5546 1721 5611 bone“
1734 5545 1908 5611 (gerito-

318 5599 471 5666 tétisi,
511 5613 628 5666 etc.,
668 5605 926 5664 collectus,
963 5599 1019 5653 et
1058 5605 1257 5665 insuper
1294 5599 1506 5666 Append.
1541 5601 1655 5649 tomi
1690 5599 1722 5647 5
1754 5605 1907 5649 totum

317 5662 602 5723 sermonem
615 5662 716 5718 ’242
735 5662 1037 5719 membratim
1059 5662 1320 5715 dissectum
1332 5662 1687 5723 complectens.

382 5728 459 5790 (b)
486 5737 565 5781 tvo
600 5736 818 5789 Carnot.,
850 5727 1077 5779 serm.de
1101 5726 1253 5789 Symb.
1277 5732 1328 5773 ct
1351 5720 1534 5785 prol'og.
1567 5720 1803 5783 Fulgentii
1841 5720 1904 5771 de

1998 3033 2106 3088 lum
2135 3047 2262 3103 ergo
2289 3036 2379 3089 tali
2410 3035 2617 3092 ratione
2651 3036 2947 3092 institutum
2978 3039 3207 3108 majores
3234 3041 3399 3095 nostri
3425 3041 3584 3098 dixe-

2001 3114 2146 3157 rttut.

2072 3173 2164 3247 (ei
2201 3173 2439 3247 Tradunt
2464 3176 2629 3243 enim,
2656 3176 2798 3247 quod
2829 3185 2948 3245 post
2973 3178 3339 3234 ascensionem
3370 3180 3578 3236 Domini

1997 3251 2051 3318 et
2077 3244 2369 3318 Salvatoris
2395 3246 2560 3318 nostri
2609 3244 2686 3302 ad
2706 3244 2919 3301 Patrem
2941 3289 2956 3314 ,
2999 3263 3118 3318 cum
3147 3264 3245 3318 per
3290 3250 3577 3306 adventum

1998 3314 2228 3390 Spiritus
2281 3317 2449 3390 sancti
2509 3315 2753 3390 discipuli
2793 3318 2936 3390 ejus
3000 3314 3310 3372 inflammati
3388 3320 3581 3390 linguis

1998 3384 2235 3469 oin-nium
2281 3384 2660 3469 loquerentur,
2673 3387 2738 3441 ad
2760 3384 2994 3469 singulas
3019 3403 3256 3469 quasque
3298 3384 3542 3469 nationes
3561 3430 3580 3457 ,

1998 3462 2058 3507 ut
2085 3453 2174 3507 Dei
2200 3454 2418 3508 verbum
2441 3457 2822 3523 praedicarent,
2849 3453 2975 3511 ituri
3006 3453 3068 3511 ac
3092 3453 3377 3513 discessuri
3404 3461 3474 3515 ab
3499 3453 3583 3514 in;

2000 3524 2205 3589 vicem,
2235 3539 2474 3577 normam
2524 3528 2673 3595 prius
2716 3528 2815 3580 sibi
2862 3527 3053 3581 futura:
3085 3528 3474 3595 praedicationis
3522 3531 3575 3585 in

1998 3607 2282 3648 commune
2312 3605 2606 3650 statuerunt
2639 3614 2651 3650 :
2687 3612 2752 3650 ne
2780 3597 3026 3651 localiter
3049 3597 3118 3651 ab
3154 3599 3375 3651 invicem
3402 3600 3581 3655 disce-

1999 3663 2186 3738 dentes
2208 3706 2221 3727 ,
2250 3664 2518 3738 diversum
2549 3668 2629 3718 vel
2660 3667 2934 3738 dissonum
2962 3668 3313 3738 prazdicarent
3361 3668 3443 3722 his
3486 3672 3577 3738 qui

1999 3733 2261 3808 adlidem
2276 3735 2468 3808 Christi
2498 3736 2869 3808 invitabantur.
2897 3733 3092 3808 Omnes
3113 3737 3337 3801 igiturin
3357 3753 3461 3792 uno
3488 3733 3582 3808 po-

2000 3804 2085 3879 siti
2107 3845 2137 3879 ,_
2155 3804 2432 3879 et_Spiritu
2462 3816 2645 3879 sancto
2674 3807 2893 3879 repleti,
2921 3807 3079 3860 breve
3101 3822 3211 3859 suae
3236 3804 3579 3879 praedicatio-

2001 3873 2085 3926 nis
2126 3875 2372 3927 indicium
2419 3873 2749 3930 conferendo
2792 3878 2844 3929 in
2887 3892 3085 3939 unum,
3135 3873 3278 3943 quod
3320 3879 3583 3932 sentiebat

2002 3944 2368 4014 unusquisque
2396 3947 2734 4014 computabat
2753 3988 2767 4009 ,
2798 3956 2956 4013 atque
2980 3947 3117 3999 hanc
3142 3948 3208 3999 ita
3236 3949 3580 4003 credentibus

2001 4013 2226 4087 dandam
2244 4028 2375 4087 esse
2406 4013 2639 4087 regulam
2682 4017 3046 4070 inStituerunt.
3077 4016 3389 4087 Symbolum
3420 4019 3582 4073 breve

2001 4093 2086 4157 esi
2112 4084 2306 4157 verbis,
2339 4085 2433 4138 sed
2461 4101 2709 4157 magnum
2760 4096 2842 4139 est
2891 4084 3259 4157 sacramentis.
3314 4088 3583 4157 Quidquid

2003 4154 2148 4226 enim
2175 4154 2565 4225 praefiguratqu
2590 4165 2673 4211 est
2701 4156 2752 4209 iu
2801 4156 3121 4209 Patriarchis
3142 4197 3156 4221 ,
3184 4157 3440 4226 quidquid
3475 4154 3588 4212 'de-

2005 4225 2298 4296 nuntiatum
2323 4234 2407 4279 est
2453 4226 2504 4278 in
2532 4226 2851 4295 Scripturis,
2880 4226 3132 4296 quidquid
3163 4225 3470 4293 praedictum
3502 4237 3588 4282 est
3646 4256 3649 4261 -

2004 4294 2056 4365 in
2090 4294 2399 4363 PrOphetis,
2428 4296 2608 4365 velde
2654 4294 2766 4351 Deo
2796 4294 3063 4365 ingenito,
3114 4297 3197 4350 vel
3252 4313 3320 4351 ex
3373 4298 3484 4351 Deo
3530 4300 3582 4351 in

2007 4364 2171 4417 Deum
2200 4375 2324 4418 nato
2344 4404 2359 4430 ,
2391 4366 2474 4419 vel
2503 4364 2572 4420 de
2596 4366 2795 4433 Spiritu
2835 4364 3019 4420 sancto
3041 4366 3125 4421 vel
3149 4366 3216 4420 de
3241 4368 3583 4435 suscipiendo

2005 4435 2148 4486 omni
2178 4445 2511 4488 sacramento
2531 4477 2546 4498 ,
2579 4437 2664 4490 vel
2708 4439 2776 4490 de
2801 4446 2968 4489 morte
3000 4436 3206 4489 Domini
3234 4439 3586 4491 resurrectim

2007 4505 2192 4578 nisque
2217 4504 2332 4571 ejus
2357 4506 2839 4578 mysterio,‘totum
2871 4507 3104 4560 breviter
3142 4506 3243 4578 hoc
3271 4507 3581 4578 Symbolum

2005 4574 2271 4635 continet,
2299 4584 2353 4627 et
2380 4574 2701 4627 continendo
2750 4575 2908 4630 habet
2934 4584 2988 4630 et
3030 4574 3358 4631 conﬁtendo.
3411 4578 3583 4630 Discat

2005 4656 2135 4711 ergo
2160 4642 2381 4715 quisque
2420 4644 2577 4715 [idem
2628 4646 2986 4715 Apostolicam
3041 4648 3310 4715 professus
3350 4661 3443 4711 per
3488 4660 3581 4699 ora

2004 4714 2327 4783 gestantium
2356 4714 2408 4768 itt
2438 4713 2736 4782 Baptismo,
2763 4733 2881 4770 cunt
2929 4716 2994 4771 ad
3024 4713 3193 4770 annos
3218 4715 3583 4783 intelligibiles

2007 4783 2233 4837 venerit.
2251 4781 2367 4837 Jam
2394 4784 2458 4837 ad
2474 4781 2626 4857 istius
2645 4785 2880 4857 Symboli
2894 4786 3248 4857 professionis
3258 4781 3581 4857 sacramen-

2008 4860 2119 4924 tum
2136 4860 2445 4924 textumque
2457 4855 2752 4921 veniamus,
2768 4855 2906 4923 quod
2925 4858 2976 4909 in
2992 4856 3132 4909 hunc
3148 4856 3363 4909 modum
3378 4857 3555 4924 incipit
3572 4876 3584 4910 :

2074 4923 2303 4979 CAPUT
2340 4924 2620 4980 PRIMUM.
2668 4926 2878 4980 Credere
2936 4924 3133 4988 Deum,
3161 4924 3283 4988 Deo,
3325 4926 3378 4978 in
3406 4923 3585 4980 Deum.

2011 4991 2165 5066 Fides
2194 4994 2402 5049 diaboli.
2432 4992 2782 5066 Omnipotens.
2834 4995 3111 5066 tlrcdurin
3159 4996 3322 5050 Deum
3372 4997 3583 5051 Patrem

2008 5065 2451 5137 omnipotentem.
2506 5066 2581 5137 (b)
2631 5066 2686 5119 In
2737 5066 2952 5137 primis,
2995 5065 3361 5127 dilectissimi.
3412 5068 3584 5135 qualis

2008 5149 2189 5206 sermo
2202 5137 2277 5206 sit,
2297 5136 2347 5187 in
2371 5136 2609 5206 Symboli
2626 5137 2799 5206 capite
2819 5176 2833 5201 ,
2856 5136 3140 5202 diligenter
3155 5138 3429 5191 attendite.
3447 5138 3587 5206 Ergo

2012 5205 2063 5257 in
2085 5206 2254 5273 primo
2267 5204 2447 5270 habet,
2465 5205 2661 5259 Credo.
2682 5205 2814 5260 Vide
2832 5206 2972 5274 quod
2995 5206 3247 5259 Dominus
3276 5214 3456 5261 noster
3483 5204 3585 5261 non

2006 5289 2110 5329 nos
2135 5275 2283 5344 jubet
2311 5275 2576 5330 discutere
2608 5275 2786 5329 divina
2811 5275 3007 5344 judicia
3028 5315 3043 5338 ,
3071 5277 3165 5330 sed
3186 5278 3405 5331 credere
3430 5296 3442 5330 :
3481 5294 3580 5332 nec

2006 5346 2268 5399 rationem
2300 5346 2589 5415 requirere,
2608 5346 2700 5400 sed
2721 5344 2877 5400 fidem
2898 5347 3207 5414 simpliciter
3223 5357 3277 5399 et
3298 5347 3588 5400 immobili-

2012 5423 2093 5470 ter
2109 5414 2389 5470 exhibere.
2407 5414 2522 5470 Non
2543 5417 2689 5481 dicit,
2707 5416 2883 5471 Credo
2904 5417 3101 5480 Deum;
3120 5418 3225 5477 vel.
3239 5416 3411 5471 Credo
3434 5418 3544 5471 Deo
3574 5436 3588 5471 :

2009 5487 2251 5555 quamvis
2285 5495 2339 5541 et
2356 5486 2469 5541 haec
2485 5487 2643 5541 saluti
2673 5487 2968 5541 necessaria
2993 5488 3117 5540 sint.
3150 5488 3305 5542 Aliud
3328 5489 3470 5541 enim
3507 5500 3595 5541 est

2071 5655 2147 5781 jaj
2171 5662 2236 5707 Ex
2259 5658 2417 5721 Symb.
2442 5656 2630 5720 Rudini;
2650 5664 2703 5708 et
2722 5670 2871 5731 serm.
2897 5656 2989 5706 242
3010 5659 3059 5707 in
3079 5657 3348 5729 Appendice
3372 5659 3485 5711 tomi
3511 5660 3559 5706 ἴς.

2096 5721 2123 5767 b
2165 5725 2227 5768 Ex
2250 5733 2400 5771 serm.
2431 5717 2554 5780 ΞΕ,
2577 5734 2626 5770 ιι.
2652 5718 2701 5779 2,
2727 5732 2775 5768 In
2812 5719 3026 5781 Αρνεοά.
3050 5727 3167 5769 tom:
3189 5721 3247 5781 ὅς
3275 5733 3337 5770 ex
3371 5718 3558 5781 εδιιιὶιυι

2009 5717 2146 5828 Μςέ
2161 5725 2227 5792 βπ
2250 5717 2400 5771 sérm.
2431 5717 2554 5780 ΞΩ,
2577 5717 2626 5770 ιιζ
2652 5718 2701 5779 2,
2727 5722 2775 5768 in
2812 5719 3026 5781 Append.
3050 5717 3167 5769 torni
3189 5721 3247 5783 ὃς
3275 5733 3337 5770 ex
3371 5718 3591 5783 simodo

2029 5811 2040 5828 ι
2142 5796 2189 5829 ιι.
