4076 6370
526 320 658 382 “9|

524 432 749 490 credere
760 427 858 492 illi,
875 423 1015 482 aliud
1027 421 1247 480 credere
1267 421 1438 488 illum,
1449 417 1597 476 aliud
1610 417 1835 492 credere
1846 416 1899 473 in
1931 416 2100 473 illum.

524 489 757 559 Credere
789 489 893 559 illi.
920 494 1246 568 estgcredere
1261 507 1386 568 vera
1414 506 1534 547 esse
1557 504 1675 568 quae
1696 489 1960 568 loquitur:
1980 503 2104 568 cre-

527 558 656 629 dere
682 572 828 626 illum
848 609 864 631 ,
884 558 1117 622 credere
1160 564 1282 634 quia
1314 562 1430 634 ipse
1475 570 1560 615 est
1576 558 1728 615 Deus
1757 558 1777 610 z’
1799 558 2019 634 credere
2052 558 2104 634 in

528 628 704 707 illum,
735 628 962 708 diligere
987 637 1158 708 illum.
1179 628 1435 688 'Credere
1462 646 1585 708 vera
1611 644 1731 708 esse
1768 644 1887 698 qua:
1932 628 2106 697 loqui-

530 723 637 779 tur,
677 700 1053 780 n'iulti'etmali
1082 712 1301 775 possunt
1318 719 1342 780 _:
1370 700 1594 780 credunt
1621 701 1762 780 enim
1793 713 1914 780 esse
1932 714 2100 780 ,νει-τι,

525 793 582 838 ει
602 770 788 836 nolunt
810 795 872 834 ea
901 770 1220 838 facerefsua;
1242 774 1364 843 quia
1388 771 1454 823 ad
1481 771 1579 824 hoc
1605 770 1797 843 pedum
1816 770 1946 838 pigri
1958 779 2101 823 sunt.

526 854 757 909 Credere
785 858 960 907 autem
987 849 1157 915 ipsum
1184 839 1304 898 esse
1346 843 1549 915 Deum,
1571 849 1627 894 et
1668 839 2107 915 diemoncspos-

525 933 671 977 sunt.
704 920 934 976 Credere
960 910 1084 971 vero
1111 916 1163 969 in
1205 914 1399 975 Deum,
1455 911 1553 965 soli
1581 919 1843 964 noverunt
1866 910 1961 978 qui
1986 910 2107 962 dili-

524 1002 659 1061 gout
679 992 857 1052 illum,
888 988 978 1057 qui
1004 1002 1107 1061 non
1148 982 1566 1061 solum_n0m_i_ne
1593 980 1887 1061 .christiani
1936 989 2102 1060 sunt,

528 1050 621 1117 sed
653 1075 707 1116 et
728 1050 879 1114 factis
906 1050 961 1112 et
989 1057 1114 1120 vita,
1142 1055 1262 1123 quia
1288 1053 1404 1123 sine
1429 1052 1711 1123 dilectione
1752 1050 1911 1123 fides
1935 1050 2105 1123 inanis

524 1144 628 1187 est.
659 1132 791 1186 Cum
818 1118 1245 1184 dilectionelides
1267 1121 1575 1184 christiani,
1601 1122 1716 1174 sine
1735 1118 2019 1173 dilectione
2045 1119 2106 1173 li-

528 1203 626 1257 des
651 1199 925 1257 dzemonis.
945 1196 1044 1263 Qui
1070 1210 1197 1263 ergo
1224 1208 1327 1247 non
1347 1191 1529 1263 volunt
1552 1190 1772 1263 credere
1794 1188 2064 1263 Christum
2085 1230 2101 1257 ,

527 1272 703 1327 adhuc
727 1283 825 1324 nec
852 1258 1441 1321 daaniones'imitantur.
1471 1260 1588 1314 Jatn
1608 1259 1777 1315 credit
1801 1258 2101 1327 Christum,

526 1344 620 1396 sed
646 1342 757 1396 odit
780 1337 1069 1399 Christum,
1102 1333 1289 1388 habet‘
1338 1329 1726 1387 confessionem
1766 1330 1888 1384 fidei
1918 1330 1987 1399 in
2034 1331 2103 1383 ti-

526 1427 676 1469 more
706 1425 877 1480 ρωιιιε
897 1449 911 1472 ,
943 1421 1045 1480 n_on
1075 1406 1131 1480 _iu
1158 1418 1340 1480 amore
1363 1417 1573 1480 corona:
1602 1418 1616 1454 ι
1649 1415 1770 1454 nam
1818 1398 1970 1480 etilli
2003 1414 2104 1480 pn-

525 1482 629 1536 niri
659 1469 930 1534 timebant.
962 1476 1198 1544 Denique
1244 1474 1426 1544 beatus
1476 1472 1833 1544 [ζειιθιιε-ειιιιι
1861 1469 2103 1544 Domino

523 1551 785 1606 confitens
812 1549 1045 1611 diceret,
1068 1537 1145 1597 Tu
1165 1560 1217 1597 es
1238 1542 1463 1598 Christus
1486 1539 1649 1593 Filius
1666 1538 1760 1592 Dei
1778 1539 1873 1592 uiui
1889 1537 2099 1611 (Matth.

524 1637 635 1685 xvt,
665 1621 776 1687 16),
806 1618 989 1672 eadem
1020 1614 1504 1687 pene__vet‘ba,qute
1532 1612 1831 1687 dminones,
1865 1610 2103 1687 proferre

525 1678 820 1744 videtur'ex
850 1702 944 1742 ore
973 1704 986 1740 :
1017 1678 1112 1739 sed
1134 1684 1342 1737 illorum
1363 1678 1655 1741 confessio,
1683 1680 1802 1748 quia
1829 1693 1948 1732 cum
1978 1678 2103 1734 odio

526 1750 729 1842 ρηοιειιέι
750 1767 832 1842 ea.
851 1756 1046 1842 οιτίειί
1067 1749 2100 1842 x"uti?!9""1'3‘1‘1fs‘éﬂliﬂiﬂffi‘ﬁ"

525 1818 735 1884 interna
764 1829 1047 1882 dilectione
1070 1818 1365 1894 processit,
1419 1829 1631 1894 teterna
1667 1818 1988 1894 beatitudine
2012 1834 2103 1894 re:

524 1906 799 1954 munerato
824 1908 922 1951 est.
952 1898 1058 1951 Nos
1078 1888 1209 1963 ergo
1229 1892 1317 1960 qui
1340 1906 1431 1963 per
1457 1890 1793 1963 adoptionem
1813 1888 2101 1963 gratimiilii

525 1969 624 2024 Dei
648 1984 833 2023 smnus
857 1968 1028 2035 (Rom.
1062 1957 1171 2026 νιιιξ
1219 1957 1618 2035 13),’‹1ἱεειιιιὸ2
1652 1957 1826 2035 Credo
1851 1959 1905 2035 in
1935 1959 2101 2014 Deum

524 2039 735 2095 Patrem
787 2028 1201 2104 omnipotentem
1232 2048 1247 2097 ;
1273 2028 1373 2104 hoc
1419 2040 1534 2095 est,
1575 2031 1651 2085 sic
1672 2029 1739 2104 _ei
1783 2028 2097 2104 credamus,

523 2120 585 2164 ut
627 2111 676 2164 ei
719 2125 810 2178 per
852 2098 1189 2178 dilectionem
1230 2102 1619 2178 ξιιΙΙιιιξιιιιιιιιιιεἱ
1672 2098 1727 2153 lu
1783 2099 1964 2178 Deum
1996 2098 2099 2178 Pa-

529 2190 665 2236 trem
692 2168 1131 2246 omnipotentem.
1165 2172 1436 2246 Advertite
1481 2169 1622 2240 quod
1670 2184 1790 2246 cum
1813 2168 1904 2223 Dei
1925 2168 2098 2246 Patris

522 2265 718 2304 nomen
747 2250 798 2302 in
827 2238 1163 2302 confessione
1188 2238 1751 2311 conjungit,:ostcndit
1791 2238 1940 2311 quod
1989 2253 2098 2311 non

522 2327 649 2373 ante
678 2320 813 2371 Deus
841 2333 960 2371 esse
982 2318 1143 2385 coepit
1162 2355 1176 2376 ,
1206 2323 1263 2385 et
1288 2308 1468 2381 posiea
1498 2310 1684 2385 Pater;
1713 2308 1806 2363 sed
1842 2310 1958 2364 sine
1987 2309 2098 2362 ullo

526 2389 676 2443 Initio
702 2398 756 2442 et
784 2388 922 2441 Deus
942 2378 1154 2454 semper
1169 2392 1222 2436 et
1240 2378 1509 2454 Paterest.
1537 2378 1747 2454 Patrem
1776 2388 1953 2454 autem
1972 2393 2096 2433 cum

522 2458 703 2520 audis,
727 2470 954 2526 agnosce
977 2450 1117 2524 quod
1150 2454 1306 2526 habet
1324 2450 1514 2526 Filium
1542 2450 1804 2526 veraciter
1822 2451 2056 2526 genitum
2079 2465 2094 2502 :

522 2517 789 2594 quomodo
841 2517 1114 2594 possessor
1139 2521 1353 2594 ‘dicitur
1391 2520 1504 2594 qui_
1508 2517 1706 2587 aliquid
1738 2517 2008 2594 possidet,
2042 2526 2099 2572 et

522 2586 773 2650 dominus
793 2635 807 2657 ,
829 2586 917 2662 qui
941 2593 1095 2647 alicui
1120 2586 1441 2662 dominatur.
1472 2586 1612 2662 Deus
1635 2601 1763 2655 ergo
1810 2586 1965 2662 Pater
2008 2600 2099 2641 sc—

522 2667 654 2720 creti
681 2653 996 2719 sacramenti
1021 2660 1332 2715 vocabulum
1360 2668 1441 2713 est
1463 2698 1478 2722 ,
1500 2657 1651 2724 cujus
1678 2653 1803 2711 vere
1828 2653 1995 2709 Filius
2013 2665 2097 2711 est

525 2735 776 2791 Verbum.
802 2732 910 2788 Nec
937 2742 1203 2801 qumratnr
1228 2727 1492 2801 quomodo
1514 2728 1695 2801 genuit
1725 2726 1922 2801 lilium,
1946 2726 2096 2801 quod

524 2816 579 2861 et
606 2805 789 2875 Angeli
822 2796 1405 2875 nesciunt,_Prophetis
1433 2796 1529 2851 est
1556 2797 1899 2875 incognitum.
1946 2796 2096 2875 Unde

522 2875 651 2930 illud
691 2867 893 2929 dictum
940 2881 1049 2936 est,
1098 2867 1479 2923 Generationent
1523 2867 1635 2938 ejus
1680 2868 1818 2938 quisi
1842 2867 2095 2938 enarrabit

523 2945 676 3014 (Iani.
703 2961 813 3010 un,
841 2942 932 3014 8),?
949 2941 1054 3014 Nec
1076 2957 1106 2994 a
1123 2936 1664 3014 _nobi_s.disc_utiendus
1688 2936 1938 3014 estprius
1957 2977 1970 2999 ,
2000 2936 2095 3014 sed

522 3005 838 3075 credendus.
880 3005 987 3066 Sed
1018 3018 1077 3064 ut
1123 3010 1354 3065 breviter
1395 3008 1667 3070 dicamus,
1698 3005 1894 3061 suflicit
1941 3007 2096 3060 nobis

522 3085 658 3155 scire
681 3085 801 3155 quia
827 3083 1007 3155 genuit
1026 3079 1499 3155 lux‘slilendorem.
1518 3077 1947 3155 omnipotentem
1968 3092 2095 3155 vero

524 3153 645 3209 ideo
671 3145 972 3222 d'icit,'quia
998 3145 1335 3219 omnipotens
1360 3148 1579 3217 est,.cui
1607 3147 1735 3222 nihil
1763 3145 2095 3222 impossibile

522 3234 637 3285 est.
691 3225 779 3294 qui
818 3217 1010 3294 etialtun
1048 3230 1104 3276 et
1147 3217 1378 3294 terram,
1421 3233 1600 3294 mare,
1635 3217 1901 3294 homines,
1934 3224 2096 3284 atque

526 3288 976 3348 omnia'animalit
1007 3302 1062 3346 ct
1085 3291 1323 3359 reptilia,
1377 3303 1485 3359 non
1529 3288 1705 3359 aliquo
1732 3288 1908 3359 operis
1927 3295 2055 3359 actu
2075 3310 2101 3351 ,ν

522 3363 618 3418 sed
648 3364 760 3416 solo
785 3362 928 3415 verbi
954 3356 1177 3431 imperio
1199 3359 1421 3431 creavit.
1448 3358 1515 3431 Et
1542 3356 1661 3411 ideo
1688 3356 1969 3431 nonnobis
1998 3371 2092 3431 ve-

523 3436 635 3502 niat
663 3434 713 3486 in
741 3425 1145 3502 cogitationem,
1196 3427 1463 3502 quomodo
1493 3429 1594 3483 hoc
1630 3425 1876 3502 aut‘illud
1919 3427 2090 3495 potuit

522 3501 657 3564 ﬁeri,
686 3504 771 3572 qui
809 3495 1228 3572 omnipotentem
1256 3501 1593 3572 pnecipimur
1614 3495 1879 3572 confiteri.

593 3565 818 3629 CAPUT
859 3565 1141 3637 llflesns,
1171 3565 1434 3636 Christus,
1477 3567 1687 3637 Unicus.
1734 3565 1959 3622 Christus
2004 3582 2095 3620 ra-

528 3643 664 3697 tione
687 3644 1026 3711 conceptionis
1056 3636 1206 3695 vermi
1231 3656 1285 3694 se
1303 3650 1589 3711 comparat_._
1602 3636 1726 3711 Ilth
1738 3637 1982 3711 nascendi
2005 3654 2096 3691 ra-

528 3715 599 3767 tio
644 3730 731 3767 nec
776 3705 885 3766 Déo
932 3714 1181 3781 iujuriosa
1225 3726 1313 3764 nec
1366 3705 1706 3781 impossibilia
1737 3707 1803 3761 Et
1831 3706 1883 3760 in
1912 3705 2123 3761 Jcsum«

524 3784 790 3838 Christum
841 3779 1007 3836 lilium
1055 3782 1171 3851 ejus
1226 3780 1438 3851 unicum
1482 3779 1789 3851 Dominum
1830 3787 2092 3851 nostrum.

526 3855 610 3922 (a)
638 3854 911 3909 Advertite
940 3845 1370 3921 quod'quomodo
1392 3851 1447 3903 itt
1477 3849 1716 3922 Patrem,
1747 3846 1823 3900 sic
1841 3854 1896 3900 et
2004 3847 2096 3901 Fi-

524 3918 654 3978 lium
680 3918 1003 3979 credendum
1030 3918 1136 3976 est:
1163 3922 1230 3976 Et
1256 3922 1377 3990 quia
1415 3935 1536 3975 cum
1583 3919 1738 3972 Patre
1763 3918 1980 3990 teqttalis
2016 3926 2097 3990 est

525 3994 800 4063 majestate
819 4035 835 4059 ,
882 4001 1082 4048 tantum
1114 3992 1210 4061 ipsi
1238 4032 1252 4055 ,
1276 3987 1541 4063 quantum
1572 3998 1625 4063 et
1655 3987 1825 4063 Patri,
1876 3987 2097 4063 honoris

524 4057 625 4119 nos
661 4057 856 4118 debere
887 4057 1147 4117 novimus'
1168 4072 1224 4117 ct
1265 4057 1533 4115 servitutis
1576 4058 1907 4126 obsequium.
1941 4057 2098 4113 Jesus

525 4143 733 4197 autem,
766 4134 1007 4187 Salvator
1037 4134 1426 4199 interpretatur.
1472 4130 1626 4183 Jcsus
1668 4137 1843 4181 autent
1872 4127 2093 4199 dicitur,

525 4203 669 4271 quod
709 4204 877 4256 salvet
908 4198 1185 4270 populum.
1204 4200 1449 4255 Christus
1476 4214 1505 4251 a
1542 4199 1832 4271 chrismate
1859 4198 2051 4271 dicitur
2079 4217 2093 4253 :

526 4266 652 4341 quia
684 4272 819 4326 sicut
842 4266 1042 4338 antiqui
1069 4285 1221 4339 reges
1269 4270 1387 4341 olet)
1408 4283 1597 4341 sacro_
1614 4266 2092 4341 perfundebantur,

530 4336 600 4395 ita
631 4342 882 4395 Dominus
913 4336 1091 4395 noster
1111 4336 1266 4395 Iesus
1292 4336 1535 4394 Christus
1566 4338 1793 4406 Spiritus
1822 4339 1988 4391 sancti
2018 4340 2099 4391 in-

531 4412 736 4465 fusione
765 4412 997 4481 repletus
1015 4421 1115 4466 est.
1144 4409 1342 4466 Unicus
1367 4411 1516 4473 ideo,
1548 4409 1682 4481 quia
1702 4424 1798 4481 nec
1818 4423 2095 4481 compara-

531 4489 730 4537 ttoncm
752 4478 943 4551 recipit
965 4497 1083 4535 cum
1099 4482 1355 4535 creaturis
1372 4521 1389 4547 ,
1408 4494 1507 4534 nec
1527 4479 1956 4551 similitudinem:
1976 4478 2095 4547 quia

529 4552 767 4619 omnium
794 4549 970 4607 rerum
996 4567 1233 4607 summus
1253 4553 1364 4619 ipse
1387 4561 1595 4605 creator
1609 4557 1707 4602 est.
1732 4549 1980 4619 llomines
1999 4564 2097 4602 au-

532 4630 639 4677 tem
660 4618 760 4676 lilii
791 4624 881 4678 Dei
914 4632 1166 4676 vocantur
1207 4616 1299 4689 per
1326 4621 1549 4691 gratiam
1583 4620 1709 4674 :ille
1746 4619 1893 4691 solus
1937 4616 2098 4672 Filius

526 4695 739 4761 genitus
765 4708 860 4763 per
881 4704 1141 4747 naturam.
1173 4690 1468 4763 Ostendunt
1492 4691 1589 4763 ista
1613 4691 1664 4743 ιιι
1694 4690 1959 4763 eutnjut'e
1984 4703 2100 4743 cre-

504 4760 928 4829 Adettdumiesse,
947 4764 1034 4833 qui
1052 4772 1264 4832 propter
1286 4762 1386 4816 hoc
1405 4762 1544 4829 quod
1573 4762 1792 4833 aequalis
1824 4760 1963 4814 Patri
1993 4768 2095 4820 est,

503 4868 508 4901 ξ
530 4832 773 4888 Salvator
798 4830 982 4890 noster
1008 4830 1091 4888 est
1118 4830 1383 4888 redimens
1407 4845 1532 4894 nos,
1560 4840 1614 4885 et
1634 4830 1874 4884 Christus
1899 4841 1984 4884 est
2005 4845 2099 4885 rex

531 4918 723 4975 regens
748 4919 877 4971 nos,
906 4904 1455 4975 etunicusDominus
1480 4913 1679 4975 noster,
1707 4902 1935 4969 spoliato
1964 4902 2096 4975 anti:

530 4970 638 5044 quo
665 4974 817 5031 hoste
835 5016 850 5041 ,
883 4974 1139 5044 singulari
1163 4973 1395 5027 dominio
1416 4988 1513 5044 suo
1536 4974 1812 5044 asciscens
1834 4985 1950 5023 nos.
1999 4970 2099 5037 Qui

504 5031 824 5122 letutceptus
837 5031 925 5100 cst
943 5031 1011 5099 de
1029 5043 1228 5122 Spiritu
1250 5051 1432 5122 sancto
1457 5061 1470 5097 :
1500 5043 1550 5097 id
1576 5051 1656 5096 est
1676 5081 1690 5103 ,
1731 5041 1881 5122 cujus
1910 5031 2100 5122 conce-

508 5111 727 5185 Lptionis
750 5118 895 5170 solus
919 5111 1103 5169 auctor
1126 5114 1224 5168 fuit
1250 5113 1478 5183 Spiritus
1518 5122 1749 5185 sanctus.
1780 5111 1927 5166 Sicut
1956 5112 2099 5185 enim

530 5182 729 5240 vermis
751 5186 1094 5242 calefaciente
1130 5186 1243 5239 sole
1283 5182 1352 5237 de
1391 5198 1520 5253 puro
1542 5183 1674 5253 limo
1704 5182 1992 5246 formatur;
2022 5182 2100 5237 sic

528 5254 725 5325 Spiritu
756 5267 942 5311 sancto
963 5256 1257 5309 illustrantc
1273 5263 1328 5308 ει
1350 5252 1831 5325 sanctiﬁcantecor
1852 5253 2097 5325 Virginis,

530 5322 658 5380 caro
676 5324 873 5381 Christi
894 5326 962 5381 de
1002 5326 1113 5379 sola
1143 5338 1302 5378 carne
1349 5322 1580 5391 Virginis
1631 5323 1771 5377 nulla
1809 5324 2101 5379 sementira

530 5396 706 5450 carnis
728 5398 941 5465 origine.
970 5403 1225 5463 operante
1252 5402 1505 5464 concepta
1534 5402 1637 5465 est.
1671 5393 1822 5448 Unde
1849 5408 1909 5449 se
1936 5393 2102 5465 vermi

528 5464 843 5535 comparans
871 5482 965 5537 per
992 5466 1325 5521 Psalmistam
1354 5464 1516 5533 dicit,
1547 5464 1659 5535 Ego
1686 5480 1798 5518 sum
1824 5464 2002 5519 vermis
2019 5504 2034 5531 ,
2056 5471 2104 5519 et

599 5625 616 5688 ξ
643 5629 802 5688 ιτα-ιε,
824 5624 907 5688 qui
925 5624 1082 5688 habet.

593 5682 665 5749 (a)
689 5690 752 5749 Ex
776 5682 925 5735 Serm.
948 5687 1058 5749 2i2,
1082 5690 1131 5738 in
1151 5686 1362 5749 Append.
1390 5688 1501 5737 ιοιηί
1524 5687 1587 5737 5:
1612 5686 1709 5737 vid.
1742 5690 1898 5741 lvonis
1916 5694 2101 5739 (ιιι-ποι.

525 5745 677 5797 serui.
700 5745 763 5795 de
786 5748 1019 5811 Sytnbolo,
1044 5745 1095 5799 et
1116 5745 1383 5813 Symbolum
1407 5749 1588 5797 numni.

1966 300 2331 360 APPENDIX.

3658 302 3797 359 H91

2212 435 2315 473 non
2346 418 2495 472 homo
2520 417 2689 490 (Psal.
2717 434 2827 490 san,
2859 418 2917 490 7)
2946 435 2959 472 :
2984 416 3168 490 idest,
3192 431 3295 490 non
3318 424 3609 490 conceptus
3641 434 3796 476 more

2214 490 2463 543 lnnnano.
2488 488 2650 543 Natus
2677 505 2741 543 ex
2768 488 2926 543 Maria
2949 488 3177 554 virgine.
3195 488 3295 555 Qui
3319 488 3565 542 veniebat
3588 490 3796 544 invete-

2213 570 2379 612 ratam
2406 560 2637 627 peccatis
2663 560 2934 613 hominum
2965 574 3230 612 renovare
3274 570 3551 622 naturam,
3595 570 3793 613 novam

2213 628 2382 699 legem
2412 631 2576 683 voluit
2606 632 2802 685 habere
2829 627 3099 683 nascendi.
3154 628 3470 699 Unigenitus
3506 628 3665 697 igitur
3696 628 3793 685 Dei

2211 697 2384 754 factus
2408 708 2490 752 est
2515 700 2744 753 hominis
2766 699 2904 752 [ilius
2937 716 2950 751 :
2982 707 3039 751 ttt
3063 700 3151 768 qui
3174 697 3393 752 Creator
3435 698 3614 751 mundi
3635 708 3791 763 erat,

2212 770 2366 824 ﬁeret
2392 781 2441 822 ct
2469 771 2812 838 Redemptor.
2856 768 3008 834 Quod
3058 784 3187 821 vero
3234 768 3528 837 majestatis
3559 768 3795 838 Deusde

2214 840 2372 892 Maria
2398 837 2699 893 incarnatus
2727 849 2829 901 est,
2862 855 2967 892 non
2992 847 3075 892 est
3100 838 3404 891 sordidatus
3424 837 3696 893 nascendo
3719 841 3794 895 de

2212 907 2456 979 Virgine,
2485 912 2573 978 qui
2604 926 2706 963 non
2749 909 2848 963 fuit
2882 909 3110 976 pollutus
3142 908 3411 963 hominem
3457 908 3695 963 condens
3721 925 3793 965 ex

2212 980 2447 1047 pulvere.
2476 982 2708 1049 Denique
2735 980 2815 1033 sol
2855 989 2947 1032 aut
2971 980 3109 1048 ignis
3134 979 3178 1032 si
3206 979 3371 1032 lutum
3402 987 3613 1049 tangat,
3645 981 3792 1049 quod

2214 1051 2439 1117 tetigerit
2465 1048 2682 1119 purgat;
2711 1058 2767 1104 et
2788 1065 2845 1104 se
2873 1058 3048 1102 tamen
3078 1064 3182 1103 non
3221 1048 3480 1118 inquinat.
3504 1048 3509 1049 ⁷
3533 1048 3649 1119 Nec
3683 1048 3794 1119 fuit

2212 1119 2322 1173 Deo
2344 1120 2533 1189 injuria
2558 1117 2716 1175 causa
2740 1120 3137 1173 misericordias.
3168 1117 3351 1189 Neque
3378 1120 3447 1171 sit
3472 1117 3791 1175 incredibile

2209 1188 2348 1257 quod
2376 1188 2488 1258 ipse
2517 1200 2671 1244 natus
2693 1190 2761 1245 de
2778 1190 3007 1257 Virgine,
3027 1189 3117 1258 qui
3141 1190 3306 1242 Adam
3326 1188 3396 1242 de
3415 1190 3650 1259 virgineo
3668 1190 3790 1259 pul-

2211 1273 2357 1321 vere.
2382 1269 2436 1313 et
2458 1261 2679 1328 primam
2709 1261 2982 1314 mulierem
3012 1260 3181 1327 potuit
3229 1259 3297 1313 de
3335 1266 3481 1313 Costa
3529 1258 3785 1314 formare.

2209 1329 2350 1399 Deus
2370 1330 2559 1385 Filium
2585 1345 2739 1383 suum
2759 1370 2773 1393 ,
2796 1345 2952 1399 quem
2977 1330 3149 1383 solum
3176 1328 3242 1382 de
3280 1328 3441 1382 corde
3477 1344 3577 1383 suo
3598 1345 3789 1397 requa-

2209 1398 2312 1452 letn
2335 1401 2433 1453 sibi
2453 1402 2686 1467 genitum
2718 1398 2963 1469 tanquam
2991 1415 3050 1453 se
3081 1400 3250 1469 ipsum
3275 1399 3563 1465 diligebat,
3603 1400 3785 1467 ipsum

2206 1469 2352 1522 dedit
2378 1471 2585 1531 Mari-.e;
2608 1480 2668 1524 ut
2694 1471 2999 1523 naturaliter
3019 1468 3160 1521 esset
3185 1484 3321 1522 unus
3361 1468 3609 1538 idemque
3631 1485 3788 1524 cotu-

2207 1541 2381 1594 nnmis
2412 1541 2549 1595 filius
2574 1541 2663 1594 Dei
2691 1551 2745 1594 et
2770 1539 3171 1594 Mari:e.0mnis
3202 1550 3386 1592 natura
3414 1554 3445 1591 a
3470 1538 3578 1593 Deo
3601 1549 3787 1597 creata

2205 1618 2318 1669 est,
2347 1622 2401 1663 et
2424 1612 2562 1665 Deus
2581 1626 2646 1665 ex
2676 1610 2837 1664 Maria
2870 1620 3044 1663 natus.
3076 1610 3214 1663 Deus
3255 1610 3431 1663 omnia
3458 1611 3697 1676 creavit,
3727 1620 3791 1667 et

2204 1678 2365 1733 Maria
2390 1682 2553 1735 Deum
2579 1681 2868 1750 generavit.
2904 1680 3041 1734 Dens
3069 1680 3156 1748 qui
3183 1680 3357 1750 omnia
3387 1678 3510 1750 fecit
3536 1719 3553 1744 ,
3583 1680 3698 1749 ipse
3722 1696 3787 1737 se

2204 1764 2267 1802 ex
2298 1750 2456 1806 Maria
2480 1749 2603 1806 fecit
2633 1768 2645 1798 τ
2671 1755 2725 1804 ει
2748 1752 2827 1804 sic
2863 1749 3040 1803 omnia
3069 1764 3186 1818 qure
3215 1749 3411 1804 fecerat
3430 1749 3633 1804 refecit.
3676 1751 3786 1818 Qui

2206 1821 2376 1886 potuit
2394 1822 2570 1875 omnia
2594 1821 2661 1876 de
2688 1820 2853 1875 nihilo
2877 1820 3073 1885 facere,
3105 1819 3275 1874 noluit
3306 1835 3370 1875 ea
3421 1818 3615 1875 violata
3662 1822 3787 1876 sine

2202 1888 2362 1943 Maria
2388 1893 2630 1945 reticere.

2272 1957 2496 2016 CAPUT
2536 1959 2621 2016 Ill.
2675 1959 2777 2014 Cur
2819 1957 3072 2013 Dominus
3113 1958 3323 2014 voluerit
3363 1960 3614 2030 cruciﬁgi.
3650 1960 3785 2017 Cru-

2202 2029 2274 2083 cis
2304 2031 2477 2086 virtus.
2508 2032 2701 2085 Passus
2726 2031 2825 2086 sub
2856 2030 3044 2085 Pontio
3075 2030 3260 2092 Pilato,
3292 2029 3596 2093 crucifixus,
3628 2048 3783 2085 rnor-

2204 2109 2325 2155 tuus
2352 2110 2407 2157 ct
2442 2101 2700 2171 sepultus.
2743 2103 2823 2170 (a)
2865 2101 2967 2156 lste
3006 2100 3206 2155 Pilatus
3236 2101 3399 2168 judex
3437 2108 3553 2155 erat
3592 2102 3644 2154 in
3689 2104 3786 2157 illo

2204 2178 2443 2240 tempore
2485 2173 2553 2226 ab
2591 2174 2910 2239 imperatore
2950 2172 3151 2240 positus
3191 2171 3241 2224 in
3284 2171 3465 2225 iudica
3488 2213 3504 2236 ,
3532 2173 3636 2226 sub
3671 2188 3784 2240 quo

2206 2241 2457 2311 Dominus
2489 2257 2679 2311 passus
2702 2252 2802 2294 est.
2826 2241 2987 2309 Cujus
3013 2241 3211 2294 mentio
3235 2241 3299 2295 ad
3329 2242 3584 2309 temporis
3609 2242 3780 2311 signi-

2202 2310 2521 2375 ficationem,
2547 2327 2651 2365 non
2675 2312 2739 2364 ad
2764 2327 3003 2379 personze
3026 2310 3166 2363 illius
3186 2313 3414 2381 pertinet
3438 2310 3777 2381 dignitatem.

2199 2381 2513 2451 Crucifixus.
2546 2382 2680 2436 llinc
2709 2382 2871 2435 multa
2909 2381 3186 2449 Pr0pheta:
3222 2380 3615 2449 prtedixerunt,
3641 2396 3781 2451 qua-

2200 2449 2323 2504 liter
2355 2453 2636 2506 crucifixus
2672 2452 2723 2505 in
2753 2466 2911 2505 cruce
2936 2451 3003 2521 in
3042 2461 3328 2521 conspectu
3356 2452 3534 2521 populi
3563 2449 3777 2521 maligni

2199 2521 2443 2575 manibus
2480 2524 2712 2576 txtensis
2748 2519 3075 2589 pependerit.
3110 2520 3311 2574 Tamen
3354 2519 3409 2575 ut
3436 2521 3664 2575 breviter
3688 2519 3777 2575 di-

2198 2598 2350 2660 catur
2370 2632 2387 2658 ,
2430 2592 2481 2644 in
2520 2606 2679 2645 cruce
2717 2605 3005 2660 suspensus
3029 2596 3112 2644 est
3133 2629 3148 2653 ,
3178 2598 3234 2643 ιιι
3259 2606 3355 2644 nos
3380 2606 3412 2646 a
3435 2590 3777 2647 damnatione

2199 2659 2327 2728 ligni
2351 2662 2498 2715 vetiti
2524 2659 2857 2726 dissolveret,
2885 2671 2939 2713 et
2957 2676 2984 2712 a
3010 2670 3179 2714 morte
3198 2660 3467 2715 liberaret.
3498 2661 3603 2713 Sed
3630 2678 3775 2729 qum-

2196 2730 2367 2801 ritttr,
2395 2730 2519 2800 quid
2551 2732 2618 2785 sit
2654 2734 2826 2787 crucis
2854 2729 3168 2801 significatio
3191 2772 3205 2794 ,
3238 2738 3487 2801 etquare
3518 2730 3774 2785 Dominus

2198 2799 2251 2853 in
2280 2799 2518 2870 patibulo
2553 2803 2660 2872 pati
2700 2816 2759 2857 se
2795 2799 3046 2872 elegerit?
3073 2801 3151 2854 Atl
3176 2800 3317 2870 quod
3348 2801 3610 2872 tripartita
3640 2803 3775 2872 ratio

2199 2872 2458 2925 redditur.
2491 2871 2682 2939 Prima,
2713 2881 2769 2926 ut
2793 2871 3035 2925 Christus
3061 2886 3155 2939 pro
3177 2881 3324 2925 reatu
3348 2871 3527 2924 mundi
3559 2871 3771 2926 redem-

2200 2942 2309 3009 ptio
2351 2943 2598 3007 daretur,
2638 2952 2691 2995 et
2731 2942 2977 3010 antiquus
3016 2941 3184 2997 hostis
3222 2942 3365 2995 velut
3404 2942 3563 2995 hamo
3600 2944 3772 2996 crucis

2198 3021 2479 3077 caperetur
2509 3030 2522 3065 :
2547 3013 2781 3078 scilicet,
2814 3022 2870 3065 ttt
2893 3025 3026 3079 quos
3053 3011 3433 3077 absorbucrat,
3461 3022 3767 3077 evomeret,

2200 3095 2305 3135 non
2331 3083 2561 3151 potentia
2591 3083 2787 3145 victus,
2817 3083 2910 3135 sed
2932 3081 3155 3151 justitia.
3189 3082 3432 3135 Secunda
3466 3098 3629 3136 causa
3654 3092 3768 3145 est,

2199 3161 2257 3203 ut
2281 3152 2616 3206 secutoribus
2641 3152 2943 3207 hominibus
2964 3153 3081 3206 vitae
3104 3152 3460 3220 magisterium
3486 3152 3768 3221 prteberet.

2198 3221 2280 3275 Ad
2307 3221 2409 3276 hoc
2433 3222 2574 3276 enim
2610 3223 2849 3277 ascendit
2887 3223 2937 3275 in
2972 3236 3183 3276 crucem
3204 3262 3219 3281 .
3249 3233 3307 3275 ut
3331 3222 3484 3275 nobis
3508 3224 3770 3291 passionis

2199 3300 2254 3344 et
2288 3292 2694 3347 resurrectionis
2733 3292 2998 3361 praeberet
3039 3292 3361 3357 exemplum.
3402 3291 3581 3345 Tertia
3612 3306 3773 3346 causa

2200 3370 2285 3416 est
2308 3371 2569 3432 suscepta:
2593 3364 2766 3416 crucis
2785 3402 2800 3425 ,
2833 3371 2891 3417 ut
2915 3363 3162 3431 superbia
3198 3361 3376 3415 smculi
3405 3361 3665 3432 etinﬂata
3688 3377 3774 3416 sa-

2200 3432 2417 3499 pientia,
2437 3430 2529 3501 per
2550 3434 2723 3487 crucis
2748 3434 3057 3498 stultam,ut
3084 3441 3313 3501 putatur,
3338 3430 3562 3499 prtedica
3573 3432 3772 3486 tionem

2201 3502 2473 3557 bumiliata
2517 3514 2789 3558 corrueret
2813 3545 2827 3565 ,
2870 3512 2924 3558 et
2967 3504 3127 3557 sciret
3164 3502 3215 3555 id
3253 3502 3394 3568 quod
3430 3503 3655 3555 stultum
3692 3511 3781 3559 est.

2201 3571 2291 3626 Dei
2314 3614 2328 3637 ,
2353 3575 2641 3642 sapientius
2660 3588 2780 3628 esse
2803 3574 3121 3628 hominibus.
3158 3572 3262 3625 Sed
3289 3572 3465 3625 adhuc
3486 3571 3773 3627 videndum

2199 3652 2298 3705 est,
2331 3660 2497 3713 quare
2528 3646 2778 3698 Dominus
2813 3645 2913 3697 tale
2936 3659 3104 3713 genus
3130 3643 3316 3713 mortis
3342 3642 3585 3713 elegerit.
3617 3642 3770 3711 Legi-

2201 3729 2319 3765 tmts
2349 3712 2494 3769 enim
2542 3716 2593 3766 in
2640 3712 2961 3781 Evangelio,
3006 3713 3146 3781 quod
3188 3712 3438 3766 Pharistei
3484 3712 3773 3767 voluerunt

2199 3797 2321 3838 eum
2370 3785 2701 3852 praecipitare
2739 3784 2807 3837 de
2846 3792 3024 3837 monte
3068 3801 3081 3837 :
3124 3792 3178 3836 at
3206 3783 3295 3836 elli
3341 3784 3609 3837 transiens
3634 3824 3651 3850 ,
3679 3797 3770 3851 per

2200 3853 2434 3925 medium
2461 3854 2674 3925 illorum
2705 3854 2814 3925 ibat
2839 3852 2986 3925 (Luc.
3012 3868 3059 3906 tv
3079 3894 3095 3917 ,
3114 3853 3195 3925 29
3215 3852 3368 3925 ,30).
3394 3854 3534 3925 Alibi
3559 3867 3771 3922 quoque

2201 3924 2422 3993 legimus
2441 3963 2455 3985 ,
2486 3925 2625 3992 quod
2650 3923 2819 3978 Judzei
2851 3922 3085 3977 tulerunt
3111 3922 3333 3993 lapides,
3365 3932 3423 3975 ut
3445 3922 3689 3991 jacerent
3718 3924 3769 3977 in

2200 4009 2320 4047 cum
2361 4011 2375 4046 :
2416 3995 2529 4062 ipse
2565 4008 2690 4048 vero
2726 3994 3003 4048 abscondit
3040 4008 3134 4058 se,
3175 4003 3230 4048 et
3268 3994 3433 4048 exivit
3470 3996 3539 4047 de
3577 3994 3772 4062 templo

2203 4063 2379 4135 (Joan.
2408 4080 2496 4119 vtn
2520 4107 2535 4129 ,
2564 4066 2675 4132 59).
2701 4064 2875 4132 Quare
2912 4064 3077 4118 noluit
3117 4064 3370 4135 Dominus
3397 4064 3729 4135 iprarcipitari
3750 4101 3770 4129 ,

2201 4134 2281 4189 vel
2312 4134 2529 4204 lapidari
2549 4178 2564 4203 ,
2595 4136 2869 4206 autetiam
2895 4136 3069 4206 gladio
3098 4134 3772 4206 truncariigUtiquecausa

2201 4214 2395 4259 nostra:
2432 4207 2618 4261 salutis
2658 4207 2759 4260 hoc
2794 4204 2934 4259 fecit.
2975 4206 3114 4259 Mors
3150 4205 3292 4259 enim
3332 4204 3532 4258 Christi
3562 4205 3773 4275 signum

2200 4286 2281 4345 est
2305 4286 2498 4330 nostra:
2523 4277 2729 4332 salutis.
2753 4275 2927 4330 Noluit
2946 4291 3072 4345 ergo
3098 4275 3342 4343 lapidari,
3365 4282 3457 4328 aut
3477 4276 3643 4330 etiam
3663 4275 3776 4345 gla-

2200 4344 2289 4398 dto
2330 4348 2563 4414 percuti;
2602 4350 2721 4416 quia
2751 4346 2994 4400 videlicet
3020 4344 3121 4400 nos
3149 4361 3359 4413 semper
3387 4344 3775 4400 nobiscum]:-

2202 4416 2350 4483 pides
2382 4426 2473 4470 aut
2510 4417 2703 4471 ferrum
2742 4417 2881 4471 ferre
2916 4432 3018 4469 non
3051 4431 3331 4485 possumus
3363 4416 3557 4484 quibus
3594 4416 3775 4471 defen-

2201 4487 2407 4539 damur.
2450 4488 2622 4557 Elegit
2656 4504 2784 4541 νει-ο
2825 4502 3035 4540 crucem
3061 4526 3075 4546 ,
3116 4502 3234 4553 qua:
3277 4486 3378 4539 levi
3410 4496 3557 4539 muttt
3588 4501 3777 4540 manus

2202 4557 2535 4627 exprimitur,
2561 4574 2660 4627 qua
2683 4568 2735 4612 et
2756 4568 2939 4612 contra
2978 4557 3170 4610 inimici
3198 4558 3458 4627 versutias
3485 4558 3772 4611 munitnur.

2202 4626 2312 4680 Hoc
2350 4628 2492 4683 enim
2538 4624 2688 4699 signo
2729 4629 2903 4683 crucis
2922 4636 3284 4699 consecratur
3308 4624 3516 4699 Corpus
3545 4626 3776 4699 domini—

2203 4713 2323 4750 cum
2344 4740 2359 4763 ,
2389 4697 2747 4755 sanctiﬁcatur
2774 4701 2890 4751 fons
2922 4697 3283 4765 Baptismatis,
3310 4697 3589 4751 initiantur
3617 4697 3774 4750 etiam

2202 4770 2498 4839 presbyteri
2522 4811 2538 4837 ,
2579 4779 2635 4825 et
2666 4770 2845 4825 caueri
2874 4770 3068 4839 gradus
3106 4767 3451 4839 ecclesiastici
3470 4807 3494 4839 ί.
3521 4777 3579 4821 ει
3601 4767 3777 4822 omnia

2202 4837 2548 4909 quaecumque
2579 4837 3013 4909 sanctiticantur,
3032 4837 3134 4893 hoc
3160 4838 3309 4907 signo
3334 4837 3626 4892 dominica:
3660 4851 3777 4891 cru-

2202 4911 2280 4964 cis
2312 4925 2434 4964 cum
2462 4908 2793 4965 invocatione
2822 4908 3020 4964 Christi
3047 4908 3273 4963 nominis
3300 4916 3709 4962 consecrantur.

2200 5016 2205 5019 -
2274 4980 2500 5037 CAPUT
2556 4981 2646 5037 IV.
2701 4978 2875 5035 Crucis
2922 4980 3233 5047 mysterium.
3288 4977 3625 5045 Profunditas
3666 4994 3780 5047 my-

2204 5053 2340 5105 sterii
2366 5053 2545 5105 crucis.
2588 5050 2721 5105 Nam
2750 5060 2802 5104 et
2825 5051 2937 5118 ipsa
2963 5064 3093 5104 crux
3119 5063 3366 5118 magnum
3402 5049 3455 5101 itt
3484 5063 3546 5103 se
3577 5059 3779 5117 myste-

2208 5124 2344 5203 rium
2369 5124 2604 5203 continet
2627 5122 2813 5203 :_cujns
2835 5120 3165 5203 positiotalis
3185 5128 3285 5203 est,
3311 5130 3368 5203 ut
3386 5119 3636 5203 superior
3662 5132 3783 5187 pars

2206 5194 2370 5248 (‘tBIDS
2400 5202 2560 5261 petat,
2591 5187 2807 5246 inferior
2836 5187 2994 5261 terra:
3023 5191 3299 5261 inhaereat,
3333 5189 3434 5242 lixa
3457 5190 3508 5242 in
3542 5187 3780 5261 inferno:

2206 5279 2325 5317 rum
2349 5257 2452 5317 ima
2478 5264 2749 5331 contingat
2769 5303 2785 5323 ,
2808 5260 3028 5315 latitudo
3051 5270 3227 5315 autem
3249 5260 3367 5328 ejus
3397 5267 3574 5327 partes
3601 5257 3780 5331 mundi

2207 5343 2438 5402 appetat.
2482 5335 2615 5398 Quia
2650 5330 2707 5387 et
2741 5333 2984 5387 Christus
3018 5346 3111 5400 per
3137 5331 3437 5400 passionem
3467 5330 3649 5402 crucis
3676 5332 3783 5385 An.

2206 5400 2339 5473 gelis
2386 5403 2581 5473 profuit
2624 5405 2673 5457 in
2718 5403 2897 5466 caelo,
2942 5417 3187 5473 quorum
3215 5415 3469 5454 numerus
3513 5400 3640 5473 quia
3692 5413 3785 5473 per

2209 5469 2502 5556 aposta'tatn
2538 5472 3131 5556 angelttin__imtnitttttus
3166 5469 3369 5556 fuerat,
3400 5486 3483 5553 ex.
3504 5471 3786 5551 animabus

2208 5544 2445 5599 fidelium
2481 5541 2717 5616 quotidie
2746 5542 3098 5613 adimpletur;
3124 5551 3180 5596 et
3213 5542 3366 5595 nobis
3398 5541 3488 5611 qui
3522 5555 3711 5596 sumus
3736 5542 3783 5593 in

2208 5680 2345 5795 ﬁngo)
2370 5678 2471 5731 Vid.
2494 5691 2642 5730 serra.
2667 5675 2775 5739 ΞΒ,
2800 5677 2848 5726 in
2868 5675 3081 5740 Append.
3107 5675 3220 5727 tomi
3243 5674 3274 5725 5
3291 5708 3305 5735 ,
3326 5681 3377 5726 et
3392 5674 3670 5739 Symbolum
3692 5671 3775 5724 tto!
