4076 6370
440 378 581 437 H99

441 496 511 552 ad
540 489 813 548 Dominum
842 485 1006 542 Deum
1045 489 1272 538 nostrum
1296 521 1312 547 ,
1344 480 1502 535 donec
1529 478 1826 552 misereatur
1852 480 2032 552 nostri.

443 550 690 622 Miserere
716 559 908 623 nostri,
938 556 1173 619 Domine,
1207 554 1442 607 miserere
1463 552 1658 623 nostri;
1683 550 1801 623 quia
1822 551 2039 623 multum

442 621 631 708 repletis
650 648 823 708 sumus
847 621 1161 708 despectione
1189 624 1359 708 (Dsal.
1392 622 1752 708 ακρῳ-κὶα
1775 621 2040 708 Ρινίιξςιᾳνᾳ

444 692 577 765 vero
620 706 674 760 in
715 704 800 757 his
834 692 1013 756 verbis
1043 706 1098 753 et
1141 692 1379 752 caelestis
1416 693 1771 765 philosomiire
1796 692 2041 765 doctrina

445 761 549 835 est.
582 774 789 846 Repleti
814 786 1019 846 sumus,
1042 768 1231 846 inquit,
1260 761 1598 846 deSpectione
1629 761 1645 819 ξ
1674 764 1774 817 hoc
1800 773 1882 846 est
1901 761 2041 832 quod

445 851 644 907 docere
664 839 770 902 nos
798 845 967 899 voluit
991 884 1005 909 ,
1056 841 1178 911 quia
1208 839 1313 911 etsi
1351 846 1690 911 peccatorum
1733 844 2042 889 nostrorum

447 917 787 977 multitudine
808 915 995 986 repleti
1021 909 1210 987 sumus
1230 950 1244 976 ,
1285 909 1628 987 despectione
1658 916 1815 987 atque
1842 920 2041 987 oppro-

447 992 583 1047 briis
609 977 886 1058 coopertii
916 984 1054 1058 oculi
1080 995 1255 1058 tamen
1284 977 1535 1035 nostriad
1560 978 1842 1058 Dominum
1876 977 2043 1058 Deum

448 1072 694 1119 nostrum
713 1047 882 1124 'sint,
914 1056 1084 1111 donec
1111 1056 1425 1124 misereatur
1453 1050 1640 1104 nostri.
1673 1047 1782 1102 Nec
1814 1049 1953 1117 prius
1978 1047 2045 1101 ab

451 1131 825 1189 obsecratione
853 1142 1145 1200 cessemus,
1187 1139 1345 1200 quam
1382 1123 1671 1191 impetrare
1698 1127 2042 1200 peccatorum

449 1205 663 1260 veniam
695 1215 1018 1255 mereamur.
1052 1198 1163 1251 Hoc
1195 1196 1336 1250 enim
1364 1208 1488 1247 vere
1526 1196 1821 1246 constantis
1850 1196 2044 1243 anima:

386 1331 393 1339 ,
453 1284 538 1332 est
565 1284 619 1330 et
643 1272 929 1346 pertinacis
952 1312 988 1346 ,__
1013 1277 1071 1323 ut
1097 1280 1427 1346 nequaquam
1456 1263 1743 1346 repellatur
1771 1261 1839 1346 de
1866 1275 2049 1346 persa-

453 1329 693 1402 verantia
742 1329 1031 1413 poscendi,
1089 1329 1460 1413 desperatione
1494 1329 1870 1413 impetrandi;
1941 1329 2035 1413 sed

454 1404 767 1489 perseveret
792 1404 1137 1489 ac_persistat
1165 1404 1218 1462 in
1245 1404 1702 1489 obsecrationibps
1731 1404 1902 1458 donec
1934 1404 2039 1483 mi-

454 1475 699 1545 sereatur
723 1486 794 1540 ei.
841 1475 911 1538 Et
930 1498 1002 1555 ine
1030 1480 1167 1534 forte
1201 1476 1478 1555 arbitreris
1509 1485 1561 1530 te
1586 1475 1843 1555 offensam
1876 1475 2048 1555 magis

457 1559 779 1615 contrahere
804 1554 944 1625 apud
977 1554 1143 1625 Deum
1167 1592 1181 1615 ,
1214 1550 1257 1603 si
1287 1564 1409 1625 curn
1439 1562 1545 1602 non
1574 1546 1829 1625 merearis
1857 1546 2050 1625 audiri,

456 1631 795 1700 importunus
835 1616 1501 1700 persistasninprecibus;
1552 1616 1835 1700 recordare
1872 1616 2055 1700 Evan-

458 1688 586 1772 gelii
630 1688 937 1771 parabolam
957 1738 973 1763 ,
1010 1702 1064 1749 et
1092 1694 1161 1747 ibi
1191 1688 1448 1772 invepies
1468 1688 1608 1759 quod
1650 1694 2054 1772 persererantes

370 1760 377 1779 ⁸
459 1760 519 1827 ξι
566 1760 899 1840 ἱηῐροτιυηοε
947 1760 1253 1840 precatores
1298 1762 1699 1840 Doniinusnon
1730 1760 1829 1813 sibi
1870 1769 2054 1840 esten:

461 1842 541 1898 dit
564 1827 818 1911 ingratos.
848 1827 1106 1893 Ait'enim
1136 1852 1149 1887 :
1176 1834 1242 1912 Et
1266 1833 1309 1887 si
1330 1850 1432 1912 non
1457 1831 1595 1885 dabit
1616 1832 1661 1883 ei
1685 1839 1889 1912 prapter
1914 1827 2052 1900 quod

461 1904 658 1967 amicus
688 1915 797 1982 ejus
826 1919 895 1964 est
916 1950 929 1975 ,
978 1914 1181 1979 prapter
1217 1904 1584 1982 improbitatem
1609 1904 1916 1982 tamenﬁejus
1941 1916 2056 1982 sur-

497 1993 563 2049 et,
586 1992 633 2037 et
661 1970 797 2035 dabit
827 1981 872 2035 ei
897 1970 1141 2045 quantum
1169 1970 1297 2045 opus
1324 1975 1469 2028 habet
1496 1972 1644 2049 (Luc:
1676 1970 1863 2049 )tt,_8).
1888 1970 2060 2049 Intel-

485 2043 585 2125 ige,
616 2043 955 2125 charissime,
982 2064 1110 2125 ergo
1140 2043 1261 2117 quia
1282 2054 1566 2125 propterea
1595 2043 1839 2125 diabolus
1870 2043 2061 2125 despe:

461 2112 729 2181 rationem
772 2112 985 2195 subjicit
1015 2112 1333 2195 impetrandi
1358 2112 1652 2195 ,_'ut_spem
1680 2114 1932 2195 bonitatis
1964 2112 2062 2167 Dei

462 2197 620 2252 nobis
643 2184 885 2250 abscidat
904 2234 918 2258 ,
948 2207 1067 2263 qum
1088 2184 1170 2245 est
1194 2189 1301 2243 dux
1322 2184 1558 2253 itineris,
1588 2200 1694 2265 quo
1710 2186 1826 2265 itur
1854 2184 2061 2265 adem-

463 2268 597 2323 Ium.
618 2267 784 2321 Sicut
810 2255 986 2319 autem
1014 2277 1109 2332 pro
1137 2271 1308 2315 morte
1332 2258 1601 2332 communi
1634 2255 2061 2326 philosophicum

465 2349 548 2394 est
582 2354 612 2393 a
656 2336 905 2408 Iacrymis
939 2328 1299 2408 _temperare;_
1331 2331 1402 2408 ita
1431 2331 1486 2408 _in
1514 2328 1905 2408 animaemorte
1934 2342 2062 2379 con-

468 2399 789 2465 solationem
843 2399 1127 2474 recipere,
1177 2411 1233 2457 et
1288 2401 1547 2470 insipiens
1595 2407 1650 2454 et
1702 2399 2064 2468 irreligiosum

506 2495 626 2535 IICO.

466 2479 763 2605 ᾱυὲῗίΡυΤ
811 2545 951 2602 XVI.
1015 2542 1346 2611 Quantumvis
1389 2542 1489 2595 reis
1526 2549 1749 2609 superest
1789 2541 1901 2594 vita:
1929 2555 2060 2610 spes.

468 2620 830 2676 Paenitentiam
851 2618 1099 2671 sinceram
1131 2630 1390 2684 nunquam
1419 2612 1610 2684 spernit
1640 2611 1807 2684 Deus:
1849 2612 1929 2664 Ad
1962 2626 2064 2684 cce-

468 2694 617 2759 lum,
661 2708 764 2745 non
805 2688 874 2742 ad
916 2687 1195 2759 gehennam
1222 2680 1408 2737 creavit
1433 2680 1536 2759 nos.
1560 2681 1721 2759 Deus.
1768 2680 1873 2736 Per
1902 2681 2065 2759 Eteni-

468 2752 678 2819 tentiem
707 2762 788 2835 hic
816 2752 1218 2835 quantacumque
1251 2764 1458 2835 possunt
1486 2752 1625 2806 ablui
1649 2764 1874 2835 peccata:
1902 2753 2068 2820 Quin-

467 2835 577 2889 imo
624 2842 680 2888 et
720 2825 941 2902 ignavia:
970 2844 1069 2883 nos
1110 2825 1409 2897 arguendos
1440 2834 1589 2895 puto,
1620 2825 1666 2902 si
1706 2840 1827 2879 cum
1862 2825 2068 2902 lamen-

470 2913 683 2975 tatores
712 2894 997 2975 corporum
1038 2894 1333 2975 mortisque
1371 2894 1671 2975 communis
1713 2906 1821 2949 tam
1850 2894 2069 2975 du_re.et

467 2985 578 3030 tam
605 2966 951 3030 vehementer
981 2973 1082 3024 hoc
1106 2966 1303 3024 faciant
1322 3010 1337 3035 ,
1370 2983 1491 3023 cum
1520 2968 1692 3021 sciant
1718 2975 1771 3020 et
1793 2966 1928 3020 certi
1959 2966 2068 3019 sint

468 3047 603 3101 nihil
650 3044 906 3115 prodesse
952 3042 1281 3115 ﬂctus_suos
1325 3039 1401 3115 ad
1440 3038 1604 3115 vitam
1642 3037 1920 3115 defuncti;
1968 3050 2069 3091 nos

468 3118 603 3172 nihil
631 3107 734 3171 tale
761 3131 858 3186 pro
888 3114 1081 3168 anima:
1128 3110 1510 3189 lamentatione
1556 3107 1813 3189 faciamus
1836 3148 1853 3173 ,
1906 3121 2069 3189 quam

468 3189 679 3243 restitui
713 3181 779 3241 in'
797 3192 993 3240 statum
1019 3198 1173 3238 suum
1204 3197 1301 3252 per
1325 3181 1694 3252 paenitentiam
1732 3181 2064 3234 noverimus.

469 3260 681 3315 Scimus
720 3256 865 3312 enim
887 3297 901 3321 ,
944 3256 1126 3324 plures
1158 3251 1439 3323 prolapsos
1469 3251 1537 3305 ab
1564 3251 1757 3305 itinere
1779 3257 1945 3324 _recto
1969 3290 1983 3313 ,
2014 3258 2070 3305 et

471 3331 830 3399 praecipitatus
870 3321 960 3380 ab'
982 3321 1224 3395 ingressu
1254 3321 1621 3399 viae__angust§e
1651 3338 1663 3373 :
1697 3329 1751 3375 et
1777 3321 1849 3374 ita
1881 3334 2069 3399 rursus

470 3392 748 3470 reparatas
788 3414 938 3463 esse,
985 3392 1469 3470 ut'postcrioribus
1509 3392 1688 3461 priora
1732 3392 2065 3458 transierint,

470 3465 631 3542 atque
655 3470 721 3525 ad
750 3470 978 3542 palmam
996 3465 1335 3542 pervenerint
1359 3473 1413 3542 et
1440 3478 1711 3529 coronam,
1738 3476 2069 3531 numeroque

471 3535 656 3597 rursus
686 3535 931 3596 et'choro
960 3537 1213 3605 adscripti
1256 3535 1544 3590 credantur
1578 3549 1699 3588 esse
1734 3543 2064 3588 sanctorum.

471 3617 537 3668 Et
582 3614 706 3667 nolo
746 3621 897 3681 putes
934 3608 1165 3681 quiaﬁde
1208 3606 1291 3661 his
1330 3621 1509 3660 sermo
1555 3605 1686 3681 mihi
1725 3606 1814 3681 sit
1838 3613 2065 3681 tantum,

472 3686 562 3755 qui
593 3686 645 3738 in
678 3675 859 3755 paucis
890 3675 1184 3755 et'levibus
1224 3684 1579 3755 peccaverunt
1613 3676 1716 3729 :dc
1738 3675 1853 3755 _i|Io
1880 3676 2069 3755 loquor

473 3746 567 3825 qui
593 3746 842 3809 omnibus
872 3751 1151 3825 succubuit
1173 3749 1332 3825 malis
1352 3788 1390 3825 ,Δ
1416 3747 1864 3825 quiimmanitate
1894 3746 2065 3825 scele-

476 3817 590 3882 rum
617 3826 757 3880 viam
796 3822 897 3878 sibi
922 3822 1212 3877 excluserit
1243 3818 1392 3882 regni
1431 3818 1723 3881 cmlorum;
1765 3826 1820 3871 et
1868 3832 1974 3870 non
2002 3817 2069 3872 de

473 3897 797 3961 inﬁdelibus,
830 3893 923 3947 sed
950 3894 1015 3946 de
1038 3892 1282 3946 ﬁdelibus
1312 3888 1491 3954 fuerit,
1526 3900 1580 3943 et
1607 3904 1671 3961 ex
1699 3888 1779 3941 bis
1799 3888 1886 3958 qui
1920 3889 2067 3961 prius

473 3960 790 4037 placuerunt
829 3968 936 4037 Deo
960 4005 975 4030 ,
1019 3973 1135 4032 post
1176 3962 1292 4037 haec
1319 3960 1829 4037 autemceciderunt
1853 4000 1867 4024 ,
1904 3960 1989 4037 vel
2014 3961 2066 4013 in

473 4031 730 4111 adulteria
753 4079 768 4109 ,
811 4038 894 4090 vel
927 4036 976 4087 in
1006 4031 1192 4111 Omnes
1221 4031 1574 4111 impudicitias
1594 4072 1609 4096 ,
1638 4048 1794 4111 quae,
1838 4039 1893 4083 ut
1920 4032 2066 4111 Apo:

475 4110 645 4163 stolus
674 4106 781 4171 ait,
827 4116 983 4175 turpe
1015 4114 1097 4159 est
1126 4106 1324 4159 dicere.
1380 4101 1660 4175 Nunquam
1688 4103 1839 4175 enim
1863 4101 2071 4169 spernit

475 4179 845 4251 pmnitentiam
865 4216 881 4239 ,
918 4171 975 4229 ἐἰ
1014 4176 1064 4229 ei
1105 4175 1314 4251 sincere
1339 4181 1394 4226 et
1423 4172 1737 4251 simpliciter
1761 4171 2017 4251 offeratur
2050 4188 2062 4224 :

476 4241 726 4318 suscipit,
758 4249 986 4318 libenter
1024 4245 1252 4318 accipit,
1299 4242 1670 4311 amplectitur,
1710 4241 1834 4295 facit
1863 4241 2061 4318 omnia,

476 4310 737 4392 quatenus
763 4335 884 4373 eum
916 4317 1005 4382 ad,
1026 4310 1257 4392 priorem
1296 4310 1492 4392 statum
1524 4321 1786 4392 revocet_:
1814 4310 2068 4392 quodque

475 4382 559 4446 est
606 4391 777 4446 adhuc
823 4382 1161 4463 praestantius
1200 4395 1253 4440 et
1291 4384 1650 4463 emineqti_us_,
1698 4383 1912 4463 etiamsi
1949 4382 2067 4452 quis

475 4480 584 4518 non
642 4452 871 4531 potuerit
909 4460 1126 4528 explere
1163 4472 1375 4512 omnem
1405 4453 1761 4531 satisfaciendi
1799 4452 2063 4531 ordinem,

473 4525 1012 4609 quantulamcumque
1040 4541 1216 4609 tamen
1251 4537 1304 4583 et
1357 4526 1648 4609 quamlibet
1675 4525 1822 4609 brevi
1860 4534 2066 4595 gestam

474 4599 580 4661 non
605 4607 805 4675 respuit
836 4602 1236 4680 paenitentiam;
1283 4599 1505 4680 suscipit
1530 4599 1689 4679 etiam
1728 4599 1899 4679 ipsam
1922 4638 1937 4661 ,
1967 4611 2066 4651 nec

474 4681 675 4748 patitur
697 4673 945 4749 quamvis
990 4673 1219 4749 estigne
1241 4673 1609 4749 conversionis
1643 4673 1819 4749 per-ire
1856 4682 2065 4749 merce-

474 4738 619 4803 dem.
671 4738 780 4801 Hoc
806 4746 947 4801 enim
981 4738 1107 4797 mihi
1137 4742 1346 4797 videtur
1388 4739 1621 4795 indicare
1648 4738 1810 4794 Isaias
1834 4779 1848 4803 ,
1880 4738 1971 4793 ubi
1997 4738 2066 4793 de

473 4820 670 4890 populo
698 4818 1004 4874 Judaaorum
1037 4814 1282 4891 quaedam
1326 4812 1450 4865 talia
1476 4813 1551 4891 ait
1584 4829 1597 4864 :
1625 4809 1858 4891 Propter_
1881 4825 2062 4891 pecca-

476 4883 581 4945 ium
599 4890 791 4943 modice
806 4883 1091 4942 contristari
1117 4895 1180 4951 te,
1215 4894 1261 4938 et
1284 4883 1505 4954 percussi
1532 4891 1597 4961 te,
1627 4891 1671 4961 et
1700 4883 1858 4961 aperti
1884 4883 2065 4961 [aciem

474 4979 638 5016 meam
662 4978 695 5014 a
721 4972 805 5025 te;
853 4968 896 5013 et
926 4959 1249 5012 contristatus
1273 4952 1323 5009 es
1349 4996 1361 5017 ,
1405 4965 1449 5007 et
1480 4952 1747 5025 ambulasti
1778 4952 1970 5025 tristis,
2017 4961 2065 5006 et

474 5033 764 5087 consolatus
785 5022 900 5085 sum
925 5039 969 5083 te
998 5028 1151 5099 (Isai.
1177 5044 1279 5091 LIV,
1309 5026 1497 5095 7ct8).
1522 5025 1645 5077 Hcce
1672 5024 1828 5099 igitur
1857 5022 2063 5099 haben-

476 5113 559 5159 tes
580 5102 822 5172 exempla
852 5094 1197 5173 pmniientim
1222 5114 1327 5173 non
1358 5094 1761 5173 perSeveremus
1788 5094 1841 5147 in
1884 5094 2058 5173 malis,

473 5190 577 5231 nec
590 5166 937 5245 desperemus
951 5170 1436 5245 reconciliationem
1459 5185 1470 5219 :
1492 5167 1587 5221 sed
1610 5166 1872 5245 dicamus,
1890 5166 2062 5245 Etiam

472 5262 575 5303 nos
622 5237 903 5301 redeamus
944 5244 1009 5297 ad
1062 5251 1305 5307 patrem,
1351 5249 1405 5294 et
1454 5238 1885 5307 approximemus
1930 5237 2058 5291 Deo.

470 5317 778 5389 Eunquam,
807 5308 1120 5389 crede_mihi
1140 5354 1156 5378 ,
1186 5310 1516 5389 aversabitur
1540 5308 1606 5363 ad
1637 5323 1695 5362 se
1720 5322 2058 5389 conversrim.

472 5388 592 5459 Ipse
615 5379 934 5459 enimidicit,
966 5384 1103 5439 Deus
1122 5382 1539 5459 appropiansego
1563 5397 1675 5434 sum
1691 5422 1704 5447 ,
1729 5389 1775 5434 et
1805 5396 1905 5433 non
1926 5379 2063 5459 Deus

474 5450 538 5514 de
573 5462 721 5531 longe
761 5458 972 5531 (θεν-ειη.
996 5471 1124 5509 xxm
1146 5450 1320 5531 ,"25)_':
1351 5460 1408 5507 et
1444 5450 1635 5506 iterum
1659 5467 1771 5531 per
1809 5450 2060 5506 eumdem

472 5524 791 5600 prophetam
812 5570 827 5594 ,
850 5527 1078 5600 rPecsata
1103 5569 1116 5590 ,
1146 5526 1349 5596 inquit,
1376 5533 1614 5592 separant
1652 5524 1781 5576 inter
1800 5539 1879 5577 me
1898 5532 1943 5575 et
1974 5537 2060 5575 vos

478 5596 632 5673 (ne.
667 5617 794 5673 uxr,
835 5599 919 5670 2).
970 5596 1034 5673 Si
1069 5611 1198 5666 ergo
1244 5603 1457 5673 peccata
1498 5604 1619 5673 sunt
1657 5609 1777 5673 qua:
1821 5609 1935 5673 nos.
1970 5607 2060 5647 se-

471 5664 723 5743 paranta
745 5671 855 5726 Deo
878 5664 896 5737 ,
940 5664 1259 5743 auferamus:
1276 5666 1511 5743 medium
1537 5665 1677 5743 istud
1699 5664 2054 5743 obstaculum,

473 5737 530 5799 et
555 5741 687 5797 nihil
709 5749 794 5797 est
831 5738 973 5811 quod
1015 5752 1113 5811 nos
1143 5737 1422 5811 prohibeat
1466 5737 1714 5807 conjungi
1742 5737 1872 5811 Deo.
1898 5737 2055 5811 _Pro-_

472 5824 659 5885 pterea
686 5812 830 5869 enim
849 5807 1064 5865 'crcavit
1106 5807 1203 5885 nos
1230 5809 1370 5863 Deus
1390 5849 1406 5875 ,
1437 5816 1506 5885 et_
1534 5823 1654 5885 esse
1680 5823 1776 5861 nos
1812 5808 1936 5862 fecit
1964 5807 2054 5877 qui

472 5878 581 5943 non
609 5899 844 5953 eramus,
873 5889 931 5937 ut
958 5888 1157 5938 aeterna
1178 5880 1233 5937 in
1263 5894 1360 5936 nos
1380 5878 1619 5936 conferat
1643 5879 1799 5949 bona,
1832 5888 1885 5935 et
1914 5894 2053 5949 prac-

1890 358 2259 420 APPENDIX.

3599 362 3759 422 1200

2152 486 2258 535 stet
2284 489 2448 547 regna
2475 473 2753 531 caelorum.
2788 475 2883 548 _(a)
2911 473 3028 531 Non
3060 474 3203 531 enim
3229 489 3330 532 nos
3354 474 3422 532 ad
3444 475 3549 533 hoc
3591 477 3736 546 fecit,

2147 560 2207 605 ut
2248 546 2508 619 gehennae
2546 562 2644 602 nos
2688 546 3121 620 tradatignique
3167 558 3445 620 perpetuo.
3491 549 3736 620 Regnum

2150 621 2408 676 cmlorum
2440 628 2657 689 pr0pter
2681 634 2800 687 nos,
2817 619 3059 689 gehenna
3078 629 3299 689 propter
3311 619 3738 678 diabolum’l’acta

2151 702 2252 748 est.
2302 692 2371 745 Et
2408 690 2523 745 haec
2553 691 2625 744 ita
2662 705 2783 762 esse
2807 733 2821 758 ,
2869 706 2939 762 ex
2976 691 3278 761 Evangeliis
3322 692 3568 748 doceam.
3623 691 3743 762 Ipse

2153 764 2294 817 enim
2346 763 2600 833 Dominus
2644 760 2784 833 dicet
2828 761 2911 817 his
2951 764 3042 833 qui
3082 760 3357 817 a’dextris
3403 763 3521 833 ejus
3560 760 3740 829 erunt,

2166 833 2369 907 Venite,
2420 831 2662 886 benedicti
2698 833 2871 907 Patris
2906 831 3045 907 mei,
3086 834 3327 907 percipite
3365 831 3575 907 regnum
3609 837 3743 906 quod

2152 905 2291 977 vobis
2334 912 2569 977 paratum
2597 911 2670 958 est
2696 905 2757 958 ab
2787 904 2981 977 origine
3000 906 3203 977 mundi.
3224 904 3233 906 ἡ
3256 906 3361 961 IIIis
3388 904 3572 961 autem
3598 904 3689 977 qui
3715 923 3744 962 a

2155 976 2386 1030 sinistris
2412 976 2526 1043 ejus
2555 984 2741 1043 erunt,
2770 975 2944 1041 dicet,
2987 975 3244 1031 Discedite
3266 994 3299 1030 a
3320 994 3398 1031 me
3417 1020 3432 1045 ,
3464 975 3742 1043 maledicti,

2154 1048 2209 1120 in
2233 1048 2400 1120 ignem
2428 1056 2714 1120 teternum,
2736 1048 2861 1120 Aqui
2886 1057 3093 1120 paratus
3131 1057 3201 1101 est
3237 1049 3438 1102 diabolo
3468 1058 3513 1103 et
3554 1050 3746 1120 angelis

2156 1116 2266 1189 ejus
2293 1116 2502 1191 (Matth.
2528 1133 2652 1182 xxv,
2684 1116 2777 1181 ως
2807 1119 2919 1191 41).
2951 1118 3161 1191 Siergo
3188 1120 3433 1189 gehenna
3464 1121 3603 1190 ignis
3624 1116 3751 1191 pro-

2197 1200 2275 1244 ter
2298 1189 2601 1253 diabolum,
2638 1197 2850 1261 propter
2880 1189 3150 1245 hominem
3178 1199 3354 1246 autem
3387 1189 3749 1261 regnutnete-

2178 1276 2329 1316 orum
2356 1275 2386 1313 a
2412 1259 2792 1314 constitutione
2838 1261 3021 1314 mundi
3060 1270 3416 1331 prmparatum
3452 1259 3582 1327 est;
3636 1273 3752 1317 tan-

2158 1340 2271 1404 tum
2302 1341 2413 1404 est,
2442 1346 2527 1404 _ne
2566 1331 2924 1404 nosmetipsos
2949 1333 3018 1404 ab
3048 1332 3289 1402 ingressu
3336 1334 3603 1389 bonorum
3630 1350 3752 1404 per-

2159 1402 2396 1458 sistendo
2440 1402 2491 1455 in
2549 1403 2701 1457 malis
2757 1402 3100 1471 pertinaciter
3150 1404 3517 1459 excludamus.
3570 1402 3753 1461 Donec

2159 1474 2303 1529 enim
2324 1488 2509 1527 sumus
2531 1473 2583 1526 in
2613 1474 2711 1527 hac
2743 1475 2871 1539 vita,
2909 1483 3334 1545 quantacumque
3364 1477 3518 1530 nobis
3543 1476 3751 1531 accide—

2160 1546 2269 1617 rint
2298 1555 2511 1617 pecrcata
2532 1585 2547 1610 ,
2594 1545 2843 1617 possibile
2862 1555 2952 1617 est
2977 1546 3155 1617 omnia
3196 1547 3339 1601 ablui
3366 1562 3463 1617 per
3489 1548 3755 1617 poeniten-

2161 1614 2313 1670 tiam.
2367 1614 2500 1670 Cum
2546 1625 2723 1670 autem
2772 1616 2983 1671 abducti
3028 1616 3284 1672 fuerimus
3304 1614 3506 1673 abhoc
3530 1619 3750 1682 saeculo,

2162 1687 2236 1742 ibi
2260 1688 2369 1756 jam
2396 1687 2604 1759 etiamsi
2630 1687 2909 1759 paenitebit
2946 1702 3044 1743 nos
3070 1686 3248 1758 (valde
3273 1689 3415 1745 enim
3453 1705 3555 1744 nos
3585 1692 3755 1759 paeni-

2165 1759 2295 1813 tebit
2315 1800 2330 1824 ,
2369 1757 2463 1812 sed
2490 1759 2632 1811 nulla
2660 1758 2761 1813 erit
2785 1759 2982 1813 utilitas
3012 1757 3361 1829 ptenitenliaa)
3386 1802 3402 1828 ,
3446 1769 3504 1816 et
3534 1757 3663 1815 licet
3686 1761 3756 1815 sit

2164 1830 2362 1884 stridor
2379 1829 2618 1883 dentium
2643 1871 2658 1895 ,
2705 1830 2828 1883 licet
2857 1830 3089 1885 ululatus
3115 1841 3169 1886 et
3192 1829 3348 1886 ﬂetus
3367 1873 3382 1896 ,
3414 1832 3541 1887 licet
3567 1830 3757 1886 funda—

2165 1915 2285 1955 mus
2313 1915 2497 1970 preces
2515 1941 2530 1966 ,
2559 1908 2615 1954 et
2641 1901 2934 1973 innumeris
2964 1902 3426 1958 obsecrationibus
3452 1903 3756 1973 proclame-

2166 1987 2322 2036 mus;
2372 1985 2531 2025 nemo
2556 1971 2770 2038 audiet,
2824 1988 2982 2026 nemo
3008 1973 3323 2041 subveniet,
3370 1971 3472 2030 nec
3512 1984 3758 2029 extremo

2168 2042 2595 2168 quidemhigito
2640 2058 2829 2125 aquam
2877 2044 2998 2113 quis
3037 2044 3288 2127 infundet
3332 2045 3527 2117 lingua:
3557 2056 3759 2129 nostra:

2168 2122 2357 2168 nosnta:
2399 2131 2451 2167 in
2521 2129 2710 2167 ammts
2746 2132 2758 2168 :
2792 2113 2886 2168 sed
2927 2114 3205 2168 audiemus
3244 2116 3373 2168 illud
3421 2117 3566 2168 nuod
3609 2117 3759 2168 dives

2168 2114 2451 2186 positmin
2482 2113 2710 2186 ﬂammis
2746 2132 2758 2186 ς
2792 2113 2886 2168 sed
2927 2114 3205 2186 audiemus
3244 2116 3373 2170 illud
3419 2113 3566 2186 quod
3609 2117 3759 2173 dives

2168 2184 2258 2239 ille
2284 2184 2487 2258 audivit
2505 2185 2572 2239 ab
2600 2184 2887 2251 Abraham,
2919 2185 3050 2250 Quia
3073 2188 3226 2242 chaos
3249 2184 3488 2258 magnum
3500 2189 3759 2255 ﬁrmatum

2168 2265 2241 2309 est
2278 2257 2409 2309 inter
2446 2273 2535 2310 nos
2573 2264 2789 2330 etuas;
2825 2265 2879 2330 et_
2913 2273 3068 2326 neque
3110 2259 3226 2330 hinc
3249 2257 3373 2312 illuc
3401 2259 3621 2313 transire
3648 2260 3759 2330 quis

2172 2335 2352 2399 potest,
2381 2327 2682 2399 nequeinde
2703 2327 2800 2399 huc
2822 2325 2971 2398 (Luc.
2988 2325 3113 2392 XVI,
3140 2329 3253 2399 26).

2242 2396 2468 2452 CAPUT
2517 2396 2679 2456 XVII.
2738 2396 3032 2469 Voluptates
3078 2401 3176 2455 cito
3213 2396 3502 2455 transeunt.
3552 2399 3762 2455 Ducunt

2171 2468 2240 2522 ad
2294 2478 2481 2523 (eterna
2528 2477 2795 2523 tormenta.
2859 2468 3018 2537 Quasi
3064 2488 3153 2539 per
3188 2473 3442 2526 somnium
3480 2472 3559 2527 his
3607 2473 3760 2527 modo

2173 2540 2411 2611 fruimur.
2456 2540 2849 2610 Resipiscamus
2874 2556 3002 2611 ergo
3032 2542 3243 2598 tandem
3269 2583 3284 2609 ,
3325 2553 3380 2598 et
3414 2543 3761 2599 recordemur

2172 2611 2311 2685 quid
2336 2611 2593 2685 profuerit
2618 2611 2724 2685 illis
2749 2611 2837 2681 qui
2864 2611 2918 2665 in
2944 2611 3150 2685 luxuria
3172 2614 3413 2684 corporis
3442 2625 3495 2669 et
3520 2630 3762 2685 praesen-

2173 2683 2242 2737 tis
2262 2683 2386 2737 vita:
2409 2682 2765 2751 voluptatibus
2794 2698 2959 2752 usque
2986 2686 3036 2737 in
3059 2684 3203 2740 diem
3233 2682 3475 2739 ultimum
3505 2682 3761 2754 perman-

2173 2766 2377 2808 serunt.
2427 2754 2637 2808 Intuere
2665 2768 2803 2808 nunc
2831 2754 3073 2824 sepulcra
3114 2772 3298 2811 eorum
3326 2799 3340 2822 .
3374 2766 3432 2811 et
3458 2756 3581 2811 vide
3604 2759 3648 2811 si
3677 2764 3763 2813 est

2174 2825 2228 2879 in
2256 2826 2333 2897 eis
2362 2824 2580 2897 aliquod
2610 2824 2886 2897 jactantia:
2911 2840 3021 2879 sua:
3046 2827 3348 2897 vestigium,
3376 2829 3421 2882 si
3461 2828 3640 2897 aliqua
3682 2828 3763 2882 di-

2174 2842 2228 2879 in
2256 2842 2333 2879 CIS
2362 2842 2580 2949 auquoa
2615 2842 2886 2893 jaCLanua:
2911 2842 3021 2879 suae
3046 2842 3348 2897 vesugtum,
3376 2844 3421 2882 sn
3461 2842 3640 2897 aliqua
3682 2842 3756 2882 (ιι⁴

2174 2896 2420 2950 vitiarum
2470 2896 2670 2969 auguria:
2697 2897 2845 2966 signa
2870 2898 3203 2967 cognoveris.
3236 2899 3469 2969 Require
3500 2914 3642 2953 nunc
3664 2898 3756 2953 ubi

2174 2976 2349 3021 vestes
2389 2976 2443 3022 et
2467 2966 2813 3022 odoramenta
2846 2966 3123 3038 peregrina
3148 3012 3162 3033 ,
3205 2971 3292 3024 ubi
3333 2966 3760 3038 spectaculorum

2173 3039 2439 3107 voluptas,
2464 3038 2554 3092 ubi
2583 3038 2905 3093 asseclarum
2934 3039 3120 3106 turbae,
3148 3041 3580 3096 etconviviorum
3600 3041 3763 3096 cessit

2174 3110 2481 3182 opulentia,
2528 3109 2689 3176 risus,
2711 3109 2885 3182 _jocus
2903 3152 2917 3177 ,
2961 3119 3015 3164 et
3043 3111 3390 3167 immoderata
3411 3121 3572 3182 atque
3597 3112 3760 3167 etfre-

2174 3179 2301 3251 nata
2338 3180 2515 3234 Itetitia
2546 3195 2652 3250 quo
2677 3179 2840 3245 abiit,
2885 3196 2990 3250 quo
3021 3182 3300 3238 abscessit.
3350 3182 3449 3239 Ubi
3481 3179 3570 3237 illa
3596 3198 3760 3251 nunc,

2175 3261 2227 3325 et
2254 3250 2343 3305 ubi
2375 3251 2509 3321 ipsi?
2551 3251 2681 3325 Quis
2710 3252 2826 3325 linis
2854 3255 3242 3325 utrorumque?
3284 3254 3496 3309 Intuere
3535 3250 3762 3325 diligen-

2175 3322 2302 3398 tius,
2335 3331 2388 3376 et
2411 3323 2604 3398 accede
2632 3323 2849 3398 propius
2877 3324 2942 3377 ad
2969 3325 3300 3398 singulorum
3327 3327 3590 3398 sepulcra.
3627 3322 3761 3382 Vide

2174 3393 2383 3467 eineres
2408 3393 2572 3457 solos,
2601 3404 2656 3448 et
2676 3393 2935 3448 vermium
2962 3394 3152 3467 fetidas
3181 3393 3433 3467 reliquias
3458 3415 3470 3451 :
3501 3407 3555 3453 et
3580 3413 3763 3453 recor-

2174 3463 2305 3519 dare
2336 3465 2475 3518 hunc
2504 3479 2787 3534 corporum
2815 3480 2934 3521 esse
2961 3466 3118 3520 ﬁnem
3142 3509 3155 3529 ,
3202 3463 3361 3522 etiam
3390 3469 3434 3522 si
3463 3469 3517 3522 in
3546 3468 3757 3523 deliciis

2175 3545 2227 3609 et
2279 3535 2458 3609 Imtitia
2485 3576 2499 3598 ,
2548 3537 2689 3609 siin
2728 3536 2912 3592 labore
2952 3546 3005 3591 et
3032 3539 3357 3593 continentia
3401 3541 3761 3609 transegerint

2176 3608 2358 3680 vitam.
2407 3606 2540 3680 Nam
2570 3608 2612 3659 si
2654 3622 2742 3661 res
2780 3609 2954 3662 omnis
2979 3609 3258 3679 omnisque
3282 3624 3438 3664 causa
3476 3606 3653 3680 usque
3692 3610 3759 3665 ad

2175 3679 2385 3751 cineres
2410 3678 2615 3731 veniret
2655 3686 2711 3751 e_t
2746 3694 2991 3751 vermes,
3040 3696 3200 3749 parva
3241 3678 3604 3751 penderentur
3649 3684 3760 3737 haac

2174 3750 2366 3804 damna
2392 3790 2407 3815 ,
2438 3759 2492 3802 et
2519 3765 2637 3818 quae
2668 3748 2818 3804 facile
2845 3752 3011 3818 poSsit
3038 3748 3293 3807 excusaie
3332 3761 3535 3806 natura:
3573 3752 3758 3807 condi-

2174 3822 2269 3875 tio.
2316 3819 2467 3874 Nunc
2490 3830 2668 3874 autem
2690 3830 2943 3875 Converte
2967 3830 3085 3876 tuos
3109 3824 3294 3877 oculos
3323 3823 3390 3877 ab
3419 3823 3535 3878 istis
3559 3825 3757 3879 cineri-

2172 3892 2273 3947 bus
2299 3901 2352 3945 et
2394 3892 2690 3963 sepulcris,
2741 3900 2795 3946 et
2838 3906 3026 3946 revoca
3077 3895 3455 3963 cogitationem
3500 3904 3644 3947 tuam
3692 3892 3758 3949 ad

2173 3963 2303 4035 illud
2328 3962 2492 4035 divini
2530 3962 2713 4031 judicii
2745 3963 2969 4017 tribunal
2996 3962 3315 4019 horrendum
3338 4007 3350 4026 ,
3397 3966 3538 4035 quod
3564 3966 3759 4020 ardens

2174 4034 2373 4087 ﬂuvius
2402 4032 2662 4087 ﬂammeis
2691 4035 2857 4089 ambit
2887 4034 3099 4089 fluentis
3124 4078 3138 4103 ,
3180 4038 3269 4091 ubi
3292 4032 3453 4097 ﬂetus
3481 4048 3534 4091 et
3562 4037 3759 4092 stridor

2174 4105 2431 4167 dentium,
2462 4105 2547 4158 ubi
2577 4105 2812 4159 tenebrat
2835 4106 3146 4173 exteriores,
3181 4108 3270 4162 ubi
3298 4108 3385 4161 ille
3406 4109 3605 4162 vermis
3626 4124 3757 4163 con-

2174 4177 2411 4231 scientia:
2455 4176 2543 4249 qui
2585 4192 2853 4249 nunquam
2903 4180 3180 4247 morietur,
3220 4188 3274 4233 et
3320 4180 3455 4249 ignis
3498 4181 3589 4248 qui
3625 4196 3761 4234 nun-

2173 4262 2329 4316 quam
2373 4248 2757 4317 exstinguetur.
2818 4248 3119 4303 Recordare
3148 4248 3454 4319 parabolam
3484 4249 3673 4305 Lazari
3703 4260 3756 4306 et

2172 4319 2348 4391 divitis
2391 4319 2529 4391 illius
2553 4359 2567 4384 ,
2599 4319 2689 4391 qui
2722 4334 2882 4388 opum
2909 4328 3176 4376 tantarum
3215 4323 3481 4388 dominus,
3512 4322 3604 4391 qui
3634 4338 3758 4391 pur-

2173 4405 2302 4461 pura
2332 4389 2544 4442 indutus
2584 4398 2637 4443 et
2662 4390 2843 4461 rbySs'O
2863 4431 2877 4455 ,
2929 4408 3085 4445 unam
3118 4404 3240 4448 tunc
3267 4409 3417 4461 aqua:
3443 4389 3648 4461 guttani
3683 4395 3759 4447 iu-

2172 4460 2354 4515 venire
2382 4476 2485 4513 non
2530 4460 2728 4530 potuit,
2776 4477 2894 4516 cum
2925 4472 3068 4518 esset
3094 4464 3145 4517 in
3186 4460 3393 4519 ardoris
3433 4460 3755 4519 necessitate

2174 4531 2656 4605 constitutusaDic,
2690 4549 2871 4602 quimso
2903 4544 2953 4589 te
2974 4577 2989 4600 ,
3030 4534 3155 4604 quid
3186 4538 3300 4605 plus
3328 4535 3485 4589 habet
3513 4537 3624 4589 vita
3660 4537 3756 4590 ista

2172 4618 2334 4676 quam
2368 4604 2675 4676 somnium?
2718 4605 2865 4659 Sicut
2890 4607 3032 4660 enim
3076 4607 3125 4659 III
3159 4604 3248 4676 qui
3290 4608 3341 4662 in
3373 4608 3604 4661 metallis
3630 4623 3758 4661 con-

2171 4674 2339 4748 stituti
2368 4675 2449 4728 vel
2476 4674 2813 4748 condemnati
2839 4718 2855 4742 ,
2882 4678 2967 4730 vel
3004 4674 3188 4748 inalia
3211 4679 3447 4746 qualibet
3477 4693 3635 4746 [mna
3659 4694 3755 4748 po-

2171 4745 2257 4819 siti
2277 4786 2292 4809 ,
2317 4759 2457 4819 scum
2486 4745 2623 4819 forte
2651 4755 2768 4816 post
2796 4748 3017 4801 multum
3043 4747 3190 4802 dura:
3220 4745 3344 4803 vitre
3375 4745 3758 4819 paululum—re-

2170 4816 2330 4889 laxati
2374 4816 2571 4871 fuerint
2610 4818 2662 4871 in
2712 4819 3015 4885 somnium,
3062 4819 3247 4875 vident
3292 4816 3532 4875 seinter
3579 4822 3756 4889 plures

2170 4887 2335 4955 dapes
2362 4889 2585 4956 positos,
2617 4889 2786 4960 epulis
2810 4890 3191 4959 cepiosissimis
3224 4890 3422 4960 perfrui
3451 4906 3466 4957 ;
3512 4887 3603 4947 ubi
3633 4906 3757 4946 vero

2169 4961 2532 5026 surrexerint,
2566 4960 2696 5030 nihil
2726 4959 2825 5014 sibi
2866 4962 3050 5030 gratiae
3074 4959 3430 5017 delectatione
3450 4963 3649 5017 somnii
3679 4964 3757 5018 in-

2171 5031 2419 5084 venerint
2460 5029 2721 5085 resedisse
2756 5050 2769 5084 ;
2800 5029 2953 5085 itaet
2985 5033 3133 5088 dives
3171 5033 3263 5087 ille
3303 5034 3455 5089 quasi
3487 5036 3756 5089 somnium

2168 5100 2353 5155 habuit
2392 5101 2549 5172 hujus
2576 5102 2726 5166 vine;
2766 5102 2853 5156 ubi
2880 5102 3161 5172 discessit,
3208 5100 3338 5158 nihil
3371 5120 3496 5159 cum
3535 5105 3629 5160 illo
3656 5105 3757 5161 nisi

2168 5172 2557 5255 praeteritorum
2603 5173 2878 5244 ptenitudo
2918 5186 2972 5230 et
3024 5176 3367 5247 praesentium
3414 5190 3572 5246 pcena
3626 5192 3759 5248 per-

2166 5253 2382 5298 mansit.

2237 5313 2462 5370 CAPUT
2498 5314 2683 5372 XVIII.
2726 5315 2900 5372 Poenae
2922 5326 3142 5373 αξιοι-ηαξ.
3172 5316 3493 5374 Ρωηίιεηιίω
3512 5320 3607 5375 vis.
3632 5318 3761 5377 Htee

2166 5387 2453 5461 recordare
2474 5396 2577 5461 ,‘et
2601 5389 2777 5461 ignem
2804 5390 2949 5461 illum
2988 5389 3248 5461 gehennae
3279 5390 3363 5445 his
3389 5407 3511 5461 qua:
3552 5403 3605 5447 te
3633 5404 3759 5448 tunc

2167 5458 2437 5533 exagitant
2485 5456 2714 5533 ﬂammis
2768 5456 3015 5533 libidinis
3065 5469 3120 5517 et
3173 5456 3477 5533 cupiditatis
3520 5477 3754 5533 oppone.

2166 5528 2416 5605 lgnishic
2433 5531 2531 5605 qui
2556 5532 2608 5585 in
2634 5531 2885 5601 praesenti
2912 5542 2994 5587 est
3014 5532 3142 5598 vita,
3166 5528 3400 5605 absumit
3423 5528 3620 5589 cuncta
3638 5549 3754 5605 qua:

2166 5600 2388 5670 recipit;
2430 5600 2522 5657 ille
2564 5600 2693 5658 vero
2740 5618 2873 5672 quos
2913 5604 3208 5673 susceperit
3258 5620 3473 5675 semper
3513 5600 3751 5672 cruciat,

2165 5679 2220 5726 et
2243 5675 3057 5747 pientesuaeusemperintegros
3079 5684 3274 5747 servat.
3297 5677 3590 5747 Propterea
3611 5677 3751 5733 etum

2164 5750 2221 5797 et
2240 5744 2685 5819 in‘exstinguibilis
2700 5744 2903 5819 dicitur
2922 5744 2953 5812 ;‘
2980 5762 3085 5801 non
3129 5746 3301 5802 solum
3337 5744 3459 5818 quia
3496 5749 3615 5819 ipse
3647 5761 3751 5802 non

2165 5814 2516 5885 exstinguitur
2542 5857 2555 5880 ,
2588 5817 2682 5871 sed
2727 5818 2847 5887 quia
2880 5834 2977 5872 nec
3020 5833 3114 5872 eos
3158 5833 3291 5889 quos
3331 5814 3629 5891 susceperit
3654 5834 3749 5875 ex-

2232 5906 2311 5971 (a)
2332 5907 2428 5959 vid.
2457 5909 2669 5971 Append.
2692 5916 2807 5960 tonu
2823 5910 2873 5975 5,
2896 5923 3042 5962 scrin.
3065 5908 3141 5975 π,
3166 5925 3213 5961 n.
3235 5910 3281 5963 2.
