4100 6344
456 273 599 331 1207

454 386 706 460 Mysteria
740 384 1242 460 catechnmenisnon
1270 382 1556 460 commissa.
1590 380 1922 460 Quid__unc_t_io
1950 398 2047 460 au-

527 452 662 514 rium
713 458 979 531 signiﬁcet.
1004 527 1013 531 _
1035 458 1159 531 Quis
1205 456 1391 531 habeat
1441 470 1590 531 aures
1633 453 1897 531 audiendi.
1948 452 2052 508 Cur

529 524 953 585 adunctce'nares.
978 527 1096 583 Alia
1125 527 1279 598 hujus
1303 527 1527 598 mysterii
1547 524 1696 598 ratio.

529 601 716 657 Omnis
741 600 954 671 quidem
980 599 1077 671 Dei
1099 595 1278 671 sermo
1300 638 1314 662 ,
1345 595 1537 671 fratres
1555 595 1901 671 charissimi,
1928 610 2050 671 cum

457 672 605 730 omni
631 666 925 742 intentione
949 680 1003 726 et
1026 668 1297 742 diligentia
1308 669 1515 742 _muentis
1539 667 1695 722 debet
1720 666 1889 722 audiri
1917 686 1930 721 :
1953 666 2052 742 sed

458 744 548 798 hic
584 737 814 799 maxime
839 784 853 807 ,
883 757 1041 813 quem
1072 737 1231 813 hodie
1256 740 1323 813 ad
1348 739 1670 813 Charit‘atem
1697 747 1928 813 vestram
1953 737 2051 813 ha-

458 815 623 870 bituri
667 829 871 871 sumus.
900 807 1043 869 'ldeo
1080 812 1224 868 enim
1260 810 1494 866 dimissis
1517 809 1627 880 jam
1655 807 2052 864 catechumenis

457 902 557 942 vos
599 895 804 943 tantum
846 884 914 940 ad
957 882 1277 939 audiendum
1317 881 1670 945 retinuimus;
1712 881 1834 951 quia
1860 888 2055 949 praeter

459 958 552 1012 illa
578 1000 593 1023 ,
641 958 989 1027 quaeomnes
1031 953 1361 1027 Christianos
1391 952 1647 1027 convenit
1687 952 2054 1027 in__co_mmune

459 1023 684 1083 servare
705 1069 721 1095 ,
764 1028 1062 1097 Specialiter
1098 1025 1165 1080 de
1199 1023 1506 1081 caelestibus
1528 1023 1799 1097 mysteriis
1825 1023 2054 1097 locuturi

460 1114 648 1157 sumus
671 1139 687 1165 ,
706 1094 833 1168 qua:
858 1098 1043 1153 audire
1072 1113 1177 1152 non
1206 1103 1459 1168 possunt,
1489 1094 1591 1149 nisi
1619 1094 1709 1165 qui
1734 1108 1797 1168 ea
1822 1094 2058 1149 donante

456 1170 569 1240 jam
616 1166 839 1224 Domino
883 1178 1254 1240 perceperunt.
1293 1166 1465 1240 Tanto
1502 1181 1629 1236 ergo
1668 1166 1873 1234 majore
1900 1180 2054 1240 reve-

461 1236 631 1296 rentia
677 1236 898 1300 debetis'
923 1236 1107 1295 audire
1148 1254 1266 1309 quae
1302 1238 1527 1309 dicimus
1551 1236 2054 1309 ,riquantoumajora

461 1311 563 1367 ista
606 1322 729 1367 sunt
757 1328 875 1380 quae
902 1312 1030 1366 solis
1056 1307 1332 1380 baplizatis
1361 1317 1415 1364 et
1446 1308 1690 1363 lidelibus
1720 1307 2052 1380 auditoribus

463 1378 908 1447 committuntur,
978 1378 1142 1452 quani
1194 1382 1281 1436 illa
1327 1396 1445 1449 qua“:
1484 1380 1646 1452 etiam,
1684 1378 2057 1452 catechumeni

422 1448 433 1527 ξ
461 1448 1084 1527 audireconsueverunt.
1120 1448 1440 1527 _blouautem
1471 1450 1650 1527 mirari
1675 1449 1918 1527 debetis,
1948 1448 2058 1527 fra-

422 1519 574 1590 ftres
617 1524 951 1585 charissimi,
996 1523 1138 1594 quod
1172 1523 1323 1578 vobis
1366 1522 1504 1576 inter
1547 1521 1660 1594 ipsa
1702 1522 1954 1592 mysteria
1990 1519 2058 1575 de

460 1597 734 1667 mysteriis
761 1596 892 1650 nihil
917 1592 1179 1667 diximus;
1214 1594 1351 1665 quod
1383 1609 1488 1667 non
1514 1592 1691 1667 statim
1722 1606 1784 1646 ea
1814 1606 1931 1661 qua:
1954 1600 2059 1667 trn-

463 1662 696 1722 didimus
718 1709 733 1734 ,
781 1666 1114 1736 interpretati
1157 1662 1361 1721 sumus.
1399 1664 1550 1731 Quod
1582 1673 1731 1736 certe
1757 1679 1861 1716 non
1888 1662 2058 1736 negli-

461 1739 639 1808 gentia
660 1781 673 1802 ,
706 1755 822 1809 quia
850 1740 902 1792 in
922 1734 1035 1792 tam
1068 1738 1232 1792 sacris
1257 1738 1417 1791 rebus
1442 1744 1605 1809 atque
1615 1734 1823 1809 _divinis
1842 1734 2058 1809 sacrile-

461 1805 606 1879 gium
651 1805 760 1873 est,
806 1810 897 1863 sed
942 1809 1199 1879 religione
1245 1808 1481 1862 fecimus.
1530 1805 2058 1879 Adhibuimusenim

464 1875 570 1933 iam
613 1880 813 1935 sanctis
840 1881 999 1935 rebus
1028 1875 1187 1949 atque
1216 1879 1411 1934 divinis
1440 1880 1698 1932 honorem
1727 1875 1924 1949 silentii
1960 1893 1972 1928 :
2007 1883 2061 1949 et

462 1952 604 2005 inter
647 1952 766 2006 illos
807 1966 992 2006 saeros
1036 1946 1411 2022 mysteriorum
1450 1957 1735 2022 apparatus
1769 1962 1799 2000 a
1834 1946 2060 2022 docendi

462 2037 736 2078 cessamus
783 2023 992 2088 ofﬁcio;
1038 2016 1107 2075 ιη’
1136 2030 1333 2075 tantam
1373 2016 1568 2075 divina:
1596 2019 1781 2089 gratiae
1806 2016 2059 2089 majeslaf

464 2103 571 2148 tem
596 2135 610 2157 ,
662 2109 779 2164 quze
820 2095 982 2149 nullis
1029 2093 1304 2147 hominum
1342 2092 1561 2146 vocibus
1592 2088 1764 2164 _digne
1796 2088 2061 2164 explicari

461 2160 938 2235 potestfamplius
969 2164 1194 2219 tacendo
1220 2178 1555 2235 veneremur.
1570 2161 1692 2216 ‘Sed
1722 2160 1843 2230 quia
1873 2160 2065 2214 instrui

462 2235 518 2290 in
539 2233 870 2292 omnibuset
888 2236 1067 2291 doceri
1091 2244 1317 2289 vestram
1353 2233 1691 2289 Dilectionem
1717 2246 1936 2287 necesse
1957 2238 2059 2298 est,

462 2315 735 2362 transacto
779 2307 992 2377 quidem
1027 2306 1137 2374 jam
1180 2306 1560 2377 mysteriorum
1586 2302 1807 2377 ordine,
1838 2302 2063 2377 exponi-

464 2391 587 2431 mus
626 2377 775 2431 vobis
795 2373 860 2432 ea
890 2393 1009 2447 quae
1030 2373 1165 2431 fante
1196 2373 1508 2429 tradidimus
1538 2393 1552 2429 :
1584 2390 1655 2447 ne
1681 2374 1946 2447 damnati
1976 2373 2064 2426 in-

469 2447 702 2517 telligitis
730 2443 1167 2517 divini'mysterii
1192 2446 1500 2516 dignitatem
1528 2487 1542 2509 ,
1571 2443 1908 2517 minusillud
1939 2458 2064 2517 pre-

466 2513 664 2572 tiosum
688 2519 903 2588 putetis.
928 2513 1081 2584 Quod
1108 2518 1153 2570 si
1183 2513 1568 2588 intellexeritis,
1594 2513 2059 2588 videbitisomnia,

467 2603 589 2657 qua:
630 2586 707 2642 in‘
729 2590 829 2644 hoc
867 2588 1067 2643 mundo
1111 2589 1340 2657 pretiosa
1369 2587 1655 2642 creduntur
1678 2627 1691 2649 ,
1727 2586 1856 2638 tanti
1887 2599 2064 2639 sacra-

467 2660 635 2714 menti
679 2662 1077 2731 comparatione
1123 2659 1396 2731 vilissima.
1449 2657 1523 2728 (a)
1571 2657 1899 2731 Recordetur
1936 2670 2064 2731 ergo

467 2727 833 2801 unusquisque
872 2741 1104 2786 vestrum
1143 2730 1389 2801 singulas,
1423 2727 1800 2801 mysteriorum
1830 2727 2061 2801 species,

469 2818 602 2871 quas
629 2797 1019 2871 'per'nostrum
1043 2844 1058 2870 ,
1103 2797 1336 2855 donante
1370 2797 1635 2871 Domino,
1668 2797 2064 2871 estisministe-

469 2869 609 2927 rium
646 2869 913 2928 consecuti
945 2893 958 2929 :
988 2882 1041 2928 et
1077 2888 1139 2927 ea
1168 2889 1285 2941 qum
1315 2881 1441 2926 tunc
1468 2869 1777 2941 simpliciter
1800 2870 1817 2900 ί
1849 2884 1911 2923 ac
1937 2869 2066 2941 [ide-

468 2945 592 2999 liter
616 2945 922 3014 suscepistis
943 2987 957 3012 ,
987 2960 1127 2999 nunc
1154 2940 1428 3013 intelligite
1453 2940 1763 3011 prudenter,
1791 2948 1851 2995 ut
1872 2940 2065 2995 melius

468 3017 686 3085 possitis
712 3017 980 3071 intellecta
1009 3030 1245 3071 servare.

546 3086 601 3141 In
650 3088 835 3155 primis
880 3095 1026 3141 certe
1074 3101 1229 3141 aures
1271 3093 1477 3141 vestras
1518 3084 1640 3139 oleo
1678 3081 2066 3155 benedictionis

471 3153 793 3223 oblivimus;
835 3159 929 3213 sed
965 3159 1035 3213 ob
1072 3172 1228 3228 quam
1268 3172 1481 3212 causam
1510 3154 1808 3228 secundum
1830 3153 2067 3228 traditio-

471 3244 596 3283 nem
640 3230 1055 3284 ecclesiasticam
1084 3223 1151 3283 ab
1180 3229 1425 3283 omnibus
1448 3226 1723 3281 catholicis
1750 3223 1948 3278 Christi
1975 3239 2065 3279 sa-

471 3299 781 3354 cerdotibus
815 3301 907 3354 iiat
927 3342 943 3367 ,
974 3301 1263 3370 agnoscite.
1294 3297 1369 3371 (ὁ)
1400 3297 1649 3352 lntroitus
1678 3296 1799 3371 ﬁdei
1825 3304 1879 3371 et
1906 3296 2066 3349 totius

472 3381 673 3425 sancta:
702 3365 958 3426 doctrina:
983 3365 1049 3425 ad
1077 3365 1312 3425 animum
1340 3365 1435 3440 per
1461 3383 1620 3423 aures
1650 3365 1947 3440 admittitur
1968 3407 1981 3430 ,
2004 3374 2064 3440 _et

474 3442 542 3496 de
570 3442 750 3497 auditu
783 3442 1084 3497 intellectus
1113 3437 1367 3496 exoritur.
1394 3440 1573 3510 Neque
1599 3439 1740 3495 enim
1758 3445 1942 3510 potest
1970 3437 2068 3510 ali-

474 3514 596 3583 quis
633 3514 754 3567 ﬁdei
790 3522 1123 3584 sacramenta
1151 3527 1473 3584 cognoscere
1488 3508 1517 3584 ζμ
1540 3510 1641 3565 nisi
1671 3509 1846 3584 audiat
1878 3508 2068 3584 praedi-

474 3578 717 3648 cantem,
763 3584 1066 3640 afﬁrmante
1105 3578 1258 3638 beato
1302 3582 1558 3651 Apostolo
1595 3581 1684 3650 qui
1720 3579 1880 3640 dicit.
1924 3578 2066 3651 Quo-

472 3655 625 3727 modo
654 3669 818 3709 autem
848 3656 1084 3721 audient,
1109 3656 1217 3709 sine
1240 3649 1590 3727 pra'dicante?
1615 3649 1668 3727 et
1688 3664 1871 3727 rursus
1890 3691 1907 3727 ,_
1924 3649 2067 3727 _lgirgo

475 3726 603 3795 ﬁdes
637 3743 700 3780 ea:
735 3727 945 3790 auditu,
977 3719 1181 3780 auditus
1216 3719 1382 3779 autem
1424 3741 1513 3796 per
1540 3722 1741 3796 uerbum
1770 3720 1865 3774 Dei
1890 3719 2067 3789 (Rom.

473 3794 509 3851 χ
533 3839 548 3863 ,
596 3799 663 3852 id
682 3839 696 3861 ,
744 3799 856 3867 17).
900 3797 1064 3853 Recte
1101 3812 1228 3868 ergo
1253 3797 1345 3868 illo
1371 3794 1489 3868 oleo
1518 3794 1633 3868 ejus
1659 3806 1846 3847 sensus
1870 3806 2068 3862 organa

476 3869 903 3933 sanetiticantur,
947 3870 1064 3924 sine
1099 3866 1205 3939 quo
1237 3867 1368 3922 ﬁdes
1396 3866 1725 3939 adanimum
1759 3878 1863 3917 non
1894 3870 2070 3934 potest

476 3940 797 4009 pervenire;
842 3936 1354 4009 simulquevventuri
1381 3936 1447 4009 ad
1476 3936 1801 4009 Baptismum
1833 3943 1890 4009 ut
1913 3950 2070 4009 aures

476 4004 602 4064 suas
627 4010 693 4064 ab
718 4004 861 4065 omni
893 4004 1036 4065 malo
1057 4020 1113 4066 et
1139 4012 1277 4079 turpi
1298 4008 1461 4064 verbo
1490 4004 1884 4079 impollutasad
1908 4004 2069 4059 ﬁnem

476 4097 647 4151 usque
689 4081 1027 4145 custodiant,
1069 4092 1123 4136 et
1155 4077 1239 4136 vel
1266 4078 1635 4135 detrahentem
1661 4077 2028 4151 proximo__suo
2050 4117 2068 4143 ,

476 4146 578 4205 vcl'
601 4151 851 4207 obscuene
875 4153 956 4205 vel
986 4151 1250 4221 impudice
1276 4152 1580 4221 loquentem
1608 4146 1758 4221 quasi
1789 4146 1935 4201 surdi
1964 4161 2070 4201 non

478 4223 731 4288 audiant,
776 4218 1077 4291 impleutes'
1100 4222 1245 4276 illam
1288 4218 1575 4289 Scriptura:
1616 4218 1808 4291 divinze
1852 4225 2072 4291 senten-

477 4297 639 4359 tiam,
687 4310 790 4364 qua
828 4288 1020 4347 dicitur
1038 4335 1053 4360 ,
1098 4293 1222 4364 SeJri
1247 4308 1394 4345 aures
1412 4288 1532 4344 tuas
1556 4289 1715 4364 spinis
1734 4329 1748 4355 ,
1774 4288 1951 4364 et_n_oli
1974 4304 2071 4364 au-

478 4366 588 4419 dire
609 4358 833 4436 ling'uam
860 4358 1073 4436 nequam
1108 4358 1291 4437 (Eccli.
1323 4377 1530 4437 xxvntl
1553 4358 1646 4437 28)
1673 4377 1687 4427 ;
1714 4370 1769 4437 et
1797 4360 1920 4437 alibi
1943 4402 1957 4425 ,
1990 4358 2075 4414 Ne

420 4495 428 4503 ,
476 4437 654 4491 credas
685 4431 888 4490 auditui
930 4431 1191 4503 'vanofet
1227 4449 1446 4498 rursus,
1491 4432 1570 4485 Da
1606 4433 1661 4485 in
1689 4431 1971 4503 disciplina
1987 4447 2074 4485 cor

480 4516 650 4575 tuum,
693 4516 738 4562 et
780 4524 907 4579 para
948 4523 1123 4561 aurem
1154 4515 1293 4579 tuam
1315 4504 1475 4558 verbis
1501 4504 1799 4579 prudentiae.
1833 4502 1903 4574 (c)
1932 4502 2075 4572 Ergo

478 4573 715 4634 adhibita
757 4573 976 4633 auribus
1023 4578 1201 4632 unctio
1243 4584 1463 4643 sancta,
1513 4573 1774 4645 signiﬁcat
1802 4581 1861 4628 ut
1885 4573 2074 4645 opines

478 4661 628 4704 extra
675 4649 1008 4720 disciplinam
1047 4662 1320 4703 sermones
1343 4689 1357 4710 ,
1403 4642 1845 4720 quasi'doctrina:
1878 4642 2073 4720 Christi

480 4715 832 4792 obloqucntes
851 4764 868 4789 ,
895 4730 1209 4776 aversentur
1233 4734 1295 4773 ac
1314 4715 1725 4792 lugi‘ant,__seq_ue
1746 4715 1820 4792 ad
1836 4716 1950 4769 sola
1978 4715 2074 4792 Dei

427 4812 437 4834 ι
478 4784 641 4847 verba
678 4784 937 4847 audienda
962 4800 1313 4854 convertant;
1341 4784 1464 4858 quia
1493 4784 1742 4841 illitoillo
1771 4786 1889 4858 oleo
1916 4784 2073 4858 audi-

481 4872 591 4917 tum
632 4879 785 4918 suum
831 4862 1031 4918 Christi
1062 4863 1297 4932 eloquiis
1337 4856 1738 4932 consecrarunt.
1778 4856 1895 4932 ipse
1932 4856 2075 4932 enim

480 4934 725 4990 Salvator
748 4935 981 5004 loquitur
1008 4931 1073 4986 ad
1103 4926 1312 4987 Patrem
1334 4974 1348 4998 ,
1371 4939 1425 4985 et
1445 4928 1833 5004 de_obedientia
1854 4926 2078 5004 creden-

479 5007 546 5059 tis
591 5008 644 5060 in
674 5022 731 5060 se
763 4996 941 5075 populi
969 5003 1223 5074 gloriatur
1250 4996 1434 5057 dicens
1459 5042 1472 5067 ,
1504 4996 2089 5075 διιεῄῇεὶιιιιιἐδειρριιιςΔ

480 5078 665 5130 tionem
712 5068 917 5130 noluisti
945 5068 1159 5141 ,'aures
1217 5084 1385 5128 autem
1432 5068 2073 5143 perfecistidntihi‘(Psal.

480 5164 679 5220 xxxix,
725 5145 801 5220 7).
846 5140 995 5220 Tunc
1034 5147 1175 5220 enim
1218 5159 1375 5199 aures
1418 5140 1651 5220 ﬁdelium
1687 5141 1885 5197 Christi
1912 5140 2075 5210 perﬁ-

480 5214 725 5285 ciuntur,
760 5214 987 5288 quando
1037 5216 1173 5288 nihil
1209 5225 1404 5287 praeter
1447 5214 1717 5270 Christum
1760 5221 1815 5269 et
1856 5228 1919 5269 ea
1955 5227 2075 5283 qute

481 5288 678 5346 Christi
704 5287 829 5347 sunt
855 5288 1040 5345 audire
1066 5287 1391 5343 desiderant.

546 5466 565 5496 ⁸
602 5465 737 5528 Apud
757 5471 972 5526 Ivonem,
995 5462 1289 5529 suppliciter.

571 5550 625 5615 α)
648 5557 757 5600 Haec
795 5552 1045 5615 Augustini
1091 5551 1287 5600 nomine
1316 5549 1431 5599 citat
1448 5554 1526 5599 tvo
1573 5548 1638 5600 de
1690 5548 1941 5612 Baptismo,
1966 5560 2070 5611 cap.

482 5615 625 5739 ξθῗίι)
648 5673 910 5740 Leidradus
945 5674 1008 5725 de
1030 5679 1285 5739 Baptismo,
1308 5686 1412 5740 cap.
1439 5674 1497 5738 2,
1520 5677 1570 5726 iu
1593 5683 1724 5728 tomo
1757 5674 1905 5727 tertio
1927 5679 2072 5724 vete-

482 5735 594 5791 rum
605 5735 968 5787 'Analectorum.

551 5800 624 5865 (ο)
642 5806 697 5855 Et
717 5800 823 5855 btet:
843 5801 959 5883 citat
978 5801 1059 5851 tvo
1072 5798 1159 5853 ubi
1178 5812 1338 5863 supra.

1927 263 2295 323 APPENDIX.

3610 270 3748 327 1208

2229 381 2383 457 Unde
2421 391 2477 439 et
2515 383 2570 457 in
2611 381 2903 457 Evangelio
2927 384 3067 440 idem
3097 384 3386 455 Dominus,
3417 383 3485 444 de
3511 390 3747 447 caelestis

2158 455 2307 524 regni
2344 456 2598 529 mysterio
2635 455 3135 529 cum'loqueretur,
3176 457 3421 523 dicebat,
3465 458 3567 529 Qui
3599 461 3747 519 habet

2159 542 2307 600 aures
2331 526 2598 594 audiendi,
2626 528 2803 582 audiat
2827 528 3041 600 (Matth.
3070 544 3165 584 xm
3190 571 3206 596 ,
3236 529 3300 595 9,
3330 530 3443 600 45).
3468 526 3603 587 Nam
3630 549 3747 588 cum

2160 598 2398 651 omnium
2441 612 2724 654 commune
2748 600 2818 654 sit
2842 598 3041 656 habere
3063 614 3257 663 aures;
3286 598 3465 656 tamen
3494 604 3744 659 audiendi

2161 682 2316 724 aures
2350 684 2635 724 commune
2662 685 2768 725 non
2799 679 2899 726 est.
2931 671 3260 742 Quicumque
3287 672 3430 728 enim
3460 673 3557 729 Dei
3586 676 3746 730 verba

2159 749 2549 806 contemnunt,
2593 742 2833 811 quamvis
2875 758 2980 797 non
3030 743 3235 811 possint
3273 754 3620 800 contemnere
3649 748 3743 801 nisi

2161 811 2308 881 prius
2335 811 2591 885 audiant,
2627 820 2801 868 tamen
2827 815 2948 885 quia
2978 822 3326 869 contemnunt
3346 816 3485 885 quod
3504 818 3741 882 audiunt,

2161 896 2264 936 nec
2304 882 2526 959 audisse
2545 882 2793 959 dicuntur
2815 882 2981 959 {quia
3006 902 3124 959 qua:
3151 882 3470 959 audierunt,
3499 897 3747 959 tanquam

2162 969 2269 1007 non
2291 953 2469 1008 audita
2496 953 2816 1026 despiciunt.
2847 957 2911 1010 Et
2934 953 3053 1012 ideo
3081 955 3280 1011 habent
3308 957 3395 1013 isti
3422 953 3623 1026 aures,
3646 976 3749 1015 non

2200 1040 2281 1100 uae
2306 1040 2462 1080 aures
2481 1025 2869 1100 audiendiesse
2896 1028 3178 1094 dicuntur;
3207 1027 3299 1082 sed
3329 1044 3485 1084 aures
3511 1025 3631 1100 quin
3658 1047 3750 1083 au-

2203 1096 2317 1149 iunt
2352 1111 2420 1151 ne
2447 1096 2663 1151 audiant
2682 1140 2696 1160 ,
2728 1098 2778 1151 id
2805 1107 2919 1165 est,
2949 1106 3006 1152 ut
3033 1115 3094 1153 ea
3125 1114 3243 1169 quae
3271 1096 3571 1167 audierint,
3601 1102 3747 1169 quasi

2162 1181 2429 1237 nunquam
2454 1209 2469 1231 ,
2518 1177 2576 1221 ut
2617 1168 2877 1236 diximus,
2909 1170 3087 1223 audita
3114 1168 3478 1226 centemnant.
3509 1168 3631 1227 Soli
3656 1189 3749 1226 au-

2165 1246 2271 1291 tem
2303 1239 2551 1313 illiaures
2575 1239 2823 1313 audiendi
2849 1240 3046 1313 habere
3068 1239 3317 1297 dicuntur
3343 1259 3371 1294 a
3402 1241 3643 1309 Christo,
3664 1244 3750 1313 qui

2163 1323 2285 1363 cum
2315 1309 2535 1366 auribus
2562 1310 2815 1376 audiunt,
2846 1311 3072 1366 ﬁrmiter
3114 1313 3292 1367 animo
3334 1309 3747 1377 commendant;

2164 1389 2217 1453 et
2242 1380 2383 1453 quod
2409 1381 2588 1453 animo
2615 1382 2963 1448 tradiderunt,
2995 1383 3244 1453 operibus
3265 1396 3651 1453 exsequuntur.
3680 1385 3750 1439 De

2164 1450 2464 1525 hujusmodi
2488 1453 2815 1508 auditoribus
2833 1450 3091 1509 Dominus
3112 1452 3165 1508 in
3188 1450 3475 1524 Evangelia
3499 1457 3746 1525 loquitur,

2173 1520 2335 1594 Vestri
2354 1533 2522 1594 autem
2540 1525 2667 1577 beati
2682 1525 2814 1577 oculi
2826 1526 2913 1589 qui
2928 1525 3113 1589 vident,
3131 1536 3173 1578 et
3190 1520 3523 1580 auresbestraz
3540 1520 3654 1594 qua:
3669 1544 3749 1578 au-

2165 1592 2310 1669 diunt
2330 1593 2512 1664 (Ibid.,
2539 1596 2645 1669 lli);
2665 1602 2717 1649 et
2741 1611 2952 1669 rursus,
2973 1597 3149 1650 Omnis
3173 1597 3410 1669 animiqui
3433 1592 3578 1650 audit
3605 1597 3748 1651 verba

2165 1680 2275 1737 mea
2290 1666 2395 1737 hwc
2410 1676 2456 1719 et
2477 1666 2595 1737 facit
2612 1684 2691 1733 ea,
2710 1667 3068 1721 assimilabitur
3087 1669 3191 1721 viro
3208 1666 3421 1737 sapienti
3435 1671 3519 1737 qui
3536 1670 3751 1730 aediﬁca-

2164 1736 2232 1789 vit
2262 1736 2465 1790 domum
2480 1736 2624 1791 Suam
2644 1754 2799 1804 supra
2822 1749 3046 1802 petram:
3067 1750 3111 1792 et
3128 1736 3379 1793 descendit
3399 1736 3591 1809 pluvia,
3611 1750 3656 1793 et
3674 1757 3753 1793 ve-

2166 1818 2345 1879 nerunt
2367 1809 2606 1879 ﬂumina,
2630 1818 2674 1862 et
2694 1810 2941 1878 ﬂaverant
2960 1811 3113 1875 venti,
3138 1820 3183 1863 et
3209 1822 3443 1863 venerunt
3465 1811 3517 1863 in
3547 1811 3749 1863 domum

2166 1876 2329 1951 illam,
2362 1876 2536 1951 etnon
2558 1876 2773 1942 cecidit;
2800 1881 3014 1948 fundata
3038 1883 3171 1935 enim
3210 1890 3317 1934 erat
3345 1898 3503 1951 supra
3533 1892 3744 1951 petram.

2167 1950 2372 2005 Rursus
2396 1950 2462 2006 de
2494 1951 2632 2005 male
2660 1951 2999 2006 audientibus
3022 1994 3037 2018 ,
3067 1952 3155 2021 qui
3185 1951 3382 2005 habent
3407 1950 3626 2022 quidem
3654 1968 3747 2006 au-

2166 2036 2273 2087 res,
2301 2022 2396 2076 sed
2419 2038 2523 2076 non
2555 2023 2606 2076 in
2634 2022 2949 2088 obediendo,
2980 2024 3048 2076 ita
3073 2022 3380 2092 pronuntiat
3406 2040 3418 2074 :
3455 2022 3635 2077 Omnis
3663 2025 3747 2091 qui

2168 2094 2307 2164 audit
2349 2093 2497 2146 verba
2540 2109 2649 2145 mea
2674 2093 2781 2147 [nec
2806 2103 2851 2147 et
2892 2110 2991 2147 non
3026 2095 3149 2164 facit
3176 2110 3254 2159 ea,
3296 2094 3474 2148 similis
3516 2096 3610 2147 erit
3645 2097 3748 2148 viro

2167 2162 2321 2236 stulto
2340 2164 2713 2236 quitedificavit
2738 2164 2943 2218 domum
2971 2162 3114 2218 suam
3142 2181 3291 2236 super
3309 2182 3516 2218 arenam
3544 2182 3563 2218 :
3591 2175 3637 2218 et
3659 2166 3747 2219 de-

2167 2234 2357 2288 scendit
2385 2234 2556 2305 pluvia
2574 2277 2587 2297 ,
2621 2245 2665 2288 et
2693 2246 2927 2289 venerunt
2952 2237 3166 2306 ﬂumina
3189 2234 3213 2297 ,ἡ
3234 2245 3281 2290 et
3310 2238 3559 2305 ﬂaverant
3584 2237 3741 2301 venti,

2168 2314 2216 2359 et
2239 2308 2490 2359 irruertmt
2516 2307 2566 2359 in
2590 2307 2794 2360 domum
2816 2308 2978 2371 illam,
3003 2318 3048 2361 et
3070 2306 3267 2371 cecidit,
3289 2317 3335 2360 et
3357 2308 3452 2377 fuit
3472 2308 3621 2359 ruina
3640 2309 3748 2377 ejus

2169 2394 2354 2450 magna
2373 2377 2686 2450 (Matthvu,
2700 2377 3120 2450 24-27).Videtis
3134 2393 3259 2450 ergo
3275 2387 3529 2450 quantum
3545 2378 3749 2431 intersit

2170 2450 2309 2503 inter
2335 2449 2473 2503 bene
2499 2448 2823 2513 audientem,
2860 2448 2915 2504 et
2940 2451 3077 2504 male
3102 2449 3438 2514 audientem;
3464 2449 3513 2502 id
3539 2458 3644 2513 est,
3673 2450 3749 2501 in-

2168 2528 2252 2574 ter
2281 2536 2401 2574 eum
2431 2521 2518 2589 qui
2549 2520 2779 2575 custodit
2807 2520 2964 2574 verba
2989 2520 3105 2586 Dei,
3132 2520 3343 2574 etinter
3366 2534 3488 2573 eum
3514 2521 3603 2589 qui
3628 2534 3745 2573 cum

2169 2591 2435 2656 audierit,
2484 2591 2633 2659 quasi
2666 2606 2936 2661 nunquam
2966 2590 3142 2644 audita
3189 2591 3499 2644 contemnit.
3547 2590 3628 2644 llli
3656 2592 3745 2658 qui

2169 2662 2349 2718 obedit
2376 2671 2430 2717 et
2459 2662 2603 2725 facit,
2646 2663 2937 2731 sapientia;
2968 2661 3091 2716 huic
3116 2662 3207 2731 qui
3235 2661 3548 2727 contemnit,
3576 2662 3745 2716 stulti-

2171 2734 2242 2788 tia
2271 2734 2575 2803 deputatur.
2605 2731 2698 2789 Ille
2736 2748 2897 2801 super
2925 2732 3153 2788 solidum
3180 2732 3408 2788 aediﬁcat
3432 2732 3747 2787 fundamen-

2168 2814 2313 2870 tum;
2358 2804 2514 2874 hujus
2554 2819 2687 2858 vana
2731 2804 3011 2859 :ediﬁeatio
3053 2814 3106 2859 et
3145 2803 3344 2873 absque
3384 2803 3743 2870 fundamento,

2168 2875 2323 2931 facile
2342 2890 2527 2930 casura
2554 2875 2891 2930 describitur.
2921 2875 2995 2929 lbi
3025 2875 3321 2942 stabilitas;
3347 2874 3433 2929 hic
3459 2876 3615 2929 ruina
3644 2883 3742 2938 est,

2169 2956 2224 3003 et
2260 2948 2413 3003 ruina
2452 2961 2662 3015 magna.
2708 2946 2878 3001 Nemo
2906 2946 3047 3001 enim
3079 2946 3291 3017 gravius
3319 2949 3558 3011 corruit,
3591 2960 3746 3015 quam

2168 3019 2261 3089 qui
2289 3017 2471 3072 audito
2497 3017 2663 3072 verbo
2691 3018 2783 3072 Dei
2813 3018 2881 3073 ad
2912 3027 3129 3089 peccata
3157 3018 3501 3089 convertitur,
3534 3028 3748 3087 propter

2169 3087 2291 3159 qua:
2320 3098 2517 3144 aeterna
2543 3089 2800 3158 supplicia
2834 3087 3123 3158 praeparata
3155 3098 3297 3141 sunt.
3328 3087 3517 3158 (a)Vos
3544 3097 3745 3159 autem,

2170 3158 2450 3230 postquam
2493 3169 2685 3214 vestrae
2715 3176 2871 3215 aures
2920 3162 3038 3213 oleo
3086 3159 3367 3213 benedicta
3412 3169 3538 3212 sunt
3578 3158 3743 3223 illine,

2171 3231 2433 3301 designati
2478 3231 2609 3285 estis
2640 3231 2691 3284 in
2723 3246 2945 3285 numero
2975 3230 3275 3284 auditorum
3303 3230 3624 3299 sapientium
3650 3247 3664 3283 :
3694 3238 3750 3282 ut

2170 3312 2315 3359 recte
2336 3303 2628 3357 retinentes
2650 3301 2741 3357 Dei
2761 3302 2941 3370 verba,
2967 3302 3018 3355 id
3043 3310 3146 3366 est,
3169 3316 3288 3370 quae
3309 3301 3504 3355 auditis
3526 3301 3749 3369 implen-

2171 3386 2274 3439 tes,
2310 3374 2360 3427 in
2389 3374 2475 3428 die
2506 3372 2689 3442 judicii
2718 3372 2941 3428 audiatis
2968 3372 3119 3427 vobis
3155 3371 3424 3426 Christum
3454 3370 3745 3437 dicentem,

2182 3444 2385 3509 Venite,
2419 3441 2661 3498 benedicti
2704 3442 2878 3497 Patris
2918 3444 3044 3510 mei,
3075 3443 3313 3511 suscipite
3352 3453 3591 3509 paratum
3615 3441 3748 3497 vobis

2170 3533 2382 3587 regnum
2410 3532 2440 3568 a
2466 3516 2814 3587 constitutione
2836 3514 3013 3568 mundi
3044 3513 3091 3586 (I
3101 3514 3155 3587 (1Ἰ
3181 3529 3309 3578 xxv,

2243 3586 2377 3642 lllud
2404 3597 2578 3642 autem
2609 3601 2714 3641 non
2745 3586 2935 3652 otiose,
2969 3584 3069 3640 nec
3109 3584 3311 3653 absque
3351 3584 3499 3641 certa
3542 3584 3751 3639 ratione

2171 3658 2411 3730 mysterii
2429 3657 2621 3730 factum
2650 3656 2863 3730 putetis,
2887 3655 3027 3730 quod
3055 3653 3750 3730 (bittaresquoque‘vestras

2171 3726 2295 3786 oleo
2322 3727 2708 3784 benedictionis
2733 3726 3071 3782 adunximus.
3104 3726 3258 3792 Quod
3288 3727 3484 3781 idcirco
3517 3726 3635 3782 ﬁeri
3673 3727 3751 3780 in-

2171 3801 2445 3871 telligitur,
2477 3809 2533 3853 ut
2572 3798 2646 3864 hi,
2676 3799 2765 3868 qui
2790 3798 2865 3871 ad
2909 3798 3236 3867 Baptismum
3283 3797 3751 3871 veniunt,_admoo

2174 3868 2400 3928 neatitur
2427 3871 2554 3925 tanti
2581 3870 2820 3941 mysterii
2860 3879 3465 3941 sacramentumusque
3490 3868 3558 3923 ad
3606 3883 3751 3941 mor-

2174 3956 2281 4000 tem
2309 3942 2617 3997 inviolatum
2639 3939 2795 4011 atque
2810 3941 3071 4009 integrum
3100 3939 3368 3995 custodire
3393 3948 3480 3994 :ut
3498 3940 3752 4011 quamdiu

2174 4015 2418 4084 spiritum
2443 4014 2572 4084 vitae,
2594 4009 2749 4081 hujus
2777 4011 2993 4065 naribus
3028 4011 3137 4084 suis
3172 4011 3463 4084 attrahunt,
3495 4025 3529 4065 a
3555 4009 3753 4084 Christi

2174 4080 2383 4141 Domini
2410 4083 2578 4138 nostri
2605 4080 2807 4137 caltura
2837 4090 2893 4137 et
2916 4082 3132 4137 servitio
3158 4097 3266 4137 non
3293 4080 3569 4136 recedant.
3600 4080 3751 4137 Unde

2176 4167 2229 4213 et
2256 4156 2356 4211 Job
2379 4156 2458 4209 vir
2487 4163 2701 4209 sanctus
2724 4153 2972 4223 loquitur,
3017 4151 3144 4206 Viuit
3168 4151 3437 4217 Dominus,
3470 4153 3556 4221 qui
3582 4151 3753 4207 abstu-

2176 4229 2233 4283 lit
2252 4227 2506 4298 judicium
2551 4222 2835 4298 meumvtﬁet
2865 4222 3213 4298 Omnipotens,
3244 4224 3330 4294 qui
3356 4225 3425 4278 ad
3452 4223 3755 4298 amaritudi-

2176 4294 2289 4353 nem
2314 4297 2529 4351 adduxit
2553 4294 2964 4366 animam—meam
2990 4310 3009 4348 :
3028 4295 3146 4366 quia
3172 4294 3329 4347 donec
3357 4304 3584 4365 superest
3620 4294 3751 4347 hali-

2179 4381 2257 4424 tus
2282 4370 2334 4422 in
2362 4384 2459 4433 me,
2484 4375 2531 4421 et
2556 4367 2763 4437 spiritus
2784 4365 2880 4419 Dei
2898 4367 2952 4420 in
2982 4365 3186 4437 naribus
3213 4366 3356 4433 meis,
3407 4382 3509 4419 non
3539 4365 3751 4437 loquen-

2178 4452 2259 4496 tur
2286 4439 2419 4495 labia
2463 4435 2947 4506 mea‘iniquitatcm,
2999 4452 3090 4490 nec
3140 4435 3312 4506 lingua
3362 4452 3472 4489 mea
3528 4436 3754 4504 loquetur

2176 4511 2516 4567 mendacium.
2546 4508 2686 4563 Absit
2707 4525 2739 4561 a
2765 4525 2863 4574 me,
2904 4516 2958 4561 ut
2997 4508 3166 4578 justas
3191 4524 3278 4561 vos
3297 4506 3525 4577 judicent
3553 4525 3572 4560 :
3598 4507 3753 4560 donec

2178 4583 2431 4653 deficiam,
2460 4598 2563 4636 non
2600 4581 2829 4653 recedam
2867 4578 2928 4632 ab
2952 4579 3237 4653 innocentia
3265 4595 3394 4643 utea,
3414 4578 3751 4653 justiﬁcatio-

2178 4596 2431 4653 tte/ictam,
2460 4598 2563 4636 non
2600 4596 2829 4635 receaam
2867 4596 2928 4632 ao
2952 4596 3237 4633 innocentia
3265 4596 3394 4643 mea,
3448 4596 3751 4646 usupcauo-

2178 4671 2293 4710 nem
2321 4670 2470 4724 quant
2490 4652 2644 4708 semel
2663 4662 2829 4707 tenere
2850 4650 2997 4720 carpi,
3030 4666 3129 4704 non
3157 4649 3381 4704 deseram
3407 4596 3528 4773 (Job
3590 4664 3753 4712 xxvii,

2178 4723 2322 4773 9-6L
2354 4724 2459 4773 Sed
2501 4723 2674 4773 adhuc
2718 4722 2964 4773 subtilior
2990 4721 3286 4773 intellectus
3329 4721 3382 4773 in
3441 4734 3525 4773 tae
3550 4719 3753 4773 narium

2177 4719 2460 4797 2-6).'Sed
2501 4723 2674 4777 adhuc
2718 4719 2964 4797 subtiliOr
2990 4721 3286 4797 intellectus
3329 4721 3382 4797 iu
3420 4719 3525 4775 hac
3550 4719 3755 4797 narium

2180 4789 2429 4852 unctione
2477 4797 2731 4865 signatur.
2784 4790 3255 4865 llliusgenimholei
3309 4792 3464 4858 odor,
3512 4789 3660 4865 quod
3707 4790 3755 4843 in

2180 4867 2375 4923 Christi
2404 4860 2617 4920 nomine
2644 4872 2698 4919 et
2718 4865 2912 4918 virtute
2948 4862 3287 4917 benedictum
3312 4873 3415 4928 est,
3462 4860 3531 4915 ad
3558 4861 3755 4916 odora-

2180 4948 2294 4993 tum
2319 4953 2414 4992 vos
2438 4944 2694 5006 provocat
2713 4933 3049 5006 spiritualem
3081 4951 3094 4988 :
3125 4941 3182 5006 _ut
3208 4949 3316 5006 non
3353 4933 3618 5006 corporis,
3669 4929 3759 4986 sed

2182 5010 2375 5065 mentis
2397 5004 2641 5063 sensibus
2668 5005 2937 5061 Christum
2966 5004 3323 5059 inaestimabili
3343 5004 3611 5059 suavitate
3633 5019 3756 5058 sen-

2180 5082 2281 5137 tire
2311 5080 2547 5149 possitis,
2578 5086 2633 5132 et
2675 5076 2924 5149 delectati
2974 5076 3161 5149 notitia
3206 5075 3387 5149 odoris
3413 5074 3552 5149 ejus,
3595 5074 3760 5149 ipsius

2181 5144 2400 5223 vestigia
2426 5149 2829 5223 subsequentes,
2850 5148 3028 5223 dicere
3070 5146 3289 5223 valeatis
3328 5145 3501 5223 illud,‘
3524 5146 3668 5223 quod
3698 5144 3761 5197 ad

2180 5215 2348 5280 Deum
2378 5215 2709 5275 credentium
2738 5218 2935 5274 chorus
2965 5218 3217 5288 loquitur,
3245 5215 3373 5271 Post
3411 5217 3537 5288 tein
3560 5216 3763 5288 odorem

2178 5301 2549 5366 unguentorum
2570 5301 2768 5366 tuorum
2789 5287 3048 5366 currimus
3056 5287 3243 5366 _(_Ca_nt._
3272 5289 3416 5366 1,5).
3438 5287 3594 5343 Hunc
3618 5287 3753 5366 odo-

2179 5358 2295 5422 rem
2327 5362 2667 5419 commendat
2716 5362 3004 5431 Apostolus
3049 5358 3564 5431 Christianisgcum
3614 5358 3760 5431 dicit,

2179 5437 2289 5492 Deo
2312 5444 2479 5490 autem
2507 5434 2717 5505 gratias,
2756 5427 2844 5501 qui
2885 5432 3163 5505 triumphat
3188 5448 3278 5486 nos
3299 5435 3350 5485 in
3378 5427 3577 5505 Christo
3601 5427 3760 5505 _Jesu,

2185 5520 2226 5567 rt
2249 5508 2453 5564 odorem
2474 5502 2665 5561 notitia:
2694 5519 2799 5560 sua:
2826 5502 3114 5568 manifestat
3139 5519 3229 5576 per
3265 5519 3357 5558 nos
3384 5502 3440 5557 in
3474 5502 3613 5557 omni
3636 5503 3764 5567 loco;

2344 5674 2421 5776 tvo
2442 5665 2506 5715 de
2526 5665 2779 5727 Baptismo,
2924 5663 3030 5714 193.
3188 5725 3198 5735 ο
3488 5727 3500 5741 ο

2377 5728 2601 5780 ctdradus
2622 5726 2687 5780 de
2710 5734 2974 5791 Baptismo,
2989 5738 3096 5791 cap.
3117 5723 3168 5789 Ξ,
3185 5734 3238 5777 In
3258 5729 3388 5777 tomo
3409 5721 3442 5774 3
3463 5727 3491 5771 ἲ

2183 5718 2605 5844 “$3
2622 5726 2687 5780 de
2710 5718 2974 5792 Baptistae,
2989 5738 3096 5792 cap.
3117 5723 3168 5789 Ξ,
3185 5725 3238 5777 in
3258 5729 3388 5777 tomo
3409 5721 3442 5774 3
3463 5726 3572 5773 vet.
3599 5718 3762 5773 strate-
