4100 6344
298 372 439 430 1209

330 493 416 551 uia
440 489 628 548 Christi
654 487 813 546 bonus
837 488 964 545 odor
986 486 1287 543 θωπικσόεο
1311 485 1380 558 (ll
1403 486 1524 542 Cor.
1550 485 1683 553 ii,“
1705 492 1751 558 et
1767 484 1877 558 15).

330 511 416 551 tua
440 511 627 548 burim
654 511 813 546 uanus
837 511 964 545 oaar
986 511 1158 543 tumltu
1178 511 1287 542 υευ
1311 511 1380 558 ‘II
1403 511 1524 542 har.
1550 511 1683 553 11,19
1705 511 1750 539 et
1768 511 1875 554 1ο).

295 511 645 634 Considerate
669 570 925 634 quantum
951 560 1196 632 Apostoli
1216 558 1548 634 profecerim
1592 556 1875 634 sentiendo

295 636 520 697 odorem
546 629 745 688 Christi
783 640 840 689 et
863 629 1028 688 cum'1
1085 629 1481 700 praedicationis
1527 629 1783 700 instantia?
1824 635 1879 683 et

296 706 582 764 sanctitate
624 706 747 761 vita:
797 705 959 761 etiam
1003 699 1212 760 exteris
1251 700 1606 777 praeferendo,
1635 701 1725 773 qui
1755 699 1883 755 dum

362 848 719 907 imam,

1329 365 1559 426 SERMO
1596 366 1685 424 DE
1721 360 2069 423 MYSTERIO
2104 360 2583 421 BAPTISMATIS.

3440 371 3580 430 ηιο

1991 481 2211 538 odorem
2223 480 2690 561 suavifragrantize
2707 481 2906 561 Christi
2932 482 3126 561 ubique
3139 484 3458 561 diffundunt,
3478 487 3579 561 ipsi

1989 569 2200 625 quoque
2223 553 2396 609 bonus
2424 554 2535 608 Deo
2560 554 2692 608 odor
2705 554 2879 611 elfecti
2904 553 3057 611 sunt:
3060 557 3212 626 Quod
3234 560 3393 614 etiam
3409 553 3463 614 in
3477 553 3576 614 v'o-

1991 624 2099 679 bis.
2130 624 2325 679 fratres
2374 625 2728 679 dilectissimi.
2772 627 3017 679 cupimus
3064 629 3274 679 impleri
3304 647 3317 679 :
3348 640 3407 679 ut
3453 646 3576 679 cum

2030 639 2077 678 l8

2130 624 2325 699 fratres
2374 625 2728 699 dilectissimi,
2772 627 3017 699 cupimus
3064 624 3274 699 impleri
3304 647 3317 683 :
3348 640 3407 685 ut
3453 646 3577 686 cum

1993 667 2099 766 ipsi
2120 667 3017 769 bonumAodoiémgahiisti’ii'oii'ti;

1995 782 2115 823 mus
2147 767 2257 822 Deo
2280 767 2414 822 odor
2437 770 2596 824 etiam
2624 785 2691 826 ex
2712 781 2904 826 vestrae
2935 770 3059 827 vita:
3084 767 3363 828 Sanctitate
3393 788 3584 831 ascen-

1996 837 2105 895 dat.
2130 838 2232 894 Per
2247 839 2550 896 Dominum.

298 970 3579 1003 ___—__________________

1179 1050 1447 1113 SERMO
1487 1052 1593 1112 DE
1635 1050 2046 1114 MYSTERIO
2077 1052 2641 1115 BAPTISMATIS.

300 1228 483 1286 Cautio
510 1225 948 1298 baptizandorum.
1158 1222 1473 1291 baptismatis
1494 1220 1675 1298 gratia.
1696 1219 1888 1298 _Bap_t_i_-

368 1299 523 1376 πριιάὶ
570 1292 632 1376 de
672 1296 939 1376 Trinit_atis
964 1292 1065 1365 ﬁde
1091 1292 1646 1376 .interroganttgiQuw
1672 1292 1733 1346 de
1766 1293 1890 1376 .aliis

375 1370 504 1440 ﬁdes
530 1371 779 1440 exigatur.
816 1363 1215 1440 Resurrectionis
1246 1363 1391 1435 ﬁdes.
1427 1363 1584 1419 Triua
1627 1364 1809 1419 mersio
1842 1372 1889 1419 et

375 1439 486 1495 eur.
512 1439 800 1510 Baptismus
822 1456 921 1492 non
950 1439 1209 1508 repetitur.

375 1506 726 1567 Promisimus
754 1511 928 1581 primo
955 1506 1200 1575 tractatu,
1224 1506 1417 1581 nosde
1458 1507 1727 1581 omnibus,
1772 1522 1892 1575 qua:

306 1600 405 1654 per
435 1578 790 1638 ministerium
823 1590 1085 1654 Διιοβιι-ιιηι
1128 1588 1182 1635 et
1225 1578 1419 1633 Christi
1451 1580 1674 1654 gratiam
1701 1593 1894 1654 conse-

303 1648 417 1711 cuti
442 1656 590 1721 estis,
616 1652 885 1724 mysteriis
917 1652 1189 1705 locuturos
1208 1667 1232 1724 ;_
1246 1666 1314 1724 ne
1340 1665 1441 1719 qua
1473 1649 1623 1724 vobis
1644 1648 1710 1704 de
1726 1649 1889 1724 _igno-_

304 1727 482 1781 rantia
506 1720 823 1796 negligentia
854 1731 1181 1796 nasceretur.
1202 1721 1307 1777 Sed
1331 1721 1693 1796 consuluimus
1726 1720 1894 1774 labori

306 1808 489 1852 vestro
515 1792 888 1860 et'memoriai,
930 1792 1271 1863 providentes
1301 1808 1366 1846 ne
1414 1801 1502 1846 aut
1526 1792 1756 1846 lassatus
1797 1807 1894 1844 au-

306 1868 507 1924 diendo
558 1868 768 1922 animus
821 1865 999 1920 omnia
1046 1865 1341 1932 intelligere
1392 1878 1498 1917 non
1549 1873 1745 1931 posset,
1807 1870 1897 1916 aut

307 1940 604 2018 multorum
623 1939 778 2018 simul
796 1937 1097 2018 cognitione
1115 1935 1367 2018 memoria
1394 1944 1713 2018 pra'g‘ravata
1735 1934 1896 2018 etiam

307 2028 430 2081 qua:
461 2011 811 2066 intellexisset
840 2005 946 2081 cito
975 2008 1137 2061 oblita
1164 2005 1501 2081 deperderet.
1526 2005 1702 2059 Prima
1735 2006 1894 2074 crgo‘

316 2077 707 2152 praedicatione
740 2081 837 2152 de;
863 2079 943 2152 his
968 2086 1172 2133 tantum
1201 2077 1362 2131 locuti
1395 2091 1600 2152 sumus,
1642 2092 1760 2152 qum
1802 2090 1897 2130 vo-

307 2148 415 2217 bis,
440 2154 744 2224 priusquam
777 2150 841 2224 ad
866 2150 1063 2224 fontem
1087 2157 1327 2224 sanctum
1355 2148 1788 2224 veniretis,j_uxta
1811 2162 1899 2224 ca-

312 2218 528 2279 tholica:
566 2218 763 2294 regula:
809 2222 1045 2294 instituta
1089 2220 1408 2294 tradidimus
1446 2238 1459 2274 :
1500 2226 1554 2273 et
1582 2218 1901 2294 quidsigui~

310 2298 501 2351 licaret
548 2288 750 2358 unctio,
782 2309 899 2363 quae
952 2292 1175 2346 diversis
1204 2291 1443 2363 corporis
1476 2290 1635 2344 vestri
1663 2288 1900 2363 adhibita

312 2369 576 2438 partibus,
600 2360 868 2421 diversum
895 2364 1220 2438 intellectum
1245 2361 1515 2438 designat,
1536 2370 1692 2430 prout
1723 2360 1901 2415 Domi-

312 2433 416 2493 itus
446 2439 645 2492 donare
673 2437 916 2505 dignatus
937 2444 1039 2494 est.
1073 2433 1397 2503 interpretati
1422 2448 1635 2505 sumus;
1663 2448 1782 2505 cum
1816 2447 1903 2485 os-

314 2510 645 2564 tenderimus
670 2502 763 2563 vos
790 2522 883 2575 per
908 2507 1081 2560 oleum
1109 2504 1539 2575 sanctiﬁcationis
1568 2502 1633 2575 ad
1664 2503 1900 2556 auditum

317 2582 490 2650 plena:
519 2580 637 2634 ﬁdei
666 2573 1011 2650 przrparatos,
1040 2585 1094 2630 et
1121 2576 1315 2650 bonum
1347 2573 1786 2650 Christipdorem
1811 2588 1903 2626 vo.

313 2644 484 2715 catos,
536 2667 600 2705 ex
646 2644 754 2705 toto
780 2644 953 2704 corde
1000 2646 1479 2701 abrenuntiandum
1529 2644 1740 2699 diabolo
1782 2658 1902 2699 esse

312 2723 692 2779 Commonitos.
718 2720 870 2775 Nunc
893 2735 1021 2775 vero
1046 2719 1111 2772 de
1142 2717 1479 2771 interioribus
1502 2717 1609 2784 jam
1635 2716 1903 2786 mysteriis

314 2795 543 2849 locuturi
576 2807 780 2854 sumus,
808 2807 926 2859 qu:c
957 2792 1008 2844 in
1053 2791 1168 2856 ipso
1211 2798 1396 2843 sancto
1447 2786 1593 2841 fonte
1635 2787 1903 2842 celebrata

314 2875 463 2920 sunt.
518 2864 725 2919 Emissa
776 2858 918 2916 enim
980 2860 1274 2914 certissima
1338 2858 1602 2922 cautione,
1658 2873 1760 2925 qua
1809 2872 1901 2911 vos

315 2936 695 2990 abrenuntiare
720 2933 965 2987 onmibus
1010 2931 1217 2999 pompis
1271 2938 1323 2983 et
1368 2929 1618 2997 operibus
1669 2928 1804 2999 ejus,
1850 2934 1906 2983 et

316 3007 464 3063 omni
510 3003 847 3060 fornicationi
894 2997 1167 3056 diabolica:
1235 2999 1616 3071 spopondistis,
1673 2997 1873 3057 descen

315 3078 510 3134 dentes
535 3077 586 3136 in
609 3076 835 3146 fontem,
869 3074 1069 3131 fontem
1101 3086 1334 3139 sacrum,
1366 3080 1567 3131 tentem
1595 3073 1753 3146 vitae,
1784 3072 1905 3129 fon-

315 3158 428 3208 tem
458 3144 877 3221 redemptionis,
897 3148 1099 3203 fontem
1122 3146 1509 3221 sanctiﬁcatum
1556 3144 1751 3221 virtute
1786 3158 1900 3200 cm-

316 3225 477 3288 lesti;
507 3232 560 3277 et
586 3216 660 3275 ita
681 3220 1086 3283 sanctiﬁcatum,
1106 3228 1163 3273 ut
1189 3218 1429 3271 homines
1455 3224 1573 3288 post
1590 3216 1755 3271 multa
1783 3227 1909 3285 pec-

317 3308 439 3350 cata
490 3293 743 3348 diluendo
792 3292 1105 3346 sanctiticet.
1163 3288 1277 3343 Non
1335 3288 1477 3342 enim
1534 3287 1739 3341 debetis
1790 3287 1906 3341 illas

317 3380 487 3437 aquas
507 3364 675 3419 oculis
704 3363 990 3437 mstimare,
1023 3361 1118 3437 sed
1147 3370 1346 3414 mente.
1371 3359 1503 3413 Nam
1534 3359 1632 3412 etsi
1661 3357 1906 3437 substan-

319 3429 394 3493 tia
426 3437 565 3491 illius
585 3451 734 3506 aqum
760 3435 825 3489 de
850 3432 1120 3506 communi
1147 3446 1401 3506 aquarum
1444 3438 1631 3506 natura
1660 3429 1905 3506 sit,_ell'e-

318 3520 439 3564 ctus
483 3500 659 3561 tamen
705 3507 818 3577 ejus
845 3504 1088 3577 specialis
1144 3500 1214 3557 ei
1256 3503 1346 3577 Dei
1394 3501 1560 3571 gratia
1616 3509 1684 3577 et_
1715 3500 1908 3555 virtute

319 3579 583 3652 procedit,
608 3571 947 3652 Aquijjcreavit
975 3588 1159 3643 aquas,
1209 3574 1399 3652 quibus
1445 3571 1761 3652 corporales
1793 3585 1909 3652 sorf

320 3641 420 3707 des
470 3666 534 3706 ac
569 3641 808 3704 visibiles
855 3641 1148 3701 diluuntur.
1216 3641 1332 3714 lpse
1386 3660 1513 3713 ergo
1543 3641 1911 3697 ’sanctiﬁcavit

320 3738 510 3792 aquas,
541 3734 797 3795 per‘quas
820 3726 1024 3795 secreta
1052 3717 1304 3795 potentia;
1341 3732 1451 3769 sua:
1476 3715 1669 3795 virtute
1696 3722 1910 3795 peccata

320 3786 442 3861 qua),
468 3786 575 3849 non
604 3786 850 3846 videntur
876 3789 1137 3861 ablueret.
1166 3787 1398 3861 Spiritus
1426 3786 1569 3861 enim
1598 3794 1813 3861 sanctus
1855 3786 1910 3839 in

320 3856 411 3921 illa
437 3881 572 3935 aqua
598 3871 881 3935 operatur;
927 3869 986 3914 ut
1010 3859 1116 3935 Aqui
1145 3869 1268 3914 ante
1307 3856 1911 3935 Baptismtmi_diyerso-

321 3953 443 3993 rum
470 3928 751 4008 criminum
777 3928 1221 4008 reitenebantur,
1250 3940 1301 3985 et
1331 3945 1451 3984 cum
1478 3928 1691 4008 diabolo
1722 3929 1773 3981 in
1813 3942 1909 4008 ge-

321 4010 500 4063 lienna
541 4006 722 4062 :eterni
776 4005 910 4075 ignis
940 4001 1110 4056 arsuri
1136 4011 1306 4067 erant,
1344 4009 1460 4069 post
1499 4000 1824 4124 Bacptismum
1857 4000 1908 4051 in

322 4079 583 4124 omlnmm
611 4092 832 4124 regnum
878 4075 1077 4124 intrare
1116 4081 1442 4124 mereantur.
1476 4070 1553 4124 Un
1596 4086 1624 4124 e
1655 4071 1908 4124 Dominus

322 4079 583 4135 ctelorum
611 4070 832 4150 regnum
878 4075 1077 4150 intrare
1116 4081 1442 4150 mereantur.
1476 4070 1624 4125 Unde
1655 4071 1911 4150 Dominus

321 4152 379 4206 in
410 4143 697 4220 Evangelia
751 4145 1037 4220 potentiam
1081 4145 1213 4220 tanti
1247 4143 1562 4220 exprimens
1594 4143 1911 4220 sacramenti

321 4223 419 4287 ait,
456 4212 586 4275 Nisi
593 4219 703 4288 quis
734 4212 936 4271 renatus
964 4216 1115 4288 fuerit
1151 4231 1213 4288 ea:
1236 4232 1367 4288 aqua
1387 4223 1434 4267 et
1466 4212 1669 4288 Spiritu
1713 4218 1908 4279 sancto,

323 4283 427 4367 non
454 4283 615 4367 potest
638 4292 828 4367 intrare
854 4288 905 4341 in
928 4283 1140 4356 regnum
1168 4286 1261 4340 Dei
1283 4283 1466 4367 (Joan.
1491 4301 1569 4349 ιιι,
1593 4283 1669 4354 5).
1808 4356 1839 4367 Α

399 4363 455 4417 lu
480 4364 581 4417 hoc
611 4378 737 4431 ergo
768 4361 931 4421 lonte,
952 4368 1244 4431 antequam
1268 4365 1507 4431 vostoto
1537 4370 1762 4431 corpore
1803 4361 1910 4410 tin-

322 4448 596 4507 geremus,
644 4428 1331 4507 intergigavimus,.Credis
1383 4430 1446 4507 in
1480 4429 1647 4507 Deum
1701 4428 1911 4481 Patrem

323 4499 772 4575 omnipotentem?
793 4500 1184 4575 Respondistis,
1198 4499 1389 4575 Credo.
1410 4500 1614 4575 illirsus
1631 4499 1915 4575 interroga:

322 4568 522 4644 vimus,
554 4575 736 4631 Credis
756 4582 810 4627 et
839 4568 1100 4626 in_.lesum
1127 4569 1399 4644 Christum
1426 4568 1621 4644 Filium
1652 4570 1793 4644 ejus,
1812 4570 1912 4644 qui

325 4639 617 4703 natus-est
662 4646 728 4700 de
774 4644 973 4712 Spiritu
1004 4652 1208 4703 sancto,
1246 4649 1300 4695 et
1324 4641 1484 4712 Maria
1532 4640 1771 4712 virgine?
1810 4639 1915 4712 lte-

323 4718 620 4789 sliondistis
644 4710 858 4786 singuli,
888 4713 1082 4789 Credo.
1115 4714 1311 4789 lterum
1340 4711 1802 4789 interrogavimus,
1840 4710 1916 4789 .Et

324 4780 383 4846 in
417 4791 672 4861 Spiritum
698 4780 978 4861 sanctum?
1020 4783 1387 4861 Respondistis
1420 4781 1683 4861 similiter,
1718 4780 1911 4861 Credo.

325 4850 659 4917 Iliec'autem
692 4859 909 4913 fecimus
939 4856 1087 4926 juxta
1121 4850 1347 4926 Domini
1373 4852 1542 4926 nostri
1568 4851 1694 4926 Jesu
1716 4850 1911 4926 Christi

324 4932 621 4988 Salvatoris
659 4922 983 5000 imperium':
1008 4928 1095 4996 qui
1126 4942 1247 5000 cum
1286 4924 1350 4978 ad
1380 4925 1609 5000 Patrem
1645 4923 1725 5000 in_
1750 4922 1915 4978 caelos

325 5003 665 5069 ascenderet,
704 4992 973 5070 discipulis
997 4992 1128 5062 suis,
1158 4998 1209 5051 id
1248 5004 1331 5052 est
1372 4994 1661 5070 Apostolis,
1695 4992 1916 5070 deman-

326 5076 477 5130 davit
504 5065 705 5138 dicens,
738 5065 929 5126 Emites
955 5069 1205 5140 baptizate
1233 5084 1403 5140 omnes
1432 5076 1600 5137 gentes
1625 5066 1677 5119 iu
1717 5065 1917 5118 nomine

326 5147 526 5213 Patris,
556 5155 601 5199 ct
625 5144 768 5209 Filii,
801 5153 846 5196 et
876 5139 1105 5213 Spiritus
1123 5140 1301 5213 sancti,
1349 5139 1578 5213 docentes
1604 5154 1685 5190 cos
1720 5151 1918 5213 seruare

326 5207 847 5287 onmia'quwcumgue
872 5207 1119 5289 mandavi
1156 5211 1289 5263 vobis
1339 5208 1552 5289 (.‘lﬂlllt.
1586 5224 1776 5289 χιιι-ιιι).
1803 5207 1913 5289 l9).

326 5290 500 5345 Nemo
526 5279 724 5353 autem,
752 5279 873 5341 cum
911 5284 1056 5338 audit
1085 5282 1375 5353 Patremet
1416 5280 1609 5353 Filium
1655 5289 1709 5353 et
1746 5279 1916 5353 Spirit-

328 5372 444 5417 tum
476 5348 740 5423 sanctum,
770 5365 879 5411 tres
906 5356 1035 5410 deos
1057 5369 1155 5407 nos
1204 5352 1429 5405 :estimet
1458 5350 1720 5405 conﬁteri.
1752 5348 1917 5423 Quod

326 5432 668 5501 sacrilegium
693 5421 830 5483 absit
855 5428 1009 5496 longe
1030 5440 1059 5479 a
1086 5424 1190 5504 ﬁde
1222 5431 1423 5504 nostra2
1447 5423 1535 5504 qui
1561 5437 1726 5504 unum
1750 5421 1915 5504 lleum

326 5519 451 5559 esse
480 5490 597 5572 ipso
622 5507 908 5556 attestanle
946 5490 1321 5572 cognovimus.
1377 5490 1711 5572 Ego‘inquit,
1750 5490 1913 5558 Deus,

324 5588 373 5631 et
397 5564 599 5628 non-cst
634 5573 767 5645 alius
797 5580 977 5645 prteter
1002 5564 1113 5645 me;
1156 5568 1326 5637 justus
1353 5564 1655 5645 ets-aleator
1695 5579 1796 5645 non
1846 5573 1918 5645 est

325 5657 516 5719 praeter
536 5661 633 5699 me.
665 5634 1021 5698 Conuertimini
1042 5634 1226 5719 crime,
1256 5646 1311 5719 et
1342 5636 1466 5691 salvi
1494 5635 1669 5719 eritis;
1712 5636 1829 5705 quia
1852 5634 1919 5719 ob

322 5706 551 5775 ἔπινεωο
594 5725 740 5770 teme
789 5729 880 5785 ego
918 5728 1031 5767 sum
1078 5709 1236 5775 Deus,
1266 5718 1312 5762 et
1333 5715 1523 5762 nonest
1551 5706 1684 5761 alius
1738 5714 1921 5777 prazter

318 5925 370 5973 et
391 5856 853 5971 misimus
876 5860 930 5908 et
944 5861 1042 5919 tvo,
1063 5852 1130 5905 de
1160 5852 1415 5916 Baptismo,
1446 5861 1552 5912 cap.
1579 5847 1689 5913 ιρι,
1712 5847 1920 5916 addunt,

1998 1238 2077 1296 me
2106 1221 2238 1296 (Isai
2259 1238 2386 1296 x_r.v,
2419 1222 2541 1278 21a
2562 1222 2679 1296 22).
2714 1224 2782 1280 Et
2807 1225 2859 1280 in
2886 1226 2991 1282 alio
3023 1221 3181 1296 libro,
3203 1230 3358 1296 Audi,
3392 1229 3583 1296 Israel;

1996 1292 2246 1366 Dominus
2275 1293 2410 1348 Deus
2437 1304 2570 1359 tuus,
2599 1295 2736 1349 Deus
2756 1314 2887 1352 unus
2926 1311 3019 1353 est.
3052 1301 3117 1355 Et
3146 1292 3330 1357 rursus
3348 1292 3371 1366 ’,
3406 1292 3587 1355 Domi;-

1998 1382 2093 1418 nus
2116 1364 2253 1419 Deus
2279 1374 2395 1418 tuus
2420 1365 2500 1420 hic
2530 1377 2601 1420 est
2620 1367 2672 1420 in
2698 1368 2821 1421 cwlo
2847 1386 3068 1436 sursum,
3106 1381 3151 1425 et
3179 1374 3230 1426 in
3258 1364 3392 1428 terra
3434 1380 3586 1428 deor-

1998 1452 2129 1516 sum,
2155 1446 2204 1516 et
2230 1453 2330 1489 non
2378 1447 2449 1490 est
2497 1437 2628 1491 alius
2678 1448 2857 1508 prwter
2892 1442 3060 1509 ipsum
3113 1441 3288 1516 (Deut.
3318 1444 3476 1516 vr,j4_,
3512 1459 3584 1509 tv,

1998 1506 2067 1561 39
2090 1508 2129 1577 ).
2155 1507 2287 1561 Tres
2317 1522 2442 1578 ergo
2464 1506 2719 1575 personas
2740 1506 2982 1567 tenemus
3010 1521 3065 1566 et
3090 1506 3378 1578 credimus,
3406 1506 3586 1578 idest,

1999 1578 2231 1653 Patrem,
2260 1576 2555 1653 et_Filium,
2585 1589 2640 1634 et
2671 1580 2947 1653 Spiritum
2990 1593 3256 1650 sanctum,
3309 1576 3465 1638 unius
3495 1576 3590 1653 po;

2001 1649 2198 1713 lentim,
2241 1649 2396 1703 unius
2423 1649 2750 1715 substantize,
2777 1654 2933 1709 unius
2952 1649 3285 1719 mternitatis,
3318 1655 3473 1709 unius
3493 1649 3590 1709 vo-

2000 1719 2239 1784 luntatis,
2283 1720 2438 1774 unius
2463 1723 2623 1776 etiam
2675 1723 2888 1779 deitatis
2915 1742 2928 1779 :
2959 1736 3014 1780 et
3070 1735 3233 1781 totam
3275 1727 3589 1781 Trinitatem

2002 1791 2157 1869 unius
2190 1791 2282 1869 Dei
2330 1792 2685 1869 appellatione
2709 1810 3066 1869 _vcneramur.
3094 1868 3097 1869 ν
3122 1798 3357 1869 Credere
3412 1808 3592 1853 autem

2003 1863 2181 1931 plures
2208 1861 2339 1917 deos
2359 1861 2569 1933 gentilis
2598 1864 2839 1933 impietas
2864 1877 2974 1933 est;
3007 1876 3061 1922 et
3090 1861 3280 1924 iterum
3328 1885 3431 1923 non
3474 1884 3593 1923 cre-

2003 1933 2129 1988 dere
2154 1943 2264 1988 tres
2305 1950 2562 2002 personas
2604 1936 2759 1991 unius
2789 1940 3099 1994 substantia:
3153 1941 3203 1994 in
3241 1956 3343 1994 una
3393 1940 3591 1995 deitate

2003 2014 2162 2074 atque
2187 2005 2488 2075 aequalitate
2519 2007 2601 2061 vel
2622 2010 3007 2073 coaeternitate,
3037 2010 3288 2066 hazretiea
3316 2011 3588 2066 dementia

2005 2086 2085 2130 est
2113 2092 2269 2150 :_enm
2297 2076 2577 2150 manifesta
2602 2080 2715 2133 haec
2741 2080 2831 2146 sit,
2857 2096 3017 2150 quam
3059 2081 3310 2148 diximus,
3354 2081 3589 2136 auctori-

2007 2154 2093 2221 tas
2111 2145 2340 2221 Christi,
2354 2147 2617 2221 Baptizate
2637 2167 2808 2205 omnes
2821 2145 2997 2221 gentes
3022 2153 3076 2207 in
3102 2145 3305 2208 nomine
3325 2152 3521 2220 Patris,
3544 2157 3594 2207 et

1992 2216 2152 2283 -Filii,
2179 2229 2223 2272 et
2246 2219 2471 2289 Spiritus
2497 2221 2677 2274 sancti.

2079 2289 2154 2364 (ιι)
2179 2289 2330 2355 Quod
2369 2301 2560 2364 autem
2597 2291 3060 2364 interrogavimus,
3108 2294 3296 2352 Credis
3349 2302 3590 2350 sanctam

2006 2360 2320 2433 Ecclesiam,
2349 2360 3190 2433 et,remissionem'peccatorum,
3217 2376 3271 2423 et
3292 2365 3469 2421 carnis
3496 2381 3587 2421 re-

2007 2431 2427 2505 surrectionem?
2456 2448 2561 2487 non
2586 2448 2655 2505 eo
2685 2431 2845 2489 modo
2866 2436 3333 2505 interrogavimus,
3365 2445 3422 2490 ut
3455 2451 3593 2505 quo-

2007 2502 2168 2556 modo
2199 2503 2250 2555 in
2281 2503 2442 2555 Demn
2472 2502 2730 2567 creditur,
2760 2505 2836 2559 sic
2863 2515 2919 2560 et
2946 2508 2998 2560 in
3025 2502 3327 2563 Ecclesiam
3352 2502 3594 2561 sane—tam

2007 2581 2062 2626 et
2085 2573 2419 2647 catholicam.
2450 2572 2734 2647 Propterea
2758 2587 2938 2631 sancta
2970 2587 3023 2632 et
3060 2579 3320 2634 catholica
3338 2588 3442 2642 est,
3472 2578 3595 2647 quia

2008 2653 2152 2717 recte
2176 2643 2346 2717 credit
2368 2644 2418 2717 in
2451 2646 2636 2717 ticum.
2669 2646 2782 2700 Non
2818 2662 2946 2717 ergo
2975 2648 3207 2704 diximus
3228 2658 3284 2704 ut
3332 2650 3382 2703 in
3411 2643 3597 2704 Eccle-

2008 2716 2163 2789 siam,
2190 2715 2423 2789 quasiin
2452 2715 2618 2770 Deum
2658 2715 2949 2789 crederetis
2981 2719 3115 2773 :sed
3166 2720 3440 2789 iutelligitc
3496 2734 3595 2775 nos

2008 2785 2210 2848 dicere,
2244 2794 2298 2839 et
2319 2784 2540 2851 dixisse,
2574 2796 2631 2839 ut
2664 2788 2717 2841 in
2746 2788 2985 2843 Ecclesia
3015 2800 3199 2846 sancta
3243 2798 3299 2845 et
3330 2784 3597 2845 catholica

2009 2865 2390 2910 conversantes
2433 2857 2485 2908 in
2536 2857 2705 2912 Deum
2739 2858 3066 2915 crederetis:
3095 2860 3385 2919 crederetis
3434 2862 3594 2919 etiam

2008 2927 2456 3005 resurrectionem
2482 2928 2680 3005 carnis,
2706 2944 2829 3005 quae,
2852 2929 3027 2989 futura
3053 2940 3155 2990 est.
3201 2936 3351 2990 Sicut
3388 2950 3516 3005 ergo
3538 2936 3595 2989 in

2010 2997 2284 3056 Trinitatis
2304 3001 2613 3068 mysterium
2646 2997 2967 3068 credidistis,
3010 3014 3065 3060 et
3105 3021 3267 3060 unum
3318 2997 3485 3060 Deum
3540 3005 3593 3060 in

2012 3072 2185 3144 Patris
2206 3071 2414 3144 achilii
2441 3071 2751 3144 etSpiritus
2786 3076 2955 3129 sancti
2998 3074 3213 3129 nomine
3248 3076 3593 3144 suscepistis;

2011 3143 2149 3217 sicut
2172 3143 2324 3217 vobis
2338 3142 2639 3217 credidistis
2653 3145 2965 3217 dimittenda
2984 3160 3104 3202 esse
3124 3157 3361 3217 peccata,
3382 3142 3434 3201 et
3455 3162 3598 3202 nunc

2008 3213 2117 3284 jam
2150 3229 2245 3283 per
2270 3214 2597 3282 Baptismum
2636 3216 2849 3271 creditis
2879 3232 2998 3272 esse
3044 3213 3261 3272 dimissa
3296 3236 3308 3271 :
3338 3219 3409 3271 ita
3435 3218 3597 3272 etiam

2014 3285 2659 3360 resurrectionemcarnis
2700 3287 2939 3360 futuram
2983 3288 3220 3355 credite;
3261 3288 3405 3360 quod
3451 3298 3599 3345 certe

2013 3371 2109 3410 vos
2137 3355 2357 3410 credere
2378 3357 2763 3425 spopondistis.

2086 3427 2141 3501 l_n
2164 3425 2265 3481 hoc
2293 3426 2433 3501 enim
2460 3427 2882 3501 Christianorum
2935 3445 3061 3501 spes
3098 3440 3208 3486 tota
3245 3431 3506 3497 consistit,
3540 3438 3603 3487 ut

2015 3498 2196 3566 hujus,
2226 3513 2332 3552 non
2362 3498 2581 3554 alterius
2610 3502 2851 3570 corporis
2889 3498 3336 3559 resurrectionem
3379 3503 3433 3558 in
3461 3502 3603 3558 veri-

2014 3580 2122 3623 tate
2150 3570 2378 3644 futuram
2407 3583 2527 3644 esse
2547 3570 2860 3638 credamus;
2891 3582 2945 3627 et
2987 3574 3432 3644 quemadmodum
3461 3588 3601 3629 nunc

2015 3650 2223 3715 stamus
2248 3641 2299 3694 in
2326 3641 2549 3696 ecclesia
2579 3644 2894 3715 autealtare
2923 3641 3039 3711 Dei,
3067 3646 3136 3699 ita
3168 3661 3265 3700 nos
3296 3646 3348 3700 in
3389 3645 3475 3701 die
3514 3645 3603 3715 ju-

2015 3710 2137 3766 dicii
2165 3719 2396 3766 staturos
2426 3727 2545 3768 esse
2600 3714 2880 3769 credamus
2906 3725 3030 3770 ante
3075 3717 3300 3771 tribunal
3351 3716 3465 3781 Dei,
3515 3710 3603 3771 di-

2016 3791 2169 3857 cente
2199 3783 2354 3837 beato
2374 3785 2617 3857 apostolo
2647 3785 2832 3857 Paulo,
2864 3785 3051 3841 Omnes
3078 3789 3210 3841 enim
3252 3804 3342 3842 nos
3378 3788 3601 3857 ntanife-

2015 3855 2139 3908 stari
2169 3864 2361 3929 oportet
2388 3864 2505 3908 ante
2526 3856 2747 3929 tribunal
2776 3856 2981 3922 Christi,
3024 3869 3080 3912 ut
3114 3863 3299 3928 referat
3322 3855 3595 3929 unusquis-

2016 3941 2121 4000 que
2167 3926 2388 4000 prOpria_
2420 3926 2664 4000 corporis,
2724 3938 2872 4000 prout
2918 3930 3089 4000 gessit,
3117 3926 3219 3983 sine
3267 3926 3600 3993 bonum,sive

2016 3943 2114 3990 que
2167 3943 2259 3995 pro
2298 3944 2374 3979 ria
2420 3943 2664 3996 corporis,
2724 3943 2872 3997 prout
2918 3943 3089 4000 gessit,
3117 3946 3219 3983 sive
3267 3943 3600 3993 natium,swe

2016 3995 2207 4049 malum
2247 3943 2320 4120 Ᾱῖι
2351 3996 2466 4049 Cor.
2491 4013 2543 4063 v,
2583 3998 2697 4067 10).
2753 3998 2805 4051 Id
2844 4010 2925 4054 est
2958 4000 3098 4070 quod
3140 4000 3379 4057 inlideles
3407 4000 3601 4055 anima:

2018 4082 2123 4120 non
2154 4082 2243 4120 ere
2286 4065 2655 4120 unlfuturum.
2692 4067 3109 4120 Etsuntalinui-
3143 4073 3232 4120 nui
3276 4071 3430 4120 labiis
3478 4085 3600 4120 crc-

2018 4082 2123 4141 non
2154 4065 2378 4141 credunt
2400 4065 2659 4141 futurum.
2692 4067 2759 4123 Et
2781 4079 2904 4141 sunt
2927 4065 3109 4140 aliqui,
3143 4073 3233 4141 qui
3276 4071 3430 4127 labiis
3478 4085 3600 4124 crc-

2017 4137 2146 4192 dere
2176 4139 2507 4206 promittunt,
2549 4138 2643 4193 sed
2672 4140 2837 4195 corde
2871 4137 3195 4211 desperant:
3222 4144 3309 4211 qui
3384 4141 3603 4197 randem

2018 4209 2370 4267 omnipotenti
2419 4210 2527 4264 Deo
2572 4209 2815 4267 iniuriam
2866 4213 3083 4267 iaciunt.
3128 4229 3156 4266 a
3204 4229 3308 4267 ouo
3347 4159 3603 4267 inanimes

2018 4209 2370 4279 omnipotenti
2419 4209 2815 4284 Deo_injuriam
2866 4209 3083 4277 iaciunt,
3128 4229 3156 4266 a
3204 4209 3308 4284 quo
3352 4209 3605 4268 homines

2018 4288 2141 4406 gest
2164 4292 2388 4335 mortem
2418 4280 2663 4335 suscitari
2693 4292 2747 4337 et
2774 4283 3024 4338 viviﬁcari
3051 4300 3206 4353 posse
3222 4280 3328 4340 non
3354 4284 3600 4340 credunt.

2066 4367 2126 4405 os
2151 4361 2349 4406 autem.
2373 4352 2461 4406 aui
2490 4351 2682 4406 divinis
2703 4355 2920 4406 vocibus
2964 4355 3280 4406 adhibemus
3319 4355 3500 4406 ﬁdem.
3535 4354 3600 4406 de

2066 4367 2126 4405 os
2151 4361 2349 4416 autem,
2373 4352 2461 4421 qui
2490 4351 2682 4407 divinis
2703 4355 2920 4409 vocibus
2964 4351 3280 4411 adhibemus
3319 4355 3500 4421 ﬁdem,
3535 4354 3605 4409 de

2019 4423 2414 4477 resurrectione
2443 4432 2622 4477 nostra
2641 4423 2884 4479 dubitare
2909 4441 3014 4479 non
3072 4442 3372 4493 possumus.
3412 4425 3602 4481 Credi-

2019 4508 2140 4547 mus
2165 4495 2326 4558 enim,
2362 4493 2502 4560 quod
2544 4493 2680 4546 Deus
2726 4496 2813 4562 qui
2837 4494 2961 4550 fecit
3014 4496 3257 4553 homines
3305 4512 3425 4552 cum
3481 4504 3607 4551 ante
3645 4542 3649 4553 .

2021 4563 2394 4637 nonfuisscnt,
2428 4562 2582 4616 facile
2624 4565 2792 4632 possit
2836 4581 2930 4620 eos
2971 4567 3189 4623 reﬁcere
3237 4569 3327 4637 qui
3371 4568 3603 4622 luerunt.

2020 4634 2119 4700 Qui
2145 4635 2359 4708 ccelum.
2383 4642 2605 4708 terram,
2625 4643 2679 4708 e_t
2708 4637 2897 4708 maria,
2930 4648 2983 4691 et
3011 4654 3129 4708 quae
3157 4640 3210 4693 in
3240 4634 3317 4708 eis
3354 4646 3496 4701 sunt,
3524 4649 3606 4691 at-

2021 4720 2124 4772 que
2149 4705 2328 4758 omnia
2350 4704 2613 4777 elementa
2646 4703 2769 4760 fecit
2795 4723 2858 4762 ex
2888 4703 3353 4777 nihilo,quomodo
3373 4723 3477 4762 non
3498 4722 3598 4776 po-

2024 4782 2128 4829 test
2154 4791 2400 4844 reparare
2430 4775 2696 4843 homines,
2727 4793 2858 4846 quos
2890 4780 3006 4833 ideo
3033 4775 3174 4843 fecit,
3200 4789 3255 4831 ut
3282 4779 3333 4832 in
3366 4777 3466 4832 hac
3492 4775 3600 4834 vita

2023 4855 2241 4918 agerent
2267 4846 2404 4900 unde
2420 4847 2477 4918 in
2505 4847 2607 4901 alia
2626 4848 3009 4916 judicarcntur,
3042 4858 3094 4902 ct
3114 4849 3198 4902 vel
3232 4864 3324 4918 pro
3344 4850 3481 4904 bona
3507 4865 3603 4903 vo-

2024 4917 2225 4989 luntate
2246 4917 2484 4987 praemia,
2512 4920 2595 4989 vel
2627 4934 2726 4988 pro
2762 4921 2897 4973 mala
2940 4919 3193 4989 supplicia
3228 4917 3603 4978 mererentur?
3650 4958 3659 4976 ι

2022 4987 2151 5042 llaec
2183 5000 2265 5043 est
2291 4990 2434 5044 enim
2464 4987 2887 5044 Christianorum
2935 4987 3316 5046 catholicorum
3360 4992 3511 5055 ﬁdes,
3550 5001 3612 5048 ut

2022 5059 2302 5115 credamus
2331 5075 2426 5113 nos
2456 5076 2575 5114 cum
2608 5060 2728 5126 hac,
2762 5062 2812 5114 in
2837 5077 2937 5129 qua
2989 5078 3127 5115 nunc
3176 5076 3380 5128 smnus,
3431 5064 3603 5121 anima

2024 5145 2322 5203 resurgere,
2343 5130 2598 5203 habentes
2617 5132 2860 5184 idoneum
2881 5132 3288 5187 resurrectionis
3303 5134 3604 5203 exetnplum

2025 5199 2292 5255 Christum
2328 5203 2495 5270 ipsum
2526 5202 2802 5255 Dominmn
2848 5213 3087 5257 nostrum
3118 5203 3351 5258 Verbum
3390 5199 3562 5259 Patris
3591 5221 3605 5259 :

2024 5272 2262 5341 quicum
2287 5271 2355 5326 sit
2382 5271 2520 5326 Deus
2550 5280 2603 5326 et
2649 5272 2740 5326 Dei
2781 5273 2818 5327 F
2823 5273 2965 5339 ilius,
3004 5274 3390 5330 l)euchrbum
3438 5285 3492 5330 et
3521 5291 3601 5330 sec

2026 5344 2260 5397 cundum
2305 5343 2656 5397 substantiam
2706 5344 2995 5399 divinitatis
3024 5346 3166 5401 Patri
3212 5357 3509 5402 coaeternus
3554 5353 3613 5403 et

2025 5414 2511 5488 consubstantialis,
2546 5414 2890 5488 ideonaturre
2914 5426 3112 5471 nostra:
3151 5419 3385 5488 suscepit
3420 5417 3595 5473 homi-

2026 5501 2156 5558 nem,
2176 5485 2344 5558 (juxta
2374 5499 2533 5558 quem
2555 5485 2623 5538 de
2652 5485 2860 5558 Virgine
2900 5487 3066 5553 nasci,
3100 5498 3154 5544 et
3184 5485 3367 5558 postea
3419 5490 3528 5558 pati
3553 5502 3611 5547 et

2027 5557 2163 5611 mori
2193 5555 2378 5621 voluit,
2408 5564 2462 5610 et
2482 5555 2568 5609 die
2600 5555 2760 5611 tertia
2797 5559 3112 5624 resurrexit,
3158 5555 3212 5615 et
3261 5555 3503 5616 ascendit
3552 5562 3603 5616 in

2026 5628 2237 5697 caelos),
2270 5636 2327 5680 ut
2353 5641 2453 5681 nos
2481 5625 2546 5680 ad
2570 5642 2717 5697 spem
2743 5632 3148 5686 resurrectionis
3175 5632 3517 5696 accenderet;
3551 5642 3610 5688 ut

2026 5699 2104 5775 sic
2130 5697 2529 5775 nos__credamus
2544 5714 2611 5753 ex
2632 5701 2855 5775 mortuis
2869 5702 3225 5771 suscitandas,
3256 5704 3609 5775 quemadmo-

2026 5769 2153 5825 dum
2205 5768 2476 5826 Christum
2523 5772 2881 5828 resurrexisse
2909 5789 2940 5829 a
2989 5768 3219 5831 mortuis
3257 5768 3603 5833 conﬁtemur.

2089 5906 2165 5973 (a)
2188 5913 2267 5961 tvo
2283 5906 2347 5960 de
2368 5909 2622 5976 Baptistae,
2639 5922 2741 5973 cap.
2765 5910 2869 5963 194.
2888 5868 2891 5875 Ι
