4100 6344
276 358 418 415 1215

273 493 421 528 auten
449 474 563 527 dico
587 471 742 536 vobis,
769 474 1004 544 quianon
1033 482 1104 526 est
1123 488 1291 544 servus
1317 470 1705 544 majardomiao
1727 487 1838 544 suo,

273 564 365 599 nec
395 544 651 616 apostoius
683 542 844 614 major
872 562 928 597 eo
947 545 1034 613 qui
1075 544 1206 616 misit
1235 542 1401 596 illum.
1522 543 1839 616 literarias,

272 612 567 670 beati-estis
615 618 658 668 si
703 612 918 685 feceritis
961 612 1026 667 rea
1071 613 1246 685 (.Ioan.
1293 621 1418 677 'xm,
1450 613 1578 675 5—5;
1637 612 1840 685 PL”).

273 687 621 742 Considerate
652 684 779 755 ergo
803 728 816 748 ,
863 689 1050 738 tratres
1072 684 1422 748 dilectissimi,
1454 685 1604 750 cujus
1634 684 1856 736 infelici-

274 761 432 824 tatis,
480 758 630 824 cujus
660 758 877 810 insania:
923 757 1018 818 sit,
1057 768 1111 809 ιιι
1163 756 1476 820 dedignetur
1507 771 1692 807 servus
1723 770 1855 808 cun-

273 845 452 892 servo,
483 828 770 895 discipulus
819 825 1179 893 condiscipulo
1207 827 1368 894 pedes
1405 827 1614 886 lavare;
1645 824 1858 891 quando

271 901 510 954 omnium
561 900 812 952 Dominus
841 908 892 951 et
938 899 1184 965 magister
1214 913 1488 950 servorum
1536 907 1587 948 et
1623 896 1859 962 disripu-

275 972 450 1024 lorum
475 971 640 1038 pedes
671 971 845 1022 lavare
868 969 1110 1037 dignatus
1131 980 1230 1022 est.
1262 969 1351 1020 llle
1380 984 1436 1020 se
1461 967 1753 1019 humiliavit
1779 969 1856 1019 in-

273 1043 594 1104 feriorihus;
625 1056 723 1092 nos
750 1057 876 1093 vero
901 1041 1166 1093 humiliari
1197 1039 1547 1104 dedignamur
1563 1039 1857 1107 :rqualibus
1889 1047 1896 1052 '

269 1123 322 1166 et
355 1129 498 1180 szepe
527 1112 852 1166 meliorilms.
897 1111 1046 1177 Quod
1086 1129 1187 1163 non
1219 1111 1453 1174 aliunde,
1496 1126 1651 1179 quam
1682 1110 1747 1162 de
1780 1110 1859 1161 iu-

273 1184 595 1238 credulttate
625 1185 799 1236 evenit
849 1182 1165 1237 futurorum.
1213 1183 1264 1235 Si
1298 1183 1438 1236 enim
1473 1197 1594 1234 vere
1639 1191 1689 1232 et
1747 1190 1856 1232 toto

243 1256 452 1322 .nimo
478 1255 838 1309 crederemus.
885 1269 979 1324 per
1025 1253 1138 1308 haec
1173 1254 1381 1306 Domini
1411 1261 1674 1322 pr:ecepta
1697 1294 1709 1314 ,
1738 1268 1856 1318 qu:e

269 1325 420 1380 brevi
453 1328 573 1380 vita:
601 1335 796 1380 nostra:
825 1335 1063 1392 tempore
1098 1325 1424 1378 custodimus
1446 1365 1458 1386 ,
1489 1324 1552 1376 ad
1581 1333 1776 1375 :eterua
1807 1331 1860 1375 et
1885 1385 1888 1388 _

269 1398 516 1451 caelestia
546 1395 884 1465 uos'praemia
915 1395 1192 1464 pervenire
1217 1412 1230 1458 ;
1266 1412 1370 1448 non
1399 1395 1568 1448 solum
1604 1411 1705 1448 nou
1731 1408 1856 1444 eru-

269 1467 614 1524 besceremus
639 1468 814 1520 oinnia
836 1482 997 1535 opera
1017 1467 1329 1520 humilitatis
1349 1465 1640 1534 implendo,
1674 1479 1855 1518 verum

268 1541 432 1593 etiam
463 1538 836 1608 gloriarentur.

339 1605 726 1663 Com—mendate
753 1624 880 1678 ergo
913 1609 1134 1662 firmiter
1174 1609 1443 1661 memoria:
1489 1617 1679 1660 vestra»
1716 1605 1858 1674 quod

267 1680 495 1733 audistis
519 1697 544 1731 a
575 1681 747 1744 nobis,
782 1689 836 1734 et
881 1680 1020 1748 quod
1049 1679 1220 1740 nobis,
1257 1680 1362 1732 imo
1393 1680 1617 1732 Domino
1648 1678 1854 1746 promi-

268 1751 414 1804 sistis
459 1751 532 1820 (a)
566 1768 578 1804 :
616 1767 712 1804 nec
741 1752 845 1804 ulla
877 1766 1103 1817 unquatn
1135 1751 1405 1803 tribulatio
1437 1751 1714 1818 prmsentis
1735 1748 1858 1802 vit-.e

269 1823 698 1875 recordationem
725 1823 876 1875 vobis
923 1833 1112 1874 vestra:
1148 1821 1352 1874 auferat
1401 1820 1720 1889 sponsionis.
1757 1821 1858 1873 liti-

268 1893 412 1961 plete
443 1894 618 1946 omnia
651 1909 768 1962 qua:
808 1893 1030 1946 audistis
1078 1894 1294 1959 imperia
1349 1911 1361 1946 :
1416 1893 1631 1959 implete
1678 1892 1856 1944 ou’mia

267 1974 446 2016 vestra
489 1980 607 2033 qua:
647 1964 988 2032 promisistis.
1040 1963 1212 2016 Nolite
1249 1964 1450 2016 similes
1491 1963 1628 2015 el'lici
1664 1962 1857 2031 popqu

265 2033 598 2092 Iuda-orum.
632 2036 721 2102 qui
766 2050 886 2088 cum
918 2036 1188 2087 audissent
1245 2041 1507 2102 pra-cepta
1551 2034 1670 2094 Dei,
1715 2042 1860 2087 recte

265 2107 482 2174 quidem
529 2107 806 2170 dixerunt,
847 2105 1031 2158 Omnia
1057 2123 1169 2174 qtae
1197 2106 1452 2157 mandavit
1499 2105 1640 2157 nobis
1673 2104 1856 2158 Domi-

265 2191 385 2238 nus,
411 2177 695 2241 audiemus,
724 2187 768 2230 et
800 2179 1039 2247 ['acienius
1067 2194 1160 2238 ea;
1201 2178 1292 2229 sed
1319 2175 1459 2244 quod
1491 2177 1624 2228 bene
1657 2175 1854 2243 promi—

267 2257 488 2314 serant,
523 2250 892 2317 neglexerunt.
928 2249 1246 2301 Placuerunt
1278 2250 1421 2300 enim
1468 2247 1578 2300 Deo
1601 2288 1615 2311 ,
1645 2247 1860 2315 quando

267 2334 328 2373 se
357 2320 602 2374 mandata
644 2321 761 2387 ejus
787 2330 1090 2373 servaturos
1123 2320 1501 2388 promiserant.
1529 2317 1618 2372 Sie
1645 2317 1859 2382 quidem

264 2388 498 2459 legimus
531 2391 732 2444 dixisse
776 2391 840 2444 ad
873 2391 1092 2461 Moysen
1121 2395 1373 2461 populum
1403 2388 1566 2461 Israel
1597 2407 1609 2441 :
1643 2388 1856 2450 Accede,

269 2469 346 2532 tu,
382 2471 428 2514 et
451 2462 574 2515 audi
603 2463 774 2514 omnia
801 2460 990 2530 quanta
1018 2463 1239 2532 loquitur
1265 2460 1507 2512 Dominus
1533 2460 1862 2532 Deusrnoster

265 2531 338 2584 ad
359 2542 428 2599 te,
452 2542 498 2586 et
539 2542 592 2586 tu
630 2529 848 2603 loqueris
875 2535 944 2585 ad
964 2529 1088 2586 ηοε.⁷
1123 2532 1308 2585 Omnia
1331 2542 1522 2601 quanta
1549 2531 1769 2596 loquitur
1794 2529 1862 2581 ad

333 2689 406 2753 (a)
433 2691 716 2739 Promissam
745 2691 794 2738 in
831 2692 1066 2753 Baptismo
1099 2691 1275 2753 pedum
1299 2690 1532 2753 lationem
1568 2688 1779 2752 legimus
1815 2689 1865 2736 in

267 2751 548 2815 Appeudice
569 2754 686 2802 tomi
707 2754 757 2812 5,
782 2751 928 2802 serui.
954 2755 1060 2812 168,
1081 2751 1128 2801 ii.
1155 2755 1202 2813 5,
1230 2761 1280 2801 et
1305 2754 1413 2812 2.37,
1440 2767 1486 2801 u.
1506 2751 1550 2804 1

1376 353 1601 412 SERMO
1639 353 1729 410 DE
1757 352 2102 410 VANITATE
2130 350 2420 410 SECULI.

3402 349 3554 423 12M.

1949 487 2040 522 nos
2073 468 2316 522 Dominus
2347 470 2480 522 Deus
2507 477 2692 540 noster,
2722 479 2769 521 et
2795 465 3080 536 audiemus,
3107 483 3149 524 et
3175 471 3442 540 faciemus.
3475 471 3542 526 Et

1953 541 2082 593 dixit
2126 541 2193 594 ad
2242 540 2452 610 Moysen
2501 539 2782 606 Dominus,
2819 540 2998 593 Audivi
3045 539 3209 595 vorem
3259 559 3550 598 sermonum

1959 610 2135 680 populi
2160 611 2314 680 hujus
2343 621 2530 680 qtamtu
2559 611 2714 663 locuti
2742 621 2880 664 sunt.
2931 612 3056 678 Quis
3083 614 3218 667 dabit
3264 631 3350 667 cor
3376 631 3570 668 eorum.

1959 682 2030 734 sic
2058 697 2162 735 esse
2186 683 2354 756 iacis,
2379 684 2453 756 ita
2483 693 2533 734 ut
2565 693 2784 756 metuant
2813 693 2997 756 nie,_et
3023 684 3275 756 observent
3293 696 3544 756 prwcepta

1961 769 2076 826 mea
2089 754 2325 826 omnibus
2349 753 2526 826 diebus
2551 752 2788 826 (Deut.v,
2812 753 3032 826 27-29)?
3062 752 3543 826 Placueruntergo,

1963 833 2017 877 ut
2045 823 2309 888 diximus,
2349 825 2484 886 Deo,
2531 824 2743 891 quando
2786 825 2998 893 quidem
3045 823 3548 891 pollidti'sunt'se

1962 896 2206 947 mandata
2235 895 2348 960 ejus
2369 909 2486 947 esse
2508 893 2739 948 faeturos
2764 913 2777 947 :
2798 896 2889 948 sed
2911 896 3312 962 disiilicuerunt,
3333 898 3545 965 quando

1963 966 2178 1028 quidem
2211 970 2377 1034 posita
2409 965 2508 1028 sibi
2536 966 2798 1031 mandata,
2823 977 2873 1020 et
2901 985 3018 1037 qua:
3053 969 3408 1036 promiserant
3429 985 3546 1022 ser-

1963 1052 2107 1100 vare,
2143 1038 2455 1104 transgressi
2491 1045 2630 1089 sunt.
2669 1037 2740 1090 De
2767 1039 2895 1105 ipsis
2921 1042 3061 1092 enim
3091 1041 3347 1107 propheta
3369 1039 3542 1108 loqui-

1964 1119 2048 1160 tur
2070 1108 2251 1160 tlicens
2273 1151 2285 1172 ,
2321 1108 2615 1179 Dilexerunt
2656 1125 2767 1160 cum
2793 1111 2844 1161 in
2885 1128 2972 1163 ore
3018 1127 3130 1175 suo,
3179 1122 3223 1162 et
3256 1112 3430 1179 lingua
3458 1127 3551 1164 sua

1964 1180 2289 1231 mratitisunt
2309 1180 2352 1230 ei
2381 1178 2548 1244 (Psal.
2578 1195 2736 1242 van,
2762 1181 3089 1250 5ti).IIOCest
3112 1183 3250 1234 t‘lllllt
3276 1178 3370 1234 ore
3388 1182 3550 1236 Deum

1963 1260 2013 1303 et
2042 1265 2144 1302 non
2177 1250 2338 1302 eordc
2362 1250 2603 1316 diligere,
2638 1252 2775 1317 rpzod
2812 1255 3120 1317 promittunt
3150 1268 3208 1306 se
3245 1252 3332 1306 Dei
3367 1252 3548 1305 volnu-

1967 1333 2124 1374 tatem
2157 1336 2275 1374 esse
2305 1321 2552 1382 facturos,
2585 1322 2914 1375 mentiuntur
2946 1323 3120 1391 lingua
3150 1339 3264 1380 sua.
3297 1333 3350 1376 et
3377 1323 3442 1376 ad
3477 1323 3553 1377 fa-

1963 1391 2426 1464 cit-mlatndiaboli
2455 1392 2722 1460 refugiunt
2756 1394 3098 1454 voluntatem,
3125 1395 3550 1464 omnipotentem

1967 1463 2130 1515 Deum
2161 1462 2224 1514 ad
2256 1463 2580 1516 iracundiam
2615 1475 2985 1531 provocantes.
3017 1467 3104 1532 qui
3128 1481 3185 1519 se
3208 1462 3412 1518 irrideri
3443 1481 3550 1518 non

1966 1534 2179 1602 patitur.
2211 1533 2307 1601 Qui
2359 1550 2477 1587 cmn
2526 1543 2578 1586 et
2605 1550 2763 1602 opera
2819 1534 3092 1587 hominum
3151 1535 3441 1604 quamlibet
3498 1535 3550 1590 iu

1963 1607 2171 1657 occulto
2199 1604 2332 1657 facta
2366 1606 2676 1671 conspiciat,
2711 1607 2796 1675 qui
2823 1623 2943 1660 cum
2971 1608 3129 1660 verba
3152 1607 3330 1662 omnia
3362 1621 3552 1674 quam-

1965 1675 2089 1728 libet
2117 1686 2324 1730 secreto
2348 1677 2739 1730 insusurrantes
2768 1678 2966 1741 audiat,
2991 1678 3078 1746 qui
3097 1693 3218 1732 eum
3234 1692 3422 1731 omnes
3439 1692 3556 1730 om-

1966 1748 2111 1800 nium
2143 1748 2488 1814 Cogitationes
2521 1747 2777 1816 intelligat
2813 1757 2863 1800 et
2895 1759 3183 1814 agnoscat,
3217 1748 3556 1803 severissime

1959 1817 2237 1887 judicabit.
2264 1818 2362 1885 Qui
2397 1819 2479 1870 hic.
2504 1818 2622 1870 ideo
2645 1834 2750 1871 non
2780 1835 2992 1886 semper
3008 1829 3403 1886 contemptores
3428 1836 3554 1872 suos

1969 1891 2148 1958 pttttit,
2201 1891 2322 1957 quia
2372 1891 2421 1942 in
2475 1891 2648 1942 futuro
2693 1891 2926 1943 decrevit
2970 1907 3086 1943 esse
3113 1891 3369 1958 judicium
3397 1933 3410 1956 ,
3467 1891 3556 1945 ubi

1964 1968 2162 2014 aeterna
2194 1960 2566 2013 condemnatio
2588 1970 2638 2014 et
2665 1971 2914 2029 perpetua
2944 1972 3186 2015 servatur
3215 1963 3554 2027 peccantibus

1967 2045 2143 2100 pinna.
2177 2029 2259 2082 Ibi
2289 2033 2382 2084 erit
2431 2033 2576 2100 fletus
2619 2034 2932 2096 oculornn't,
2993 2043 3038 2084 ct
3085 2033 3272 2084 stridor
3303 2033 3548 2085 rlentium.

1967 2101 2089 2166 Ubi,
2120 2104 2253 2155 sicut
2285 2103 2395 2170 ipsi:
2422 2103 2675 2155 Dominus
2707 2104 2777 2156 ait
2801 2103 3022 2156 :l’ermis
3049 2119 3219 2155 eorum
3249 2121 3346 2156 non
3368 2105 3554 2156 morie-

1967 2183 2066 2235 tur,
2098 2184 2142 2226 ct
2177 2174 2306 2243 ignis
2343 2191 2512 2226 eorum
2556 2191 2654 2225 non
2696 2176 3039 2242 exstinguetur
3073 2173 3226 2232 (lsui.
3259 2190 3400 2238 L\vt,
3434 2174 3553 2244 24).

1973 2245 2074 2296 Vos
2105 2255 2301 2306 autem,
2331 2244 2520 2296 fratres
2567 2246 2918 2298 dilectissimi.
2952 2246 3220 2298 credimus
3253 2247 3302 2297 in
3345 2248 3560 2299 notitiae

1956 2315 2197 2378 Domini,
2217 2315 2356 2384 quod
2375 2331 2475 2368 Ilftll
2497 2317 3034 2368 transitur-icaudiatis
3053 2317 3212 2369 verba
3233 2327 3432 2380 nostra,
3456 2317 3564 2369 imo

1969 2386 2144 2439 divina
2173 2404 2184 2438 :
2217 2386 2338 2454 quia
2365 2387 2504 2454 quod
2538 2387 2688 2439 vobis
2713 2386 2961 2449 dicimus,
2983 2403 3046 2439 ex
3076 2393 3273 2439 sanctis
3293 2397 3346 2440 et
3369 2386 3566 2440 divinis

1970 2457 2194 2522 eloquiis
2225 2465 2550 2510 mutuamur.
2595 2459 2883 2524 Speramus
2915 2458 2967 2509 in
3017 2458 3240 2510 Domino
3261 2499 3273 2518 ,
3304 2457 3444 2524 quod
3483 2457 3564 2510 fa-

1971 2528 2124 2580 cietis
2151 2527 2327 2580 omnia
2378 2543 2495 2595 qua:
2535 2528 2875 2596 promisistis,
2913 2528 3024 2580 beo
3053 2527 3338 2595 adjuvante
3369 2543 3462 2581 vos
3511 2529 3563 2580 in

1973 2599 2170 2652 sanctis
2198 2597 2480 2668 operibus,
2516 2598 2678 2667 ipsius
2709 2599 2916 2651 Domini
2967 2599 3134 2651 nostri
3184 2598 3314 2653 Jesu
3365 2599 3562 2652 (Jhristi

1973 2671 2176 2739 gratia;
2209 2670 2292 2722 cui
2321 2678 2401 2723 est
2428 2670 2593 2738 gloria
2627 2679 2679 2722 et
2719 2668 2890 2721 honor
2914 2685 3036 2722 eum
3065 2670 3222 2724 Patre
3260 2677 3315 2723 et
3357 2669 3556 2738 Spiritu

1978 2747 2162 2794 sancto
2195 2740 2245 2793 in
2277 2742 2470 2794 saecula
2501 2741 2840 2794 swculorum.
2871 2741 3062 2793 Amen.

1033 2952 1502 3014 TRACTATUS
1545 2953 1649 3014 DE
1693 2952 2149 3016 CREATIONE
2192 2956 2419 3017 PRIMI
2461 2956 2820 3019 HOMINIS.

342 3096 500 3166 Apud
529 3098 868 3152 Ambrosium
893 3098 1217 3162 inscribitur,
1255 3097 1329 3149 De
1357 3097 1601 3166 dignitate
1631 3099 1778 3166 primi
1807 3098 2040 3152 hominis.
2081 3099 2230 3167 Apud
2262 3101 2542 3154 Alcuinum
2570 3110 2773 3167 autem,
2807 3100 2960 3155 Dicta
3001 3102 3130 3155 beati
3171 3100 3343 3155 Albini
3382 3100 3570 3157 Levita

263 3203 423 3259 ευμεν
448 3190 579 3243 illud
603 3188 851 3243 Gcneseos
882 3206 900 3243 :
929 3209 945 3242 ι
982 3189 1255 3242 Faciamus
1273 3188 1524 3241 hominem
1547 3189 1612 3240 ad
1636 3189 1904 3258 imaginem
1932 3199 1976 3241 et
2005 3192 2386 3245 similitudinem
2416 3202 2656 3245 nostram.
2675 3211 2691 3244 ι
2723 3193 2994 3256 Paulinus,
3017 3193 3370 3263 Aquileiensis
3409 3207 3567 3262 supra

241 3281 364 3337 'lib.
396 3279 462 3334 de
510 3282 838 3335 Salutarihus
883 3281 1249 3345 Documentis,
1279 3295 1433 3349 capp.
1462 3279 1496 3332 9.
1549 3287 1602 3332 et
1643 3281 1696 3346 3,
1749 3281 1996 3334 nonnulla
2055 3293 2322 3336 mutuatus
2369 3293 2543 3338 estex
2591 3284 2690 3338 hoc
2734 3285 2848 3352 ipso
2885 3294 3147 3352 tractatu;
3177 3288 3268 3356 qui
3313 3295 3568 3355 praeterea

267 3375 323 3430 in
383 3377 516 3432 libro
544 3377 612 3433 de
660 3377 858 3448 Spiritu
886 3386 939 3432 et
967 3377 1196 3442 Anima,
1229 3393 1345 3447 cap.
1380 3376 1481 3439 55,
1539 3384 1679 3430 totus
1723 3375 1956 3431 insertus
1986 3388 2086 3432 est.
2143 3379 2236 3434 llic
2279 3379 2457 3451 itaque
2509 3379 2674 3450 prima
2729 3391 2785 3435 et
2835 3390 3100 3450 postrema
3146 3382 3311 3436 verba
3357 3381 3572 3437 dedisse

265 3470 520 3524 sufﬁciat.

342 3737 510 3794 Tanta
538 3737 766 3807 dignitas
805 3736 1054 3792 humana:
1097 3735 1414 3790 conditionis
1441 3750 1558 3788 esse
1589 3734 1855 3807 dignosci-

270 3818 380 3874 tur,
413 3819 468 3861 ut
500 3805 806 3863 non—solum
830 3809 1064 3874 jubentis
1095 3823 1363 3871 sermone,
1396 3815 1451 3859 ut
1493 3807 1590 3859 alia
1621 3822 1711 3859 Sex
1751 3805 1862 3858 die-

269 3897 394 3934 rum
423 3896 613 3948 opera,
662 3880 755 3932 sed
800 3880 1022 3933 consilio
1059 3888 1255 3932 sanetae
1297 3878 1564 3948 Trinitatis
1607 3889 1660 3932 et
1703 3892 1862 3944 opera

273 3947 572 4018 majestatis
600 3951 793 4004 divina:
835 3959 1046 4004 creatus
1100 3951 1166 4002 sit
1208 3951 1480 4002 homo.....
1517 3947 1592 4015 (a)
1620 3949 1862 4015 Quapro—

272 4031 393 4089 pter
412 4023 635 4090 quisque
666 4023 969 4090 diligentius
1018 4021 1253 4074 attendat
1297 4021 1477 4088 prima:
1522 4035 1629 4070 sua-
1678 4018 1861 4072 condi-

271 4092 437 4145 tionis
475 4093 842 4148 excellentiam
867 4135 878 4152 ,
910 4103 962 4145 et
1008 4091 1362 4144 venerandam
1407 4101 1601 4143 sancta!
1634 4090 1864 4143 Trinita-

270 4163 342 4220 tis
367 4165 422 4217 iu
469 4180 526 4218 se
557 4165 671 4233 ipso
698 4165 977 4230 imaginem
1007 4172 1257 4232 agnoscat.
1277 4206 1290 4228 ,
1325 4163 1688 4232 honoremque
1717 4160 1866 4215 simi-

339 4279 414 4342 (a)
441 4281 622 4328 Omissa
645 4286 820 4342 repete
843 4292 905 4327 ex
927 4277 1050 4326 libro
1072 4278 1134 4327 de
1157 4279 1332 4340 Spiritu
1357 4285 1408 4327 et
1432 4279 1604 4328 anima.

274 4403 1082 4420 _—————_—_—

1973 3735 2210 3789 litndinis
2231 3736 2454 3801 divinze,
2479 3735 2542 3790 ad
2573 3751 2730 3804 quam
2763 3743 2972 3788 creatus
2999 3742 3112 3796 est,
3144 3732 3423 3787 nobilitate
3443 3745 3564 3804 mo-

1973 3823 2089 3860 rum
2113 3850 2124 3870 ,
2155 3808 2410 3860 exnrcitio
2438 3803 2687 3859 virtutum
2711 3849 2723 3866 ,
2745 3805 3000 3871 dignitate
3032 3806 3340 3857 meritorum
3371 3803 3569 3858 habere

1974 3880 2260 3931 Contendat
2291 3896 2301 3929 :
2341 3889 2392 3930 ut
2418 3879 2630 3946 quando
2657 3877 2957 3947 apparuerit
2987 3877 3157 3944 qualis
3203 3876 3303 3942 sit,
3335 3884 3460 3947 tunc
3491 3875 3568 3947 si-

1978 3950 2118 4001 milis
2142 3951 2210 4002 illi
2243 3945 2533 4018 appareat,
2568 3950 2656 4017 qui
2690 3945 2746 4001 se
2776 3947 3086 4000 mirabiliter
3127 3947 3192 3999 ad
3242 3945 3570 4018 δηςιηιβὶιιιίο

1976 4019 2252 4073 litudineni
2281 4017 2332 4073 in
2366 4021 2537 4087 primo
2569 4020 2736 4074 Adam
2762 4018 3038 4085 condidit,
3067 4017 3364 4071 mirabilius
3399 4017 3451 4071 in
3478 4031 3568 4070 se-

1977 4091 2151 4146 cundo
2181 4091 2509 4146 reformavit.

1101 4389 3532 4416 _—__________________________________.

1318 4480 1585 4540 SEBMO
1616 4479 1722 4538 DE
1763 4475 2179 4538 VANITATE
2223 4472 2549 4536 SIECULI.

274 4634 517 4690 Habclur
569 4647 752 4702 supra,
805 4631 856 4686 in
913 4629 1062 4698 Eligii
1093 4635 1316 4681 tractatu
1365 4624 1430 4676 de
1462 4622 1800 4675 Rectitudine
1827 4623 2102 4676 catholicae
2145 4617 2586 4680 conversationis,
2619 4633 2708 4670 un.
2741 4615 2832 4682 ﬁl,
2855 4615 2925 4670 Ἡ
2953 4624 3007 4670 et
3030 4614 3136 4683 25,
3166 4621 3360 4686 ρι’τειει·
3385 4621 3570 4665 versus

856 4723 1066 4778 circiter
1089 4720 1272 4774 decem
1307 4717 1355 4771 in
1390 4717 1492 4770 line
1519 4715 1584 4768 ab
1613 4713 1730 4768 istis
1770 4715 1966 4783 verbis,
2009 4713 2371 4766 Bcnedicamus
2395 4713 2548 4782 igitur
2573 4711 2870 4777 Dominum,
2900 4721 3004 4765 ete.
3191 4741 3222 4768 .

350 4863 409 4917 In
438 4863 535 4916 hac
564 4861 667 4915 vita
694 4860 885 4929 positi,
931 4857 1144 4916 fratres,
1179 4855 1246 4907 ita
1283 4853 1456 4930 agite,
1492 4859 1550 4904 ut
1593 4848 1872 4930 cumhinc

277 4935 640 5002 migraveritis
662 4977 675 4997 ,
697 4920 756 4986 ἐι
787 4920 911 4984 caro
945 4938 1114 5002 vestra
1155 4942 1182 4979 a
1229 4924 1493 5002 vermibus
1520 4920 1870 5002 tmperit'de-

277 4990 460 5061 vorari
512 5007 562 5058 in
625 4990 903 5072 sepulcro,
939 5001 1126 5072 anima
1172 5005 1370 5072 ornata
1413 4994 1562 5072 bimis
1625 4990 1874 5072 operibus

276 5094 403 5136 cum
434 5076 632 5130 sanctis
663 5062 911 5128 oinnihus
936 5071 1142 5124 la-tetur
1172 5068 1222 5121 in
1254 5067 1421 5122 caelis.
1468 5062 1723 5117 Retrahat
1780 5077 1874 5115 vos

277 5165 310 5204 a
335 5149 492 5203 malis
518 5139 769 5214 operibus
813 5145 893 5198 vel
938 5141 1198 5210 peccatis,
1245 5137 1490 5191 interitus
1520 5149 1702 5214 eorum
1740 5147 1875 5214 quos

279 5203 728 5291 pra-muniis”...
759 5217 834 5285 (a)
875 5203 949 5291 fit
977 5214 1075 5291 erit
1097 5219 1228 5291 tunc
1258 5217 1455 5279 quanto
1493 5207 1611 5291 quis
1649 5203 1876 5291 amp-llus

279 5274 389 5346 alio
437 5289 522 5343 hic
569 5274 829 5343 obediens
875 5286 981 5339 Deo
1040 5281 1171 5344 fuit,
1216 5274 1361 5334 tanto
1408 5274 1716 5344 ampliorem
1771 5274 1876 5326 illic

283 5359 588 5416 mercedem
635 5357 859 5427 accipiet
893 5373 904 5408 :
939 5363 1251 5427 quantotpie
1278 5351 1401 5427 _hie_
1425 5347 1650 5427 amplius
1711 5347 1875 5426 Deum

280 5434 511 5490 amavit.
539 5438 683 5484 ltll’lltl
704 5417 921 5501 propius
951 5417 1068 5480 eum
1119 5417 1331 5501 videbit.
1367 5417 1877 5501 Benedieam‘us‘igi-

281 5486 369 5557 tur
403 5486 681 5556 Dominum
705 5486 881 5554 'Dctim
932 5507 1198 5570 nostrum,
1245 5492 1433 5570 fratres
1454 5532 1467 5555 ,
1494 5489 1596 5570 qui
1627 5486 1690 5540 ad
1715 5487 1881 5570 "lacti-

283 5577 412 5629 tiam
443 5573 769 5643 Spiritualem
793 5568 1130 5640 congregavit
1153 5581 1269 5618 nos.
1297 5563 1475 5616 Simus
1505 5561 1553 5612 in
1584 5558 1880 5611 humilitate

1982 4850 2160 4904 cordis
2190 4863 2400 4918 semper
2425 4893 2435 4908 .
2460 4857 2511 4902 et
2537 4848 2784 4917 gaudium
2817 4856 3054 4918 nostrum
3093 4858 3261 4918 penes
3277 4841 3447 4910 ipsum
3479 4842 3568 4918 sit:

1982 4921 2094 4975 Non
2119 4921 2183 4975 de
2215 4911 2566 4990 prii-puritate
2591 4920 2763 4986 aliqua
2790 4917 2942 4983 hujus
2970 4911 3145 4967 szeculi
3178 4911 3573 4990 inflentttr;_sed

1983 4983 2290 5046 noverimus
2315 4983 2618 5044 felicitatem
2649 4983 2880 5041 nostram
2914 5001 3016 5039 nou
3049 5000 3166 5037 esse
3198 4984 3295 5038 nisi
3327 4999 3444 5037 cmn
3471 4983 3569 5036 ista

1985 5065 2308 5116 transierint.
2339 5063 2492 5116 Modo
2521 5061 2768 5128 gaudium
2816 5066 3054 5112 nostrum
3081 5098 3095 5120 ,
3127 5054 3347 5128 fratres,
3381 5054 3430 5106 iu
3479 5068 3573 5128 spe

1984 5134 2156 5188 futura
2189 5137 2294 5196 sit,
2331 5143 2494 5185 totum
2525 5124 2849 5184 desiderium
2880 5128 2982 5180 vita
3027 5138 3222 5179 :rterua
3260 5127 3358 5186 sit,
3393 5124 3568 5196 oiunia

1983 5207 2207 5274 SUSpiria
2239 5195 2412 5257 nostra
2446 5202 2658 5274 Christo
2675 5200 2942 5274 anhelent.
2974 5198 3073 5274 Ille_
3113 5212 3249 5250 unus
3278 5195 3574 5274 pt_tlcbi_~rri-

1985 5265 2130 5338 mus,
2160 5278 2248 5344 qui
2279 5275 2447 5328 f-edos
2473 5272 2655 5326 dilexit
2682 5280 2738 5324 ut
2767 5269 3029 5344 pulchros
3048 5265 3285 5344 faceret,
3306 5265 3574 5344 desideres

1987 5358 2100 5400 tur:
2131 5339 2196 5401 ad
2259 5349 2400 5400 illmu
2443 5361 2604 5398 Unum
2655 5351 2930 5403 curratur,
2962 5341 3031 5394 illi
3086 5339 3495 5409 ingemiscatur;
3531 5343 3575 5388 et

1985 5421 2153 5472 ditant
2183 5434 2404 5478 νίψον,
2441 5414 2794 5484 Magni/iactor
2831 5412 3077 5466 Dominus
3100 5452 3114 5480 ,
3145 5413 3228 5480 qui
3272 5411 3442 5462 uolunt
3483 5425 3575 5476 pa-

1988 5507 2090 5544 cem
2115 5489 2239 5543 serri
2269 5492 2374 5556 ejus
2403 5486 2572 5556 (Psal.
2600 5500 2778 5550 xxxtv,
2808 5485 2928 5555 27).

346 5708 424 5776 (li)
447 5709 630 5760 Omissa
645 5712 822 5771 repete
847 5717 908 5754 ex
935 5699 1067 5766 Eligit
1091 5706 1294 5751 tractatu
1315 5697 1380 5748 de
1403 5692 1702 5746 Rectitudine
1724 5688 1974 5742 maleﬁca;
1991 5694 2388 5738 conversationis.
