4100 6344
1471 262 1495 299 ι

627 342 770 397 1215

2074 341 2421 400 APPENDIX
2797 372 2805 380 ο
3330 366 3339 409 ἠ

644 478 3885 519 Μ

3754 364 3898 426 1210

1608 554 1876 618 SERMO
1915 554 2022 616 DE
2063 553 2536 621 CONTEMPTU
2573 561 2827 630 MUNDI
2855 569 2898 644 ί,

1886 682 2158 740 INCERTI
2194 681 2550 744 AUCTOBIS.

682 803 912 862 CAPUT
961 802 1243 861 PRIMUM.
1307 801 1555 857 Mandata
1616 801 1719 855 alia
1768 801 2041 871 specialia,
2091 800 2197 855 alia

612 878 919 930 communia.
984 877 1207 941 Audite,
1258 873 1449 929 fratres
1491 872 1821 941 charissimi,
1863 872 2196 928 salutiferam

611 946 785 1001 Patris
811 947 975 1002 nostri
1004 948 1294 1001 doctrinam
1315 986 1330 1010 ,
1353 946 1444 1014 qui
1471 959 1575 999 non
1598 953 1862 999 terrenam
1881 986 1897 1011 ,
1922 943 2014 998 sed
2035 951 2194 998 atter-

611 1033 734 1071 nam
777 1018 1148 1087 concupiscitis
1191 1016 1593 1081 luereditatem;
1624 1015 1715 1085 qui
1742 1030 1847 1070 non
1888 1016 2048 1087 vultis
2075 1030 2194 1069 sor-

608 1096 715 1142 tem
742 1086 980 1157 accipere
1013 1089 1064 1143 in
1097 1097 1237 1143 terra
1256 1087 1591 1142 morientium
1608 1127 1622 1151 ,
1649 1087 1739 1141 sed
1767 1102 1886 1141 cum
1913 1086 2192 1141 Psalmista

607 1159 918 1223 decantare,
950 1158 1126 1213 Portio
1166 1176 1275 1212 mea
1301 1160 1351 1212 in
1393 1168 1526 1214 terra
1554 1158 1819 1212 viventium
1848 1157 2019 1227 (Psal.
2045 1173 2188 1223 cm,

606 1230 685 1297 (3);
714 1231 799 1302 qui
818 1229 1101 1302 Egyptum
1144 1231 1433 1302 reliquistis
1452 1271 1467 1296 ,
1497 1239 1552 1302 et
1574 1229 1661 1302 ad
1688 1229 2069 1302 promissionis
2083 1237 2191 1302 ter-

606 1316 719 1371 ram
748 1300 1024 1355 festinatis.
1055 1301 1246 1356 Audite
1268 1302 1470 1371 itaque,
1500 1300 1757 1355 habentes
1778 1315 1933 1355 aures
1973 1300 2185 1355 audien-

602 1369 689 1433 di,
722 1371 863 1439 pium
887 1382 1088 1441 patrem
1133 1371 1197 1426 ad
1244 1369 1605 1427 haereditatem
1653 1372 1912 1426 etelorum
1951 1386 2050 1426 nos
2086 1387 2186 1427 vo-

541 1466 558 1487 μ
601 1451 848 1504 cantem,
873 1453 925 1495 et
964 1443 1247 1509 dicentem,
1302 1442 1497 1510 Venite,
1530 1442 1625 1511 ﬁlii
1648 1484 1663 1508 ,
1692 1443 1865 1497 audite
1909 1460 2020 1508 me,
2048 1444 2189 1499 timo-

599 1528 705 1583 rem
736 1511 940 1583 Domini
964 1515 1147 1568 docebo
1181 1531 1283 1567 vos.
1311 1513 1433 1578 Quis
1468 1524 1538 1568 est
1580 1514 1727 1566 homo
1755 1514 1841 1583 qui
1885 1513 1991 1567 vult
2031 1515 2185 1568 vitam

601 1581 773 1655 (I’sal.
802 1600 988 1649 χχχιιι,
1014 1584 1081 1637 12
1107 1594 1153 1638 et
1172 1583 1287 1655 i5)?
1302 1584 1430 1650 Quis
1456 1600 1516 1640 es
1541 1581 1806 1655 quivitam
1828 1586 1907 1639 vis
1938 1586 2183 1655 ingredi?

598 1651 759 1706 Serva
790 1655 1032 1709 mandata
1057 1656 1173 1710 Dei.
1216 1651 1448 1711 Ouorutn
1496 1651 1879 1709 mandatorum
1906 1651 2019 1709 alia'
2050 1665 2174 1711 sunt

598 1725 843 1791 Specialia
867 1768 880 1790 ,
911 1727 1011 1780 alia
1059 1742 1186 1781 vero
1234 1727 1555 1781 communia.
1588 1727 1846 1796 Specialia
1891 1735 2015 1781 sunt
2054 1743 2179 1796 pro-

596 1796 711 1862 prie
737 1798 1110 1852 canonicorum
1143 1799 1253 1852 sive
1273 1800 1584 1852 clericorum
1610 1839 1625 1864 ,
1655 1806 1709 1852 et
1757 1798 2136 1853 monachorum
2159 1816 2174 1863 ;

594 1868 897 1939 communia
941 1869 1177 1922 omnium
1236 1868 1652 1923 Catholicorum.
1707 1868 1968 1939 Specialia
2019 1870 2178 1939 igitur

593 1946 716 2011 sunt
741 1937 854 2011 hcce
883 1956 895 1990 :
930 1939 990 1993 Si
1018 1940 1089 1993 vis
1111 1944 1356 2011 perfectas
1378 1957 1483 1994 esse
1506 1979 1522 2005 ,
1555 1940 1711 1994 vende
1740 1937 1909 1993 omnia
1934 1937 2057 2011 qua!
2078 1942 2174 1993 Ita-

596 2006 697 2081 bes,
719 2009 851 2081 etda
872 2006 1266 2080 pauperibus,'et
1289 2028 1495 2081 sequere
1509 2027 1607 2064 me.
1633 2011 1701 2065 Et
1724 2011 1916 2065 iterum
1949 2030 1959 2064 :
1998 2010 2174 2066 Omnis

590 2078 678 2148 qui
702 2078 1238 2149 reliquerit'domum,
1286 2078 1370 2135 aut
1407 2099 1619 2152 agrum,
1668 2093 1755 2136 aut
1807 2093 2032 2152 patrem,
2082 2090 2174 2137 aut

590 2158 801 2204 matrem
823 2192 839 2217 ,
870 2161 957 2205 aut
984 2155 1174 2224 fratres
1190 2194 1205 2218 ,
1229 2163 1316 2206 aut
1345 2169 1541 2207 sorores
1561 2194 1574 2217 ,
1599 2162 1688 2205 aut
1716 2154 1851 2220 filios
1877 2197 1890 2220 ,
1911 2164 1996 2207 aut
2020 2171 2171 2224 agros

596 2232 803 2295 propter
814 2238 909 2295 ine
926 2222 1258 2295 ,_centuplum
1276 2224 1483 2295 accipiet
1509 2266 1523 2291 ,
1551 2234 1596 2277 et
1621 2224 1770 2277 vitam
1791 2234 2028 2279 wternam
2054 2222 2169 2295 pose

586 2291 782 2345 sidebit.
814 2292 883 2347 Et
905 2293 973 2347 ad
994 2291 1280 2362 discipulos
1310 2311 1323 2346 :
1364 2294 1463 2347 Vos
1493 2295 1578 2362 qui
1615 2295 1771 2349 secuti
1804 2297 1920 2350 estis
1948 2291 2063 2362 me,
2110 2297 2163 2349 in

586 2364 959 2435 regeneratione
979 2381 1093 2435 cum
1121 2366 1301 2418 sederit
1336 2364 1499 2419 Filius
1523 2365 1739 2418 hominis
1780 2367 1835 2419 in
1862 2366 1978 2420 sede
2010 2368 2162 2435 maje-

585 2433 729 2485 sta'tis
751 2449 858 2506 sum
874 2474 888 2498 ,
910 2434 1148 2506 sedebitis
1162 2444 1207 2487 et
1235 2450 1321 2506 vos
1346 2436 1662 2506 supersedes
1700 2436 1963 2490 duodecim
1986 2478 2000 2502 ,
2020 2433 2169 2506 judi-

584 2511 751 2577 cgntes
783 2503 1044 2577 duodecim
1066 2505 1223 2558 tribus
1243 2502 1416 2558 Israel
1437 2504 1652 2577 (Matth.
1678 2522 1788 2577 xix,
1814 2506 1905 2571 21,
1924 2502 2162 2577 ἓ9ί28).

583 2570 710 2627 Haec
740 2575 943 2646 itaque,
975 2573 1164 2647 fratres
1183 2617 1197 2642 ,
1221 2584 1421 2647 quanto
1442 2570 1756 2645 Singularia,
1776 2570 1927 2632 tanto
1961 2570 2148 2647 praeci-

583 2658 692 2728 ι)υέ
703 2661 723 2728 ξ
743 2655 958 2728 quamq
969 2646 1213 2728 acriora,
1238 2654 1382 2728 tanto
1402 2646 1511 2701 Deo
1530 2648 1777 2728 gratiora.

652 2713 887 2789 CAPUT
916 2717 979 2771 ΙΙ.
1031 2717 1213 2771 Clerici
1255 2718 1329 2771 nil
1368 2713 1635 2787 proprium
1672 2718 1977 2789 possideant.
2026 2718 2162 2774 Dicit

582 2783 775 2841 iterum
806 2788 1046 2842 Salvator
1066 2795 1247 2842 noster
1274 2783 1411 2842 inter
1438 2783 1629 2842 caetera
1652 2783 1682 2855 ,’
1697 2788 1797 2855 Qui
1850 2807 1949 2843 non
1979 2806 2162 2844 renun-

578 2857 782 2930 tiaverit
797 2860 1023 2930 omnibus
1043 2876 1156 2930 qua:
1174 2859 1421 2930 possidet,
1432 2876 1531 2930 non
1545 2868 1703 2929 potest
1724 2877 1861 2913 meus
1884 2877 1989 2914 esse
2014 2862 2160 2915 disci-

579 2927 732 3009 pulus
763 2927 914 3001 (Luc.
942 2927 1189 3011 _xw,;.'55).
1241 2930 1343 3011 Qui
1393 2927 1553 3011 divit,
1581 2931 1833 3011 omnibus,
1864 2930 1997 3011 nihil
2042 2947 2160 3011 pro-

530 3016 534 3021 ’
578 2998 833 3067 ριίιιιιιιι
875 3002 986 3056 suis
1034 2998 1305 3070 discipulis
1338 3001 1595 3069 possideri
1640 3002 1828 3057 voluit.
1858 3002 1956 3069 Qui
2005 2998 2159 3071 quid-

574 3084 732 3138 quam
765 3072 998 3140 possidet
1022 3072 1074 3126 in
1105 3080 1265 3139 terra,
1295 3080 1530 3127 remotus
1574 3079 1655 3127 est
1695 3088 1725 3125 a
1772 3072 1966 3127 Christi
1988 3072 2158 3128 disci-

577 3139 735 3206 plina.
764 3142 865 3211 Qui
892 3151 1067 3197 autem
1097 3158 1201 3196 non
1231 3142 1614 3212 estdiscipulus
1632 3142 1854 3209 Christi,
1888 3146 2156 3213 quomodo

574 3214 849 3282 przesumit
878 3214 977 3268 sibi
1006 3213 1197 3283 ligandi
1225 3222 1382 3283 atque
1416 3214 1655 3267 solvendi
1696 3216 2044 3283 potestatem?
2070 3216 2157 3271 ln.

575 3283 805 3351 tendite,
842 3283 1030 3339 fratres
1056 3325 1072 3351 ,
1118 3284 1277 3339 verba
1326 3284 1593 3351 Evangelii
1640 3284 1895 3349 dicentis,
1938 3284 2156 3341 Intravit

571 3350 927 3427 Jesusqianuis
952 3350 1138 3427 clausis
1179 3355 1246 3408 ad
1288 3350 1561 3424 discipulos
1585 3397 1598 3421 ,
1642 3364 1685 3409 et
1731 3357 1987 3427 insuﬁlans
2027 3358 2155 3412 dixit

572 3424 676 3487 eis,
717 3424 939 3494 Accipite
985 3426 1233 3494 Spiritum
1288 3436 1517 3480 sanctum
1552 3442 1571 3480 :
1613 3442 1824 3495 quorum
1845 3424 2155 3485 "remiseritis

570 3506 808 3564 peccata,
840 3497 1159 3551 remittuntur
1177 3498 1283 3561 eis;
1309 3507 1355 3550 et
1376 3513 1585 3566 quorum
1613 3498 1933 3562 retinueritis,
1962 3509 2153 3554 retenta

569 3575 686 3639 sunt
715 3566 893 3636 (loan.
926 3584 1020 3633 xx,
1046 3567 1137 3631 2'2,
1159 3566 1272 3638 25).
1308 3567 1572 3639 Numquid
1612 3568 1685 3623 illi
1718 3569 1981 3623 habebant
2022 3586 2149 3639 pro-

569 3637 741 3709 prium
770 3680 784 3704 ,
813 3639 1002 3709 quibus
1042 3639 1289 3709 Magister
1325 3637 1617 3705 indixerat,
1654 3639 1803 3693 Nihil
1849 3637 2061 3694 tuleritis
2097 3643 2151 3697 in

568 3707 647 3781 via
670 3707 915 3781 (Lucftx,
937 3711 991 3781 5)
1025 3726 1038 3761 :
1066 3707 1147 3763 de
1174 3710 1366 3780 quibus
1393 3709 1561 3763 Lucas
1602 3711 1921 3775 evangelista
1963 3711 2148 3780 refert,

569 3775 732 3852 Erant
752 3781 828 3852 eis
849 3775 1016 3833 ontnia
1042 3775 1326 3852 communia
1355 3781 1491 3852 (Act.
1516 3796 1587 3846 tv,
1619 3781 1688 3835 52
1708 3781 1768 3851 )?
1799 3782 1983 3836 Videte
2023 3775 2150 3852 quid

568 3848 757 3905 Petrus
782 3851 972 3906 dixerit
999 3851 1063 3905 ad
1093 3850 1271 3922 Jesum
1296 3892 1311 3918 ,
1342 3849 1471 3904 Ecce
1491 3868 1581 3904 nos
1625 3848 1916 3922 reliquimus
1955 3848 2145 3922 omnia,

573 3929 620 3973 et
648 3922 997 3995 secutisnmus
1015 3921 1287 3995 te(Matth.
1320 3938 1431 3988 XIX,
1460 3922 1575 3990 27).
1598 3921 1890 3995 Quiomnia
1921 3921 2149 3995 relique-

567 4000 721 4057 rant,
754 3993 883 4046 nihil
926 3994 1023 4048 sibi
1067 3994 1274 4064 penitus
1303 3994 1648 4048 retinuerant.
1682 3994 1833 4049 Unde
1877 4011 2002 4064 ergo
2038 3993 2147 4051 _sibi

567 4074 815 4131 arrogant
859 4064 1054 4133 ligandi
1094 4074 1251 4133 atque
1291 4064 1530 4135 solvendi
1573 4074 1919 4132 potestatem,
1957 4067 2045 4135 qui
2094 4069 2147 4121 in

568 4138 709 4203 terra
743 4145 1065 4201 prresumunt
1096 4135 1366 4203 possidere
1388 4134 1686 4188 facultatem
1704 4136 1725 4187 ἶ)
1742 4134 2017 4202 Quomodo
2042 4152 2146 4193 non

567 4201 887 4274 erubescunt
915 4201 1112 4267 dicere,
1131 4203 1377 4257 Dominus
1407 4220 1524 4271 pars
1550 4201 1855 4257 hereditatis
1882 4223 2003 4260 mea:
2026 4206 2143 4274 (Ps.

566 4286 656 4336 xv,
690 4274 744 4342 5)
766 4273 789 4326 ?
811 4273 909 4328 Ubi
928 4284 1009 4328 est
1029 4274 1155 4327 illud
1172 4276 1541 4342 apostolicum,
1569 4274 1696 4338 Qua:
1715 4277 1971 4329 conventio
1992 4273 2143 4331 Chri-

567 4343 631 4395 sti
658 4345 725 4397 ad
755 4343 919 4399 Belial
949 4344 1014 4412 (ll
1041 4344 1157 4399 Cor.
1182 4360 1257 4408 v1,
1283 4345 1406 4415 ιδῃ
1438 4345 1535 4412 Qui
1578 4354 1816 4400 terrenas
1847 4350 2144 4415 possessio-

568 4416 980 4487 nesreliuquere
1003 4416 1190 4470 nolunt
1214 4457 1227 4477 ,
1252 4431 1345 4471 cur
1374 4425 1589 4487 peccata
1616 4416 1793 4487 populi
1813 4418 2096 4474 comedunt
2120 4422 2143 4475 ?

566 4483 621 4538 Si
651 4483 884 4541 decimas
913 4502 1032 4541 eum
1065 4487 1186 4542 filiis
1208 4487 1333 4542 Levi
1360 4483 1632 4559 accipiunf
1645 4529 1659 4554 ,
1689 4483 1959 4559 quomodo
2006 4490 2145 4546 inter

565 4567 786 4634 eteteras
814 4559 979 4613 tribus
1002 4566 1203 4634 partem
1235 4558 1533 4634 accipienti
1561 4558 1617 4614 Si
1657 4562 1886 4634 nominis
1913 4561 1994 4634 sui
2023 4572 2143 4634 ety-

564 4628 857 4702 mologiam
894 4629 1204 4702 attendunt,
1238 4645 1332 4683 cur
1361 4629 1605 4702 clericia
1639 4642 1781 4684 sorte
1810 4631 1935 4685 dicti
1979 4628 2103 4688 sunt
2124 4675 2140 4702 ,

562 4699 662 4753 nisi
691 4701 809 4769 quia
841 4701 1090 4754 Dominus
1121 4715 1303 4756 eorum
1326 4716 1442 4755 sors
1479 4701 1563 4754 vel
1594 4700 1873 4756 luereditas
1894 4704 2001 4757 sit?

633 4770 857 4827 CAPUT
896 4770 981 4825 Ill.
1024 4771 1125 4826 Cur
1145 4770 1411 4825 radantur.
1446 4772 1724 4840 Sapientia:
1751 4775 1889 4828 sedes
1925 4776 1975 4827 in
2002 4790 2141 4829 cere-

562 4840 670 4894 bro.
725 4842 837 4896 Cur
863 4842 1053 4897 saltem
1079 4843 1356 4898 clericatus
1386 4842 1464 4895 sui
1497 4843 1645 4909 signa
1666 4885 1681 4909 ,
1713 4845 1905 4912 quibus
1936 4862 1963 4898 a
1994 4846 2140 4901 laicis

560 4913 962 4979 discernuntur,
988 4929 1091 4967 non
1123 4911 1491 4983 perpeudunt?
1529 4912 1642 4966 Non
1672 4911 1814 4967 enim
1845 4915 1962 4971 sine
1981 4931 2141 4972 causa

560 4984 729 5056 capita
780 5000 964 5039 eorum
1006 4984 1263 5040 raduntur
1306 4993 1357 5038 et
1404 4984 1716 5056 tondentur,
1747 4985 1839 5040 sed
1872 4987 2140 5056 perspica-

559 5055 769 5109 cissima
798 5066 851 5109 et
874 5056 1265 5111 evidentissima
1292 5056 1513 5110 ratione.
1548 5055 1679 5109 Nam
1718 5056 1797 5110 his
1836 5055 2004 5126 signis
2051 5074 2141 5113 se-

557 5136 847 5180 cernuntur
875 5144 902 5180 a
946 5128 1195 5181 laicorum
1227 5129 1648 5181 conversatione.
1680 5127 1833 5195 Quod
1879 5138 1934 5182 ut
1960 5130 2140 5186 multis

556 5196 665 5269 Deo
698 5198 1014 5269 propitiante
1041 5199 1279 5269 proficiat
1303 5240 1318 5263 ,
1341 5197 1684 5253 admonitioni
1719 5200 2008 5255 utilissimm
2037 5200 2139 5254 du-

554 5268 728 5322 ximus
750 5268 1006 5324 inserere.
1037 5268 1326 5324 Didicimus
1356 5270 1641 5325 multorum
1671 5270 1882 5325 Patrum
1908 5272 2138 5325 auctori-

557 5347 663 5393 tate
681 5381 695 5400 .
716 5341 991 5395 cerebrum
1021 5355 1141 5395 esse
1165 5341 1347 5396 sedem
1369 5343 1669 5409 sapieutite;
1690 5341 1957 5397 Christum
1980 5358 2129 5407 vero,

556 5409 719 5482 Paulo
765 5422 1078 5479 attestaute,
1112 5413 1203 5467 Dei
1256 5413 1511 5467 Virtutem
1558 5422 1610 5467 et
1655 5413 1976 5482 Sapientiam
2019 5426 2138 5467 esse

555 5478 599 5549 (l
623 5480 739 5555 Cor.
770 5500 808 5547 ι,
837 5485 951 5552 24).
1002 5483 1133 5539 Cum
1172 5486 1348 5555 itaque
1392 5484 1663 5538 cerebrum
1709 5478 1778 5535 sit
1824 5484 1879 5555 iu
1923 5482 2131 5555 capite,

555 5554 811 5626 sapientia
838 5572 965 5611 vero
986 5556 1136 5626 juxta
1166 5553 1378 5610 Patrum
1408 5555 1773 5626 auctoritatem
1817 5554 1875 5626 in
1914 5553 2138 5626 cerebro

554 5621 746 5677 habeat
801 5621 1016 5693 sedem',
1043 5636 1098 5682 et
1141 5628 1218 5680 sic
1262 5641 1357 5695 per
1408 5624 1717 5691 sapientiam
1765 5625 1863 5680 sibi
1911 5624 2135 5680 infusam

552 5705 740 5749 cuncta
774 5699 1010 5768 membra
1043 5705 1335 5766 regantttra
1361 5696 1553 5765 capite,
1572 5697 1709 5764 quod
1736 5712 1835 5768 per
1859 5698 2136 5753 cerebrum

551 5774 635 5821 est
658 5808 674 5835 ,
702 5767 841 5838 quod
867 5776 948 5822 est
973 5768 1128 5825 sedes
1153 5768 1463 5838 sapientiae:
1493 5768 1571 5824 sic
1593 5768 1730 5825 inter
1744 5767 1850 5826 nos
1876 5778 1931 5826 et
1958 5783 2139 5825 veram

614 5903 635 5937 ⁸
669 5902 856 5957 Addunt
885 5910 1013 5968 Μῦες,
1034 5900 1339 5957 adClericos.

2302 811 2646 901 gapientiam,
2674 833 2792 901 quae
2815 860 2830 884 ,
2859 827 2917 875 ut
2943 819 3199 889 diximus,
3223 822 3467 901 Christus
3484 835 3587 901 est,
3613 832 3706 901 qui
3734 831 3887 889 etiam

2296 886 2447 973 justo
2479 886 2975 973 Apostolumcaput
3006 886 3244 973 nostrum
3270 907 3351 973 est
3384 896 3540 973 (dixit
3575 886 3723 956 edim
3748 886 3889 964 ,Cll:

2302 963 2391 1036 put
2414 958 2639 1015 mulieris
2663 971 2735 1014 est
2753 964 2829 1016 vir
2846 1006 2858 1025 ,
2884 958 3042 1036 caput
3056 982 3170 1020 vero
3189 968 3282 1021 viri
3302 978 3373 1022 est
3391 958 3642 1026 ‘Cltristus
3661 1014 3678 1036 ,
3707 958 3889 1029 Christi

2299 1034 2465 1111 autem
2491 1043 2641 1111 caput
2665 1043 2737 1088 est
2762 1035 2909 1111 (Deus
2933 1034 2951 1107 [
2975 1037 2992 1090 l
3021 1036 3140 1093 Cor.
3164 1055 3238 1101 ιι,
3266 1038 3376 1111 3])
3402 1057 3415 1092 :
3445 1050 3500 1096 ut
3542 1034 3884 1103 ostendamus

2299 1097 2501 1186 pullum
2533 1097 2867 1186 obstaculum
2898 1097 3177 1186 interesse,
3199 1097 3338 1186 pilos
3362 1097 3418 1186 in
3437 1128 3500 1186 ea
3521 1097 3883 1186 parteeapitis

2297 1173 2598 1257 incidimus,
2620 1180 2671 1234 in
2700 1197 2803 1257 qua
2833 1194 3023 1235 novam
3054 1173 3389 1257 sapientiam,
3408 1184 3458 1237 id
3484 1173 3568 1239 est
3592 1173 3878 1257 Christ'um,

2296 1246 2471 1303 inesse
2505 1246 2922 1333 cognoscimus}.
2947 1246 3171 1333 perime
3206 1246 3494 1323 signantes,
3544 1259 3741 1333 malam
3775 1246 3913 1333 ter;

2294 1334 2541 1375 renarum
2590 1338 2766 1378 rerum
2808 1324 3217 1379 sollicitudinem
3250 1336 3444 1379 nostra:
3474 1330 3673 1384 mentis
3702 1334 3876 1387 oeulos

2292 1391 2357 1444 ad
2402 1392 2563 1467 Deum
2622 1395 3085 1467 contemplandum
3137 1396 3411 1460 impedire.
3471 1396 3687 1454 Scimus
3740 1405 3874 1458 enim

2290 1462 2432 1537 quod
2473 1465 2695 1536 quisque
2722 1462 2920 1535 quanto
2969 1467 3134 1535 magis
3173 1469 3400 1520 terrenis
3442 1473 3875 1537 occupationibus

2290 1533 2629 1602 implicatur,
2662 1533 2809 1591 tanto
2837 1538 3004 1605 magis
3028 1533 3169 1591 a‘sui
3197 1538 3501 1594 Conditoris
3540 1533 3748 1597 visione
3775 1545 3873 1598 im-

2287 1607 2701 1682 peditur._Uude
2731 1610 3015 1682 Apostolus
3043 1608 3249 1682 :__Nemo
3271 1611 3492 1682 militans
3520 1612 3627 1665 Deo
3649 1616 3870 1682 implicat

2284 1692 2337 1729 se
2364 1680 2573 1747 negotiis
2591 1681 2949 1749 satcularibus(
2975 1680 3013 1733 ll
3042 1680 3171 1732 Tim.
3210 1697 3266 1743 It,
3296 1682 3372 1740 Δ).
3423 1681 3551 1737 Item
3584 1700 3597 1735 :
3633 1680 3736 1751 Qui
3772 1688 3871 1741 sine

2284 1764 2441 1824 umore
2463 1762 2569 1816 est,
2594 1752 2776 1824 cogitat
2802 1767 2912 1821 qua:
2956 1762 3073 1824 sunt
3096 1752 3189 1824 Dei
3211 1752 3228 1819 (
3254 1752 3273 1805 l
3301 1751 3417 1804 Cor.
3450 1769 3543 1816 vn,
3570 1755 3640 1807 52
3659 1758 3701 1824 ).
3745 1757 3869 1813 llinc

2281 1818 2487 1896 illoyses
2514 1824 2591 1896 ait
2624 1818 2851 1876 :VLevita:
2879 1823 3061 1896 radunt
3084 1818 3401 1896 piloscarnis
3426 1841 3529 1878 sua!
3546 1818 3736 1896 (Num.
3757 1845 3863 1893 vttt,

2283 1890 2374 1969 :7).
2401 1892 2978 1969 Devitainterpretatur
3006 1890 3611 1969 Assumptus_._Quisquis
3642 1890 3865 1969 namque

2279 1961 2331 2015 in
2364 1962 2551 2018 olliciis
2570 1965 2763 2020 divinis
2792 1974 3096 2034 assumptus
3123 1961 3249 2031 'cst,
3286 1966 3418 2032 pilos
3460 1961 3671 2032 carnis,
3703 1970 3755 2023 id
3786 1961 3866 2026 est

2278 2036 2575 2110 superfluas
2595 2037 2939 2110 cogitationes
2967 2037 3182 2110 cordis,
3223 2036 3425 2110 radere
3472 2038 3652 2093 debet.
3701 2042 3863 2110 Caput

2278 2105 2436 2174 igitur
2474 2105 2693 2171 radere,
2726 2107 2985 2176 significat
3021 2108 3368 2177 cogitationes
3408 2118 3649 2165 terrenas
3677 2122 3733 2165 et
3774 2105 3859 2168 su-

2276 2179 2505 2245 perlluas
2534 2195 2563 2233 a
2609 2188 2787 2252 mente
2816 2193 3079 2233 resecare.
3100 2178 3229 2252 (Nec
3274 2180 3567 2248 incongrue
3605 2198 3703 2251 per
3730 2184 3860 2252 pilos

2275 2260 2327 2303 et
2357 2253 2577 2319 capillos
2599 2250 2961 2319 signiﬁcantur
2997 2250 3345 2320 cogitationes
3381 2250 3690 2320 superﬂuae.
3718 2250 3861 2312 Sicut

2273 2323 2414 2395 enim
2442 2326 2531 2392 pili
2562 2338 2665 2377 non
2695 2331 2816 2376 sunt
2844 2336 2963 2389 pars
2984 2322 3239 2395 Corporis.
3276 2322 3369 2377 sed
3398 2324 3642 2393 qumdam
3674 2340 3858 2395 super-

2271 2392 2445 2449 ﬂuitas
2477 2396 2767 2465 procedens
2804 2407 2868 2447 ex
2892 2393 3134 2462 corporis
3160 2392 3382 2447 humore
3414 2392 3427 2447 ἑ
3455 2395 3533 2449 sic
3558 2395 3697 2450 bona
3729 2392 3859 2462 tem-

2271 2464 2602 2538 poralia’non
2632 2475 2754 2521 sunt
2782 2466 2937 2538 nobis
2964 2464 3244 2538 naturalia,
3265 2466 3357 2518 sed
3383 2466 3553 2538 aliena
3585 2477 3639 2521 et
3664 2484 3853 2538 super-

2270 2536 2394 2591 ﬂua.
2448 2538 2581 2591 Ilinc
2610 2539 2786 2606 itaque
2813 2535 2998 2591 fideles
3026 2534 3221 2590 Christi
3242 2578 3256 2601 ,
3288 2538 3376 2605 qui
3406 2537 3471 2589 ad
3495 2534 3751 2595 aeternam
3775 2543 3854 2596 vi-

2268 2616 2375 2661 tam
2424 2608 2726 2663 medullitus
2776 2607 3077 2677 suSpirant,
3132 2607 3217 2675 qui
3264 2607 3519 2661 mundum
3572 2626 3695 2664 cum
3748 2615 3852 2668 suis

2266 2678 2711 2735 oblectationibus
2753 2680 2852 2733 sub
2887 2679 3108 2748 pedibus
3137 2679 3480 2745 conculcant,
3509 2681 3598 2749 qui
3628 2683 3682 2735 in
3714 2694 3851 2739 terra

2265 2750 2397 2803 nihil
2421 2751 2693 2821 possidere
2712 2752 2896 2805 volunt
2915 2793 2929 2813 ,
2949 2751 3042 2805 sed
3068 2765 3189 2821 cum
3209 2752 3463 2814 Apostolo
3492 2752 3677 2807 dicunt
3700 2796 3715 2818 ,
3751 2754 3852 2808 Νο-

2263 2829 2369 2895 stra
2394 2823 2704 2895 conversatio
2736 2823 2789 2875 in
2820 2823 3055 2895 caelisest
3096 2821 3114 2891 (
3140 2820 3372 2895 Philipp.
3403 2838 3478 2895 ut,
3509 2822 3579 2876 20
3603 2823 3622 2894 )
3643 2866 3657 2887 ,
3689 2826 3850 2895 capil-

2264 2890 2439 2948 lorum
2468 2894 2739 2948 minimam
2769 2902 2974 2964 partem
3004 2894 3057 2965 in
3086 2890 3350 2961 Capitibus
3378 2890 3644 2962 retinent,
3676 2906 3733 2950 ut
3757 2890 3849 2965 per

2263 2978 2447 3019 eorum
2498 2965 2835 3019 abrasionem
2892 2979 2950 3019 se
2982 2964 3255 3017 minimam
3286 2972 3623 3019 terrenorum
3652 2968 3851 3023 sollici-

2263 3036 2497 3092 tudinem
2538 3036 2735 3092 habere
2778 3036 3075 3105 designent.
3122 3035 3456 3104 Quapropter
3495 3038 3653 3091 etiam
3703 3039 3845 3095 illam

2261 3108 2537 3163 minimam
2563 3109 2872 3177 particulam
2904 3106 3217 3177 capillorum
3263 3107 3533 3170 retinent,
3565 3109 3689 3177 quia
3719 3110 3843 3165 dum

2260 3178 2314 3232 in
2338 3181 2440 3235 hoe
2469 3180 2667 3235 mundo
2703 3189 2850 3242 sunt,
2880 3194 2911 3231 a
2939 3179 3162 3232 terrenis
3186 3178 3590 3247 cogitationibus
3628 3181 3846 3238 omnino

2260 3253 2412 3305 vacui
2441 3266 2560 3306 esse
2596 3267 2699 3305 non
2740 3258 2982 3322 possunt.
3024 3250 3273 3322 Quisquis
3314 3249 3470 3318 igitur
3493 3250 3736 3322 elericus
3778 3253 3843 3307 ad

2260 3332 2459 3377 sortem
2494 3322 2702 3377 Domini
2735 3320 2953 3376 vocatus
2974 3363 2987 3385 ,
3017 3321 3103 3393 qui
3133 3336 3341 3393 comam
3366 3320 3562 3393 nutrit,
3597 3331 3652 3377 et
3679 3325 3844 3393 capil-

2260 3393 2341 3449 los
2367 3395 2557 3449 radere
2581 3395 2666 3449 vel
2702 3394 2925 3448 tondere
2957 3392 3257 3455 erubescit,
3289 3392 3526 3460 profecto
3551 3408 3611 3447 se
3641 3392 3759 3449 non
3777 3396 3842 3451 de

2258 3465 2384 3533 Dei,
2414 3467 2507 3522 sed
2533 3464 2599 3520 de
2623 3465 2805 3520 mundi
2831 3473 2974 3518 sorte
3015 3477 3134 3517 esse
3176 3470 3417 3517 testatur.
3450 3462 3660 3529 Quanto
3700 3467 3839 3521 enim

2257 3538 2482 3609 quisque
2518 3537 2694 3593 carnis
2736 3536 2914 3591 crines
2942 3533 3145 3609 diligit,
3175 3533 3421 3609 fovetAet
3460 3535 3663 3601 nutrit,
3696 3547 3839 3591 tanto

2232 3604 2349 3662 eor
2372 3604 2524 3664 suum
2553 3623 2658 3663 non
2685 3608 2736 3662 in
2769 3610 2935 3671 caelis,
2960 3604 3052 3660 sed
3086 3608 3136 3661 in
3160 3616 3299 3660 terra
3328 3604 3487 3659 fixum
3512 3620 3635 3662 esse
3664 3619 3839 3663 osten-

2256 3679 2332 3734 dit
2359 3696 2373 3732 :
2403 3690 2600 3751 quanto
2626 3690 2800 3734 autem
2831 3680 2969 3735 radit
2997 3686 3050 3731 et
3075 3678 3321 3751 edomat,
3351 3686 3495 3732 tanto
3528 3693 3588 3733 se
3608 3694 3717 3734 non
3737 3689 3840 3735 ter-

2255 3766 2381 3805 rena
2402 3750 2429 3817 ,'
2450 3753 2543 3805 sed
2573 3760 2768 3805 attenta
2796 3751 3015 3821 diligere
3044 3750 3372 3818 comprobat.

2325 3821 2553 3878 CAPU'I‘
2576 3822 2662 3876 IV.
2685 3821 2767 3874 Ne
2787 3822 2916 3875 inter
2937 3821 3184 3877 orandum
3212 3821 3377 3889 capita
3401 3829 3588 3890 tegant.
3614 3821 3671 3876 Si
3690 3837 3831 3889 vero,

2254 3902 2311 3948 ut
2336 3895 2699 3963 prtediximus,
2730 3892 2906 3947 crines
2944 3894 3141 3948 ideirco
3170 3890 3425 3957 radimus,
3463 3901 3522 3963 ut
3551 3894 3691 3946 inter
3740 3909 3836 3948 nos

2252 3975 2307 4020 et
2336 3962 2497 4019 Deum
2528 3966 2658 4019 nihil
2689 3966 2943 4021 interesse
2969 3965 3323 4034 approbemus
3359 3962 3642 4034 :profeeto
3671 3974 3830 4032 patet,

2254 4036 2393 4106 quod
2437 4053 2556 4091 cum
2588 4038 2639 4090 in
2685 4036 2923 4090 oratione
2967 4033 3319 4106 persistimus,
3343 4033 3515 4087 aliena
3568 4035 3830 4091 velamina

2251 4105 2512 4176 capitibus
2564 4108 2757 4162 nostris
2787 4122 3055 4176 apponere
3084 4122 3190 4159 non
3230 4105 3504 4167 debemus,
3539 4109 3830 4174 praesertim

2252 4193 2369 4249 cum
2387 4180 2671 4249 Apostolus
2698 4180 2855 4242 dicat,
2888 4177 2975 4249 Vir
3003 4195 3104 4249 non
3130 4177 3267 4229 debet
3296 4192 3442 4249 orare
3464 4177 3627 4230 velato
3648 4179 3825 4247 capite,

2250 4247 2449 4319 imagoﬁ
2475 4251 2605 4305 enim
2652 4249 2745 4304 Dei
2786 4260 2859 4303 est
2905 4247 3107 4320 (ICor.
3146 4264 3216 4309 x1,
3252 4247 3615 4320 7).”Cessent
3660 4250 3830 4317 itaque

2251 4317 2429 4374 clerici
2461 4321 2768 4389 psalmodia:
2788 4317 3104 4391 hymnisque
3125 4317 3485 4391 spiritualibus
3504 4318 3826 4383 insistentes,

2250 4392 2517 4460 capillos,
2569 4393 2772 4457 mitras,
2827 4389 3123 4459 caeteraque
3170 4389 3526 4460 velaminain
3572 4391 3828 4460 capitibus

2249 4458 2462 4532 portare
2496 4479 2600 4517 :ne
2628 4462 2753 4517 dum
2796 4477 2917 4518 cum
2958 4458 3067 4518 Deo
3117 4460 3399 4532 loquimur,
3434 4458 3727 4516 famulatus
3754 4461 3827 4514 sui

2248 4531 2397 4603 signa
2450 4536 2796 4598 occultantes,
2848 4534 2964 4602 ejus
3007 4531 3206 4602 indigni
3236 4531 3537 4600 judicemur
3575 4532 3830 4602 propitia-

2251 4604 2414 4672 tione,
2444 4607 2596 4674 cujus
2624 4606 2822 4660 salubri
2851 4604 3107 4659 doctrinae
3137 4603 3506 4671 praesumimus
3560 4616 3668 4655 ιιοιι
3703 4604 3827 4674 obe-

2247 4676 2381 4731 dire.
2428 4678 2528 4745 Qui
2577 4678 2719 4731 euim
2788 4692 2891 4730 non
2938 4674 3118 4729 obedit
3172 4674 3466 4742 Apostolo,
3512 4673 3828 4745 contradicit

2247 4744 2555 4819 Evangelio.
2587 4749 2653 4803 Et
2670 4749 2820 4818 juxta
2849 4745 3085 4819 ejusdem
3116 4745 3342 4819 apostoli
3373 4744 3825 4819 voceutdicentis,

2246 4819 2324 4872 An
2346 4815 2569 4889 qtiarritis
2591 4815 2982 4889 experimentum
3002 4817 3114 4941 eius
3143 4817 3227 4884 qui
3250 4816 3302 4868 in
3328 4832 3404 4868 me
3433 4816 3658 4882 loquitur
3680 4815 3825 4869 Chri-

2246 4900 2350 4941 stus
2381 4893 2442 4941 (ll
2463 4894 2578 4941 Cor.
2604 4890 2803 4941 xm.5i?
2828 4889 2977 4941 ltem.
3037 4887 3073 4939 ’ἱ
3103 4886 3322 4941 Anuclus
3348 4887 3535 4940 venerit
3562 4886 3627 4938 de
3664 4888 3785 4939 cailo
3806 4926 3821 4941 .

2246 4886 2442 4961 stus—(ll
2463 4894 2578 4946 (ζον.
2604 4886 2803 4959 xitt,5)?
2828 4889 2977 4954 Item,
3014 4886 3073 4941 Si
3103 4886 3535 4961 Angelusvenerit
3562 4886 3627 4961 de
3664 4888 3821 4961 arto,

2245 4972 2291 5016 et
2334 4957 2476 5017 aliud
2522 4957 2852 5031 Evangelium
2909 4960 3208 5012 nuntiaverit
3252 4957 3409 5031 vobis,
3443 4959 3737 5031 anathema

2247 5032 2443 5106 (Colat.
2471 5051 2508 5101 ι,
2540 5033 2620 5111 _8).
2646 5027 2981 5111 Exstirpetttr
3020 5045 3146 5111 ergo
3176 5029 3389 5111 penitus
3425 5027 3493 5082 de
3516 5027 3666 5111 clero
3710 5027 3825 5109 talis

2245 5098 2608 5175 praesumptio,
2664 5118 2751 5169 ne,
2805 5098 2944 5173 quod
2987 5098 3145 5166 absit,
3179 5114 3209 5154 a
3235 5099 3349 5154 Deo
3386 5098 3687 5169 expellatur
3715 5099 3827 5168 ejus

2245 5177 2433 5230 oratio.

2315 5247 2542 5302 CAPUT
2570 5245 2636 5299 ν.
2665 5244 2914 5298 Mundam
2938 5252 2983 5298 et
3011 5243 3268 5297 mundana
3295 5250 3640 5296 contemnant.
3669 5241 3821 5295 Μιιιιο

2245 5318 2299 5371 di
2327 5335 2487 5381 arma,
2509 5317 2697 5386 praadia
2729 5324 2941 5369 terrena.
2973 5314 3065 5386 liis
3111 5315 3269 5384 igitur
3296 5313 3461 5386 signis
3487 5313 3823 5386 clericalibus

2244 5384 2552 5459 praelibatis,
2581 5386 2770 5459 quibus
2799 5401 2828 5439 a
2856 5385 3277 5459 laicis_discerni_
3298 5385 3589 5459 debemus,
3604 5384 3671 5437 ad
3707 5398 3824 5453 pro-

2247 5455 2468 5527 positam
2485 5455 2899 5513 admonitionem
2930 5455 3231 5527 redeamus.
3255 5456 3549 5509 Audiamus
3562 5455 3819 5510 Joannem

2242 5525 2540 5600 apostolum
2584 5530 2869 5600 dicentem,
2923 5525 3099 5600 Nolite
3138 5528 3351 5600 diligere
3373 5528 3645 5600 mundum,
3672 5539 3821 5594 neque

2243 5597 2301 5655 ea
2344 5619 2455 5674 qua:
2497 5602 2550 5655 in
2592 5599 2917 5674 mundosunt
2931 5599 2989 5674 (l
3016 5599 3170 5674 Jortn.
3202 5597 3259 5663 tt,
3294 5597 3409 5667 l5).
3442 5599 3735 5674 Audiamus
3768 5602 3818 5674 et

2243 5666 2575 5731 Psal'mistam
2607 5669 2793 5725 mundi
2823 5666 3089 5725 ama'iores
3109 5670 3493 5740 increpantem,
3510 5668 3637 5722 Filii
3658 5666 3816 5740 licini-

2244 5762 2382 5805 num,
2405 5741 2580 5812 utquid
2612 5742 2823 5812 diligitis
2858 5744 3144 5805 vanitatem,
3177 5752 3222 5795 et
3256 5739 3482 5812 quaeritis
3507 5739 3816 5812 mendacium

2274 5815 2416 5870 Psal.
2458 5810 2531 5879 iv,
2556 5815 2665 5885 5)?
2689 5810 2941 5871 Salomon
2980 5828 3191 5884 quoque
3235 5811 3584 5885 subsequitur
3594 5810 3811 5885 dicens,

2297 5886 2463 5943 anites
2482 5880 2780 5957 vanitatum,
2808 5896 2855 5942 et
2874 5880 3044 5943 omnia
3062 5880 3254 5941 vanitas
3274 5881 3469 5954 (Bede.
3494 5897 3534 5953 ι,
3557 5880 3639 5955 2).
3671 5880 3839 5937 Libet‘
