4100 6344
281 363 422 448 teat
905 354 909 358 ’
1208 387 1438 447 saeuo
1474 387 1565 474 os
1592 349 2004 444 ouantium
2049 349 2134 443 Er
2173 387 2616 448 HUMILITATE.
3153 465 3158 470 ,
3419 350 3563 460 tm'

274 505 400 561 ticze
435 503 688 560 lectionis
730 505 938 562 incusat
977 505 1236 561 minorem
1278 507 1434 576 plane
1472 505 1710 574 culpam,
1754 521 1860 560 non

278 577 702 648 pervenisseiad
750 578 1118 648 disciplinam,
1167 593 1322 647 quam
1365 578 1531 644 legem
1571 577 1864 648 disciplinae

278 649 568 720 reSpuisse.
603 647 742 702 Ecce
784 647 910 704 dicit
950 650 1226 720 propheta,
1275 648 1376 716 Qui
1415 651 1604 718 spernit
1634 647 1862 718 discipli-

277 717 435 786 nain,
473 717 578 772 odit
616 720 837 774 animum
873 717 1017 775 suam
1047 717 1217 791 (Sep.
1246 736 1337 786 Ill,
1373 717 1498 791 li).
1541 721 1603 775 Et
1645 717 1769 774 vere
1811 731 1868 775 ut

275 791 414 846 dixit
438 834 450 854 ,
477 791 543 844 ita
567 800 649 846 est
675 809 687 844 :
715 808 833 844 nam
859 792 1025 847 hostis
1049 791 1131 847 est
1155 802 1208 845 et
1236 793 1478 846 inimicus
1507 792 1698 846 animm
1722 807 1859 856 sine,

275 862 368 932 qui
399 862 592 930 spretis
637 861 929 932 disciplinae
967 865 1178 916 monitis
1202 905 1216 924 .
1254 863 1533 918 diabolicis
1573 873 1867 930 occupatur

276 931 491 987 officiis.
529 933 717 986 [licunt
743 931 809 986 ali
855 935 993 988 nanti
1027 934 1356 1004 disciplinam
1394 935 1523 987 satis
1553 935 1700 988 duris
1732 934 1861 1003 legi-

276 1003 380 1058 bus
419 1004 782 1057 constitutam.
815 950 1137 1058 lonuantur
1172 1007 1269 1058 ista
1300 1006 1429 1058 satis
1470 1006 1648 1058 tniseri
1674 1046 1688 1058 .
1732 1019 1861 1058 unos

275 1003 380 1076 bus
419 1004 798 1076 constitutam.
829 1003 1137 1076 Loquantur
1169 1003 1269 1058 ista
1300 1006 1429 1058 satis
1470 1006 1648 1076 miseri
1674 1046 1688 1070 ,
1732 1019 1865 1074 quos

274 1074 344 1128 ad
371 1087 532 1128 Omne
560 1075 760 1128 facinus
788 1075 874 1129 ille
901 1074 1142 1130 diabolus
1185 1088 1369 1130 anetor
1411 1078 1597 1130 mortis
1638 1075 1822 1129 invitat
1847 1118 1862 1142 ,

275 1161 507 1214 quorum
532 1155 741 1218 mentes
769 1147 1082 1202 insatiabilis
1101 1148 1218 1218 gula
1249 1147 1521 1215 possidet,
1551 1162 1711 1216 super
1732 1161 1868 1215 quos

275 1226 468 1286 regnat
497 1217 726 1275 ebrietas
751 1260 766 1284 ,
798 1233 932 1287 quos
965 1217 1130 1287 turpis
1176 1219 1379 1272 luxuria
1411 1219 1648 1288 captivos
1679 1227 1822 1272 tenet
1847 1260 1862 1283 ,

274 1296 334 1340 et
360 1303 390 1340 a
422 1288 616 1356 quibus
647 1305 913 1359 nunquam
945 1290 1190 1359 superbia
1235 1289 1436 1358 ingrata
1478 1289 1722 1344 discedit.
1757 1288 1866 1344 Illis

274 1367 454 1410 autem
479 1361 669 1427 quibus
696 1371 774 1414 est
801 1361 1030 1414 studium
1059 1361 1282 1416 honeste
1310 1363 1465 1414 Iidem
1489 1377 1703 1415 servare
1732 1376 1863 1414 con-

277 1429 559 1500 tinentia:,
609 1431 889 1484 lnunilitati
931 1432 1216 1500 pietatiqne
1262 1431 1494 1497 servire,
1526 1432 1679 1487 dulce
1705 1431 1866 1486 disci-

278 1499 439 1567 plinae
470 1514 604 1553 enus
632 1513 750 1566 est,
797 1509 850 1554 et
890 1499 1004 1557 leve
1044 1499 1226 1572 jngum
1272 1502 1518 1555 Domini:
1567 1502 1709 1573 quod
1759 1519 1864 1556 non

273 1580 460 1640 gravat
485 1613 504 1640 ,ν
533 1573 631 1624 nisi
664 1583 752 1624 aut
787 1573 1020 1638 perditos
1043 1616 1058 1640 ,
1089 1583 1178 1626 aut
1206 1573 1490 1639 perituros.

351 1639 580 1712 CAPUT
611 1643 694 1697 Vl.
729 1643 1011 1712 Disciplina
1033 1639 1082 1696 in
1105 1643 1284 1696 brutis.
1316 1644 1587 1697 Ernbesco
1612 1644 1788 1698 dicere
1812 1645 1861 1698 in

273 1709 647 1766 confusionem
681 1709 923 1767 humanm
969 1715 1333 1784 negligenter,
1373 1731 1540 1784 quare
1587 1715 1724 1784 apud
1763 1716 1863 1767 ali-

274 1793 507 1856 quantos
547 1801 731 1853 parum
774 1788 1017 1856 proficiat
1057 1786 1380 1856 disciplina;
1429 1801 1548 1838 cum
1592 1787 1864 1840 videamus

275 1855 545 1926 pastorale
574 1855 931 1926 magisterium
959 1857 1116 1912 etiam
1146 1855 1283 1926 apud
1310 1866 1450 1908 mnta
1483 1857 1727 1910 animalia
1759 1874 1862 1912 non

275 1926 476 1992 perire.
514 1925 746 1982 Doceant
773 1944 869 1982 nos
897 1945 1020 1983 ecce
1047 1925 1258 1982 servare
1295 1927 1535 1982 ordinem
1567 1928 1860 1996 disciplina:

275 2004 389 2070 tam
435 1996 632 2070 dociles
680 2014 937 2070 equorum
985 2001 1186 2058 animi,
1234 2015 1352 2052 cum
1396 1999 1445 2051 in
1492 2015 1678 2069 gyrum
1719 1999 1862 2052 ducti

276 2063 533 2140 flexuosis
557 2063 831 2139 gressibus
856 2073 1092 2124 membra
1115 2077 1443 2140 componunt
1466 2063 1556 2134 ,'e't
1583 2070 1681 2124 sub
1709 2072 1863 2123 unius

279 2137 504 2192 habena:
546 2137 840 2194 retinaculo
883 2143 950 2195 ita
998 2143 1159 2196 lattari
1197 2137 1256 2195 se
1293 2142 1632 2194 eonscnlitmt
1657 2183 1670 2200 ,
1722 2151 1777 2193 ut
1812 2151 1865 2195 et

276 2209 528 2282 currendi
556 2221 608 2264 et
635 2213 809 2266 standi
840 2215 1026 2266 modus
1054 2214 1150 2266 sub
1177 2211 1400 2282 quadam
1431 2211 1600 2280 legum
1629 2212 1861 2281 disposi-

280 2279 712 2353 tionegst-rvetur.
747 2283 816 2337 Ita
853 2301 986 2353 quos
1028 2279 1211 2337 natura
1247 2299 1467 2336 numero
1495 2279 1678 2336 dividit
1702 2279 1861 2346 ,Vstu-

279 2350 373 2404 dio
411 2351 703 2422 disciplina:
751 2350 1040 2424 cooiimgit.
1075 2353 1261 2409 Videte
1309 2369 1466 2422 quam
1509 2353 1660 2408 fortia
1705 2355 1862 2410 boum

279 2436 508 2495 corpora
544 2425 778 2492 plaustro
809 2428 1117 2495 snbjaccaut
1144 2445 1156 2479 :
1185 2441 1301 2494 qua!
1329 2427 1380 2478 in
1409 2434 1610 2478 tantum
1644 2427 1865 2494 imperio

281 2493 520 2548 animum
565 2507 787 2564 parant,
835 2493 1541 2551 utiumentianaturaliter
1589 2496 1685 2549 levi
1721 2493 1864 2564 ’jugo

281 2564 421 2636 colla
463 2579 781 2636 supponant.
815 2567 887 2622 lta
920 2569 1212 2636 tlisciplintc
1255 2568 1720 2622 Constitutionibns
1746 2583 1864 2620 ser-

282 2635 435 2708 viunt
459 2678 473 2700 ,
503 2635 661 2692 etiam
691 2655 809 2708 qua:
839 2641 889 2693 in
921 2635 1125 2694 feritate
1155 2647 1462 2693 nascuntur.
1507 2637 1654 2692 Unde
1703 2638 1867 2691 miror

282 2705 565 2778 aliquoties
593 2705 861 2764 hominem
887 2754 901 2777 ,
925 2712 1007 2766 cui
1033 2713 1167 2764 inest
1197 2711 1452 2778 sapientia
1481 2718 1536 2762 et
1567 2709 1865 2764 intellectus

287 2777 618 2846 prudentiae,
663 2782 861 2850 passim
914 2792 1174 2851 pt'tltcttpla
1224 2777 1517 2848 disciplina:
1557 2781 1862 2851 negligere:

283 2860 408 2901 cum
453 2849 725 2905 videambs
772 2849 974 2907 mutum
1025 2852 1220 2906 animal
1264 2851 1388 2904 vitia
1436 2865 1665 2916 cavere,
1703 2849 1867 2916 jussis

265 2918 660 2993 ~obtemperare
684 2965 697 2986 ,
752 2925 973 2993 imperio
1000 2923 1268 2977 deservire
1293 2964 1307 2988 ,
1341 2931 1497 2989 atque
1543 2921 1610 2973 ita
1652 2918 1716 2973 ad
1757 2938 1868 2993 om-

283 3005 410 3063 n_em
437 2990 790 3048 obedientiam
823 2990 1055 3048 animum
1085 3005 1300 3063 aptare,
1342 3001 1400 3047 ut
1425 3007 1544 3045 cum
1575 3007 1708 3056 Opus
1749 2990 1866 3044 fuc-

282 3060 395 3136 rit_,
436 3065 667 3136 armatis
715 3066 1010 3136 legionibus
1053 3060 1332 3136 occurrat,
1387 3073 1441 3136 et
1485 3063 1766 3136 hostilibus
1808 3077 1868 3116 se

284 3131 632 3206 telisjnssum
659 3131 889 3206 objiciat.
925 3137 1115 3191 Audite
1146 3138 1196 3190 in
1247 3135 1347 3189 hoc
1390 3135 1508 3188 loco
1557 3133 1866 3206 prophetam

281 3201 551 3259 dicentem
581 3247 594 3270 ,
641 3201 990 3279 Codnovitbos
1023 3223 1355 3279 possessorem
1393 3201 1571 3268 suum,
1612 3201 1666 3256 σι’
1697 3205 1869 3279 asinus

281 3290 511 3346 prgvsepe
554 3277 744 3333 domini
786 3280 866 3333 sui
903 3298 916 3344 ;
969 3277 1132 3332 Israel
1175 3287 1340 3331 autent
1380 3294 1458 3330 me
1498 3291 1598 3330 non
1636 3277 1868 3346 cognovit

285 3343 464 3419 (_Isai.
495 3365 506 3401 ι
533 3391 547 3413 ,
579 3350 677 3419 5).
721 3343 919 3405 Vereor
956 3351 1168 3414 dicere,
1217 3367 1281 3403 ne
1324 3358 1554 3402 nostram
1595 3343 1867 3416 negligen-

283 3417 411 3469 tiam
443 3420 614 3487 pulset
635 3417 740 3475 isla
772 3424 1054 3476 sententia.
1088 3421 1201 3475 NOII
1244 3429 1417 3474 autem
1462 3421 1733 3486 cognoscit
1761 3419 1866 3471 Do-

279 3489 528 3562 minum,
573 3494 658 3562 qui
687 3495 1004 3547 conditionis
1036 3511 1144 3547 suae
1174 3508 1275 3546 non
1307 3495 1578 3561 cognoscit
1611 3489 1863 3542 officium.

356 3561 600 3618 CAPUT
643 3565 748 3617 Vll.
797 3566 893 3630 Qui
939 3565 1188 3618 Dominus
1236 3564 1446 3616 inveniri
1503 3571 1589 3615 aut
1634 3561 1871 3630 cognosci

279 3633 462 3706 possit.
493 3631 779 3706 Ostendam
810 3652 937 3691 sane
970 3636 1238 3706 quomodo
1287 3635 1540 3686 Dominus
1577 3637 1740 3706 possit
1782 3640 1870 3706 aut

278 3701 508 3777 inveniri
529 3749 542 3766 ,
573 3717 664 3760 aut
684 3710 932 3777 Cogito-ci
965 3701 1043 3762 {si
1072 3717 1245 3760 tamen
1274 3715 1353 3758 est
1380 3701 1588 3757 animus
1616 3703 1864 3777 videntis.

279 3773 345 3846 Si
375 3776 451 3829 vis
483 3777 662 3831 videre
697 3773 979 3832 Dominum
1005 3820 1020 3844 ,
1049 3780 1257 3846 rcqnire
1290 3777 1590 3830 mendicum
1617 3817 1632 3840 ,
1668 3776 1868 3843 respice

278 3845 348 3898 ad
378 3861 698 3915 panperem,
732 3851 942 3920 suscipe
974 3845 1305 3919 peregrinum
1327 3892 1339 3908 ,
1377 3849 1525 3900 visita
1559 3848 1822 3920 infirmum
1848 3886 1864 3910 ,

276 3930 438 3970 curre
469 3920 532 3972 ad
565 3936 853 3976 carcerem.
881 3917 949 3976 ’δι
976 3917 1054 3974 iis
1096 3922 1275 3974 videre
1307 3920 1467 3972 Deuoi
1493 3961 1507 3981 ,
1542 3917 1746 3970 vincula
1777 3935 1866 3968 ea-

276 3989 542 4112 ptivitatis
581 3993 796 4046 absolve
820 4036 834 4056 ,
867 3993 1033 4045 nodos
1076 3991 1364 4062 iniquitatis
1397 3990 1587 4042 incide.
1625 3988 1758 4040 Audi
1802 3986 1868 4040 de

297 4075 384 4112 10c
415 4062 692 4112 Dominum
716 4064 998 4112 dicentem-
1030 4063 1228 4112 Esurivi
1247 4105 1262 4112 -
1285 4071 1328 4112 et
1350 4061 1556 4112 dedistis
1583 4060 1702 4112 milii
1725 4075 1868 4110 mun-

297 4075 384 4112 toc
415 4062 692 4116 Dominum
716 4064 998 4126 dicentem,
1030 4060 1262 4125 Esurivi,
1285 4071 1328 4113 et
1350 4061 1556 4113 dedistis
1583 4060 1702 4112 mihi
1725 4075 1868 4110 mun-

277 4131 472 4185 ducare
496 4149 514 4188 :
539 4135 674 4186 sitivi
695 4177 708 4194 ,
751 4145 798 4188 et
834 4135 1041 4188 dedistis
1090 4135 1211 4186 milii
1245 4133 1406 4185 bibere
1427 4148 1445 4196 ;
1474 4132 1651 4202 hospes
1684 4130 1760 4197 [ni
1780 4171 1792 4191 ,
1823 4139 1868 4182 et

274 4205 571 4273 suscepistis
601 4221 713 4270 me;
745 4207 911 4259 nudus
942 4205 1038 4275 fui,
1063 4215 1107 4260 et
1135 4205 1462 4273 coapernistis
1492 4221 1602 4267 nte;
1631 4202 1865 4275 inﬁrmus

275 4275 385 4343 fui,
420 4284 465 4327 et
503 4278 734 4332 visitastis
765 4294 873 4341 me;
914 4274 965 4330 in
995 4294 1190 4329 carcere
1209 4293 1366 4342 erant,
1395 4284 1440 4326 ct
1464 4275 1661 4327 venistis
1693 4274 1758 4326 ad
1791 4289 1868 4326 me

276 4345 492 4416 (Matth.
525 4363 629 4401 xxv
652 4389 665 4411 ,
695 4349 782 4412 55,
815 4349 926 4417 56).
966 4348 1151 4401 Moneo
1180 4351 1354 4417 itaque
1383 4364 1446 4398 ne
1472 4346 1734 4415 despicias
1767 4362 1866 4400 nu-

272 4417 427 4482 dtun,
450 4433 515 4472 ne
532 4435 674 4474 caeco
702 4436 912 4472 manum
941 4420 1238 4480 subtrahas,
1265 4435 1330 4472 ne
1359 4418 1645 4471 involutum
1681 4417 1867 4484 pannis

273 4501 612 4560 contemnas.
641 4491 695 4544 In
730 4492 827 4545 hac
857 4491 997 4546 enim
1030 4501 1176 4545 veste
1206 4492 1430 4560 prinmm
1460 4489 1714 4541 Dominus
1744 4503 1864 4542 cmn

270 4574 303 4612 a
333 4559 502 4631 Magis
527 4573 871 4632 quaereretur,
904 4564 1143 4616 inventus
1165 4571 1264 4615 est.

347 4630 577 4686 CA’l'UT
613 4633 741 4686 Vill.
786 4633 1055 4703 Iicligiosm
1085 4635 1194 4686 vita:
1224 4649 1280 4683 ac
1321 4633 1460 4684 bona:
1489 4630 1640 4703 fatua:
1667 4630 1730 4703 sit
1754 4639 1862 4703 sttt-_

269 4699 439 4776 dium.
486 4703 673 4776 Vulgus
714 4707 835 4759 solet
870 4699 930 4758 de
958 4705 1096 4758 bonis
1138 4703 1268 4756 mule
1288 4699 1550 4776 judicare.
1575 4699 1866 4764 Suspicioni

272 4774 441 4827 locum
471 4773 597 4828 non'
620 4776 760 4830 dare.
793 4777 859 4831 Et
888 4779 1008 4846 quia
1053 4776 1119 4830 de
1151 4775 1426 4841 disciplina
1459 4773 1676 4825 fecitmis
1710 4787 1828 4823 men
1855 4801 1863 4808 -

271 4848 498 4911 tionem,
535 4848 634 4901 sub
661 4865 760 4917 qua
797 4847 924 4903 ﬁdes
953 4847 1239 4901 christiana
1264 4848 1421 4916 viget,
1457 4858 1673 4917 necesse
1705 4850 1864 4895 estut

268 4919 452 4969 tutitiia
487 4919 535 4970 in
581 4914 736 4973 aures
782 4932 985 4973 vestras
1015 4921 1135 4972 vita:
1161 4914 1471 4972 ornamenta
1511 4914 1857 4968 deferantur:

268 4999 329 5042 ut
359 4989 623 5060 intelligat
666 4991 1026 5060 unusquisque
1071 5005 1257 5060 parum
1301 4989 1399 5042 sibi
1445 4986 1696 5057 prodesse
1723 4999 1854 5037 con-

1974 505 2231 580 versionis
2254 509 2269 539 ί
2297 505 2510 580 famam.
2543 506 2640 580 nisi
2668 505 2720 562 in
2746 517 3051 579 contemptu
3079 516 3262 578 mundi
3292 525 3549 580 amaverit

1971 577 2323 661 disciplinain.
2353 577 2494 661 Ergo
2527 579 2636 661 cui.
2656 577 3298 661 studiuin_est_Cl_tristum
3339 577 3548 661 Colere,

1975 650 2118 718 prius
2142 651 2318 706 cordis
2348 659 2401 723 et
2427 651 2668 723 corporis
2713 652 2963 723 suscipiat
3006 654 3334 716 illdllll’lellla.
3371 650 3555 723 omni;

1973 723 2130 789 igitur
2154 723 2256 776 vita
2303 721 2571 790 religionis
2605 722 2856 790 professa:
2876 767 2891 790 ,
2922 722 3240 794 integritatis
3272 733 3432 790 debet
3473 721 3554 792 fa;

1973 808 2111 878 mam
2142 794 2340 878 sentire
2364 809 2392 878 ί.
2408 809 2472 873 ne
2496 809 2656 878 quem
2682 805 2953 877 exspectat
2979 803 3435 878 coronavirtnlis,
3459 825 3558 878 pu-

1972 864 2116 945 doris
2145 865 2341 946 damno
2368 860 2538 948 feriat.
2555 860 3116 948 _Corporis'integritas
3143 871 3301 948 vitam
3328 860 3556 948 munia—t,

1973 936 2327 1004 integritatem
2375 935 2504 990 lidcs
2555 935 2974 992 incontaminata
3013 942 3398 1004 custodiat:ut
3440 935 3560 1005 mal

1972 1018 2130 1060 nente
2161 1007 2433 1076 utriusque
2461 1008 2624 1073 partis
2654 1007 2932 1075 beneflcio,
2963 1012 3357 1071 immaculatum
3388 1018 3558 1076 homi-

1972 1094 2093 1131 nem
2144 1076 2299 1130 faciat
2344 1092 2567 1144 regnare
2615 1095 2735 1132 cum
2775 1079 3008 1134 Christo.
3049 1084 3154 1138 Sed
3193 1087 3247 1140 in
3293 1087 3395 1143 hoc
3439 1093 3557 1148 solo

1971 1158 2178 1204 constat
2207 1148 2568 1203 conversionis
2591 1161 2786 1203 nostrm
2810 1152 2943 1205 ratio
2963 1194 2978 1218 ,
3009 1163 3065 1208 ιιι
3088 1155 3208 1212 boni
3236 1157 3557 1217 simuSnLa-

1971 1220 2272 1297 borapduni
2300 1220 2456 1287 igitur
2478 1220 2552 1273 illi
2581 1222 2901 1297 anteotnnia
2932 1234 3034 1297 est,
3063 1235 3118 1280 ιιι
3143 1229 3230 1297 qui
3257 1228 3551 1289 bonitatem

1973 1292 2228 1360 sequitur,
2261 1291 2429 1366 bonus
2473 1305 2591 1344 esse
2619 1291 2904 1366 judicetnr.
2949 1295 3076 1349 Nam
3107 1291 3352 1366 quamvis
3392 1302 3554 1359 homo

1973 1377 2159 1429 purum
2186 1377 2378 1434 corpus
2407 1361 2911 1433 imn'iaculatnmquc
2941 1361 3234 1434 custodiat,
3266 1371 3550 1430 laceratam

1970 1435 2130 1486 vitam
2159 1432 2224 1485 ad
2257 1433 2418 1486 Deum
2461 1444 2661 1500 portat,
2691 1432 2843 1503 cujus
2884 1445 3034 1491 aetus
3064 1432 3261 1494 voltum
3295 1443 3552 1502 infamat:

1969 1503 2093 1584 licet
2114 1503 2740 1584 sciamus_conscientiain
2769 1507 2935 1559 solam
2962 1507 3152 1564 bonam
3173 1513 3376 1584 actibus
3398 1532 3556 1584 posse

1970 1576 2234 1650 sullicere.
2261 1574 2364 1650 Sed
2386 1585 2582 1650 quanto
2609 1576 2796 1629 melius
2817 1587 2914 1638 est,
2944 1587 2999 1631 ut
3026 1595 3239 1650 semper
3259 1583 3325 1637 de
3351 1574 3557 1644 te'bene

1969 1647 2196 1724 sentiat,
2231 1647 2318 1714 qui
2361 1647 2499 1698 circa
2532 1646 2750 1724 januam
2799 1658 2938 1701 tuam
2994 1646 3558 1724 vanissuspicionilius

1971 1715 2277 1785 frequenter
2329 1717 2584 1784 :egrotatl
2635 1716 2852 1772 lnsitum
2910 1731 2990 1776 est
3043 1723 3184 1776 enim
3243 1715 3555 1784 naturaliter

1970 1789 2146 1852 vulgo,
2181 1795 2236 1868 ut
2281 1786 2346 1840 de
2371 1789 2530 1868 _bonis
2566 1803 2781 1868 semper
2807 1791 2943 1868 male
2978 1792 3200 1868 jndicet.
3243 1797 3345 1852 Sed
3380 1806 3433 1851 tu
3465 1801 3554 1868 qui

1969 1874 2152 1938 curam
2186 1857 2337 1938 bona:
2369 1858 2518 1938 fama:
2545 1860 2708 1938 colis,
2741 1861 2918 1914 studio
2945 1857 3031 1915 tuo
3068 1866 3292 1938 gratiam
3336 1857 3553 1938 integi'a:

1971 1929 2238 1998 opinioois
2269 1930 2503 1998 acquire.
2554 1929 2667 1984 Vita
2696 1947 2825 1999 ergo
2853 1943 3032 1988 nostra
3068 1929 3134 1988 ita
3165 1939 3234 1990 sit
3266 1929 3472 2000 lucida:
3501 1949 3560 1996 ut

1973 2002 2040 2076 sit
2071 2000 2471 2076 omoilitis‘inota
2499 2019 2511 2056 :
2541 2003 2816 2070 integritas
2855 2005 3129 2070 religioni,
3163 2009 3333 2076 pudor
3361 2012 3558 2067 serviat

1972 2071 2273 2148 humilitati.
2308 2071 2473 2148 Quem
2503 2089 2656 2148 amor
2686 2081 2844 2148 tenet
2883 2071 3174 2131 servanda!
3203 2080 3552 2148 integritatis,

1971 2153 2093 2195 ante
2122 2143 2296 2196 omnia
2339 2143 2452 2196 falsi
2485 2145 2548 2196 ad
2582 2160 2641 2198 se
2679 2143 2872 2198 fatuam
2921 2165 3022 2199 non
3061 2143 3550 2208 adtnittat‘errorisi

1973 2213 2215 2290 lllagnum
2245 2223 2326 2266 est
2352 2213 2561 2290 quidem
2585 2224 2636 2267 et
2658 2215 2972 2290 gloriosum.
3006 2229 3058 2272 et
3082 2223 3335 2290 usquead
3359 2224 3552 2278 ctelum

1970 2285 2208 2358 otnniuni
2251 2301 2343 2358 ore
2389 2285 2801 2358 proferendum,
2837 2304 3102 2358 nunquam
3149 2285 3301 2346 malis
3347 2296 3555 2351 actibus

1971 2355 2425 2432 locumdcdissc:
2445 2358 2541 2432 sed
2569 2355 3083 2432 tltttittt‘ful‘tius—cst,
3118 2378 3386 2432 nunquam
3412 2366 3554 2424 falsis

1972 2427 2362 2499 suspicionibus
2391 2426 2682 2499 inlini-asse.
2726 2429 2861 2494 Quid
2894 2432 3032 2486 enim
3068 2432 3158 2489 tibi
3207 2426 3422 2499 prodeat
3461 2452 3553 2490 so—

1973 2498 2204 2562 brietas,
2263 2498 2310 2567 si
2356 2496 2478 2548 vitia
2528 2498 2799 2552 ebrietatis
2843 2504 3134 2556 exerceas?
3177 2496 3305 2567 Quis
3353 2521 3457 2560 non
3506 2514 3557 2562 te

1972 2567 2178 2622 ebrium
2204 2566 2425 2632 judicct,
2453 2567 2497 2620 si
2522 2569 2658 2620 inter
2685 2567 2963 2625 eflluentes
2993 2572 3115 2626 vino
3135 2566 3330 2630 calices
3355 2577 3557 2631 saltan-

1975 2640 2104 2712 tium
2135 2654 2292 2710 gyros
2319 2639 2577 2712 imiteris"
2605 2639 2733 2706 Quis
2762 2651 2810 2694 te
2841 2653 3044 2696 castum
3073 2645 3294 2712 putabit,
3321 2648 3366 2700 si
3393 2658 3443 2703 te
3471 2648 3552 2702 vi-

1971 2710 2094 2764 deat
2139 2709 2475 2764 mcretrieum
2523 2709 2715 2764 fabulis
2757 2713 3016 2778 mixtnin,
3049 2709 3557 2775 seenico'sermoue

1972 2780 2281 2849 compositis
2307 2798 2317 2831 :
2341 2790 2432 2832 aut
2453 2781 2773 2850 loquentem
2808 2785 2974 2850 turpia
2997 2825 3011 2844 ,
3041 2793 3133 2838 aut
3160 2786 3438 2843 inhonesta
3467 2805 3556 2847 re-

1973 2851 2288 2906 sonantem?
2320 2849 2499 2903 Laudo
2538 2849 2752 2920 quidem
2797 2849 3176 2911 conscientiam
3216 2859 3474 2915 castitatis
3505 2862 3558 2917 in

1973 2933 2046 2986 te,
2077 2921 2168 2976 sed
2197 2921 2282 2974 odi
2313 2922 2633 2988 colloquium
2660 2925 2978 2979 meretricis.

2044 2991 2268 3049 C.-\PU'I‘
2303 2989 2390 3045 IX.
2419 2992 2694 3065 Quatenus
2724 2994 2851 3049 bona
2879 2995 3092 3065 sufficiat
3134 3000 3456 3056 conscientia.
3495 3004 3550 3057 In

1976 3081 2080 3138 quo
2105 3065 2223 3138 loco
2249 3065 2388 3138 dicat
2414 3061 2635 3138 fortasse
2657 3066 2866 3138 aliquis,
2896 3061 3101 3123 Siil‘licit
3124 3069 3250 3123 mihi
3278 3087 3409 3138 pura
3429 3088 3559 3128 con-

1976 3133 2216 3190 scientia.
2245 3133 2611 3206 Qoantnmad
2656 3133 3006 3192 itmocentiam
3038 3133 3292 3206 pertinet,
3321 3143 3410 3196 tibi
3443 3145 3544 3199 soli

1974 3207 2169 3262 sufficit
2193 3225 2203 3258 :
2229 3205 2322 3260 sed
2353 3205 2735 3274 providendum
2773 3219 2873 3273 est,
2906 3225 2971 3264 ne
2999 3205 3253 3264 facilitate
3290 3221 3378 3268 tua
3419 3215 3556 3270 alter

1977 3289 2191 3347 peccet,
2225 3287 2278 3330 et
2319 3275 2554 3349 alienum
2585 3290 2860 3346 peccatum
2894 3283 2942 3333 in
2991 3290 3040 3334 te
3084 3283 3347 3338 redundet
3371 3303 3386 3338 :
3407 3287 3554 3349 juxta

1977 3346 2103 3404 illtid
2129 3349 2266 3421 quod
2299 3347 2425 3421 dicit
2447 3346 2738 3421 Scriptura,
2775 3349 2859 3404 Va:
2877 3351 2954 3404 illi
2979 3369 3065 3417 per
3089 3370 3233 3421 quem
3258 3346 3557 3411 scandalum

1975 3423 2105 3476 venit
2133 3419 2342 3493 (.llatt/t,
2379 3433 2530 3480 xvnt,
2565 3420 2640 3493 7r).
2665 3422 2916 3487 Quamvis
2932 3419 3108 3478 autem
3125 3429 3357 3493 pretioso
3388 3427 3560 3482 serico

1979 3510 2173 3561 corpus
2208 3491 2441 3565 vestias,
2473 3499 2525 3565 et
2556 3492 2708 3544 niveo
2749 3493 2947 3565 vellere
2983 3491 3216 3548 membra
3244 3511 3558 3565 eumponas,

1977 3582 2079 3619 non
2103 3566 2215 3617 sine
2245 3562 2447 3616 macula
2467 3561 2604 3615 diem
2632 3564 2900 3630 transigis,
2929 3565 2972 3617 si
2991 3566 3184 3620 camini
3210 3561 3444 3624 ardentis
3465 3561 3558 3624 ora

1975 3636 2278 3706 contigeris.
2316 3634 2368 3687 In
2397 3632 2728 3706 omniigitnr
2750 3644 2871 3706 actu
2912 3645 3000 3690 tuo
3030 3637 3186 3690 vitam
3221 3646 3362 3692 tuam
3395 3639 3559 3693 disci-

1978 3703 2466 3776 plina'ciimitctur.
2511 3703 2566 3758 Si
2591 3705 2676 3776 vis
2719 3705 2928 3772 placere
2971 3707 3218 3773 Christo,
3249 3709 3464 3768 elabora
3505 3721 3562 3766 ιιι

1979 3775 2358 3845 professionem
2391 3786 2529 3828 tuam
2578 3775 2708 3830 fides
2745 3777 2990 3844 adjuvet,
3019 3776 3156 3834 fama
3198 3782 3558 3836 Cornum-nilet.

1976 3850 2249 3904 Prmoedat
2281 3863 2372 3901 vos
2397 3846 2649 3914 patientia
2683 3847 2994 3900 humilitatis
3021 3850 3182 3906 socia.
3210 3852 3424 3906 assistat
3463 3869 3559 3918 pu-

1981 3921 2157 3975 dicitza
2193 3918 2510 3988 integritatis
2547 3920 2796 3986 magistra
2825 3936 2840 3973 :
2867 3919 3030 3988 fugiat
3057 3921 3334 3988 cupiditas,
3367 3923 3560 3978 erube-

1976 4005 2080 4046 Scal
2126 3993 2393 4052 ebrii-tas,
2436 3989 2645 4041 luxuria
2685 3999 2835 4044 actus
2874 4006 3000 4044 suos
3044 3993 3220 4059 lugeat
3245 4032 3258 4054 .
3309 3996 3556 4060 superbia

1975 4064 2194 4118 confusa
2239 4063 2493 4116 discedat.
2531 4060 2860 4132 Quicumque
2891 4061 3048 4128 igitur
3083 4071 3165 4115 est
3206 4063 3295 4132 qui
3346 4065 3561 4122 festinat

1975 4135 2140 4190 Deum
2167 4148 2476 4202 agnoscere,
2505 4133 2603 4182 sub
2631 4132 2729 4198 hoc
2749 4131 3044 4200 disciplin-.e
3073 4131 3260 4186 ordine
3284 4135 3553 4192 Christum

1977 4207 2169 4276 poterit
2197 4207 2451 4259 invenire.
2485 4203 2645 4276 Multa
2670 4203 2881 4276 quidem
2915 4213 3068 4257 erant
3097 4206 3288 4269 adhuc,
3318 4207 3558 4262 dilectis-

1975 4274 2125 4343 Lsimi,
2172 4294 2289 4346 quin
2344 4275 2638 4347 disciplium
2684 4274 2818 4347 ratio
2863 4276 3118 4329 suadebat
3167 4279 3556 4347 aperirezqute

1977 4345 2203 4404 interior
2221 4347 2516 4416 putavimus
2537 4345 2848 4410 differenda,
2874 4363 2939 4398 ne
2965 4347 3148 4399 otiosis
3169 4349 3384 4402 auribus
3405 4345 3555 4403 raso.

1974 4421 2118 4475 dium
2167 4428 2378 4490 pareret
2427 4418 2590 4490 longa
2626 4417 2876 4490 narratio,
2911 4417 3054 4490 _Sanc
3094 4433 3158 4472 ne
3196 4420 3316 4485 quid
3359 4420 3410 4473 in
3455 4421 3556 4476 hoc

1973 4509 2135 4562 opere
2161 4486 2486 4544 subtraxisse
2510 4486 2800 4548 videamur,
2825 4487 3239 4553 elaborabimus,
3268 4501 3325 4544 ut
3351 4506 3410 4562 ea
3436 4509 3554 4559 qua:

1973 4561 2236 4631 religiosis
2257 4562 2462 4615 actibus
2484 4566 2810 4627 competunt,
2844 4562 3085 4628 sequenti
3115 4569 3353 4628 tempore
3376 4561 3550 4616 disse-

1973 4650 2172 4688 ramus.

2034 4839 2050 4868 ι
2086 4832 2228 4892 Alias,
2251 4827 2632 4892 conversationis.
2671 4834 2744 4888 At,
2770 4824 3033 4892 conversio,
3069 4825 3146 4873 hie
3184 4838 3270 4892 pro
3311 4835 3421 4877 Viue
3443 4830 3559 4879 re“-

1967 4902 2118 5010 giogge
2142 4887 2440 4960 professlo‘..c
2462 4887 2707 4952 accipitur,
2732 4887 2789 4938 ut
2817 4888 2865 4935 in
2889 4888 3067 4948 negula
3093 4888 3292 4948 ncned.,
3331 4904 3466 4952 capp.
3495 4893 3560 4942 58

1968 4971 2018 5010 et
2102 4996 2115 5010 .

1968 4971 2018 5014 ct
2037 4971 2115 5010 65.

269 5091 3566 5142 ____________________________..._————————__._.

1080 5199 1348 5263 SERMO
1379 5201 1484 5261 DE
1527 5188 2015 5259 OBEDIENTIA
2055 5183 2159 5243 ET
2207 5171 2733 5239 HUMILITATE.

261 5331 650 5400 Fragmentum
681 5337 764 5384 est
789 5328 1019 5382 auctoris
1041 5327 1252 5394 incerti,
1281 5324 1374 5380 sed
1400 5323 1601 5393 antiqui
1627 5319 1693 5374 ad
1721 5312 1913 5371 vetusti

336 5462 566 5518 CAPUT
595 5461 873 5516 PRIMUM.
912 5460 1205 5514 Obedientia
1229 5475 1378 5524 quam
1405 5456 1515 5510 Deo
1539 5465 1702 5528 grata.
1733 5454 1857 5528 Sine

262 5535 552 5589 obedientia
596 5535 798 5587 virtutes
845 5534 1016 5586 nullw.
1057 5531 1152 5586 Ubi
1196 5530 1332 5583 abest
1361 5571 1374 5594 ,
1407 5526 1552 5581 adest
1599 5526 1849 5594 superbia.

257 5607 412 5662 Nihil
437 5607 454 5637 ⁸
487 5610 564 5660 sic
587 5605 696 5672 Deo
719 5606 892 5672 placet
915 5602 1184 5672 quomodo
1205 5600 1528 5657 obcdientia.
1557 5599 1721 5672 Citam
1747 5613 1858 5649 ma-

261 5677 496 5734 ledictns
527 5670 620 5729 fuit
644 5670 792 5746 (Gen.
825 5691 903 5742 ix,
932 5670 1026 5744 ‘25)
1053 5715 1067 5739 ,
1088 5684 1148 5746 et
1177 5683 1295 5742 post
1326 5673 1489 5726 multa
1527 5671 1856 5746 s_:rc_u|a_ma-

263 5757 362 5805 net
389 5746 536 5820 quod
566 5739 782 5815 dicitur,
820 5739 1017 5801 Senten'
1035 5739 1300 5810 Chanaan,
1330 5752 1378 5798 et
1407 5759 1506 5797 non
1531 5741 1564 5796 J
1572 5743 1672 5796 uda
1695 5739 1853 5814 (Dan.

301 5886 348 5922 .I
382 5885 537 5932 vetas
556 5879 714 5931 codex
733 5880 1037 5932 Golbertinus
1067 5879 1146 5930 hic
1166 5877 1313 5942 addit,
1336 5876 1516 5944 itaque.

1917 5311 2136 5366 ssimnm
2165 5303 2403 5358 (odiccm
2429 5295 2795 5352 Colbertinum
2822 5294 3025 5348 etalios
3047 5295 3174 5349 Mss.
3206 5299 3556 5367 recognitum.

1967 5461 2085 5507 Χιιιν
2111 5443 2200 5510 56)
2227 5457 2241 5506 ς
2265 5439 2384 5510 (ιυίει
2407 5437 2539 5506 Pam
2565 5436 3088 5510 "Ollgeslohsecntns.
3111 5436 3375 5492 Caeterum
3399 5440 3545 5506 Scin,

1963 5519 2052 5588 qui
2095 5507 2497 5588 est'obsecntns
2549 5507 2724 5588 patri,
2763 5507 3218 5588 benedictionem
3266 5511 3448 5588 habuit
3486 5513 3543 5588 _i_n

1964 5578 2142 5643 omnia
2169 5583 2386 5638 saecula.
2413 5580 2724 5652 Hocitaque
2743 5578 2884 5652 dico,
2907 5593 3018 5652 non
3041 5591 3122 5634 est
3147 5580 3380 5636 ﬁliorum
3403 5582 3551 5652 judi-

1966 5675 2088 5714 care
2115 5658 2181 5709 de
2211 5654 2464 5724 patrihus.
2497 5649 2662 5724 Nemo
2687 5649 2830 5724 vadit
2855 5650 2918 5702 ad
2949 5652 3278 5724 magistrum,
3308 5663 3360 5706 et
3391 5649 3554 5708 docet

1966 5720 2278 5798 magistrum
2303 5738 2477 5798 suum.
2508 5720 2806 5798 Venistiuad
2836 5729 3031 5798 me,_nt
3063 5721 3311 5798 docerem
3339 5733 3390 5779 te
3417 5726 3554 5798 litt¢~

1967 5791 2096 5856 ras“:
2118 5799 2162 5852 si
2191 5796 2282 5851 tibi
2309 5795 2592 5864 scripsero,
2621 5801 2676 5865 et
2694 5791 2880 5865 dixero
2907 5793 3034 5865 tibi,
3067 5795 3254 5850 Scribe
3279 5795 3550 5865 quomodo

1969 5882 2024 5928 et
2048 5886 2147 5943 ego
2172 5869 2367 5936 scribo,
2396 5860 2577 5938 utique
2615 5862 2810 5920 imitari
2835 5860 3000 5919 debes
3032 5879 3192 5935 quem
3234 5860 3549 5938 magistrum
