4100 6344
536 333 679 394 19.25

536 445 769 521 elegisti.
808 442 1017 521 Aliqpis
1053 440 1243 499 doetus
1277 436 1397 495 est?
1422 434 1772 521 Eevaditnad
1799 433 2121 521 peritiorem

537 506 871 591 magistrum.
904 506 1018 572 Hoc
1064 522 1234 569 totum
1264 525 1430 582 quare
1457 509 1624 591 dico?
1764 506 2119 591 obedientiam

538 578 890 648 exhibeamus
912 590 968 643 in
995 596 1170 657 patres
1195 578 1425 657 nos—tros:
1444 581 1550 657 Qui
1578 579 1817 657 patribus
1844 592 1949 657 non
1973 578 2124 657 obse:

540 647 741 733 quitur,
771 647 1015 733 Deonon
1039 656 1368 733 obsequitor_.
1396 647 1532 733 Dicit
1557 647 1998 733 enim_Domitius,
2025 647 2124 713 Qui

540 720 625 789 tios
653 720 941 796 contemnit,
987 746 1069 783 me
1108 720 1376 781 coritemnit
1404 722 1656 796 (Luclgx,
1701 722 1813 791 16).
1853 720 1953 796 Qui
1997 734 2126 789 ergo

541 804 837 861 contemnit
864 791 1177 871 Apostolus,
1209 791 1502 871 contemnit
1522 792 1790 871 Christum
1807 810 1835 871 _:
1863 791 1950 862 qui
1992 804 2125 871 eon-

544 874 734 931 temnit
773 863 954 944 patres
1022 868 1313 944 contemnit
1350 866 1622 944 Christum
1670 865 1759 935 qui
1806 864 1858 918 in
1889 863 2127 944 patribus

542 956 645 1001 est.
687 934 800 999 Hoc
842 943 990 1003 dico.
1018 939 1257 1011 quiahie
1293 938 1345 992 in
1391 936 1779 1011 nobis_su_mnia
1819 945 1874 990 et
1905 934 2016 1011 sola
2045 941 2129 987 est

542 1018 709 1071 virtus
739 1004 1076 1069 obedientité.
1107 1010 1161 1066 Si
1185 1008 1509 1079 jejunaveris
1533 1006 1724 1079 diebus
1758 1021 1822 1079 ac
1852 1004 2125 1079 noctibus,

543 1087 944 1153 orationemque
975 1076 1198 1147 feceris,
1218 1076 1345 1153 siin
1372 1094 1528 1153 sacco
1553 1077 1715 1133 fueris
1738 1078 1821 1132 vel
1849 1077 1901 1131 in
1924 1076 2124 1141 cinere,

543 1160 588 1214 si
617 1156 761 1213 aliud
790 1150 918 1211 nihil
950 1153 1157 1215 feceris,
1188 1152 1286 1205 nisi
1307 1150 1675 1221 quodcumque
1705 1157 2027 1221 praeceptum
2048 1155 2131 1200 est

546 1229 597 1284 in
646 1229 796 1298 lege,
849 1235 903 1298 et
944 1224 1040 1298 tibi
1066 1225 1081 1255 ¹
1114 1222 1278 1278 fueris
1307 1217 1457 1298 quasi
1497 1217 1744 1298 sapiens,
1784 1217 2131 1298 et__obedi_ens

546 1300 684 1369 patri
699 1288 829 1352 Vnon
872 1295 1035 1351 fueris
1058 1336 1073 1361 ,
1094 1309 1294 1369 onlnes
1326 1288 1575 1347 'virtutesi
1595 1290 1975 1369 disperdidisti.
2014 1288 2131 1369 lina

546 1360 847 1426 obedientia
874 1368 995 1437 plus
1022 1360 1183 1427 valet,
1213 1380 1368 1437 quam
1399 1377 1588 1437 omnes
1618 1363 1841 1416 virtutes
1869 1361 2005 1437 alia}.
2036 1360 2133 1437 J_e-

543 1442 755 1511 junium
786 1432 1247 1511 vel-continentia,—
1272 1435 1395 1511 nisi
1415 1442 1465 1489 te
1493 1432 1772 1511 diligenter
1792 1432 2092 1511 attenderis
2115 1472 2129 1498 ,

491 1513 495 1516 ’
543 1502 845 1581 superbiam
874 1509 977 1581 tibi
996 1507 1123 1562 facit
1147 1525 1160 1560 :
1184 1506 1432 1581 superbia
1459 1502 1633 1581 autem
1654 1503 1871 1581 inimiea
1890 1512 1974 1581 est
2000 1502 2129 1557 Deo.

546 1574 690 1637 Nihil
716 1582 793 1637 sic
820 1579 934 1635 odit
964 1580 1122 1645 Deus,
1156 1574 1425 1648 quomodo
1454 1575 1790 1648 superbiam._
1805 1574 2135 1648 Quicumque

546 1669 655 1709 non
685 1651 887 1718 obedit,
916 1665 1024 1705 non
1065 1644 1189 1704 facit
1213 1649 1281 1704 de
1305 1644 1605 1711 sanctitate,
1637 1645 1732 1701 sed
1760 1644 1829 1699 de
1861 1644 2130 1718 superbia.

496 1770 499 1777 λ
550 1723 677 1779 Ideo
701 1724 843 1848 cling}
872 1715 980 1777 non
1003 1721 1203 1788 obedit,
1226 1719 1347 1790 quia
1374 1718 1649 1773 meliorem
1668 1732 1728 1773 se
1753 1724 1903 1787 putat
1930 1716 2022 1771 illo
2048 1715 2135 1770 cui

496 1806 505 1848 ξ
550 1811 657 1848 non
690 1810 722 1848 ο
761 1810 789 1848 e
833 1803 888 1847 it.

498 1806 505 1850 ἶ
550 1811 657 1850 non
690 1803 888 1848 ουεσιι.

622 1865 846 1921 CAPUT
876 1862 938 1917 ll.
982 1861 1235 1931 Superbia
1278 1869 1536 1931 peccatum
1579 1860 1802 1914 omnium
1843 1857 2130 1931 pessimum.

546 1937 673 1993 Cum
700 1935 933 2006 superbia
958 1930 1336 2006 virtutishpotest
1361 1949 1467 1987 esse
1497 1932 1708 2006 species,
1743 1938 1852 2006 nbit
1869 1930 2138 2006 resLSim-

552 2001 907 2079 pliciter'dieo
937 2005 1087 2079 vobis
1110 2001 1335 2079 :rOmnia
1362 2001 1578 2079 peccata
1616 2002 1740 2079 odio
1766 2001 1927 2079 habet
1958 2001 2095 2079 Deus
2116 2042 2131 2066 ,

552 2072 913 2141 inendacium,
945 2076 1256 2146 perjurium,
1290 2072 1505 2138 furtum,
1538 2073 1895 2146 latrocinium,
1924 2072 2135 2146 adulte-

552 2150 690 2205 rium
712 2191 727 2215 ,
759 2144 1197 2210 fornicationem,
1232 2148 1285 2200 in
1312 2147 1501 2215 quibus
1540 2145 1584 2199 si
1627 2145 1745 2214 quis
1770 2144 2137 2213 deprehensus

552 2165 690 2205 rium
712 2191 727 2215 ,
759 2163 1162 2204 iormcanonem
1184 2188 1197 2210 ,
1232 2163 1285 2200 in
1312 2163 1501 2269 qlmous
1540 2163 1584 2199 sn
1627 2163 1745 2214 (μηδ
1770 2163 2133 2213 ueprenensus

552 2220 761 2285 fuisset,
792 2237 898 2275 non
924 2226 1105 2289 posset
1128 2217 1312 2272 oculos
1358 2232 1514 2289 evare
1535 2258 1549 2283 ,
1579 2216 1672 2270 sed
1712 2215 1788 2289 sic
1817 2231 1939 2269 eum
1968 2214 2133 2289 habe-

546 2308 733 2347 remus
757 2292 907 2360 quasi
926 2286 1340 2345 exsecrabilem:
1361 2289 1404 2341 si
1426 2288 1543 2360 quis
1564 2286 1822 2360 superbus
1842 2297 1944 2351 est,
1969 2286 2136 2360 multo

548 2362 701 2431 pejus
731 2357 1005 2430 peccatum
1032 2360 1155 2431 facit
1178 2374 1339 2431 quam
1377 2357 1699 2412 adulterium
1720 2367 1823 2431 ;V_et
1850 2367 2028 2431 tamen
2056 2357 2137 2412 lo-

588 2427 760 2486 uimur
778 2447 899 2487 eum
926 2447 1011 2485 eo.
1042 2430 1144 2494 Qui
1169 2427 1479 2492 fornicatur,
1504 2438 1681 2498 potest
1704 2428 1899 2497 aliquid
1921 2427 2132 2483 dicere:

606 2503 695 2556 icit
725 2518 811 2556 me
839 2516 965 2556 caro
997 2515 1112 2554 mea
1135 2540 1151 2566 ,
1183 2500 1455 2569 superavit
1481 2514 1568 2553 me
1601 2498 1969 2553 adolescentia
1996 2513 2134 2569 mea.

552 2572 669 2628 Non
716 2573 837 2627 dico
895 2571 1036 2641 quod
1083 2568 1259 2641 facere
1304 2568 1503 2623 debeas
1520 2572 1586 2635 γ’,
1630 2569 1888 2641 siquidem
1938 2578 1993 2623 et
2028 2568 2138 2641 hoc

550 2644 675 2699 odio
700 2642 862 2698 habet
882 2639 1023 2697 Deus
1046 2657 1059 2693 :
1083 2640 1176 2695 sed
1206 2640 1257 2694 in
1280 2641 1679 2709 comparatione
1697 2640 1823 2693 maii
1845 2640 1987 2705 dico,
2012 2639 2138 2706 Qui-

548 2729 779 2784 cumque
804 2714 945 2768 aliud
965 2720 1243 2783 peceatum
1268 2710 1846 2784 fecerit,verbieabsa,
1871 2711 1914 2764 si
1938 2710 2137 2784 furtum

549 2781 750 2850 fecerit,
768 2781 1023 2841 excusare
1039 2790 1233 2854 potest.
1252 2782 1545 2854 Quidenim
1559 2782 1705 2854 dicit,
1725 2781 2007 2854 Propterea
2032 2782 2140 2836 fur-

553 2866 665 2912 tum
686 2856 806 2921 feci,
827 2858 963 2927 quia
979 2852 1221 2927 eg'ebam,
1235 2853 1357 2927 quia
1374 2852 1513 2908 fame
1525 2853 1814 2927 moriebbr,
1832 2853 1953 2923 quia
1966 2868 2137 2927 aegro-

550 2930 751 2983 tabam.
783 2922 1056 2999 Superbus
1086 2924 1214 2996 quid
1238 2922 1457 2999 _dicere_
1484 2922 1863 2999 potest?_ldeo’
1891 2922 2138 2999 superbia

550 3000 672 3055 vide
697 2994 952 3067 quantam
979 2994 1178 3053 malum
1206 2996 1295 3060 sit,
1319 2996 1460 3065 quod
1484 2994 1879 3067 excusationem
1905 3010 2009 3048 non
2043 2994 2140 3049 ha-

550 3070 661 3126 bet.
694 3064 898 3125 Caetera
929 3070 1053 3125 vitia
1080 3069 1160 3123 eis
1181 3064 1394 3131 nocent,
1428 3067 1515 3137 qui
1543 3082 1606 3121 ea
1634 3064 1977 3121 committunt
2002 3080 2141 3137 ica:-

559 3151 736 3197 terum
766 3140 1015 3211 superbia
1047 3140 1165 3210 plus
1191 3136 1640 3211 omnibus’nocet.
1674 3137 1788 3191 Hoc
1830 3136 2138 3211 ergodico,

551 3228 621 3283 ne
682 3207 925 3283 cogitetis
954 3207 1244 3283 peccatum
1287 3209 1557 3283 modicum
1604 3223 1739 3283 esse
1769 3207 2136 3283 superbiam}.

552 3278 911 3352 Nempe'quid
936 3278 1065 3336 dicit
1089 3279 1410 3352 Apostolus?
1439 3279 1523 3352 Ne
1546 3280 1693 3352 quis,
1727 3279 1927 3347 inquit,
1954 3278 2142 3352 incidat

553 3355 608 3408 in
628 3349 886 3423 judicium
914 3352 1103 3406 diaboli
1131 3351 1175 3421 (Ι
1204 3350 1442 3423 Tigrum,
1467 3349 2140 3423 6).’_Videergo_quoniam

555 3420 879 3496 quicumque
922 3420 1159 3496 inflatur,
1190 3422 1242 3475 in
1265 3421 1525 3496 judicium
1562 3420 1989 3496 diaboli_incidit.
2035 3420 2145 3496 Hoc

559 3491 689 3567 ergo
714 3491 836 3550 dico
862 3495 1154 3567 secundum
1176 3493 1601 3567 quodscriptum
1622 3500 1724 3567 est,
1740 3491 1892 3567 _Deus
1918 3491 2145 3567 superbis

564 3561 769 3633 resistit,
803 3566 1077 3619 humilibus
1105 3561 1279 3634 autem
1300 3564 1387 3616 dat
1415 3561 1630 3634 gratiam
1660 3563 1700 3633 (ι
1731 3561 1872 3615 Petr.
1898 3578 1950 3623 v,
1984 3562 2060 3632 5),
2089 3572 2146 3614 ut

557 3640 735 3693 omnia
765 3638 978 3707 quidem
1007 3646 1222 3707 peccata
1262 3633 1546 3707 fugiamus,
1576 3634 1806 3688 maxime
1839 3642 2143 3707 autemsa-

563 3704 981 3780 perbianiaDico
1006 3704 1164 3780 vobis
1179 3707 1245 3761 de
1268 3706 1541 3780 superbia,
1568 3720 1781 3780 semper
1807 3704 2147 3780 sib_i__sapiens

561 3774 793 3835 videtur.
825 3779 882 3834 Si
907 3780 1025 3838 quis
1049 3778 1115 3833 de
1152 3774 1404 3831 fratribus
1442 3776 1650 3831 dederit
1673 3776 1722 3829 ei
1752 3774 2031 3829 consilium
2053 3814 2067 3838 ,
2092 3782 2146 3828 et

562 3851 758 3908 dixerit
782 3851 861 3915 ei,
890 3844 1099 3916 Frater,
1134 3863 1239 3904 non
1268 3848 1433 3903 debes
1454 3848 1531 3902 sic
1554 3863 1748 3917 agere;
1780 3861 1887 3900 non
1918 3861 2039 3900 eum
2067 3844 2146 3898 di-

562 3932 755 4006 gnatur
783 3922 966 4006 audire
987 3962 1001 3985 ,
1030 3922 1238 4006 quiase
1268 3921 1434 4006 magis
1475 3920 1765 4006 sapientem
1797 3926 1949 4006 puta}
1989 3932 2145 4006 quau:

569 3986 718 4049 illum
746 3995 835 4063 qui
863 3994 953 4047 dat
985 3986 1288 4047 consilium.
1330 3986 1397 4043 Evt
1419 3986 1553 4059 quid
1577 3990 1716 4063 dicit
1734 3986 2147 4063 in—corde__Suo‘:'

561 4064 675 4134 Ego
696 4056 830 4134 mihi
862 4064 1155 4134 sapientior
1179 4080 1192 4115 :
1216 4076 1317 4134 ego
1348 4056 1476 4130 ergo
1491 4076 1607 4134 non
1636 4056 2145 4134 habeoconsilium?

566 4130 833 4203 thquid
861 4144 917 4187 tu
932 4130 1001 4187 es
1042 4130 1333 4201 sapientior
1358 4146 1466 4203 me,
1491 4132 1614 4203 licet
1639 4146 1745 4203 non
1770 4130 1943 4195 dicat;
1970 4139 2147 4203 tamen

560 4220 626 4330 ex
654 4200 889 4285 eo'quod
911 4200 1205 4258 contemnit
1241 4201 1522 4256 consilium
1546 4200 1748 4269 fratris,
1781 4202 1833 4255 in
1863 4200 2024 4255 corde
2052 4214 2149 4254 suo

587 4284 820 4330 ouuuur.

587 4276 820 4331 oauhur.

622 4292 910 4417 (Eligam
936 4344 1055 4399 dico
1075 4386 1089 4411 ,
1120 4342 1222 4417 Qui
1260 4340 1564 4417 superbiam
1608 4341 1790 4417 habet,
1831 4342 1967 4417 sine
1988 4356 2148 4417 causa

564 4419 696 4472 alias
714 4412 889 4472 habet
912 4420 1152 4471 virtutes.
1185 4412 1353 4469 liabet
1381 4414 1642 4469 virtutes?
1670 4414 1780 4469 lmo
1819 4429 1924 4468 non
1954 4412 2148 4479 habet,

567 4489 662 4545 sed
702 4489 908 4542 videtur
948 4488 1161 4542 habere.
1193 4486 1293 4553 Qui
1333 4488 1474 4542 enim
1516 4486 1616 4539 hoc
1658 4487 1815 4539 habet

568 4561 894 4616 contrarium
925 4568 1026 4622 est,
1060 4558 1326 4626 quomodo
1359 4568 1533 4628 potest
1557 4557 1752 4627 aliquid
1778 4556 1975 4611 habere
2000 4556 2148 4628 quod

569 4632 682 4688 Deo
706 4634 933 4686 amicum
959 4630 1065 4684 sit?
1094 4628 1115 4659 ⁸
1155 4626 1414 4698 Superbia
1442 4630 1495 4683 in
1526 4630 1849 4684 monasterio
1881 4629 1957 4682 fit.
1991 4626 2046 4683 Si
2066 4627 2151 4698 je-

627 4768 645 4799 ι
681 4766 799 4816 Editi
824 4764 903 4813 hic
925 4764 1122 4823 addunt,
1151 4762 1296 4813 visus.

564 4830 658 4942 de;
681 4829 818 4941 u‘iiti,
843 4827 968 4891 quod
992 4826 1082 4878 sibi
1104 4822 1192 4876 hoc
1209 4827 1371 4890 facere
1395 4822 1555 4886 liceat,
1576 4831 1658 4875 aut
1681 4823 1807 4889 quod
1834 4836 1884 4875 se
1917 4837 2153 4876 excusare

658 4904 715 4940 ea
740 4927 752 4939 .

630 4927 827 5019 rmias,
851 4964 961 5019 non,
992 4958 1114 5019 loco,
1137 4950 1397 5019 modicum.
1546 4994 1569 5019 ο

562 5014 1112 5129 ῃῷάὶἰὶἴιινλίὶὅίῐιιΐίη
1134 5014 1365 5063 Ms.Colb.
1409 5026 1439 5063 a
1481 5012 1691 5062 secunda
1728 5023 1898 5072 manu,
1923 5012 2014 5063 sed
2037 5024 2153 5073 quo-

676 5090 705 5126 0

1979 316 2348 378 APPENDIX.

1855 4484 1995 4555 quod
2041 4485 2150 4538 Deo
2180 4494 2183 4499 '

3670 320 3816 381 ιω

2223 436 2495 506 junamus,
2519 436 2790 507 erigimur.
2818 410 3128 494 Orationem
3151 435 3379 493 facimus
3409 448 3510 507 pro
3531 441 3769 507 peccatis
3794 459 3811 497 :

2225 517 2284 563 et
2308 507 2363 563 in
2388 510 2688 578 superbiam
2713 512 2985 581 erigimur.
3011 508 3219 580 Aliquis
3254 508 3461 579 jejunat
3496 526 3593 579 pro
3787 543 3813 555 -

2230 579 2300 633 tis
2330 582 2463 636 suis.
2490 589 2545 635 et
2565 597 2659 636 pro
2681 582 2913 636 peccatis
2934 582 3045 636 suis
3069 581 3177 636 agit
3201 580 3569 636 nmuitentiam
3584 581 3610 634 ?
3626 526 3808 636 m-

2230 580 2300 633 tis
2330 582 2463 651 suis,
2490 589 2545 635 et
2565 597 2659 649 pro
2681 580 2913 651 peccatis
2934 582 3045 636 suis
3069 581 3177 649 agit
3201 580 3569 651 paenitentiam
3584 581 3610 634 ?
3637 580 3694 636 lu
3717 599 3808 638 su-

2231 650 2467 725 perbiam
2491 650 2779 707 extollitur.
2807 654 2930 708 ldeo
2950 653 3185 725 jejunas,
3206 650 3337 725 ideo
3356 667 3496 720 oras,
3528 652 3652 708 ideo
3673 670 3811 725 pra:-

2230 731 2381 792 cepta
2410 723 2559 791 facis,
2586 733 2852 780 utcontra
2883 725 3049 779 Deum
3081 722 3284 778 facias?

2300 792 2528 850 CAPUT
2573 794 2656 850 Ill.
2710 794 2930 850 Prwstat
2969 796 3103 849 vitiis
3146 795 3376 849 omnibus
3437 795 3666 850 deditum
3710 813 3815 851 esse

2232 880 2383 936 quam
2421 867 2712 937 superbum.
2742 866 2789 920 Α
2852 866 3157 921 monasterio
3199 868 3253 920 in
3315 883 3537 937 ereptum
3577 869 3815 921 seceden-

2234 935 2305 989 tes
2354 935 2570 1006 fratrum
2625 938 2861 1008 synaxim
2920 955 3020 992 non
3060 947 3323 1007 spernant.
3381 935 3541 993 Secus
3580 939 3816 1008 faciaues

2234 1018 2499 1081 coguntur.
2519 1007 2666 1081 Hine
2704 1026 2804 1064 non
2847 1010 3092 1081 arguendi
3121 1008 3208 1079 qui
3241 1026 3275 1081 e
3303 1008 3513 1062 desertis
3552 1007 3736 1079 fratres
3770 1010 3818 1062 in

2234 1080 2454 1133 eoenobio
2479 1079 2701 1135 visitant.
2726 1079 3015 1135 Monachus
3036 1081 3079 1133 si
3104 1080 3364 1150 superbus
3385 1090 3488 1143 est,
3518 1082 3688 1134 multo
3713 1097 3820 1134 me-

2234 1150 2337 1203 lius
2365 1152 2413 1204 ei
2450 1161 2566 1205 erat
2598 1151 2643 1205 si
2666 1167 2892 1206 uxorem
2920 1152 3161 1207 duceret.
3198 1152 3307 1220 Ego
3333 1151 3651 1219 simpliciter
3680 1152 3816 1216 dico,

2236 1230 2289 1275 et
2329 1222 2490 1276 libera
2530 1222 2700 1277 fronte
2727 1223 2874 1285 dico,
2907 1223 3028 1292 quia
3058 1223 3378 1292 quicumque
3406 1223 3676 1289 superbus
3706 1232 3784 1274 est
3803 1265 3818 1287 ,

2236 1292 2429 1347 melius
2456 1301 2570 1347 erat
2591 1294 2639 1348 ei
2668 1294 2686 1364 (
2702 1301 2756 1348 et
2785 1293 2885 1348 hoc
2914 1295 2967 1347 in
2998 1293 3396 1362 comparatione
3428 1294 3552 1348 mali
3582 1293 3738 1362 dico)
3769 1306 3821 1347 ut

2237 1364 2414 1418 omnia
2441 1365 2541 1418 alia
2581 1365 2704 1419 vitia
2748 1365 3000 1428 haberet,
3030 1364 3151 1433 quia
3183 1380 3247 1419 ex
3277 1364 3433 1418 malis
3459 1367 3573 1417 suis
3597 1364 3819 1417 inclina-

2237 1445 2387 1490 retur
2415 1435 2480 1489 ad
2512 1436 2879 1503 paenitentiam
2906 1437 2948 1503 ί,
2981 1445 3036 1491 et
3064 1452 3169 1489 non
3197 1450 3387 1489 omnes
3411 1434 3735 1503 despiceret.
3767 1437 3819 1488 Si

2239 1516 2415 1561 autem
2445 1516 2563 1575 post
2608 1517 2821 1576 peccata
2852 1515 3036 1578 ageret
3069 1506 3435 1573 paenitentiam
3460 1547 3477 1571 ,
3507 1507 3697 1578 utique
3730 1506 3816 1559 Dei

2238 1577 2659 1633 misericordiam
2690 1577 3005 1634 mereretur.
3052 1579 3151 1644 Qui
3183 1586 3363 1632 autem
3405 1577 3671 1645 superbus
3702 1586 3817 1640 est,

2240 1649 2479 1705 omnium
2507 1650 2767 1704 malorum
2799 1651 2956 1705 habet
2989 1649 3327 1719 principium,
3358 1656 3412 1702 et
3449 1663 3553 1701 non
3581 1649 3690 1716 agit
3714 1663 3821 1717 pm-

2239 1722 2547 1786 nitentiam,
2578 1722 2727 1791 quasi
2753 1721 2929 1791 justus
2958 1723 3046 1775 sit.
3092 1721 3377 1788 Propterea
3407 1719 3677 1791 superbia
3700 1736 3821 1773 con-

2238 1792 2401 1847 traria
2429 1800 2511 1846 est
2540 1790 2648 1847 Deo
2667 1833 2682 1858 ,
2714 1790 2833 1862 quia
2869 1792 2976 1847 Deo
3003 1807 3110 1845 non
3150 1791 3446 1860 subjicitur.
3476 1790 3567 1845 Sic
3591 1790 3738 1862 etaim
3766 1806 3822 1843 se

2240 1863 2402 1919 habet
2428 1864 2577 1930 quasi
2619 1860 2813 1932 justus.
2845 1862 3118 1932 Superbus
3164 1879 3270 1916 non
3311 1862 3419 1931 agit
3458 1860 3819 1930 pmnitentiam

2241 1952 2336 2006 pro
2361 1935 2515 1989 malis
2544 1938 2675 1993 suis.
2694 1946 2757 2006 et
2786 1935 3045 2006 gloriatur
3072 1932 3231 2006 quasi
3258 1948 3355 2006 pro
3379 1932 3559 2006 bonis.

2311 2005 2439 2061 Haec
2458 2020 2625 2075 quare
2653 2000 2898 2069 dixerim,
2932 2015 2985 2060 et
3014 2000 3111 2060 vos
3137 2004 3234 2074 ipsi
3258 2000 3581 2075 intelligitis,
3612 2011 3668 2057 et
3695 2000 3833 2056 alio-'

2240 2094 2360 2133 rum
2404 2074 2572 2131 ruinze
2616 2085 2796 2132 nostra
2837 2075 3033 2131 debent
3072 2091 3191 2130 esse
3231 2075 3496 2143 exempla.
3538 2074 3823 2141 Propterea

2241 2150 2484 2204 venimus
2514 2150 2565 2202 in
2592 2148 2974 2203 monasterium
2996 2190 3011 2212 ,
3045 2147 3345 2200 libertatem
3378 2146 3559 2199 srecnli
3589 2146 3821 2213 perdidi-

2241 2236 2391 2287 mus,
2430 2228 2489 2273 ut
2525 2220 2835 2273 servitutem
2866 2217 3061 2271 Christi
3103 2217 3449 2287 accipiamus.
3498 2215 3703 2269 Deinde
3731 2217 3821 2269 ista

2242 2290 2309 2346 de
2338 2290 2590 2345 fratribus
2629 2291 2835 2360 loquor,
2863 2290 2952 2358 qui
2984 2288 3156 2343 solent
3186 2288 3377 2360 sedere
3413 2288 3625 2360 longius
3651 2302 3681 2339 a
3714 2302 3823 2360 mo:

2241 2364 2497 2429 nasterio,
2529 2378 2595 2415 ne
2623 2358 2714 2415 eis'
2739 2361 2931 2416 debeat
2960 2361 3106 2413 nasci
3151 2359 3401 2428 superbia
3441 2359 3510 2412 de
3553 2358 3820 2426 exemplo.

2242 2433 2300 2487 ln
2331 2433 2575 2487 coenobio
2600 2433 2773 2486 vixisti
2800 2451 2813 2487 :
2848 2431 3040 2500 placuit
3063 2432 3153 2485 tibi
3181 2440 3237 2483 ut
3264 2444 3510 2484 maneres
3535 2429 3590 2482 in
3619 2430 3823 2482 decimo

2242 2504 2528 2559 milliario?
2575 2503 2689 2574 Non
2742 2499 2905 2556 debes
2961 2503 3202 2574 synaxim
3248 2510 3557 2574 sanctorum
3594 2499 3825 2574 fratrum

2242 2585 2607 2631 contemnere.
2634 2573 2748 2627 Non
2775 2584 2826 2627 te
2846 2589 2972 2699 ergo
2991 2570 3235 2628 viliorem
3262 2582 3433 2641 putes,
3467 2573 3512 2624 si
3540 2570 3609 2623 ad
3640 2571 3825 2624 fratres

2242 2647 2454 2699 veneris
2498 2647 2550 2699 in
2580 2646 2867 2699 civitatem.
2947 2646 2959 2697 i
3007 2644 3383 2699 necessitatem
3412 2642 3642 2696 haberes
3676 2645 3750 2694 ire
3778 2650 3825 2695 et

2241 2647 2454 2701 veneris
2498 2647 2550 2699 in
2580 2646 2867 2699 civitatem.
2906 2642 2959 2699 Si
3007 2644 3383 2699 necessitatem
3412 2642 3642 2696 haberes
3676 2645 3750 2694 ire
3778 2650 3827 2695 et

2243 2718 2424 2772 videre
2449 2718 2731 2781 mulieres,
2762 2725 2817 2770 et
2843 2730 3064 2770 necesse
3094 2716 3372 2768 habuisses
3402 2714 3479 2767 ire
3510 2714 3565 2766 in
3596 2714 3824 2781 plateas:

2243 2802 2388 2845 recte
2417 2804 2523 2842 non
2564 2788 2689 2843 ires.
2721 2787 2800 2841 Ad
2840 2786 3083 2857 synaxim
3122 2795 3426 2839 sanctorum
3465 2783 3693 2857 fratrum
3726 2799 3825 2857 non

2246 2860 2435 2913 vadis?
2462 2860 2506 2913 0
2536 2869 2590 2913 tu
2629 2857 2720 2929 qui
2750 2854 2934 2912 manes
2965 2858 3015 2911 in
3048 2868 3277 2923 secreto,
3308 2865 3401 2929 aut
3424 2856 3619 2929 melipr
3642 2869 3704 2909 es
3729 2854 3828 2929 fra-

2244 2931 2417 2985 tribus
2439 2931 2530 2999 qni
2558 2926 2684 2984 sunt
2719 2930 2771 2983 in
2802 2929 3092 2993 cmuobiis,
3134 2937 3226 2982 aut
3255 2928 3406 2997 pejor
3431 2942 3510 2981 es.
3542 2926 3621 2999 Si
3644 2926 3828 2979 melior

2245 3016 2333 3067 es,
2362 2996 2480 3055 veni
2510 3010 2568 3055 ut.
2590 3000 2668 3055 eis
2695 3002 3001 3067 exemplum
3026 3000 3148 3054 vitae
3177 2996 3280 3053 tua:
3309 2999 3508 3053 tribuas
3532 3015 3544 3050 :
3580 2996 3626 3051 si
3654 3006 3829 3050 autem

2245 3073 2481 3127 deterior
2500 3087 2576 3137 es,
2612 3071 2732 3126 veni
2754 3081 2811 3125 ut
2836 3068 3011 3126 discas
3040 3086 3160 3141 qua:
3189 3070 3384 3124 nescis.
3417 3068 3683 3137 Superbia
3739 3083 3831 3141 na-

2245 3146 2431 3209 scitur,
2451 3142 2662 3211 quando
2686 3142 2874 3212 aliquis
2900 3143 3027 3196 dicit
3051 3139 3111 3196 Se
3136 3150 3398 3197 secretum
3426 3142 3637 3205 sedere,
3656 3147 3711 3212 et
3731 3139 3831 3191 fra-

2246 3224 2357 3270 tres
2386 3230 2491 3269 non
2517 3211 2972 3285 dignatur’videre
2997 3222 3052 3268 et
3078 3213 3329 3279 visitare,
3361 3222 3414 3266 et
3444 3212 3497 3265 in
3527 3211 3830 3285 superbiam

2247 3286 2487 3355 erigitur.
2531 3280 2655 3339 Haec
2681 3293 2961 3354 pr0pterea
3002 3285 3189 3353 loquor
3216 3290 3480 3352 praesente
3508 3291 3707 3355 saneto
3727 3280 3830 3333 fra-

2249 3352 2353 3420 tre,
2376 3356 2467 3426 qui
2494 3356 2594 3410 hoc
2614 3352 2776 3426 opere
2789 3352 2937 3417 facit,
2965 3364 3020 3408 ut
3048 3352 3147 3408 hoc
3171 3355 3312 3423 quod
3332 3369 3431 3423 ego
3452 3355 3664 3422 loquor,
3694 3352 3830 3426 hunc

2248 3422 2428 3482 sciatis
2454 3443 2616 3495 Opere
2641 3422 2835 3481 facere.
2869 3427 3105 3494 Denique
3136 3422 3288 3479 multi
3319 3422 3486 3479 sancti
3516 3432 3719 3492 patres,
3744 3422 3830 3491 qui

2248 3515 2374 3554 vere
2425 3508 2604 3567 patres
2654 3506 2812 3561 sunt,
2861 3497 2949 3565 qui
2998 3505 3187 3564 regunt
3231 3496 3436 3550 animas
3486 3505 3829 3567 sanctorum,

2250 3562 2463 3640 quando
2491 3570 2695 3638 aliquos
2716 3562 2947 3623 viderint
2968 3562 3190 3635 juvenes
3219 3566 3297 3640 ire
3311 3568 3387 3640 bad
3426 3567 3659 3640 deserta,
3693 3576 3749 3618 et
3769 3562 3833 3617 ad

2249 3637 2551 3696 coenobium
2583 3637 2687 3694 non
2715 3640 2919 3702 venire.
2952 3648 3007 3693 et
3033 3642 3084 3692 in
3112 3637 3360 3706 superbia
3386 3653 3527 3704 esse,
3560 3637 3763 3689 vadunt
3783 3643 3834 3688 et

2248 3713 2355 3767 vim
2386 3713 2464 3766 eis
2511 3711 2740 3772 faciunt,
2772 3720 2825 3764 et
2862 3710 3131 3763 adducunt
3168 3725 3263 3762 eos
3295 3727 3305 3760 :
3339 3723 3445 3762 non
3478 3717 3537 3761 ut
3577 3713 3830 3768 noceant,

2253 3784 2345 3838 sed
2373 3792 2433 3837 ut
2473 3783 2689 3836 tollatur
2716 3781 2796 3835 eis
2833 3781 3098 3849 superbia.
3134 3780 3243 3834 lioc
3272 3790 3559 3849 prepterea
3591 3778 3744 3842 dico,
3776 3785 3836 3830 ut

2252 3856 2325 3910 illi
2352 3857 2438 3923 qui
2468 3861 2685 3907 manent
2718 3852 2772 3905 in
2803 3853 3044 3918 secretis,
3073 3861 3124 3905 et
3151 3853 3371 3923 veniunt
3403 3850 3467 3903 ad
3496 3849 3797 3923 coenobiqu
3816 3887 3833 3911 ,

2252 3937 2307 3981 et
2343 3921 2531 3979 fratres
2559 3924 2804 3989 visitant,
2834 3924 2900 3977 ab
2939 3923 3021 3976 his
3054 3923 3143 3991 qui
3181 3932 3303 3975 sunt
3339 3922 3389 3974 in
3432 3921 3835 3991 cmnobiisinon

2254 4006 2542 4067 arguantur
2562 3993 3207 4067 quasiimpatientes,_sed
3227 3992 3377 4063 quasi
3398 3990 3836 4067 bn_miles._Nemo

2254 4063 2396 4123 dicat
2420 4068 2485 4121 de
2511 4065 2682 4130 vobis,
2714 4063 2852 4119 Ecce
2874 4066 2963 4119 ille
2982 4066 3068 4135 qui
3098 4065 3152 4118 in
3175 4080 3358 4119 eremo
3384 4063 3557 4135 sedet,
3584 4063 3708 4132 quia
3733 4075 3837 4114 non

2254 4141 2473 4209 patitur,
2511 4137 2679 4191 venit.
2723 4134 3013 4209 Pr0pterea’
3056 4137 3197 4209 venit
3247 4142 3399 4209 ut__t_e_
3427 4134 3691 4209 aedificet,
3736 4146 3837 4209 non

2254 4204 2491 4265 destruat
2512 4250 2528 4274 ,
2557 4216 2612 4261 et
2638 4218 2694 4260 ut
2731 4207 3030 4277 superbiam
3064 4208 3269 4275 perdat.
3307 4205 3492 4261 Videte
3520 4205 3696 4275 qualis
3725 4204 3839 4256 vita:

2256 4282 2342 4337 sit.
2378 4280 2518 4334 Vivit
2545 4281 2593 4331 in
2622 4277 2854 4339 deserto.
2887 4287 2940 4331 et
2968 4287 3141 4331 tamen
3171 4278 3396 4347 gloriam
3428 4291 3533 4331 non
3561 4277 3723 4330 habet
3751 4290 3839 4329 eo-

2256 4368 2372 4407 rum
2404 4351 2494 4421 qui
2520 4351 2569 4402 in
2597 4352 2811 4404 deserto
2840 4359 2983 4402 sunt.

2329 4418 2467 4477 Deus
2499 4423 2675 4490 itaque
2701 4421 3037 4490 omnipotens
3064 4419 3241 4474 omnia
3271 4435 3386 4488 qua:
3414 4418 3576 4472 locuti
3619 4433 3831 4483 sumus,

2257 4489 2599 4549 orationibus,
2632 4489 2937 4546 sanctorum
2983 4506 3079 4545 nos
3135 4507 3345 4561 qucque
3391 4491 3616 4557 implere
3664 4489 3833 4561 faciat.

2257 4566 2397 4620 Nihil
2426 4567 2567 4619 enim
2598 4564 2799 4634 grande
2841 4571 2925 4616 est
2965 4563 3178 4627 dicere,
3214 4560 3305 4616 sed
3338 4561 3536 4634 facere.
3570 4560 3676 4615 Sed
3702 4560 3837 4630 quod

2259 4652 2358 4708 ego
2408 4631 2731 4708 facerenon
2775 4649 2987 4708 pQSs‘tlm
3030 4641 3085 4688 ct
3118 4634 3337 4708 _loqnor,
3385 4631 3505 4687 ideo
3556 4633 3745 4708 loquor
3790 4640 3841 4708 ut

2258 4701 2347 4779 qhi
2376 4717 2549 4777 potest
2575 4701 2786 4771 facere,
2810 4704 3002 4779 faciat;
3043 4704 3133 4773 qui
3174 4701 3333 4759 habet
3393 4719 3551 4779 aures
3598 4701 3841 4779 audiendi

2259 4776 2460 4845 audiat,
2489 4780 2540 4833 in
2564 4779 2774 4831 (Lhristo
2800 4776 2925 4830 Jesu
2952 4778 3173 4829 Domino
3195 4787 3399 4841 nostro,
3428 4776 3512 4829 cui
3542 4784 3627 4830 est
3653 4776 3837 4839 honor,

2259 4852 2428 4906 virtus
2455 4859 2509 4905 et
2536 4858 2770 4920 potestas
2798 4848 2850 4902 in
2877 4847 3073 4903 saecula
3102 4848 3442 4903 szeculorum.
3473 4850 3672 4902 Amen.

2326 5053 2342 5083 ⁸
2379 5058 2458 5099 Ms.
2482 5047 2801 5108 Oolbertinus,
2847 5043 3152 5109 declinaret;
3183 5046 3361 5096 omisso
3385 5047 3541 5109 prius,
3572 5045 3707 5111 quia.

1639 5250 2107 5343 TRACTATUS
2146 5282 2251 5343 DE
2292 5276 2779 5352 CHARITATE,

1255 5444 1371 5491 SEU
1412 5446 1496 5489 DE
1540 5444 1762 5491 VERBIS
1808 5444 2033 5491 PSALMI
2060 5473 2078 5505 ,
2123 5445 2334 5490 TERRA
2377 5443 2574 5487 DEDIT
2614 5440 2919 5487 FRUCTUM
2961 5439 3153 5486 SUUM.

646 5577 1040 5651 Vignierio,qui
1067 5576 1169 5633 hoc
1222 5575 1573 5647 fragmentum
1624 5589 1688 5631 ex
1720 5575 2021 5631 Divioncnsi
2051 5575 2238 5632 codice
2265 5574 2423 5641 eruit,
2440 5571 2758 5627 imitatorem
2786 5567 3067 5642 Augustini
3092 5565 3249 5637 sapit,
3277 5579 3385 5622 non
3416 5566 3792 5639 Augustinum.

580 5698 806 5759 Fructus
835 5706 980 5751 terra:
1005 5693 1274 5750 benedicta:
1295 5692 1539 5747 charitas.
1573 5690 1680 5745 Deo
1694 5668 1986 5745 .adltazrere.
2022 5690 2158 5745 Cha-

656 5768 822 5826 ritatis
848 5772 1040 5837 fructus
1066 5764 1293 5820 reddere.
1336 5764 1438 5837 Qui
1470 5762 1630 5817 Deum
1657 5780 1769 5837 rion
1796 5773 1964 5830 amat,
1996 5779 2086 5817 nec
2115 5779 2168 5819 se

652 5859 745 5898 nec
781 5834 1069 5914 proximum
1104 5845 1263 5893 autat.
1312 5836 1466 5893 Amor
1508 5834 1685 5891 mundi
1728 5852 1829 5891 non
1870 5845 1943 5891 est
1984 5852 2147 5893 amor.

2279 5760 2315 5818 ά
2338 5686 2484 5743 Idem
2513 5695 2613 5757 est,
2661 5694 2826 5741 amate
2872 5684 3077 5751 Deum;
3125 5694 3207 5753 et,
3253 5683 3428 5741 Nolite
3454 5684 3679 5756 diligere
3710 5698 3855 5741 mun-

2320 5778 2427 5816 um.

2320 5778 2427 5816 um.

2337 5834 2466 5901 Quis
2509 5840 2591 5889 cst
2631 5831 2774 5890 enim
2817 5828 3023 5890 fructus
3062 5829 3221 5887 tuus?
3249 5827 3512 5886 Charitas.
3542 5828 3605 5887 Si
3636 5826 3853 5886 fratrem
