4100 6344
312 412 453 475 ηξε

309 532 507 606 diligis,
536 536 689 606 terra.
700 529 848 606 dedit
870 530 1096 606 fructum
1124 547 1299 590 suum.
1329 533 1459 606 Quae
1479 533 1662 606 terra?
1690 532 1886 606 Utique

310 602 495 658 illa’de
521 618 625 673 qua
659 602 858 660 dictum
893 613 1004 671 est,
1037 602 1374 671 Benedixisti,
1416 604 1669 673 Domine,
1704 602 1890 660 terram

309 684 450 748 luant
477 673 647 748 (Psgl.
678 690 904 748 Lxxxiv,
928 676 1005 748 2).
1035 675 1165 731 Nam
1195 677 1297 731 nisi
1319 685 1513 732 terram
1546 686 1691 748 tuam
1719 676 1890 733 bene-

310 745 534 817 dixisset
573 744 742 812 Deus,
776 744 1116 817 produxisset
1144 747 1236 803 tibi
1263 756 1316 803 ct
1343 748 1459 803 aliis
1486 763 1593 803 non
1624 746 1886 816 fructum,

310 816 405 869 sed
448 816 627 886 spinas
657 826 711 871 et
741 816 982 872 tribulos.
1032 818 1130 877 Hic
1170 827 1255 876 est
1299 818 1503 873 fructus
1547 827 1704 873 terra:
1744 827 1888 886 tum,

308 888 522 956 quando
562 902 676 957 non
721 887 992 943 benedixit
1037 890 1221 945 Deus:
1273 889 1367 945 sed
1411 903 1530 944 cum
1576 888 1887 957 benedixit,

308 957 518 1030 profers
549 956 807 1030 fructum,
848 958 1183 1015 charitalem.
1215 959 1345 1015 Cum
1388 975 1518 1027 ergo
1545 974 1651 1013 non
1681 956 1886 1030 diligis,

308 1029 511 1082 sterilis
536 1044 630 1093 cs;
665 1028 826 1085 habes
857 1030 1035 1085 forsan
1064 1030 1220 1096 folia,
1264 1030 1358 1087 sed
1398 1030 1655 1085 fructibus
1681 1028 1885 1084 vacua:

308 1098 434 1172 quia
463 1100 812 1172 arborishtuze
840 1099 1042 1156 fructus
1064 1144 1078 1168 ,
1122 1102 1375 1172 charitas.
1422 1100 1563 1157 Ecce
1597 1101 1803 1172 positus
1830 1114 1889 1156 es

308 1179 367 1223 ut
388 1168 870 1243 fructumad‘eras:
899 1173 1019 1242 quis
1041 1180 1092 1227 te
1114 1173 1327 1243 posuit?
1354 1168 1670 1243 Putasttu'te
1692 1172 1887 1243 ipsum,

309 1255 377 1293 an
406 1240 456 1316 is
479 1242 566 1316 qui
598 1240 762 1316 dixit,
807 1239 969 1316 Ροδὰὶ
996 1260 1079 1316 vos
1106 1239 1163 1298 ut
1200 1247 1422 1316 fructum
1450 1241 1686 1316 afferatis
1709 1239 1889 1314 (Joan.

308 1326 401 1384 tv,
436 1311 570 1380 16)?
599 1311 655 1366 Si
677 1321 794 1384 ate
827 1314 941 1383 ipso
966 1315 1170 1384 positus
1199 1311 1380 1378 esses;
1410 1322 1501 1366 aut
1527 1311 1907 1384 nonifrnctum

309 1380 500 1453 ferres,
531 1391 621 1453 aut
644 1382 688 1437 si
716 1380 903 1453 ferres,
936 1380 1219 1453 agrestem,
1251 1384 1446 1438 nullius
1475 1382 1699 1453 saporis,
1732 1398 1762 1436 a
1790 1399 1888 1438 ne-

311 1452 459 1524 mine
484 1451 861 1524 colligendum,
895 1451 995 1509 nec
1024 1456 1075 1508 in
1104 1455 1296 1511 horreo
1318 1451 1710 1524 patrisfamilias
1735 1468 1893 1524 repo-

311 1468 459 1505 mine
484 1468 603 1506 com
644 1468 861 1519 enoum,
895 1469 995 1509 nec
1024 1471 1075 1508 in
1104 1468 1296 1511 horreo
1318 1468 1710 1524 patrnsraminas
1735 1468 1795 1509 re
1835 1468 1893 1508 o-

238 1521 247 1527 ’
310 1521 571 1596 neiidum.
602 1468 734 1596 δῖός
767 1538 894 1593 ergo
923 1533 980 1579 ut
1004 1539 1125 1579 cum
1162 1535 1215 1581 te
1245 1525 1483 1596 posuerit
1512 1469 1893 1596 paterfamilias

311 1601 370 1667 ut
398 1592 623 1667 fructum
650 1592 861 1660 afferas,
889 1602 943 1650 et
972 1609 1001 1648 a
1038 1605 1089 1652 te
1126 1592 1530 1667 repoposcerit,
1552 1595 1651 1667 ipsi
1677 1593 1891 1649 reddas.

309 1661 523 1735 Reddes
551 1664 732 1735 utique
759 1676 945 1731 suum,
988 1680 1094 1721 non
1134 1661 1321 1721 tuitui:
1358 1661 1514 1721 suum
1544 1661 1613 1720 ad
1642 1680 1800 1735 quem
1841 1673 1895 1721 te

308 1733 523 1807 posuit,
554 1733 899 1807 charitatem;
932 1744 1079 1790 tuum
1101 1778 1116 1803 ,
1147 1737 1214 1807 ad
1240 1752 1398 1807 quem
1418 1746 1478 1807 te
1503 1733 1747 1807 posuisti,
1774 1750 1893 1790 ma-

309 1803 418 1858 lum
439 1821 459 1876 ;Δ
477 1803 782 1876 _quiatarbor
819 1821 970 1874 quam
1000 1823 1100 1859 non
1131 1803 1375 1876 planlavit
1405 1803 1581 1871 Pater,
1610 1806 1894 1860 eradicabi-

309 1820 418 1858 tum
439 1820 605 1926 ;guta
634 1820 782 1857 (ΙΥοον
819 1821 970 1874 quam
1000 1823 1100 1859 non
1131 1820 1375 1876 ptantatnt
1405 1820 1581 1871 Pater,
1610 1820 1894 1860 eradicatu-

309 1883 396 1947 tur
441 1872 461 1947 (
524 1874 655 1928 atth.
699 1890 792 1939 xv,
828 1876 957 1947 t3),
979 1876 1155 1942 Quare
1197 1876 1584 1933 eradicabitur?
1611 1876 1745 1945 Quia
1770 1892 1802 1931 a
1836 1890 1895 1932 se

308 1943 461 2014 ipsa,
476 1960 580 1999 non
610 1959 639 1998 a
667 1943 1067 2015 patrefamilias.

384 2015 480 2070 Dei
523 2015 845 2088 agricultura
872 2030 964 2082 es;
997 2032 1102 2072 non
1134 2025 1219 2072 tua
1239 2059 1254 2084 ,
1299 2033 1404 2073 non
1436 2019 1682 2074 aliorum.
1709 2017 1895 2088 Neque

304 2084 471 2159 arb_or
496 2100 554 2159 se
566 2084 746 2159 ipsam
775 2086 996 2156 plantat,
1028 2102 1291 2159 nequese
1318 2090 1488 2159 ipsam
1515 2089 1727 2159 excolit.
1753 2084 1896 2144 sane

306 2164 365 2230 et
395 2155 588 2230 Paulus
615 2155 850 2230 plantat,
883 2166 938 2213 et
966 2155 1154 2227 Apollo
1170 2158 1316 2230 rigat
1338 2155 1477 2230 {sed
1505 2168 1558 2213 et
1582 2158 1895 2230 quodPau-

306 2227 399 2298 lus
421 2228 622 2296 plantat
649 2227 777 2281 nihil
806 2236 887 2281 est
907 2269 922 2294 ,
955 2236 1009 2283 et
1044 2227 1412 2298 quodApollo
1440 2229 1575 2298 rigat
1604 2227 1747 2282 nihil
1776 2237 1892 2295 est;

305 2296 403 2352 sed
436 2298 577 2371 Deus
599 2299 691 2353 dat
715 2296 1121 2371 incrementum
1169 2297 1210 2371 (Ι
1234 2296 1352 2353 Cor.
1377 2315 1461 2365 ni,
1491 2296 1583 2371 7);
1613 2307 1894 2371 postquam

306 2381 415 2439 suo
438 2369 652 2422 nomine
680 2368 934 2439 plantavit
960 2368 1191 2434 Paulus,
1232 2378 1323 2423 aut
1359 2384 1478 2423 cum
1510 2369 1646 2438 ipso.
1676 2369 1781 2423 Sed
1806 2369 1897 2438 qui

304 2438 537 2509 agricola
566 2438 841 2504 est,’idem
870 2446 926 2494 et
970 2439 1094 2494 vitis
1120 2457 1133 2493 :
1164 2440 1395 2509 agricola
1418 2480 1431 2503 ,
1458 2448 1532 2509 ut
1575 2439 1773 2509 plantet
1794 2480 1808 2504 ,
1842 2446 1899 2493 ut

306 2481 529 2563 itiserat.
561 2481 667 2563 Cui,
690 2509 925 2564 inserat?
958 2510 1147 2579 Utique
1175 2481 1364 2565 aliena:
1392 2481 1610 2564 arbori?
1641 2481 1892 2572 Minime;

305 2579 411 2634 sibi
444 2579 545 2650 ipsi
589 2588 646 2634 ut
682 2580 778 2634 viti
806 2596 975 2644 verre,
1009 2578 1071 2650 ut
1094 2580 1168 2636 sis
1193 2591 1248 2636 et
1288 2581 1402 2650 ipse
1436 2581 1658 2649 palmes.
1702 2578 1897 2650 Jiamtsi

306 2648 517 2720 palmes
542 2650 737 2715 fueris,
780 2652 899 2720 quis
926 2652 1020 2705 tibi
1047 2649 1277 2706 fructum
1303 2648 1483 2715 dabit,
1517 2650 1618 2704 nisi
1648 2648 1896 2720 vitis_illa

304 2717 463 2791 cujus
491 2736 551 2776 es
576 2717 815 2791 palmes?
844 2722 1035 2778 Avelle
1064 2722 1339 2791 palmitem
1365 2735 1395 2775 a
1425 2721 1531 2775 vite
1554 2761 1568 2784 ,
1592 2719 1743 2791 quid
1772 2717 1899 2773 fiet?

306 2789 621 2858 Marcescet,
650 2793 954 2856 steriliscct,
987 2789 1250 2847 morietur
1274 2810 1287 2846 :
1317 2791 1546 2860 amplius
1570 2789 1724 2860 dico,
1745 2802 1898 2860 coni-

307 2860 550 2916 buretur.
594 2863 842 2926 Fratres,
874 2878 970 2917 vos
1010 2862 1140 2917 estis
1184 2858 1470 2932 palmites:
1513 2858 1765 2932 quamdiu
1805 2859 1900 2932 viti

306 2932 646 2987 adhaeseritis
665 2973 679 2999 ,
711 2932 936 2987 fructum
963 2928 1202 2987 dahitisf
1224 2931 1495 2985 Excidatis
1522 2928 1689 2985 semel
1726 2946 1739 2982 :
1774 2928 1900 2997 quid

304 3001 379 3072 de
403 3003 552 3059 vobis
578 3004 687 3068 fiet,
716 3012 770 3058 et
793 3002 920 3072 quid
943 3002 1093 3057 vobis
1116 3002 1255 3056 ultra
1277 3000 1901 3072 exspectandummane‘

306 3071 423 3140 bit,
466 3089 623 3143 quam
666 3074 717 3127 in
757 3069 931 3143 ignem
960 3072 1184 3143 projici?
1214 3069 1459 3128 Charitas
1485 3071 1638 3143 vitis,
1669 3069 1902 3143 Charitas

306 3138 537 3224 palmes.
572 3138 984 3224 Vitaics'succo's
1011 3138 1395 3224 iiifunditvitis
1421 3142 1656 3224 palmiti;
1688 3138 1902 3224 et‘ideo

306 3210 428 3293 iure
451 3214 519 3293 de
545 3214 766 3293 palmite
793 3214 993 3293 fructus
1034 3217 1286 3293 reposcit.
1329 3210 1898 3293 Quales?_Cliaritatis.

306 3281 563 3340 Charitas
585 3284 759 3350 dedit,
800 3285 1033 3340 charitas
1059 3281 1291 3351 reposcit
1309 3325 1322 3351 ,
1355 3283 1520 3339 redde
1547 3281 1897 3346 charitatem;

307 3354 626 3411 charitatem
659 3356 747 3410 viti
780 3356 930 3425 cujus
965 3373 1026 3411 es
1054 3352 1289 3426 palmes,
1318 3354 1630 3410 charitatem
1660 3352 1901 3426 proximo

307 3441 435 3505 cum
466 3442 680 3505 quo_es
719 3423 976 3505 painies.‘
992 3423 1123 3481 Ama
1172 3426 1371 3493 Deum,
1413 3440 1531 3505 ama
1576 3423 1899 3505 proximum:

310 3496 536 3551 Frustra
576 3496 734 3565 dico,
774 3498 907 3551 Ama
939 3497 1140 3563 Deum,
1186 3513 1303 3551 ama
1332 3497 1664 3567 proximum;
1695 3508 1816 3548 nam
1838 3496 1903 3567 _si

310 3567 483 3638 Deum
510 3561 726 3638 diligis,
761 3569 1061 3637 proximum
1087 3561 1292 3638 diligis;
1326 3561 1424 3623 nec
1465 3568 1608 3621 enim
1638 3572 1792 3638 potes
1820 3561 1901 3638 d_i-

313 3636 483 3708 ligere
511 3633 709 3707 Deum,
733 3633 856 3709 q'uin
878 3638 1067 3709 diligas
1089 3633 1412 3709 proximum.
1441 3638 1507 3693 Et
1527 3637 1605 3692 sic
1628 3633 1898 3706 diligendo

1166 412 1578 475 TRACTATUS
1615 414 1705 474 DE
1742 407 2090 475 ORATIONE
2128 412 2220 472 ET
2256 406 2733 474 ELEEMOSYNA.

3358 399 3374 413 ’
3448 424 3593 486 i226

2002 531 2170 611 _Deuni
2191 573 2206 598 ,
2234 540 2572 611 nontantum
2598 532 2899 601 proximum
2935 529 3138 611 diligis,
3172 536 3265 593 sed
3296 545 3350 594 te
3389 540 3586 611 ipsum.

1998 603 2105 659 Sed
2128 605 2173 659 si
2197 618 2307 681 _non
2331 603 2506 681 diligis
2532 604 2721 671 Deum,
2751 618 2923 681 neque
2946 603 3245 675 proximum
3266 603 3460 681 diligis,
3488 630 3589 668 nc-

2036 683 2170 730 uete
2195 676 2391 745 ipsum.
2415 674 2544 728 Nam
2567 674 2837 745 quomodo
2858 674 3005 742 potes
3030 692 3209 735 amare
3233 681 3347 736 sine
3362 674 3591 740 amore?

2046 744 2243 814 tcujus
2273 754 2354 800 est
2381 761 2552 812 amor,
2598 745 2700 800 nisi
2746 744 2909 818 boni?
2949 747 3015 801 Et
3054 750 3177 817 quid
3217 764 3299 805 est
3346 754 3581 818 bonum,

1998 818 2099 889 nisi
2122 818 2300 889 Deus,
2338 817 2426 886 qui
2454 825 2512 889 et
2542 818 2665 889 ipse
2682 817 2902 889 _mandat
2929 828 2985 872 ut
3012 818 3290 889 diligamus
3322 817 3589 879 invicem"

1997 887 2334 969 Quian'cus.
2357 886 2614 942 mandat?
2654 886 2726 969 Ut
2752 888 3002 969 diligatis.
3045 886 3181 969 Quid
3225 894 3592 969 mundus?_Ut

1998 973 2106 1013 non
2136 958 2419 1042 diligatis}.
2439 961 2785 1042 nequeenim
2812 958 3013 1042 diligit,
3051 961 3141 1042 qui
3162 977 3338 1042 ,tquae
3358 966 3590 1020 mundus

1998 1029 2216 1084 mandat
2247 1037 2302 1083 ut
2330 1028 2549 1099 diligat,
2593 1028 2782 1099 diligit.
2818 1028 3023 1084 Manete
3066 1028 3120 1084 in
3167 1028 3435 1087 dilectione
3478 1052 3593 1089 mea

2000 1099 2177 1169 (Joan.
2211 1116 2300 1165 xv,
2339 1097 2394 1170 9)
2421 1097 2446 1153 ί
2468 1113 2573 1153 non
2600 1097 2753 1170 dixit,
2786 1100 2839 1154 in
2862 1100 3151 1156 dilectione
3175 1104 3377 1158 mundi.
3406 1103 3593 1161 Nescit

1997 1168 2228 1245 mundus
2255 1168 2469 1245 amare;
2504 1168 2695 1225 artifex
2720 1178 2801 1245 est
2827 1170 3309 1245 edii._‘Si__mundus
3337 1191 3422 1229 vos
3451 1175 3593 1245 odit,

1997 1242 2171 1315 scitote
2198 1241 2563 1315 quidpriorent
2588 1256 2667 1315 nte
2689 1239 2804 1294 odio
2824 1241 3190 1315 [tabuitllbim
3223 1244 3336 1315 18).

2070 1311 2176 1385 Sed
2210 1309 2562 1385 quidaudio,
2613 1309 2845 1366 fratres?
2892 1309 3069 1366 Nolite
3096 1309 3305 1385 diligere
3343 1317 3593 1372 mundum

2003 1380 2047 1464 _(‘l
2070 1380 2308 1464 Ιοᾳῃίε,
2339 1380 2453 1464 15).
2479 1386 2730 1464 Agnasco
2753 1395 2959 1464 vocem,
2985 1397 3087 1437 vox
3117 1380 3208 1438 est'
3227 1386 3407 1464 dilecti
3430 1388 3595 1464 91..ᾀὶ-

1998 1451 2229 1525 ligentis.
2257 1451 2424 1525 Estne
2451 1467 2579 1522 ergo
2600 1451 2895 1525 discipulus
2917 1467 3080 1525 supra
3098 1456 3453 1525 magistrum?
3481 1458 3595 1513 Ma-

1997 1514 2175 1597 gister:
2192 1523 2342 1597 dicit,
2369 1514 2879 1597 Iiwcjrnanddirobis
2899 1514 3005 1597 ,_u't
3030 1514 3257 1597 diligatis
3286 1525 3465 1597 (Joan.
3496 1544 3590 1596 xv,

2001 1591 2113 1665 i2).
2148 1593 2453 1666 Discipulus
2480 1593 2637 1655 dicit,
2683 1591 2859 1648 Nolite
2878 1593 3112 1666 diligere.
3127 1591 3381 1666 'Utraque
3413 1591 3595 1654 tamen

1997 1663 2102 1719 vox
2129 1663 2366 1719 veritatis
2386 1707 2402 1732 ,
2446 1673 2671 1735 utraque
2698 1678 2799 1718 vox
2826 1663 3163 1735 adiamorem
3194 1663 3481 1722 inci'tantis.
3526 1668 3597 1723 Et

1999 1736 2215 1805 quando
2239 1734 2487 1806 Magister
2511 1734 2730 1806 mandat
2753 1745 2813 1788 ut
2839 1734 3142 1806 diligamus,
3176 1736 3394 1791 mandat
3428 1737 3597 1793 etiam

2000 1804 2058 1860 ut
2083 1822 2189 1861 non
2218 1804 2501 1877 diligamus
2528 1823 2544 1859 :
2576 1805 2856 1877 diligamus
2883 1804 3135 1877 invicem,
3166 1806 3371 1877 palmes
3399 1808 3596 1877 palmi-

2001 1884 2143 1943 tem;
2172 1891 2282 1932 non
2318 1874 2610 1946 diligamus
2663 1874 2835 1931 sancti
2880 1874 3131 1946 profana,
3162 1874 3441 1932 christiani
3488 1893 3594 1933 sa:-

1999 1947 2201 2001 culum.
2234 1947 2299 2001 Et
2318 1946 2532 2016 quando
2560 1946 2851 2018 discipulus
2884 1945 2990 2011 ait,
3023 1945 3200 2018 Nolite
3218 1947 3455 2018 diligere,
3485 1951 3594 2003 im-

2038 2028 2149 2073 erat
2177 2026 2236 2072 ut
2259 2031 2531 2083 amemus;
2561 2031 2683 2087 itam
2707 2017 2753 2087 si
2772 2016 2897 2070 odio
2928 2017 3186 2071 mundum
3216 2016 3589 2087 habuerimus,

2049 2103 2172 2160 eum
2201 2087 2489 2160 diligimus.
2534 2086 2627 2142 Ille
2669 2085 2939 2160 affirmat,
2990 2087 3361 2160 Diligite;_ille
3398 2085 3596 2160 negat,

2002 2157 2180 2213 Nolite
2223 2157 2434 2228 diligere
2458 2173 2477 2211 :
2503 2171 2611 2229 nec
2646 2158 3025 2229 tamenialiter
3066 2173 3164 2213 nec
3206 2158 3327 2229 plus
3368 2157 3600 2229 imperat

2001 2229 2090 2284 ille
2109 2271 2121 2293 ,
2153 2227 2331 2299 quam
2352 2229 2472 2299 iste.
2516 2227 2738 2299 Diligis?
2764 2227 2899 2299 odio
2926 2227 3092 2283 habes
3116 2227 3395 2283 mundum.
3424 2227 3600 2286 Odisti

2000 2297 2292 2354 mundum?
2341 2297 2754 2369 Deum_diligis.
2788 2297 2880 2369 iln
2932 2300 3488 2369 utroqueicharitas,
3540 2301 3599 2355 in

2000 2369 2251 2435 amando,
2292 2378 2351 2423 ut
2378 2369 2502 2423 odio
2528 2367 2753 2433 habeas;
2784 2368 2837 2422 in
2874 2367 3257 2439 nonaniando,
3289 2379 3346 2423 ut
3371 2371 3588 2439 diligas.

2000 2440 2104 2507 Qui
2134 2440 2247 2494 odit
2285 2439 2519 2493 animam
2549 2453 2729 2503 suam,
2773 2448 2933 2493 amat.
2962 2438 3065 2507 Qui
3104 2448 3281 2504 amat,
3326 2438 3601 2495 adibim-

2043 2512 2180 2565 letur
2224 2508 2546 2580 quodiidixit
2592 2509 2887 2577 propheta,
2944 2506 3132 2563 Odium
3187 2509 3599 2580 prohdileclt'one

2043 2526 2180 2565 tetur
2224 2526 2367 2580 quoa
2411 2526 2546 2562 (llel.
2592 2526 2887 2577 propheta,
2944 2526 3132 2563 uatum
3187 2526 3280 2579 pro
3329 2526 3594 2565 dilectione

2003 2526 2175 2660 Flfsal.
2201 2594 2349 2643 cvm,
2378 2578 2457 2660 5),
2486 2579 2911 2660 11011.υ11(]1181ηςο
2948 2592 3118 2660 sensu
3147 2594 3253 2649 quo
3281 2578 3432 2660 dixit_
3457 2581 3594 2660 Pro:

2002 2647 2195 2720 pheta;
2230 2664 2366 2720 nam
2412 2647 3182 2720 impendebatdilectionem,
3234 2650 3603 2719 rependebaut

2003 2718 2184 2776 odium
2210 2737 2222 2772 :
2253 2719 2349 2775 sed
2376 2719 2549 2773 odium
2587 2736 2680 2789 pro
2715 2718 2983 2789 dilectione
3001 2758 3017 2784 ,
3049 2718 3151 2789 hoc
3180 2729 3263 2773 eSt
3291 2718 3412 2775 cum
3440 2737 3602 2775 mun-

2003 2790 2132 2845 dum
2176 2790 2389 2860 oderis,
2437 2788 2765 2860 rependetur
2808 2788 2902 2843 tibi
2948 2804 3045 2857 pro
3069 2788 3191 2860 _hoc
3229 2789 3353 2843 odio
3383 2790 3603 2845 dilectio

2008 2861 2132 2923 Dei;
2163 2875 2284 2914 cum
2333 2858 2515 2929 Deum’
2544 2858 2834 2929 dilexeris,
2880 2858 3207 2929 rependctur
3236 2860 3329 2914 tibi
3361 2876 3456 2929 pro
3502 2860 3604 2917 hac

2008 2873 2132 2923 uel;
2163 2875 2284 2914 cum
2334 2873 2502 2913 ueum
2544 2873 2834 2924 auexeris,
2880 2873 3207 2981 refenuctur
3236 2873 3329 2914 llDl
3361 2876 3456 2929 pro
3502 2873 3604 2917 hac

2008 2930 2295 3008 dilectione
2308 2928 2732 3008 ediummiundi:
2766 2927 2908 3008 Ergo
2966 2929 3152 3008 iiigite,
3179 2929 3473 3008 {ratres,_et
3494 2946 3605 3008 non

2006 3000 2227 3069 diligite.
2260 2999 2472 3067 Diligitc
2498 2997 2768 3067 Magistri,
2799 2996 2916 3069 Non
2948 2996 3152 3066 diligite
3179 3000 3466 3067 Discipuli,
3501 3001 3605 3055 hoc

2008 3079 2092 3126 est
2106 3066 2255 3139 apud
2282 3066 2963 3139 utrumque,Amate.Non
2980 3078 3199 3139 poterat
3219 3066 3422 3139 palmes
3443 3069 3607 3124 disci-

2006 3136 2168 3211 pulus
2190 3139 2335 3194 aliud
2361 3136 2542 3211 dicere
2559 3178 2575 3203 ,
2593 3153 2766 3211 quam
2792 3138 2915 3211 vitis
2945 3136 3231 3211 Magister!
3254 3137 3457 3211 Veritas
3486 3140 3605 3195 ubi-

2008 3208 2147 3281 que;
2179 3220 2232 3265 et
2261 3211 2316 3265 in
2349 3210 2457 3263 vite
2493 3216 2547 3263 et
2591 3209 2652 3281 in
2684 3208 2923 3281 palmite.
2952 3208 3085 3281 Nam
3119 3224 3254 3281 vera
3285 3210 3407 3281 vitis
3427 3251 3443 3277 ,
3476 3211 3605 3279 quid

2006 3277 2152 3337 aliud
2181 3281 2285 3335 nisi
2313 3292 2533 3334 veraces
2570 3277 2819 3349 palmites
2849 3277 3086 3348 profert?
3118 3278 3185 3333 Et
3213 3279 3327 3334 haec
3362 3280 3415 3333 in
3451 3277 3603 3335 uiro-

2008 3368 2113 3423 que
2134 3352 2346 3423 veritas,
2373 3364 2587 3420 semper
2612 3350 2714 3423 erit
2739 3350 2972 3423 charitas
2994 3367 3010 3423 ε
3044 3350 3167 3423 quia
3193 3349 3334 3404 Deus
3360 3358 3442 3423 est
3470 3351 3605 3407 cha-

2006 3418 2158 3489 ritas,
2191 3432 2246 3477 et
2274 3421 2413 3476 Deus
2439 3418 2522 3475 est
2547 3420 2765 3487 veritas,
2796 3426 2849 3474 et
2875 3421 2964 3489 qui
2992 3418 3186 3474 in'Deo
3212 3428 3326 3485 est,
3377 3420 3429 3474 in
3457 3422 3602 3476 veri-

2009 3502 2118 3549 tate
2145 3500 2358 3558 manet;
2392 3499 2445 3546 et
2472 3489 2526 3546 in
2555 3490 2783 3546 veritate
2809 3497 3022 3557 manet,
3074 3491 3198 3562 quia
3238 3490 3474 3547 charitas
3504 3492 3606 3550 Dei

2007 3565 2065 3621 in
2092 3564 2187 3620 illo
2214 3571 2317 3619 est.

313 3761 3614 3789 MM

1059 3848 1532 3913 TRACTATUS
1572 3849 1679 3911 DE
1721 3845 2135 3911 ORATIONE
2175 3843 2282 3905 ET
2322 3840 2889 3906 ELEEMOSYNA.

400 3993 638 4052 Urbinati
666 4009 774 4052 non
802 3995 1098 4068 incognitus
1118 4034 1140 4065 ,
1171 4003 1227 4051 et
1263 4010 1294 4051 a
1323 3996 1595 4069 Vignicrio
1627 3992 1968 4067 postmodum
1991 4004 2059 4048 ex
2087 3985 2273 4044 codice
2298 3985 2467 4056 Regio
2493 3998 2618 4041 cum
2659 3984 2929 4042 nonnullis
2966 3983 3199 4043 hiatibus
3237 3983 3412 4043 editus
3466 3986 3612 4058 fuit,

317 4084 568 4155 quamvis
596 4085 696 4156 ipsi
743 4086 867 4143 finis
918 4086 1271 4159 Augustinum
1296 4126 1313 4156 ,
1360 4087 1440 4144 uti
1484 4095 1710 4145 testatur
1737 4128 1753 4157 ,
1804 4073 1915 4142 non
1975 4083 2049 4139 ita
2093 4087 2243 4137 certo
2307 4076 2605 4135 exhiberet.
2654 4076 2762 4134 Sed
2808 4093 2984 4151 neque
3020 4078 3229 4135 initium
3285 4079 3486 4137 certius
3514 4096 3641 4163 ex»~

318 4172 491 4233 hibet.

319 4307 522 4384 Stipem
541 4310 845 4384 pauperibus
862 4311 994 4384 ultro
1024 4311 1220 4384 largiri.
1249 4309 1604 4384 Misericordia
1629 4312 1744 4383 ipsa
1768 4318 1900 4366 orat.

456 4382 763 4436 isericorditz
788 4382 959 4437 nullus
985 4381 1246 4438 terminus.
1273 4381 1329 4438 11
1332 4383 1638 4440 isericordiw
1651 4381 1727 4440 sit
1745 4398 1912 4439 comes

396 4453 576 4506 oratio.
614 4451 869 4507 Orationis
892 4455 1020 4507 laus.

395 4520 549 4597 Felix
581 4522 666 4597 itte
689 4524 779 4597 qui
812 4525 1044 4597 intelligit
1082 4541 1237 4597 guper
1265 4542 1474 4597 egenam
1516 4534 1561 4580 et
1590 4520 1864 4597 pauperem
1892 4541 1912 4591 ;

320 4593 487 4668 indie
512 4594 647 4646 mala
680 4593 908 4668 liberabit
934 4593 1046 4648 eum
1075 4593 1325 4650 Dominus
1350 4596 1369 4666 (
1392 4595 1538 4651 Psal.
1573 4593 1638 4650 it.
1657 4637 1673 4662 ,
1697 4593 1737 4650 Ξ
1760 4598 1801 4668 ).
1830 4597 1915 4651 ln-

267 4676 278 4693 ⁶
322 4664 566 4734 telligere
594 4678 721 4733 ergo
748 4664 1004 4736 debemus
1042 4680 1204 4736 super
1232 4664 1459 4735 egenum
1492 4675 1545 4721 et
1570 4664 1859 4735 pauperem
1896 4682 1910 4720 :

322 4743 410 4790 est
438 4743 615 4806 autem
654 4735 948 4805 intelligere
976 4749 1136 4805 super
1168 4751 1393 4805 egenum
1424 4745 1479 4791 et
1509 4751 1829 4806 pauperem,
1861 4745 1919 4791 ut

322 4805 505 4875 rogari
530 4805 780 4877 aitalibus
816 4821 923 4860 non
952 4814 1339 4877 exspectemus.
1372 4806 1482 4862 Nec
1514 4805 1659 4877 enim
1696 4807 1785 4861 illa
1812 4808 1917 4862 mi-

323 4876 959 4949 sericordiaudeputanda
987 4876 1113 4943 est,
1141 4892 1259 4949 qua:
1283 4876 1608 4932 clamoribus
1633 4886 1918 4949 extorque-

328 4955 452 5011 tur,
480 4962 581 5019 nec
615 4946 702 5019 ille
729 4948 1030 5019 mercedem
1060 4946 1236 5017 operis
1275 4949 1356 5003 sui
1398 4949 1658 5018 percipit,
1711 4946 1919 5019 qui'diu

325 5032 388 5073 se
420 5018 617 5088 patitur
640 5016 920 5087 deprecari
952 5036 964 5072 :
990 5016 1239 5088 quoniam
1268 5035 1377 5075 non
1401 5016 1532 5074 fecit
1550 5016 1877 5074 _mandatum
1899 5020 1917 5051 ¹

328 5088 427 5157 Dei
456 5130 471 5153 ,
519 5086 613 5143 sed
651 5086 897 5157 precibus
940 5086 1226 5157 praestitit,
1280 5089 1699 5145 misericordiam
1761 5106 1920 5146 suam

327 5156 880 5232 lacrymisv’endidit.
922 5156 1304 5232 Quiintelligit
1331 5169 1543 5228 autem,
1573 5162 1713 5217 ultro
1758 5161 1920 5232 largi-

330 5236 424 5283 cur
440 5237 541 5303 ,_et
566 5229 775 5303 signato
796 5230 965 5302 magis
991 5230 1203 5303 silentio
1240 5229 1451 5287 decelat
1470 5272 1485 5297 ,
1518 5247 1585 5287 ne
1610 5247 1745 5303 opus
1766 5229 1921 5287 suum

330 5300 477 5374 quod
536 5299 804 5374 occultum
843 5299 964 5374 es'_se
1015 5299 1327 5374 desiderat,
1377 5303 1490 5373 ipsa
1529 5317 1632 5358 vox
1647 5299 1924 5374 ipauperis

330 5370 561 5445 prodat,
602 5372 742 5427 sicut
785 5375 863 5445 in”
882 5371 1173 5445 Evangelio
1198 5370 1454 5443 scriptum
1484 5383 1566 5445 est
1597 5390 1610 5427 :
1641 5370 1925 5445 Cum—facis

329 5442 701 5516 e’eemosynam
719 5485 733 5507 ,
762 5443 866 5497 noli
882 5442 1014 5516 tuba
1031 5442 1218 5516 canere
1241 5442 1358 5498 ante
1383 5454 1429 5516 te
1447 5485 1462 5516 ,
1488 5443 1617 5498 sicut
1645 5442 1927 5516 hypocrin

329 5513 529 5595 [iteiunt
556 5515 609 5595 in
645 5514 918 5595 synagogis
951 5522 1003 5595 et
1023 5514 1077 5567 in
1102 5515 1224 5568 vicis
1245 5556 1260 5581 ,
1293 5523 1347 5568 ut
1374 5514 1637 5595 uideantur:
1669 5513 1731 5568 ab
1763 5516 1928 5569 Itami-

329 5583 503 5656 ilibus.
542 5582 705 5638 Amen
741 5582 857 5638 dico
892 5584 1055 5656 vobis,
1108 5594 1400 5656 receperunt
1438 5585 1715 5640 mercedem
1759 5602 1924 5641 suam.

333 5651 419 5727 Tu
446 5662 614 5727 autem
646 5670 762 5727 cum
800 5655 929 5727 facis
953 5651 1318 5727 elemosynam
1336 5698 1351 5723 ,
1381 5656 1571 5710 nesciat
1608 5657 1815 5711 sinistra
1843 5667 1931 5711 tua

328 5725 458 5795 quid
486 5724 642 5793 faciat
668 5724 882 5798 dextera;
911 5735 998 5780 tua
1026 5741 1047 5798 ς
1078 5724 1181 5798 sed
1198 5727 1263 5780 sit
1291 5728 1604 5798 eleemosyna
1636 5735 1723 5798 tua
1754 5727 1808 5781 in
1836 5728 1930 5781 ab-

325 5801 514 5851 s‘conso
539 5810 560 5860 ;
596 5803 644 5851 et
675 5797 761 5869 qui
800 5796 963 5867 videt,
997 5797 1087 5852 tibi
1108 5798 1286 5853 reddet
1307 5796 1529 5873 (Matth.
1556 5812 1642 5868 vt,
1673 5797 1833 5873 2-4).
1862 5799 1935 5855 Et

300 6006 303 6011 γ
392 5928 999 6011 _‘Forte,obmtmdatum.

576 6015 807 6092 Sacr.
856 6018 1135 6085 AUGUBT.
1165 6018 1275 6087 VI.

2011 4318 2111 4377 per
2139 4301 2482 4359 Salomonem
2511 4300 2748 4377 loquitur
2789 4301 3047 4377 Dominus
3079 4301 3273 4377 _dicens
3295 4344 3311 4377 ,
3353 4302 3611 4360 Conclude

2015 4372 2386 4444 cleemosynarn
2412 4382 2567 4444 tuam;
2590 4373 2650 4444 in
2677 4372 2842 4444 _corde
2879 4374 3150 4443 pauperis,
3197 4383 3246 4427 et
3289 4376 3403 4443 ipsa
3446 4392 3538 4444 pro
3565 4383 3613 4429 te

2016 4446 2181 4502 orabit
2203 4441 2265 4498 ab
2306 4443 2443 4515 omni
2467 4443 2601 4496 malo
2632 4441 2991 4515 (sectum
3016 4484 3031 4508 ,
3062 4444 3188 4515 15).
3222 4441 3403 4499 Primo
3426 4441 3613 4502 eccul-

2019 4525 2127 4573 tam
2158 4528 2276 4570 esse
2299 4514 2485 4578 voluit,
2515 4512 2673 4581 quam
2702 4512 2949 4567 concludi
2972 4512 3213 4582 jussit’in
3259 4515 3441 4570 corde.
3476 4515 3613 4570 Nam

2017 4602 2140 4642 cum
2184 4586 2296 4654 ipse
2335 4584 2406 4637 sit
2454 4590 2722 4654 scrutator
2764 4584 2910 4638 renis
2952 4584 3211 4654 etcordis
3236 4626 3250 4650 ,
3285 4586 3467 4654 utique
3507 4585 3612 4639 sibi

2021 4652 2237 4724 tantum
2255 4653 2423 4708 voluit
2463 4652 2763 4724 reservari,
2820 4653 3072 4724 quidquid
3112 4652 3470 4723 penetralibus
3518 4670 3614 4724 pe-

2020 4726 2185 4783 ctoris
2210 4722 2494 4795 delegavit.
2527 4723 2729 4795 Deinde
2757 4722 3096 4794 quanta‘ejus
3114 4722 3294 4779 ’oﬂicia
3319 4734 3499 4795 essent
3520 4722 3612 4781 os-

2023 4797 2193 4852 tendit
2215 4837 2231 4863 ,
2259 4794 2380 4850 cum
2411 4810 2506 4864 pro
2536 4795 2689 4849 nobis
2710 4794 2820 4864 jam
2858 4811 2962 4849 non
2993 4809 3277 4863 pauperem
3318 4794 3447 4849 dicit
3470 4837 3484 4859 ,
3517 4797 3614 4852 sed

2023 4869 2194 4936 ipsam
2222 4865 2643 4921 misericordiam
2683 4875 2986 4936 rogaturam
3018 4882 3032 4918 :
3065 4879 3350 4934 pauperem
3377 4866 3519 4920 enim
3560 4876 3616 4923 ct

2060 4938 2314 4994 ormitare
2355 4952 2516 5008 posse
2559 4938 2613 4992 in
2670 4936 2957 5008 precibus,
2998 4944 3053 5008 et
3098 4944 3414 5008 occupatum
3460 4939 3616 4992 malis

2024 5010 2232 5066 actibus
2271 5005 2559 5079 aliquando
2586 5005 2817 5079 ceSSare.
2852 5005 3216 5079 Misericordia
3257 5018 3433 5079 autem
3463 5008 3616 5063 labo-

2024 5095 2153 5137 rans
2182 5075 2396 5149 sempei'
2435 5088 2488 5133 et
2516 5077 2739 5149 vigilans
2765 5083 2968 5149 tantum
3009 5075 3261 5149 eﬂicacite
3288 5077 3529 5145 obtinet,
3558 5087 3618 5133 ut

2026 5145 2479 5207 auctorem'suum
2500 5145 2615 5203 sine
2641 5145 2862 5216 praemio
2887 5161 3007 5202 esse
3031 5161 3134 5202 non
3159 5148 3407 5218 patiatur.
3436 5150 3619 5214 Quan-

2029 5231 2142 5276 tum
2183 5236 2352 5289 vero,
2404 5227 2459 5275 et
2510 5233 2669 5289 quam
2708 5218 3084 5289 necessarium
3127 5258 3141 5271 .
3193 5257 3208 5271 .
3252 5257 3267 5272 .
3319 5228 3619 5288 temporum

2029 5292 2294 5348 thesauris
2334 5287 2348 5344 ζ
2393 5327 2407 5343 .
2451 5328 2468 5344 .
2510 5287 2543 5346 .’
2570 5326 2585 5343 .
2639 5303 2671 5343 a
2697 5287 3036 5345 facultatibus
3077 5288 3276 5345 nostris
3305 5287 3619 5346 manifesta-

2029 5371 2480 5420 rent......
3590 5380 3591 5383 π

2104 5435 2302 5504 Itaque;
2323 5431 2476 5504 panis
2503 5431 2737 5488 ctelestis
2762 5445 2870 5504 quo
2898 5431 3133 5502 pascitur
3174 5430 3349 5485 anima
3372 5502 3379 5504 _
3402 5440 3580 5486 nostra
3598 5473 3618 5500 ,

2032 5505 2080 5561 si
2131 5502 2343 5576 quando
2384 5502 2453 5576 ad
2496 5518 2615 5576 eam
2656 5503 3027 5576 perveniatur,
3070 5509 3128 5556 ut
3162 5516 3230 5576 eo
3272 5502 3615 5576 saginemnr,

2034 5572 2175 5631 unde
2214 5573 2373 5629 modo
2405 5573 2495 5627 vix
2530 5573 2695 5627 micas
2743 5573 3075 5642 colligimus,
3119 5586 3188 5627 ne
3218 5572 3271 5626 in
3314 5573 3413 5627 ista
3450 5573 3619 5627 fame-

2034 5646 2135 5701 lica
2161 5659 2345 5701 eremo
2372 5657 2674 5714 pereamus.
2719 5642 3000 5714 Quomodo
3028 5657 3157 5714 ergo
3180 5645 3522 5713 perveniatur
3552 5643 3622 5698 ad

2036 5713 2790 5787 saginamihujus_panis,_de
2824 5729 2931 5784 quo
2978 5713 3234 5787 Dominus
3274 5715 3379 5778 ait,
3422 5714 3624 5768 Panem

2038 5784 2184 5856 hunc
2211 5785 2300 5856 qui
2342 5784 2744 5856 manducaverit
2778 5798 2884 5856 non
2928 5784 3128 5840 esuriet
3164 5794 3219 5841 et
3253 5794 3435 5856 potum
3464 5798 3625 5853 quem

2039 5854 2243 5938 dedero
2273 5854 2367 5938 qui
2391 5855 2620 5922 biberit,
2645 5869 2753 5938 _non
2782 5855 2999 5938 sitietin
3028 5854 3285 5938 aeternum
3309 5854 3500 5938 (Alban.
3532 5868 3623 5938 iv,

2044 5927 2170 6003 15),
2200 5924 2438 6006 saginam
2464 5925 2749 6001 quamdam
2773 5927 3092 5998 promittens
3112 5935 3167 5981 et
3192 5924 3487 5987 satietatem
3508 5924 3629 5981 sine

2788 6020 3302 6104 (Trente-neuf.)

4063 2034 4065 2103 Ὗ
