4100 6344
551 422 697 482 9227

556 536 766 594 fastidio
792 534 818 589 ?
843 526 1122 603 Quomodo
1158 544 1285 602 ergo
1309 524 1682 603 perveniamus
1712 526 1798 603 ad‘
1816 526 1955 584 hanc
1977 530 2136 586 satie-

558 619 716 663 tatem
752 599 900 676 panis
925 604 1081 675 longe
1105 603 1171 657 ab
1197 599 1259 657 ea
1287 599 1532 676 satietate
1562 602 1615 655 in
1647 600 1744 676 hac
1776 599 1913 676 fame
1944 603 2133 676 positi,

556 672 779 734 consilio
821 691 955 747 opus
982 672 1066 732 est
1105 693 1118 729 :
1162 674 1301 746 quod
1339 673 1616 747 consilium
1644 672 2133 747 si_neglexcrimus,

555 751 621 805 ad
648 763 835 818 panem
858 741 1350 818 illumsine'causa
1381 745 1669 818 pulsamus.
1700 741 1814 818 lmo
1855 759 1980 797 vero
2007 759 2138 797 con-

556 815 733 876 silium
766 820 867 875 hoc
897 817 1036 888 quod
1071 817 1305 873 dicturus
1346 832 1461 871 sum
1484 815 1608 888 ,Avel
1648 815 2131 888 potiuscommem

558 893 778 947 daturus
821 885 936 944 sum
963 931 977 954 ,
1014 904 1121 944 non
1148 889 1287 943 enim
1319 902 1348 941 a
1388 903 1473 943 me
1497 886 1669 942 dicam
1698 885 1839 956 quod
1866 885 2141 940 vobiscum

558 963 721 1018 didici
752 979 766 1027 ;
794 960 1073 1031 consilium
1100 974 1228 1031 ergo
1259 960 1359 1013 hoc
1385 957 1525 1029 quod
1556 957 1793 1031 dicturus
1821 970 1957 1031 sum,
1990 958 2138 1031 quis-

558 1035 678 1104 quis
718 1026 1130 1104 cOntempserit,
1164 1026 1418 1085 'omnino'
1441 1045 1545 1083 non
1586 1029 1806 1104 _pulsat._
1836 1026 1949 1104 lloc
1997 1027 2139 1104 enim

557 1097 837 1159 consilium
870 1097 1019 1172 sequi
1066 1109 1121 1156 et
1167 1116 1325 1170 agere
1349 1144 1364 1168 ,
1403 1110 1485 1155 est
1511 1097 1742 1170 pulsare.
1772 1097 1906 1172 Quid
1947 1099 2086 1172 enim
2117 1099 2141 1152 ?

557 1175 799 1239 Putatis,
834 1168 1020 1227 fratres
1044 1212 1060 1238 ,
1091 1168 1224 1242 quia
1260 1187 1386 1227 vere
1421 1168 1570 1240 quasi
1606 1168 1957 1242 corporaliter
1984 1169 2141 1225 habet

559 1248 701 1300 Deus
740 1244 1021 1315 quamdam
1059 1240 1274 1315 ianuam
1305 1242 1493 1315 duram
1538 1258 1695 1315 quam
1723 1240 1919 1296 claudit
1959 1248 2140 1315 contra

556 1311 802 1372 homines
830 1315 854 1368 i
896 1324 949 1370 et
981 1311 1101 1367 ideo
1140 1312 1292 1367 nobis
1332 1313 1460 1367 dixit
1494 1314 1702 1381 pulsare
1724 1353 1737 1373 ,
1781 1321 1838 1365 ut
1865 1311 2141 1365 veniamus

556 1399 611 1443 et
640 1387 922 1441 tundamus
963 1385 1190 1450 ostium,
1230 1386 1516 1453 'quousquc
1562 1382 1820 1454 pulsando
1864 1382 2140 1454 [wrvenia-

555 1473 677 1513 mus
707 1457 773 1511 ad
816 1469 974 1510 aures
1004 1455 1394 1526 patrisfamilias
1425 1456 1475 1508 in
1507 1453 1715 1526 secreto
1744 1453 1987 1526 quodam
2006 1466 2134 1507 con-

554 1528 728 1583 stituti
757 1568 773 1593 ,
817 1523 1092 1597 etrjubeat
1123 1526 1276 1581 nobis
1305 1526 1511 1597 aperire
1536 1567 1550 1591 ,
1594 1523 1852 1597 dicendo,
1894 1523 2022 1597 Quis
2056 1532 2143 1597 est

601 1600 653 1653 ui
680 1597 853 1667 pulsat
877 1593 1050 1667 Tquis
1079 1605 1158 1651 est
1183 1598 1269 1666 qui
1301 1593 1518 1667 auribus
1548 1596 1679 1667 meis
1717 1593 1929 1667 taedium
1968 1594 2091 1648 facit
2118 1594 2142 1647 ?

601 1616 653 1653 lll
680 1616 853 1667 pntsat
886 1616 900 1650 1
970 1616 1050 1650 1115
1079 1616 1158 1651 051.
1183 1616 1269 1666 QUI
1301 1616 1518 1652 ίιιιτιυυδ
1548 1616 1679 1650 1111315
1718 1616 1929 1649 ιωωυιιι
1968 1616 2091 1648 lacu.
2122 1616 2136 1647 ἔ

558 1616 695 1723 ἓέὶῐῦ
725 1668 799 1722 illi
829 1616 970 1737 quod
1000 1668 1162 1737 petit,
1207 1668 1422 1722 recedat
1459 1666 1599 1737 hinc.
1638 1664 1750 1719 Non
1784 1666 1855 1719 ita
1872 1674 1963 1737 est
1988 1707 2003 1730 ,
2038 1681 2136 1737 ive-

556 1734 861 1794 rumtamcxi
906 1734 1226 1807 est'aliquid
1276 1737 1468 1792 simile.
1511 1734 1924 1807 Certe‘quando
1964 1736 2143 1807 pulsas

558 1810 624 1864 ad
656 1810 885 1880 aliquem
911 1850 926 1875 ,
976 1804 1218 1880 manibus
1265 1808 1394 1877 agis.
1431 1810 1524 1880 Est
1552 1804 1692 1877 quod
1730 1804 2143 1880 agastnanibus

557 1877 773 1951 quando
804 1880 983 1951 pulsas
1014 1878 1427 1951 adDominum.
1460 1879 1685 1951 Prorsus
1724 1877 1969 1951 manibtg
2008 1878 2139 1947 agis,

557 1947 1024 2020 inanibus—pulsas.
1055 1950 1109 2004 Si
1133 1964 1262 2020 ergo
1281 1966 1386 2003 non
1414 1949 1606 2020 egeris,
1624 1965 1729 2003 nou
1756 1947 1896 2013 dico,
1924 1947 2145 2020 Frustra

557 2023 743 2104 pulsas
777 2039 790 2087 ;
824 2018 917 2076 sed
939 2021 1062 2103 dico
1087 2062 1101 2089 ,
1125 2018 1238 2101 Non
1280 2018 1465 2090 pulsas
1490 2038 1514 2104 :_
1532 2019 1650 2075 ideo
1667 2034 1783 2104 pou
1814 2018 2103 2104 mereberis
2127 2061 2140 2084 ,

555 2088 681 2148 ideo
707 2109 811 2148 non
843 2088 1111 2161 accipies,
1142 2088 1400 2160 quianon
1432 2090 1626 2160 pulsas.
1665 2088 1907 2161 Quando,
1930 2091 2102 2161 inquis
2126 2132 2141 2157 ,

554 2163 641 2217 vis
687 2171 744 2217 ut
788 2158 1042 2234 pulsem?
1074 2158 1199 2234 ecce
1227 2158 1462 2232 quotidie
1489 2177 1635 2234 rogo.
1668 2161 1811 2215 Bene
1850 2158 1981 2234 facis
2002 2158 2021 2225 ,
2044 2176 2146 2234 Aro-

557 2249 685 2305 gare
715 2228 915 2304 optime
960 2232 1112 2287 facis.
1151 2228 1282 2287 Nam
1309 2242 1363 2287 et
1400 2233 1501 2305 hoc
1535 2228 1734 2305 dictum
1764 2240 1843 2286 est
1881 2228 2102 2305 :_Petite
2127 2273 2141 2296 ,

558 2301 607 2359 Et
645 2301 847 2358 dabitur
887 2305 1025 2358 vobis
1062 2319 1081 2367 ;
1120 2305 1353 2373 qucerite,
1393 2313 1439 2358 et
1480 2303 1782 2366 invenietis;
1829 2301 2051 2373 pulsate,
2098 2311 2145 2356 et

556 2377 814 2444 "aperietur
838 2375 973 2429 vobis
997 2376 1018 2446 ί(
1040 2373 1162 2427 Luc.
1190 2390 1265 2440 χι,
1293 2374 1327 2446 9
1354 2378 1393 2446 ).
1426 2373 1612 2446 Omnia
1641 2374 1781 2446 dicta
1808 2381 1927 2446 sunt
1953 2388 1966 2438 ;
2001 2380 2141 2440 pete,

560 2441 763 2515 quaere,
796 2447 965 2515 pulsa.
994 2445 1137 2515 Betis
1166 2441 1368 2500 orando
1389 2484 1402 2509 ,
1427 2445 1619 2515 qua-ris
1640 2441 1959 2515 disputando
1983 2484 1997 2507 ,
2031 2446 2147 2515 pul-

555 2513 650 2571 sas
678 2513 967 2585 erogando.
1011 2513 1125 2569 Non
1173 2531 1299 2584 ergo
1329 2513 1568 2586 quie'scat
1616 2528 1823 2586 manus.
1855 2514 2147 2586 Apostolus

557 2600 681 2642 cum
718 2583 1171 2656 deeleemosynis
1200 2583 1410 2654 plebem
1437 2583 2027 2656 moneret,Consilium,
2058 2583 2144 2637 in-

557 2658 707 2728 quit,
735 2658 788 2711 in
827 2657 920 2728 hoc
961 2653 1074 2711 do}
1119 2653 1213 2710 hoc
1255 2658 1385 2712 enim
1415 2656 1549 2711 vobis
1592 2655 1824 2726 prodest,
1869 2653 2004 2728 quod
2033 2669 2145 2728 non

557 2720 898 2801 facereLsed
943 2736 989 2801 e_t
1041 2728 1165 2801 velle
1194 2729 1412 2801 coepistis
1449 2730 1511 2801 ab
1526 2720 1673 2801 anno
1705 2720 1890 2795 priore'
1918 2723 1994 2795 (11
2022 2720 2142 2779 Cor.

556 2798 672 2870 vi",
704 2798 935 2870 lO)._Et
958 2798 1181 2866 Daniel,
1231 2798 1485 2870 proSpicit
1520 2798 1753 2870 Spiritus
1789 2804 2003 2851 sanctus
2032 2832 2046 2847 .
2080 2833 2093 2847 .
2125 2833 2141 2849 .

554 2867 689 2924 Nam
720 2870 764 2924 si
782 2867 1003 2924 divitias
1028 2867 1248 2924 nostras
1267 2867 1568 2939 pauperum
1587 2868 1838 2939 cordibus
1864 2881 2141 2939 commen-

556 2938 781 3006 demus,
818 2979 831 2993 .
865 2980 880 2992 .
916 2939 1177 3010 .quando
1221 2936 1311 2996 eas
1359 2936 1827 3010 postmodumaut
1867 2936 1950 2991 {ur
1976 2953 2141 3010 appe-

556 3018 668 3074 tat,
699 3020 789 3063 aut
811 3007 997 3079 prtedo
1019 3018 1191 3065 vastet
1214 3052 1229 3076 ,
1257 3018 1346 3063 aut
1361 3007 1506 3064 tinea
1534 3008 1811 3074 comedat,
1839 3017 1929 3061 aut.
1956 3007 2142 3076 rubigo

554 3090 866 3151 corrumpat
912 3089 1003 3136 aut
1043 3079 1186 3150 quod
1227 3080 1583 3149 perniciosum
1633 3079 2143 3151 injustum_tetnpus

556 3146 842 3206 assumet?
873 3151 980 3207 Sed
1025 3146 1153 3221 quid
1182 3146 1403 3205 ?'Tunc
1450 3165 1580 3219 opes
1625 3146 1819 3221 nostrae
1849 3146 1916 3201 ad
1958 3146 2142 3221 Domi-

553 3238 683 3277 num
710 3231 1014 3285 transeunt,
1043 3218 1205 3291 atque
1234 3218 1501 3289 occupant
1522 3221 1716 3275 coelum
1745 3220 1789 3273 si
1817 3218 2142 3289 pauperibus

559 3293 885 3357 tribuentes,
918 3290 1155 3348 ctelestia
1185 3290 1435 3346 mandata
1467 3304 1763 3345 servemus.

627 3363 763 3418 Huic
799 3379 927 3433 ergo
974 3363 1154 3433 operi,
1188 3362 1409 3429 fratres,
1461 3362 1603 3433 totis,
1642 3360 1842 3415 viribus
1880 3359 2142 3433 insisten-

553 3434 684 3489 dum
712 3443 811 3490 est.
860 3432 983 3488 llaec
1016 3434 1240 3488 Domino
1286 3433 1529 3487 voluntas
1567 3432 1680 3487 sine
1723 3432 1999 3486 vocatione
2041 3432 2141 3485 ali-

553 3518 655 3629 qua
689 3519 899 3573 semper
942 3503 1139 3574 ubique
1183 3502 1497 3572 complenda
1537 3513 1636 3557 est.
1682 3502 1801 3557 Sola
1831 3503 2140 3557 misericor-

598 3577 645 3629 ia
697 3573 1064 3629 tantummodo
1109 3582 1191 3629 est
1236 3574 1304 3627 ab
1341 3574 1650 3628 excessibus
1713 3572 1955 3627 liberata.
2008 3574 2140 3627 Dum

598 3577 645 3629 ia
697 3572 1067 3630 tantummodo
1109 3582 1191 3629 est
1236 3574 1304 3627 ab
1341 3574 1650 3628 excessibus
1713 3572 1955 3627 liberata.
2008 3574 2140 3627 Dum

555 3647 735 3700 omnia
762 3647 945 3701 odiosa
969 3653 1239 3700 suntcum
1276 3643 1700 3699 transcenderint
1740 3644 1954 3698 modum
1982 3685 1995 3709 ,
2028 3644 2141 3698 sola

553 3716 921 3771 misericordia
966 3716 1256 3770 terminum
1295 3730 1402 3769 non
1446 3715 1625 3769 habet.
1659 3715 1777 3783 Ipsa
1824 3723 2029 3769 tantum
2059 3722 2142 3768 est

552 3787 707 3859 cujus
738 3788 981 3859 nimietas
1012 3787 1253 3859 placeat,
1280 3786 2021 3859 cujuspblectetenormitas,
2040 3800 2143 3859 cu-

549 3855 639 3928 jus
670 3858 949 3913 laudabilis
985 3855 1153 3929 possit
1182 3873 1302 3913 esse
1329 3855 1585 3929 profusio.
1622 3856 1747 3913 Sola
1778 3858 1953 3926 itaque
1982 3856 2141 3929 misc-

551 3929 781 3983 ricordia
829 3938 945 3994 est,
987 3928 1109 4000 qua:
1158 3937 1358 3999 quanto
1401 3928 1474 4000 ad
1512 3928 1714 4000 majora
1742 3930 1757 3959 ¹
1797 3928 2137 4000 processerit,

550 4006 700 4051 tanto
728 3996 1039 4067 ampliorem
1080 4008 1133 4054 et
1162 3996 1261 4054 sibi
1292 3998 1503 4053 laudem
1529 3996 1673 4054 et'in
1705 3996 1927 4054 Domino
1959 3996 2142 4052 tribuit

552 4068 889 4123 charitatem.
917 4070 1065 4124 Hanc
1085 4069 1199 4124 fieri
1216 4071 1414 4140 jugiter
1434 4070 1549 4139 ipse
1573 4068 1833 4126 Dominus
1858 4070 2136 4135 hortatur;

616 4256 636 4288 ι
660 4254 873 4318 Urbinas,
897 4254 976 4306 hic
990 4253 1178 4317 addtur,
1208 4252 1519 4306 incremerua.

2004 406 2368 475 APPENDIX.

3701 423 3848 485 l928

2251 549 2349 609 nec
2374 532 2444 609 in
2476 530 2763 605 Evangelio
2788 524 3045 609 Christus
3061 536 3237 609 tacet,
3277 546 3379 590 nec
3416 533 3843 609 perpropheta‘s

2230 604 2474 675 'Spiritus
2491 615 2721 678 sanctus
2747 608 2995 678 cessavit.
3024 606 3285 678 Loquitur
3312 622 3407 676 per
3434 604 3625 663 Isaiam
3651 604 3845 667 Domi-

2249 693 2347 748 nus
2394 687 2446 748 et
2491 675 2648 748 Pater
2674 676 3023 747 Omnipotens
3071 675 3245 742 Deus,
3298 675 3388 747 qui
3442 694 3562 748 qua:
3614 695 3842 738 munera

2236 746 2681 829 misericordibus
2725 746 3089 819 pra-parentur
3114 792 3128 817 ,
3162 746 3395 829 ostendit
3427 746 3687 829 z'f'ronge
3722 769 3842 829 esu-

2245 820 2393 872 rienti
2435 835 2615 888 panem
2646 829 2788 873 tuum
2813 861 2827 881 ,
2875 830 2921 872 et
2949 837 3155 888 egenum
3180 820 3288 874 sine
3323 829 3451 875 tecto
3476 820 3633 874 induc
3656 822 3711 876 in
3739 823 3847 877 do-

2247 906 2385 943 mum
2412 900 2547 942 tuam
2580 907 2598 944 :
2626 889 2671 943 si
2696 889 2877 944 videris
2903 890 3096 944 nudum
3115 932 3130 957 ,
3158 892 3308 957 vesti,
3338 900 3386 945 et
3424 890 3724 946 domesticos
3760 911 3845 948 se-

2247 960 2395 1015 minis
2442 962 2513 1013 tui
2557 978 2658 1015 non
2698 961 2961 1031 despicies.
3006 960 3147 1016 Tunc
3188 972 3412 1031 erumpet
3466 971 3844 1031 temporaneum

2248 1031 2416 1102 lumen
2443 1041 2610 1097 tuum,
2640 1040 2687 1085 et
2718 1034 2807 1086 tua:
2830 1034 2927 1086 cito
2949 1032 3159 1086 orietur.
3193 1033 3255 1086 Et
3285 1032 3483 1102 prwibit
3510 1042 3628 1086 ante
3664 1043 3712 1086 te
3723 1035 3841 1102 jus-

2249 1101 2395 1172 titiq,
2428 1111 2474 1156 et
2501 1103 2705 1157 claritas
2732 1102 2824 1155 Dei
2862 1103 3187 1157 circumdabit
3220 1101 3291 1156 te.
3316 1102 3464 1156 Tunc
3487 1101 3802 1158 exclamabis
3825 1150 3839 1172 ,

2248 1182 2299 1245 e_t
2336 1171 2581 1245 Dominus
2619 1174 2850 1245 exuudiet
2885 1185 2949 1228 te.
2981 1172 3113 1245 Cum,
3151 1174 3317 1227 adhuc
3362 1172 3580 1245 loqueris
3603 1215 3618 1235 ,
3671 1171 3841 1245 dicet,

2248 1241 2382 1297 Ecce
2424 1244 2604 1298 adsum
2630 1243 2793 1314 (Isai.
2839 1260 2999 1310 Lvnt,
3028 1244 3181 1314 7-9).
3220 1245 3361 1298 Satis
3390 1241 3705 1306 evidenter,
3736 1241 3846 1298 ira;

2250 1324 2358 1395 tres
2383 1356 2397 1379 ,
2429 1315 2570 1395 quod
2597 1315 2734 1383 apud
2765 1314 2985 1395 :I‘obiatn
3010 1314 3319 1395 jamdudum
3345 1314 3503 1395 docui
3528 1355 3540 1376 ,
3574 1315 3727 1369 Isaiae
3756 1325 3832 1369 le-

2249 1384 2500 1439 stimonio
2545 1385 2948 1453 comprobatum
2974 1400 3085 1449 eSt,
3118 1384 3510 1455 adiungendam
3543 1400 3835 1455 essefora-

2250 1456 2391 1528 tioni
2429 1456 2859 1528 eleemosynam,
2902 1454 3319 1528 sociandumque
3343 1454 3838 1528 jejunium._Tunc,

2250 1526 2453 1598 inquit,
2497 1525 2836 1593 exclamabis,
2882 1536 2928 1598 et
2954 1528 3090 1581 Deus
3134 1526 3368 1598 exaudiet
3410 1535 3502 1598 te;
3538 1525 3761 1598 tibique
3790 1527 3841 1580 in

2250 1595 2490 1653 oratione
2536 1598 2824 1663 clamanti,
2877 1596 3000 1651 dum
3054 1599 3219 1652 adhuc
3263 1595 3479 1666 loqueris
3510 1595 3683 1666 dicet,
3715 1595 3845 1649 Ecce

2249 1668 2447 1723 adsum.
2491 1668 2549 1724 Si
2588 1668 3043 1746 misericordiam,
3093 1667 3296 1746 inquit,
3327 1665 3699 1746 impenderis,
3738 1667 3842 1746 cito

2248 1755 2367 1795 eam
2409 1755 2528 1795 cum
2574 1755 2762 1810 rogare
2805 1740 3095 1808 inceperis,
3146 1736 3500 1810 impetrabis:
3549 1737 3841 1810 praeveniet

2252 1811 2509 1892 Dominus
2536 1807 2662 1892 tuas'
2691 1825 2849 1866 voces
2874 1850 2889 1876 ,
2921 1807 2975 1863 et
2998 1807 3453 1879 praecurrentibus
3489 1807 3702 1864 meritis
3734 1809 3835 1864 tuis

2249 1896 2479 1950 acetptes
2504 1897 2705 1936 omma.

2322 1947 2457 2020 Quid
2489 1954 2631 2007 enim
2661 1960 2744 2006 est
2767 1950 3008 2005 oratione
3038 1950 3342 2019 prccclarius
3369 1948 3393 2001 ?
3416 1947 3548 2018 quid
3578 1950 3705 2003 vitae
3748 1965 3842 2020 no-

2251 2019 2376 2078 strae
2404 2022 2586 2078 utilius
2612 2023 2636 2075 ’ἶ
2659 2021 2782 2091 quid
2812 2021 2863 2075 in
2891 2031 2996 2074 tota
3019 2031 3197 2075 nostra
3227 2020 3484 2089 religione
3509 2019 3837 2075 sublimius?

2252 2092 2438 2149 Oratio
2471 2104 2552 2148 est
2576 2108 2694 2162 qua:
2724 2107 2823 2147 nos
2857 2092 3187 2146 Christianos
3228 2099 3481 2162 provocat
3517 2107 3531 2153 ;
3563 2092 3739 2144 oratio
3763 2099 3842 2144 est

2251 2180 2354 2234 qua
2398 2180 2518 2218 cum
2560 2160 3009 2234 Deo‘loquimur,
3056 2177 3161 2232 qua
3192 2170 3398 2230 patrem
3430 2160 3704 2234 dicimus,
3742 2178 3842 2234 qua

2249 2230 2499 2290 universa
2550 2230 2812 2288 desideria
2860 2230 3139 2289 nostrain
3192 2241 3485 2300 conspectu
3542 2230 3842 2299 majestatis

2250 2308 2366 2375 ejus
2391 2304 2729 2375 effundimus.
2751 2303 2933 2358 Oratio
2955 2313 3037 2359 est
3080 2319 3195 2371 quae
3218 2303 3389 2375 celos
3418 2310 3707 2375 penetrat,
3740 2318 3841 2375 nu-

2252 2372 2347 2431 bes
2391 2376 2619 2439 transit,
2652 2374 2747 2428 Dei
2772 2389 2928 2429 aures
2955 2374 3181 2443 attingit.
3215 2374 3342 2428 [huc
3366 2373 3417 2426 in
3452 2372 3703 2443 Ecclesia
3725 2374 3840 2427 uni-

2250 2448 2420 2501 versis
2466 2445 2719 2516 gradibus
2764 2446 3061 2499 neccssaria
3100 2442 3212 2499 est.
3260 2444 3387 2516 lliec
3438 2442 3843 2516 catechumenis

2249 2514 2517 2586 spiritum,
2550 2515 2794 2586 fidelibus
2820 2516 3148 2585 prmsidium,
3186 2514 3573 2585 pmnitentibus
3595 2514 3842 2567 solatium

2251 2585 2487 2657 praestat.
2520 2586 2646 2642 Haec
2681 2585 2855 2655 justus
2894 2586 3162 2651 continet,
3203 2586 3449 2657 sublevat
3489 2592 3841 2657 peccatores;

2248 2656 2345 2729 per
2372 2656 2509 2712 hanc
2530 2658 2691 2729 etiam
2711 2658 2799 2725 qui
2827 2668 2969 2712 stant
2995 2673 3100 2711 non
3127 2656 3345 2729 cadunt,
3375 2665 3430 2711 et
3450 2656 3543 2725 qui
3570 2656 3690 2729 elisi
3718 2662 3844 2709 sunt

2249 2725 2545 2800 eriguntur.
2578 2728 2687 2783 Hac
2711 2729 2875 2800 utitur
2905 2738 3033 2784 actas
3057 2769 3072 2793 ,
3099 2743 3260 2784 sexus
3283 2768 3299 2792 ,
3320 2728 3434 2800 hac
3459 2725 3702 2780 conditio
3725 2741 3843 2800 om-

2248 2797 2406 2856 nis'et
2430 2800 2675 2871 dignitas.
2711 2799 2837 2871 Haec
2865 2814 3051 2866 magna
3077 2808 3284 2864 servat,
3319 2798 3433 2871 haec
3478 2804 3618 2851 tutat
3655 2807 3704 2850 et
3738 2797 3841 2850 mi-

2248 2871 2410 2926 nima.
2442 2868 2542 2926 Per
2566 2870 2702 2925 hanc
2729 2869 2920 2924 divites
2948 2871 3042 2923 tuti
3082 2878 3245 2933 sunt,
3277 2884 3372 2937 per
3403 2868 3543 2922 hanc
3572 2880 3838 2937 pauperes

2254 2957 2362 2997 non
2392 2942 2666 2997 deficiunt.
2708 2941 2833 2995 llaec
2861 2956 2928 2996 ex
2960 2941 3170 2994 illorum
3212 2938 3537 2994 abundantia
3580 2937 3840 3003 excubat,

2250 3012 2366 3067 haec
2405 3023 2461 3067 ut
2506 3014 2575 3068 ab
2617 3012 2747 3081 ipsis
2777 3011 2994 3080 penuria
3038 3010 3349 3081 repellaturg
3378 3018 3588 3081 exorat.
3642 3007 3713 3081 ln_
3746 3008 3845 3062 hac

2249 3084 2611 3165 gubernatum
2632 3078 2687 3165 iu
2715 3078 3003 3165 presperis,
3039 3078 3135 3151 per
3159 3078 3572 3165 hancliduciam
3604 3079 3845 3165 gerimus

2250 3148 2304 3209 in
2332 3154 2591 3209 adversis.
2632 3148 2756 3207 Huic
2793 3148 2947 3207 nobis
2978 3148 3265 3221 in'gaudiis
3302 3150 3535 3221 jucunda
3558 3160 3690 3221 est;
3728 3148 3845 3203 haec

2249 3224 2303 3279 in
2334 3225 2560 3280 luctibus
2587 3224 2784 3278 suavis.
2815 3223 2917 3279 Per
2944 3220 3081 3277 hanc
3104 3220 3343 3276 ltetitiam
3368 3220 3717 3291 percipimus,
3750 3235 3845 3288 per

2248 3294 2387 3351 hanc
2413 3296 2679 3350 tristitiam
2720 3293 3068 3349 declinamus.
3100 3291 3237 3348 Huic
3276 3301 3459 3347 autem
3490 3292 3662 3345 nostri
3703 3306 3841 3351 pon-

2248 3366 2347 3420 dus
2376 3378 2430 3420 et
2475 3366 2721 3430 taedium,
2767 3366 2946 3419 votiva
2975 3364 3151 3418 omnia
3194 3362 3654 3418 commendamus.
3694 3362 3842 3416 Hanc

2246 3437 2400 3507 quasi
2425 3435 2638 3493 ﬁdelem
2664 3435 3287 3507 sequestramustquasi
3312 3433 3566 3507 idoneam
3598 3440 3654 3487 et
3687 3432 3843 3487 tutis-

2247 3504 2436 3562 simam
2472 3507 2647 3562 navim
2697 3507 3062 3561 universorum
3090 3504 3482 3561 desideriorum
3526 3512 3835 3558 nostrorum

2246 3579 2511 3637 mercibus
2532 3592 2835 3643 oneramus,
2859 3592 2976 3645 qua:
2995 3574 3061 3629 ad
3082 3577 3500 3645 omnipotentem
3523 3573 3829 3645 Dominum,

2248 3650 2496 3718 expansis
2527 3649 2771 3702 manibus
2791 3689 2804 3710 ,
2834 3643 3069 3716 fusisque
3097 3643 3341 3718 precibus
3372 3643 3835 3718 prospero_felici-_

2244 3714 2351 3789 que
2375 3734 2533 3774 cursu
2562 3721 2860 3788 perveniat.
2890 3714 2995 3771 Per
3022 3718 3157 3789 hanc
3181 3714 3608 3789 omniatimoris
3626 3714 3837 3789 Domini

2247 3784 2578 3845 ornamenta
2592 3790 2932 3860 percipimus.
2965 3789 3067 3842 Per
3099 3788 3249 3860 hanc
3290 3785 3547 3860 quidquid
3580 3784 3726 3860 fides
3750 3786 3835 3860 in—

2246 3860 2442 3925 choat,
2493 3854 2707 3931 Spiritus
2736 3854 3016 3931 'mundat,
3061 3854 3587 3931 cliaritas'deeOrat,
3624 3854 3842 3908 assidua

2247 3929 2618 4004 deprecatione
2654 3946 2952 4004 servamus.
2985 3930 3087 4004 Per
3122 3929 3262 3983 hanc
3296 3929 3798 4004 castitate_tuemur
3820 3966 3839 3995 ,

2247 3998 2569 4058 continentia
2618 4003 2941 4071 virtuteque
2971 4001 3355 4071 gubernamur.
3404 3998 3510 4055 Per
3558 3998 3701 4071 hanc
3744 4010 3841 4068 pro

2244 4072 2457 4128 Christo
2500 4074 2739 4142 corporis
2778 4070 2991 4127 vincula
3025 4072 3349 4126 sustinemus
3390 4087 3403 4124 :
3448 4085 3545 4139 per
3574 4070 3714 4125 hanc
3744 4081 3840 4139 po-

2245 4152 2446 4200 stremo
2470 4144 2625 4200 beata
2650 4143 2904 4215 martyria
2941 4156 3395 4198 eonsummamus.
3419 4142 3615 4197 Amen.

1265 4476 1534 4543 SERMO
1572 4480 1679 4542 DE
1723 4480 2343 4545 GENERALITATE
2384 4484 3115 4549 ELEEMOSYNARUM.

1229 4643 1412 4701 Editus
1440 4658 1470 4701 a
1494 4644 1779 4702 Sirmundo
1804 4645 1860 4701 in
1887 4646 2198 4719 Appendice
2221 4658 2343 4722 post
2368 4650 2783 4723 Augustinianos
2808 4651 3175 4723 quadraginta.

546 4828 747 4901 Stipem
782 4826 1123 4901 peccatoribus
1166 4822 1439 4901 Menidas
1478 4834 1705 4901 negant_,
1746 4834 1793 4880 et
1820 4842 2016 4901 quqre._
2037 4828 2130 4883 Ti-

618 4895 753 4954 ment
782 4899 871 4953 alii
898 4917 961 4954 ne
996 4898 1343 4968 peccatoribus
1367 4895 1628 4966 largiendo
1656 4895 1819 4968 Deum
1835 4895 2127 4968 'o/fendant.

622 4970 866 5025 Omnibus
897 4966 1278 5038 et'oganda'iest.
1308 4966 1445 5021 Justi
1485 4967 1831 5038 pra'ponendi.
1882 4967 1995 5022 Nec
2036 4970 2129 5025 de-

618 5041 869 5111 spiciendi
888 5040 1094 5093 inimici.
1125 5037 1245 5093 Non
1273 5040 1390 5110 quia
1421 5037 1703 5110 peccatores
1722 5079 1737 5103 ,
1766 5039 1854 5111 sed
1882 5040 2000 5108 quia
2039 5041 2130 5095 Ιιο·

619 5108 798 5165 mines.
842 5109 1199 5182 Peccatoribus
1226 5108 1407 5182 stipem
1422 5108 1535 5164 non
1574 5111 1772 5182 negavit
1806 5108 2053 5166 Christus.

618 5182 753 5237 Sunt
781 5182 871 5252 qui
917 5181 1220 5253 existimant
1266 5180 1651 5253 eleemosynas
1684 5181 1841 5251 justis
1870 5191 2127 5253 tantum-

543 5253 707 5309 modo
734 5251 854 5308 esSe
877 5251 1228 5323 praebendas;
1247 5251 1609 5320 peccatoribus
1628 5262 1809 5306 autem
1829 5252 1959 5306 nihil
1980 5253 2126 5320 ejus-

544 5324 691 5380 modi
737 5324 850 5379 dari
882 5322 1161 5394 'oportere.
1194 5322 1249 5376 In
1276 5323 1377 5376 hoc
1398 5337 1580 5394 errore
1606 5323 1834 5391 primum
1862 5325 2126 5394 sacrilegii

544 5396 724 5449 locum
760 5392 1036 5450 Manichaei
1068 5402 1248 5449 tenent
1269 5434 1306 5464 ,Α
1332 5394 1424 5463 qui
1456 5392 1683 5449 credunt
1710 5394 1762 5448 in
1793 5392 2125 5464 quocumque

544 5465 665 5520 cibo
721 5465 812 5521 Dei
864 5464 1102 5521 membra
1140 5462 1401 5535 permixta
1443 5472 1500 5519 et
1540 5464 1785 5535 colligata
1818 5462 2073 5519 detineri
2106 5483 2121 5520 :

544 5537 735 5605 quibus
767 5544 988 5592 censent
1015 5534 1149 5592 esse
1176 5534 1529 5605 parcendum,
1571 5550 1639 5591 ne
1678 5550 1708 5589 a
1760 5536 2125 5605 peccatoribus

544 5607 890 5688 polluantur,
916 5617 970 5662 et
1008 5605 1161 5688 podis
1186 5606 1954 5688 iniserioribus‘implicentur.
1998 5608 2123 5662 Haec

543 5677 751 5735 insania
781 5679 957 5732 minus
992 5677 1153 5747 digne
1183 5678 1409 5732 fortasse
1446 5677 1707 5732 refellitur
1729 5717 1745 5741 ,
1776 5694 1935 5747 quam
1964 5693 2124 5733 sano-

542 5763 662 5805 rum
691 5748 928 5820 omnium
945 5763 1145 5820 sensus
1170 5748 1419 5820 offendit,
1439 5748 1493 5820 si
1527 5748 1895 5820 tantummodo
1924 5764 2121 5820 propo-

543 5829 723 5877 natur.
748 5819 998 5875 Nonnulli
1021 5829 1197 5874 autem
1223 5819 1353 5873 nihil
1383 5818 1496 5890 tale
1512 5818 1829 5885 sentientes,
1854 5818 1974 5875 ideo
2000 5818 2123 5890 pec-

538 5900 754 5951 eatores
781 5899 968 5964 putant
994 5906 1102 5949 non
1125 5905 1245 5948 esse
1270 5887 1588 5963 pascendos,
1611 5901 1685 5959 ne
1709 5900 1897 5957 contra
1926 5887 2117 5951 Domi-

2239 4844 2369 4884 num
2418 4842 2708 4901 conemur,
2755 4827 2903 4901 cujus
2934 4829 2990 4883 in
3025 4828 3103 4884 eis
3149 4826 3439 4901 indignatio
3481 4827 3825 4901 declaratur:

2239 4908 2489 4969 tanquam
2531 4915 2598 4955 ex
2642 4900 2745 4956 hoc
2770 4899 2928 4956 etiam
2958 4901 3111 4956 nobis
3156 4901 3325 4970 possit
3364 4899 3557 4965 irasci,
3588 4901 3711 4970 quia
3755 4899 3828 4952 eis

2236 4972 2483 5027 volumus
2512 4971 2797 5041 subvenire
2820 5014 2835 5038 ,
2861 4987 2997 5041 quos
3026 4972 3140 5026 vult
3160 4969 3281 5039 ipse
3316 4971 3527 5039 punire.
3560 4969 3828 5041 Adhibent

2235 5051 2290 5098 et
2316 5041 2619 5097 testimonia
2644 5040 3038 5111 Scripturarum
3093 5050 3417 5107 sanctarum,
3443 5041 3534 5095 ubi
3565 5040 3821 5110 legimus,

2233 5111 2317 5166 Da
2353 5113 2778 5177 misericordiam,
2815 5123 2860 5167 et
2902 5130 2967 5167 ne
3006 5113 3250 5182 suscipias
3288 5119 3706 5182 peccatore-nt,”
3733 5111 3829 5182 int-

2234 5185 2332 5255 piis
2371 5193 2421 5255 et,
2454 5182 2797 5255 peccatoribus
2824 5185 2980 5239 redde
3004 5180 3304 5255 vindictam,
3337 5181 3471 5236 Bene
3499 5180 3822 5255 fac__hu_miti,

2232 5250 2280 5309 et
2307 5272 2369 5309 ne
2391 5250 2588 5308 dederis
2621 5255 2779 5327 impio
2808 5270 2826 5319 ;
2864 5255 3103 5327 quoniam
3129 5263 3173 5327 et
3200 5250 3645 5327 ditissimusodio
3685 5250 3825 5327 habet

2234 5334 2547 5397 peccatores,
2590 5333 2636 5379 et
2678 5321 2849 5397 impiis
2876 5321 3061 5397 reddet
3102 5324 3374 5397 vindictam
3407 5321 3750 5397 (Eri-cliti",
3774 5323 3821 5384 4,

2232 5392 2282 5478 β,
2317 5394 2409 5521 7
2444 5396 2568 5451 llmc
2587 5392 3222 5479 verba'quetuadmodum
3252 5392 3563 5477 accipienda
3586 5393 3697 5449 sint
3717 5405 3817 5445 non

2232 5468 2360 5521 tutel
2388 5477 2612 5521 utentes.
2644 5467 2945 5521 detestabili
2972 5466 3292 5521 crudelitate
3324 5465 3639 5521 induuntur.
3672 5462 3817 5519 Unde

2231 5462 2612 5537 intelligentes,
2644 5462 2945 5523 detestabili
2972 5466 3292 5523 crudelitate
3324 5462 3639 5537 induuntur.
3672 5462 3819 5537 Uude

2230 5553 2327 5592 nos
2352 5534 2560 5606 oportet
2588 5540 2654 5594 de
2682 5539 2783 5594 hac
2805 5555 2864 5594 re
2887 5581 2902 5605 ,
2933 5547 3113 5609 patres
3142 5578 3159 5605 ,
3195 5536 3654 5609 vestramralloqui
3692 5534 3821 5609 Clis-

2229 5610 2439 5664 ritatem
2473 5629 2484 5664 :
2521 5628 2586 5666 ne
2616 5606 3218 5680 cogitatione'perversa
3247 5625 3368 5664 cum
3416 5607 3597 5662 divina
3631 5606 3817 5660 volun-

2229 5688 2335 5735 tate
2363 5698 2468 5736 non
2498 5683 2863 5737 consentiatis.
3516 5728 3519 5729 ν

2295 5752 2556 5825 Omnibus
2589 5754 3158 5825 esse-impertiendum
3198 5748 3626 5825 misericordiam
3668 5745 3817 5825 ᾷᾳρεο

2223 5823 2497 5894 apostolus
2534 5823 2731 5879 Paulus
2769 5816 3101 5894 apertissime
3143 5825 3326 5880 dicens
3378 5841 3390 5875 :
3438 5816 3812 5894 Inf‘atigabiles2

2223 5882 2431 5965 inquit,
2470 5910 2582 5949 cum
2636 5882 2830 5967 tempus
2881 5896 3146 5967 habemus,
3194 5902 3465 5966 operentur
3508 5882 3709 5949 butt-itm
3753 5882 3814 5941 ad
