4100 6344
274 427 421 490 1255

341 542 461 599 Non
486 538 578 611 qui
603 537 778 596 bonus
801 545 1095 611 permanet,
1123 536 1239 611 ipse
1265 533 1541 611 polluitur,
1569 532 1614 589 si
1635 532 1868 611 societur

271 615 449 678 malo;
477 604 573 667 sed
602 611 690 681 qui
716 604 888 665 malus
912 618 1014 675 est,
1047 609 1099 662 in
1123 604 1322 662 bonum
1351 606 1594 673 vertitur,
1635 605 1680 658 si
1729 604 1866 658 bona

273 683 519 753 exempla
548 689 843 753 sectetur,
1115 748 1128 753 _
1181 747 1193 753 _
1453 747 1471 753 _
1719 746 1770 753 Μ
1830 727 1843 739 .

345 746 653 809 Fornicatio
671 792 685 811 .
715 761 773 806 ut
797 752 978 805 vinum
1005 756 1059 803 et
1082 747 1314 804 ebrietas
1333 789 1348 813 ,
1374 747 1549 802 aufert
1573 762 1688 801 cor.
1716 746 1867 801 Sicut

273 826 416 884 enim
445 824 624 877 vinum
655 831 709 877 et
736 823 965 878 ebrietas
997 835 1118 874 eum
1162 820 1252 889 qui
1291 819 1484 874 biberit
1521 817 1716 872 mentis
1754 833 1867 889 sua:

274 898 529 966 impotem
562 892 721 966 facit;
770 894 840 946 ita
886 888 1271 966 fornicatione
1315 890 1560 966 voluptas
1606 888 1868 966 pervertit

271 958 522 1029 sensum,
554 964 897 1033 animumque
936 961 1204 1027 debilitat,
1246 968 1301 1016 et
1338 961 1404 1014 de
1435 958 1862 1033 rat_ionabili_ho«

272 1039 419 1093 mine
445 1037 661 1090 brutum
688 1030 851 1089 eflicit
877 1033 1096 1096 animal,
1125 1041 1182 1086 ut
1206 1045 1403 1102 ganeas
1430 1039 1485 1084 et
1515 1030 1785 1102 lupanaria
1811 1037 1867 1084 et

273 1107 553 1163 libidinum
582 1105 747 1158 lustra
773 1112 1024 1160 sectetur.
1053 1102 1155 1170 Qui
1183 1101 1391 1157 amatur
1418 1117 1447 1154 a
1470 1101 1718 1166 Domino,
1746 1115 1867 1154 cor-

272 1179 465 1246 ripitur
503 1174 685 1246 (Prov.
712 1191 805 1244 ιιι,
835 1173 960 1246 12);
1001 1174 1110 1245 qui.
1134 1172 1452 1245 negligitur,
1483 1172 1594 1227 suis
1636 1171 1866 1241 peccatis

272 1248 576 1304 dimittitur.

343 1318 541 1374 Natura
572 1317 783 1372 leonum
813 1330 932 1371 esse
968 1314 1196 1381 dicitur,
1227 1323 1318 1381 ut,
1346 1329 1469 1370 cum
1500 1310 1869 1369 infremuerint

1016 417 1391 478 ADMONITIO
1427 416 1496 475 IN
1535 410 1897 473 SERMONES
1925 411 2018 470 AD
2056 412 2375 474 FRATRES
2409 415 2478 474 IN
2513 415 2772 475 EREMO.

3426 419 3568 477 1254

2042 533 2292 590 Naturale
2311 545 2413 603 est,
2439 543 2497 591 ut
2519 549 2706 608 omnes
2731 531 2966 608 artiﬁces
2990 547 3100 608 sua:
3120 535 3563 608 artisloquantur

1970 608 2247 677 exemplis,
2278 617 2332 661 et
2357 607 2717 677 unusquisque
2746 605 2800 660 in
2826 620 2932 675 quo
2953 607 3128 677 studio
3155 607 3299 662 trivit
3325 605 3561 674 nitatem,

1970 676 2523 733 illius’similitudines
2554 676 2785 747 proferat
2818 695 2831 731 :
2861 676 3011 730 verbi
3052 678 3248 746 gratia,
3282 678 3372 748 qui
3401 686 3564 733 nauta

1969 757 2053 801 est
2079 757 2133 802 et
2161 749 2512 817 gubernator,
2545 748 2812 802 tristitiam
2850 762 3003 802 suam
3045 758 3319 815 comparat
3355 757 3565 818 tempe-

1969 819 2115 885 stati,
2137 820 2389 874 damnum
2412 818 2740 890 naufragium
2761 829 2936 884 vocat,
2961 818 3206 890 inimicos
3226 833 3352 873 suos
3372 829 3563 875 ventos

1969 891 2201 959 appellat
2244 891 2573 954 contrarios;
2606 889 2825 944 rursum
2871 889 3380 961 prosperitatem‘et
3425 890 3565 944 lanti-

1971 961 2118 1028 tiam,
2147 977 2329 1015 auram
2362 961 2771 1032 placidissimam
2798 968 2852 1014 et
2872 959 3139 1014 secundos
3168 959 3415 1032 nominat
3432 975 3564 1032 ven:

1970 1038 2085 1097 tos,
2124 1029 2406 1103 tranquilla
2444 1032 2611 1103 maria
2655 1041 2710 1103 et
2752 1045 2966 1103 aequora
3011 1029 3213 1099 campis
3257 1030 3475 1103 similia.
3520 1031 3566 1085 Ε

1970 1103 2218 1173 regione,
2263 1099 2418 1159 miles
2459 1102 2713 1173 quidquid
2751 1099 2976 1166 diierit,
3018 1110 3262 1173 scutum,
3302 1099 3564 1169 gladium,

1970 1172 2221 1234 loricam.
2253 1171 2490 1245 galeam,
2524 1171 2795 1245 lanceam,
2828 1187 3011 1228 arcum
3040 1180 3094 1227 et
3122 1171 3340 1241 sagittas
3360 1211 3376 1238 ,
3414 1184 3562 1225 mor-

1971 1253 2101 1310 tem,
2131 1244 2321 1300 vulnus
2350 1253 2403 1300 et
2429 1244 2705 1300 victoriam
2735 1251 2908 1297 sonat.

2043 1317 2329 1372 Pestilente
2355 1316 2636 1386 ﬂagellato,
2667 1329 2775 1386 non
2803 1315 2976 1368 solum
3000 1312 3216 1386 sapiens
3235 1354 3249 1377 ,
3277 1311 3372 1386 sed
3400 1310 3564 1367 etiam

273 1398 330 1445 et
354 1388 638 1459 rugierint,
672 1387 849 1441 omnia
880 1387 1167 1459 animantia
1196 1387 1641 1449 contremiscant,
1673 1393 1731 1439 ut
1760 1383 1865 1438 fixo

312 1458 443 1541 radn
463 1474 528 1585 se
556 1473 772 1515 movere
796 1472 903 1514 non
929 1458 1167 1529 possint;
1197 1465 1374 1514 tantus
1400 1473 1563 1530 pavor
1588 1464 1693 1524 est,
1717 1462 1864 1510 tanta

312 1539 460 1585 )l‘tltu
500 1544 551 1583 0.

297 1539 551 1587 'ortitudo.

1969 1388 2164 1445 stultus
2189 1381 2499 1460 prudentior
2526 1386 2619 1443 ﬁet
2648 1384 2829 1457 (Prov.
2855 1399 2973 1453 xix,
2997 1381 3106 1451 25';
3134 1398 3245 1452 xu,
3276 1381 3390 1453 ll).

279 1650 3108 1682 —.———_——___—._———————————————O-

1616 1755 2266 1833 ADMONITIO

1125 1920 1208 1981 IN
1249 1917 1667 1981 SERMONES
1708 1917 1817 1979 AD
1858 1915 2222 1980 FRATRES
2265 1916 2348 1978 IN
2388 1913 2688 1977 EREMO.

348 2064 409 2122 ιιι
432 2077 497 2121 ea
520 2063 836 2122 Sermonum
865 2065 1181 2123 collectione
1203 2067 1311 2124 duo
1340 2074 1492 2123 erant
1521 2081 1646 2122 vere
1673 2063 2042 2137 Augustiniani
2062 2105 2077 2132 ,
2106 2063 2196 2133 qui
2225 2062 2469 2118 nimirum
2487 2062 2555 2118 de
2578 2057 2866 2117 Communi
2894 2054 3001 2113 vita
3022 2054 3341 2111 clericorum
3374 2046 3564 2121 appel-

271 2158 492 2225 lantur,
524 2157 699 2213 loeum
732 2158 783 2213 in
814 2159 1091 2231 superiore
1132 2170 1277 2215 tomo
1318 2174 1473 2215 suum
1511 2168 1791 2226 tenentes,
1838 2157 2025 2214 ordine
2074 2158 2177 2213 555
2221 2166 2275 2212 et
2312 2156 2436 2212 556.
2479 2156 2735 2227 Reliquos
2780 2152 2893 2208 fere
2939 2165 3129 2207 omnes
3171 2146 3475 2205 subdititios
3519 2151 3576 2199 et

271 2250 578 2322 Augustino
603 2251 849 2323 indignos
878 2251 1063 2309 haberi
1104 2268 1169 2309 ac
1204 2253 1309 2309 dici
1340 2255 1602 2324 patiemur
1629 2255 1696 2309 ab
1724 2254 1966 2310 eruditis.
2000 2254 2143 2309 lntcr
2173 2268 2267 2309 eos
2297 2253 2558 2308 Baronius
2577 2291 2592 2318 ,
2630 2250 2697 2305 ad
2724 2263 2922 2303 annum
2952 2244 3152 2301 Christi
3180 2242 3285 2298 582
3319 2258 3331 2293 :
3364 2238 3575 2303 Auctor,

269 2346 389 2411 ait,
434 2343 641 2398 illorum
682 2360 972 2399 sermonum
1000 2362 1101 2400 non
1133 2347 1232 2401 nisi
1264 2346 1510 2418 impostor
1554 2346 1797 2402 dicendus
1816 2389 1830 2412 ,
1874 2365 1986 2402 cum
2016 2348 2292 2401 multorum
2320 2346 2700 2401 mendaciorum
2742 2341 3117 2398 sanctissimum
3144 2353 3204 2391 ac
3234 2335 3578 2389 doctissimum

271 2436 442 2491 virum
468 2437 782 2491 constituerit
807 2447 1127 2496 assertorem.
1158 2438 1226 2494 Et
1254 2439 1319 2493 ad
1347 2454 1546 2495 annum
1576 2440 1681 2496 585
1728 2458 1742 2494 :
1785 2437 2030 2512 Frigidus
2060 2440 2145 2493 ille
2186 2440 2332 2509 ﬁctor
2375 2438 2536 2492 multa
2577 2436 2739 2490 delira
2759 2475 2774 2501 ,
2807 2449 2939 2487 vana
2967 2440 3011 2486 et
3040 2428 3272 2501 fabulosa
3312 2426 3403 2481 sub
3446 2424 3580 2479 tanti

272 2524 456 2581 Patris
480 2527 681 2581 nomine
707 2526 871 2595 elfutit
890 2570 905 2593 ,
939 2538 1228 2598 portentosa
1252 2530 1520 2585 mendacia
1546 2530 1758 2584 blateret
1778 2571 1793 2597 ,
1826 2537 1929 2585 etc.
1962 2530 2349 2595 Bcllarminus,
2379 2529 2473 2583 lib.
2508 2527 2574 2583 de
2596 2523 2960 2596 Scriptoribus
2988 2519 3378 2576 Ecclesiasticis
3404 2535 3417 2571 :
3449 2515 3578 2571 Ser-

273 2634 485 2686 mones,
518 2618 718 2690 inquit,
764 2619 832 2674 ad
874 2618 1084 2676 Fratres
1123 2621 1178 2675 in
1219 2637 1386 2676 eremo
1424 2620 1656 2676 videntur
1695 2637 1881 2693 magna
1918 2638 1981 2677 ea:
2016 2629 2159 2693 parte
2197 2621 2419 2689 conﬁcti.
2463 2618 2606 2674 Inter
2641 2616 2761 2673 illos
2790 2616 2937 2672 multi
2964 2622 3079 2670 sunt
3110 2613 3234 2667 leves
3264 2619 3311 2665 et
3338 2606 3579 2681 fabulosi.

273 2709 499 2767 Phrasis
542 2721 615 2766 est
656 2711 862 2783 inepta,
906 2713 1187 2785 impropria
1206 2754 1221 2780 ,
1265 2714 1515 2769 lutulenta
1535 2755 1550 2781 ,
1584 2722 1640 2768 ut
1663 2714 1847 2769 mirum
1876 2715 1940 2770 sit
1969 2715 2190 2786 potuisse
2221 2712 2468 2785 ejusmodi
2498 2728 2752 2767 sermones
2782 2709 2845 2766 S.
2876 2708 3161 2779 Augustino
3188 2705 3250 2758 ab
3279 2703 3449 2772 aliquo
3472 2699 3582 2755 viro

272 2803 524 2875 prudente
548 2803 719 2858 tribui.
750 2803 1114 2861 Lovanienses
1138 2804 1397 2877 Theologi
1438 2821 1665 2863 censura
1711 2808 1765 2861 in
1812 2807 2033 2863 eosdem
2078 2810 2355 2862 sermones
2398 2804 2617 2875 praeﬁxa
2657 2820 2671 2857 :
2712 2802 2854 2859 Satis
2881 2808 3076 2855 constat
3103 2798 3194 2853 sub
3223 2796 3287 2849 ο.
3312 2792 3582 2866 Augustini

273 2896 483 2951 nomine
511 2913 543 2949 a
572 2896 793 2965 quodam
828 2897 1111 2951 semilatino
1140 2898 1366 2952 exercitii
1405 2914 1559 2953 causa
1600 2899 1910 2970 conscriptos
1951 2914 2077 2954 esse.
2124 2897 2411 2965 Aliquando
2458 2897 2763 2952 intermiscet
2808 2895 2956 2950 verba
2996 2891 3300 2964 Augustini,
3346 2885 3577 2951 Cwsarii,

274 2985 531 3059 Gregorii.
563 2984 821 3040 Martium
846 2985 1068 3057 Lypsius
1092 3003 1154 3042 ccc
1175 2988 1444 3058 phrasibus
1472 2997 1517 3043 et
1547 2988 1850 3044 dictionibus
1880 2989 2180 3059 quibusdam
2205 2990 2491 3060 suspicatur
2517 2998 2777 3043 auctorem
2802 2987 2958 3058 fuisse
2982 2985 3368 3040 exclamatorem
3400 2978 3579 3034 Gallo-

271 3078 556 3149 ﬂandrum.
589 3078 715 3133 llaec
736 3077 1116 3147 Lovanienses,
1142 3079 1232 3150 qui
1260 3095 1327 3135 ex
1349 3079 1645 3136 Mauburno
1667 3079 1870 3136 addunt
1894 3083 1986 3135 hos
2007 3097 2257 3136 sermones
2278 3098 2310 3135 a
2331 3079 2698 3136 Conservatore
2715 3076 3007 3150 Apostolico
3032 3075 3233 3146 Rhegii,
3256 3087 3390 3145 anno
3412 3070 3576 3134 MM,

272 3169 544 3225 damnatos
574 3179 620 3224 et
647 3171 959 3242 reprobatos.
988 3171 1247 3227 Erasmus
1272 3172 1338 3229 ad
1366 3173 1662 3230 Fonsecam
1694 3173 1949 3244 Archiep.
1981 3173 2154 3229 Tolet.
2186 3172 2501 3244 praefatione
2528 3173 2582 3228 in
2608 3170 2961 3241 Augustinum
2994 3165 3178 3223 scribit
3208 3181 3221 3218 :
3252 3162 3321 3216 1n
3347 3161 3578 3216 omnibus

270 3277 393 3332 quae
419 3262 498 3316 illi
525 3262 659 3333 falso
687 3271 805 3317 sunt
833 3263 1076 3335 inscripta
1096 3306 1111 3332 ,
1141 3264 1268 3319 nihil
1307 3266 1551 3320 insulsius
1592 3275 1680 3320 aut
1720 3266 2064 3334 impudentius
2094 3266 2425 3323 Sermonibus
2455 3266 2524 3319 ad
2556 3264 2806 3320 Eremitas
2828 3305 2842 3329 ,
2871 3264 2926 3317 in
2953 3261 3131 3331 quibus
3158 3274 3248 3313 nec
3277 3257 3454 3320 verba,
3486 3269 3577 3308 nec

270 3353 556 3418 sententias,
586 3370 677 3407 nec
702 3363 892 3424 pectus,
920 3371 1009 3409 nec
1037 3356 1240 3411 omnino
1266 3358 1543 3428 quidquam
1570 3367 1642 3413 est
1662 3358 1948 3430 Augustino
1977 3359 2206 3430 dignum.
2239 3359 2385 3415 Idem
2411 3359 2464 3414 in
2485 3358 2625 3414 libro
2655 3358 2722 3413 de
2747 3355 2972 3411 Ratione
2998 3349 3349 3409 concionandi
3377 3347 3535 3403 tertio
3559 3361 3575 3400 :

272 3442 346 3498 In
370 3443 450 3499 Itis
470 3486 484 3511 ,
516 3446 611 3513 ait,
642 3447 951 3501 sermonibus
976 3448 1198 3503 cervisite
1224 3466 1420 3521 quoque
1446 3451 1671 3505 meminit
1703 3450 2017 3505 Flandricus
2037 3493 2053 3518 ,
2099 3460 2154 3505 ut
2197 3452 2459 3523 suspicor,
2493 3451 2824 3522 Augustinus.
2870 3448 3057 3502 Omnia
3085 3447 3265 3499 miram
3296 3440 3578 3496 barbariem

272 3545 509 3605 crepant,
538 3538 758 3609 exceptis
784 3538 846 3593 iis
870 3555 983 3610 quae
1006 3556 1068 3595 ea:
1092 3541 1208 3594 aliis
1234 3541 1521 3596 auctoribus
1551 3550 1723 3597 assuta
1753 3551 1889 3597 sunt.
1918 3540 2143 3609 Etenim,
2174 3552 2227 3598 ut
2253 3543 2488 3613 quaedam
2514 3551 2813 3614 argumenta
2841 3540 3029 3610 artifex
3056 3538 3143 3592 ille
3167 3534 3378 3607 sumpsit
3403 3549 3430 3586 e
3460 3530 3577 3584 Vita

274 3628 583 3699 Augustini,
616 3630 688 3683 ita
716 3632 980 3685 materiam
1007 3649 1034 3687 e
1057 3634 1208 3689 variis
1234 3633 1546 3689 diversorum
1571 3644 1837 3689 auctorum
1865 3635 1989 3689 locis
2008 3676 2024 3701 ,
2057 3635 2172 3690 licet
2192 3635 2393 3691 indocte
2416 3645 2462 3690 et
2484 3635 2803 3705 impudenter
2828 3633 3019 3687 omnia.
3042 3630 3298 3685 Mittimus
3324 3636 3577 3681 censuras

276 3720 430 3776 Pauli
454 3722 639 3792 Langii
671 3722 724 3777 in
751 3722 1018 3780 Chronico
1048 3724 1299 3782 Citizensi
1326 3725 1394 3782 ad
1423 3741 1619 3782 annum
1648 3726 1807 3794 1259,
1833 3725 2061 3782 Joannis
2087 3726 2364 3783 Mauburni
2392 3727 2445 3782 in
2473 3727 2764 3782 Venatorio
2791 3722 3049 3780 Canonici
3078 3720 3311 3784 Ordinis,
3341 3715 3577 3773 Simonis

275 3811 481 3868 Verlini
509 3813 563 3868 in
589 3813 724 3869 Crisi
748 3815 1154 3886 Augustiniana,
1186 3826 1241 3874 et
1264 3818 1521 3874 aliorum.
1559 3819 1861 3875 Arbitratur
1885 3820 2153 3877 Erasmus
2188 3836 2323 3892 opus
2352 3836 2472 3878 esse
2500 3820 2725 3891 alicujus
2757 3834 2825 3874 ex
2862 3813 3333 3888 Augustincnsium
3370 3808 3575 3864 Ordine

276 3903 564 3971 monachi,
596 3905 687 3975 qui
716 3905 811 3960 hoc
850 3908 966 3978 fuco
1003 3909 1250 3963 studuerit
1287 3927 1434 3965 suum
1463 3911 1752 3965 sodalitium
1791 3911 1899 3966 orbi
1941 3913 2298 3968 commendare
2318 3954 2333 3979 ,
2374 3914 2417 3969 si
2446 3913 2779 3984 persuasisset
2808 3919 3002 3966 tantum
3030 3909 3193 3963 virum
3222 3906 3333 3977 ejus
3362 3900 3580 3957 instituti

276 3995 438 4067 fuisse
465 4007 740 4053 auctorem.
770 3998 933 4056 Nobis
970 4015 1130 4071 porro
1161 4003 1290 4058 tales
1320 4002 1567 4059 videntur
1610 4005 1647 4060 ii
1690 4020 1968 4062 sermones
1990 4048 2004 4073 ,
2032 4008 2122 4078 qui
2154 4006 2301 4063 credi
2331 4008 2633 4078 potuissent
2658 4007 2727 4062 ab
2753 4006 2933 4076 aliquo
2960 4004 3138 4076 potius
3168 3994 3581 4070 Augustinensis

276 4088 497 4144 Ordinis
541 4090 737 4145 :nmulo
779 4090 1041 4148 invidiose
1085 4107 1149 4149 ac
1192 4094 1424 4166 maligne
1466 4095 1700 4152 conficti.
1750 4096 1909 4153 Certe
1934 4098 2149 4167 quidem
2174 4098 2276 4154 viri
2303 4114 2370 4154 ex
2402 4099 2592 4155 eodem
2621 4098 2821 4154 Ordine
2850 4094 3041 4153 eruditi
3068 4108 3165 4150 eos
3190 4106 3333 4148 nunc
3361 4088 3581 4145 tandem

275 4182 679 4253 reprehendunt
705 4184 877 4254 palam
894 4192 949 4239 et
977 4185 1522 4256 repudiant.Jacobus
1538 4188 1782 4244 Hommei
1813 4189 1863 4244 in
1882 4188 2345 4247 Collectaneorum
2376 4191 2510 4247 libro
2540 4190 2626 4246 cui
2654 4190 3093 4262 Supplementum
3124 4186 3342 4242 Patrum
3371 4196 3571 4238 nomen

277 4272 437 4339 fecit,
471 4287 592 4345 pag.
621 4274 761 4342 645,
790 4277 1109 4332 sententiam
1144 4277 1213 4334 de
1257 4277 1341 4333 his
1383 4281 1724 4337 sermonibus
1770 4296 1922 4337 suam
1966 4283 2097 4339 dicit
2137 4283 2193 4339 in
2235 4284 2352 4340 haec
2397 4283 2559 4341 verba
2592 4302 2604 4337 :
2635 4282 2801 4338 Pauci
2843 4283 2969 4337 mihi
3011 4281 3184 4336 stilum
3227 4278 3581 4350 ingeniumque

278 4364 342 4421 S.
377 4364 612 4420 Doctoris
640 4366 904 4436 exhibent,
954 4369 1124 4438 plures
1167 4371 1509 4438 mentiuntur,
1556 4372 1765 4443 plurimi
1794 4372 2079 4441 offendunt.
2112 4374 2292 4445 Lupus
2321 4374 2687 4442 Christianus,
2731 4373 2825 4429 lib.
2870 4373 2937 4428 de
2974 4371 3192 4442 Origine
3219 4368 3580 4424 Eremitarum

275 4463 335 4520 S.
370 4464 508 4533 Aug.
537 4478 655 4535 cap.
686 4464 775 4529 55,
804 4479 906 4535 ope
931 4473 1090 4535 atque
1116 4480 1278 4536 opera
1307 4466 1452 4522 omni
1484 4467 1722 4531 enititur,
1752 4475 1811 4522 ut
1835 4482 2112 4523 sermones
2141 4468 2301 4524 iidem
2333 4469 2671 4538 abjiciantur.
2704 4466 2833 4520 Dico
2860 4466 3049 4535 itaque,
3080 4464 3174 4529 ait,
3204 4480 3263 4519 ac
3290 4468 3581 4517 constanter

276 4572 453 4612 assero
482 4561 721 4628 praefatos
748 4557 872 4613 istos
897 4574 1150 4613 sermones
1180 4576 1281 4613 non
1306 4575 1413 4613 esse
1437 4559 1740 4628 Augustini,
1783 4560 1871 4614 sed
1899 4576 2003 4615 esse
2039 4576 2169 4631 opus
2202 4562 2369 4614 nescio
2407 4562 2554 4631 cujus
2594 4559 2902 4630 impostoris.
2932 4558 3002 4613 Et
3026 4558 3185 4627 paulo
3214 4564 3335 4627 post
3363 4574 3378 4610 :
3404 4554 3582 4609 Bonus

278 4665 400 4720 ergo
426 4649 515 4703 ille
536 4649 748 4704 istorum
772 4666 1062 4704 sermonum
1088 4658 1264 4704 auctor
1292 4651 1520 4705 imitatus
1547 4660 1620 4705 est
1646 4651 1812 4706 nescio
1838 4666 1965 4721 quos
1990 4652 2153 4706 nostri
2176 4653 2350 4706 swculi
2380 4654 2626 4719 homines,
2654 4653 2740 4724 qui
2766 4651 2983 4720 conﬁcta
3008 4648 3271 4712 miracula,
3303 4646 3503 4713 aliaque
3524 4644 3581 4698 id

275 4760 438 4817 genus
468 4743 603 4813 falsa
631 4744 700 4798 ad
723 4743 944 4814 alicujus
969 4743 1192 4815 religiosi
1223 4743 1431 4798 Ordinis
1455 4743 1657 4797 laudem
1684 4761 1744 4797 ac
1768 4744 2255 4800 commendationem
2284 4745 2336 4799 in
2361 4745 2538 4817 vulgus
2565 4761 2822 4817 spargere,
2845 4760 2951 4799 esse
2980 4750 3157 4814 putant
3180 4738 3388 4810 fraudes
3416 4738 3582 4792 licitas

277 4854 338 4891 ac
370 4837 502 4907 pias.
544 4834 748 4908 Nempe
783 4836 956 4908 palam
990 4851 1097 4891 esse
1139 4836 1245 4901 ait,
1278 4845 1534 4889 auctorem
1564 4837 1718 4907 fuisse
1746 4838 2006 4891 eremitam
2034 4837 2471 4908 Augustinensem.
2519 4839 2760 4909 Denique
2802 4838 2868 4892 iis
2908 4834 3186 4905 operosius
3227 4833 3481 4888 discussis
3520 4841 3579 4889 et

278 4929 466 4985 multis
508 4928 563 4983 in
600 4943 849 4984 sermone
878 4928 913 4984 5
941 4928 1237 4983 observatis
1265 4926 1540 4982 erroribus
1566 4927 1839 4982 concludit
1868 4945 1881 4981 :
1911 4926 2118 4983 Constat
2141 4945 2257 5000 ergo
2284 4929 2492 4984 istorum
2516 4910 2802 4985 sermonum
2836 4935 3090 4981 auctorem
3119 4941 3219 4978 non
3245 4940 3349 4979 esse
3375 4924 3439 4978 S.
3467 4924 3581 4977 Au-

277 5020 581 5090 gustinunt,
628 5019 715 5072 sed
760 5017 926 5071 nescio
969 5034 1116 5082 quem
1159 5017 1593 5087 impudentissime
1635 5017 1963 5087 mendacem,
2010 5027 2100 5072 aut
2143 5021 2537 5089 profundissime
2574 5020 2881 5089 imperitunt.
2925 5017 3230 5073 Bernardus
3258 5015 3577 5087 Vindingns,

280 5112 567 5181 theologus
594 5111 721 5167 item
753 5110 1167 5181 Augustinianus
1189 5150 1203 5176 ,
1232 5125 1458 5165 censura
1486 5110 1789 5166 Bellarmini
1816 5110 2027 5166 laudata
2065 5120 2120 5167 et
2160 5113 2381 5182 probata
2410 5114 2462 5166 in
2491 5110 2689 5167 Critico
2715 5110 3100 5181 Augustiniano
3118 5152 3134 5176 ,
3165 5108 3279 5164 haec
3308 5110 3447 5163 inter
3475 5109 3580 5163 alia

278 5205 472 5263 scribit
499 5204 566 5259 ad
593 5220 896 5261 sermonem
927 5205 961 5260 5
992 5222 1005 5259 :
1039 5204 1137 5271 Qui
1164 5205 1298 5259 enim
1327 5205 1614 5273 complures
1638 5205 1768 5259 alias
1793 5212 1839 5259 et
1864 5222 2003 5277 teque
2026 5206 2205 5261 stultas
2235 5204 2434 5277 fabulas
2463 5204 2526 5258 de
2557 5204 2732 5271 Petro,
2763 5202 2907 5258 Juda
2936 5212 2983 5259 et
3012 5202 3281 5276 Simplicio
3310 5219 3460 5257 serm.
3484 5202 3577 5271 28,

279 5301 347 5356 de
385 5300 578 5371 Cyrillo
616 5316 769 5355 serm.
810 5300 914 5367 55,
947 5298 1009 5352 de
1034 5296 1369 5369 Ethiopibus
1404 5299 1663 5369 acephalis
1701 5314 1852 5353 serm.
1893 5300 1992 5368 57,
2020 5299 2083 5353 de
2110 5300 2340 5370 sepulcro
2368 5297 2583 5354 Cwsaris
2621 5313 2772 5351 serm.
2799 5296 2905 5365 48,
2938 5295 3000 5350 de
3041 5296 3261 5367 quadam
3302 5296 3475 5349 anima
3518 5294 3581 5349 de

278 5390 520 5462 Egypto
546 5398 754 5446 exeunte
778 5405 928 5444 serm.
961 5388 1051 5456 69,
1083 5389 1363 5460 honoriﬁco
1391 5390 1660 5463 Augustini
1688 5390 1894 5448 nomine
1929 5392 2238 5447 comminisci
2272 5408 2429 5447 ausus
2448 5399 2549 5457 est,
2594 5406 2695 5445 non
2733 5405 2848 5445 eum
2884 5389 3059 5444 merito
3097 5398 3143 5444 et
3171 5389 3253 5443 hic
3281 5389 3581 5459 nequissime

278 5483 547 5537 mentitum
577 5497 669 5552 pro
695 5489 829 5535 certo
859 5481 1111 5535 habeant?
1140 5490 1243 5538 etc.

358 5576 500 5629 Ante
519 5588 694 5629 annos
722 5573 916 5629 abhinc
943 5573 1158 5630 circiter
1186 5581 1454 5631 trecentos
1485 5574 1854 5631 collectionem
1880 5574 2037 5631 istam
2062 5575 2379 5633 Sermonum
2410 5575 2588 5649 (certe
2612 5589 2642 5630 a
2670 5575 2881 5630 nemine
2905 5573 3051 5644 prius
3073 5570 3371 5644 laudatam)
3401 5572 3576 5628 edidit

281 5667 702 5740 Augustinensis
726 5666 941 5723 Ordinis
966 5669 1186 5724 eremita
1216 5669 1569 5740 percelebris,
1594 5668 1858 5725 Jordanus
1888 5669 1956 5725 de
1984 5669 2220 5726 Saxonia
2242 5711 2259 5738 ,
2293 5671 2386 5741 qui
2403 5679 2558 5726 natus
2583 5667 3063 5739 Quindelimburgi,
3084 5667 3227 5723 diem
3255 5667 3385 5724 obiit
3413 5668 3576 5724 Vien-

281 5779 371 5821 nae
395 5762 464 5818 ad
492 5761 787 5819 Danubium
810 5803 824 5828 ,
851 5777 994 5817 anno
1021 5762 1180 5818 1580.
1206 5763 1604 5834 AutOgraphum
1634 5762 1853 5819 Jordani
1884 5773 2100 5822 servant
2124 5763 2240 5818 RR.
2268 5762 2373 5819 PP.
2406 5762 2775 5835 Augustiniani
2802 5762 2856 5818 in
2884 5762 3075 5833 majori
3116 5771 3382 5817 conventu
3425 5762 3577 5817 Pari-

280 5855 454 5915 siensi
472 5895 488 5923 ,
512 5853 620 5911 huc
637 5855 763 5912 olim
787 5853 1160 5911 transmissum
1182 5870 1308 5912 cura
1334 5856 1501 5926 ipsius
1522 5857 1755 5914 auctoris
1771 5900 1787 5926 ,
1805 5858 1897 5930 qui
1924 5856 2341 5914 admonitionem
2363 5856 2417 5913 in
2440 5856 2615 5913 fronte
2635 5855 2923 5913 voluminis
2946 5855 3159 5928 scripsit
3173 5856 3228 5911 in
3246 5856 3359 5911 hcce
3375 5854 3535 5911 verba
3557 5872 3570 5908 :

284 5950 431 6024 Quia
444 5953 601 6025 juxta
627 5953 818 6013 dictum
836 5952 1094 6028 Sapientis
1111 5994 1127 6027 ,
1151 5953 1233 6011 Ad
1253 5952 1418 6013 locum
1440 5955 1574 6014 unde
1592 5963 1776 6012 exeunt
1797 5954 2014 6027 ﬂumina
2035 5961 2369 6027 revertuntur,
2394 5963 2449 6011 ut
2476 5955 2655 6012 iterum
2677 5955 2846 6027 ﬂuant
2867 5970 2887 6013 :
2913 5954 3030 6012 hinc
3054 5962 3128 6011 est
3153 5950 3288 6025 quod
3307 5968 3396 6025 ego
3415 5952 3574 6024 frater
