4100 6344
479 5834 503 5859 ο

512 344 657 405 1259

510 468 829 545 paupertas,
850 459 1046 531 ubique
1068 457 1216 545 pacis
1239 457 1419 543 plena,
1446 458 1641 545 ubique
1664 470 1874 545 secura,
1901 458 2099 545 ubiqne

512 531 679 588 illmsa
700 574 714 597 ,
743 532 939 602 ubique
977 540 1290 587 cunctorum
1317 531 1487 586 amica
1512 531 1525 584 l
1556 531 1687 585 Nam
1712 531 1802 600 qui
1836 540 1886 585 te
1916 539 2057 602 amat
2081 570 2097 596 ,

511 618 693 657 veram
726 600 909 673 pacein
927 612 1106 668 .amat;
1135 610 1190 673 et
1216 603 1305 672 qui
1334 609 1387 673 te
1407 616 1510 655 non
1536 609 1714 673 amat,
1745 600 2102 673 tranquiliita-

511 682 620 727 tem
653 671 865 728 omnem
897 673 1121 744 ignorat.
1167 671 1271 728 Sed
1317 672 1459 744 dicet
1498 671 1934 744 quisservorum
1964 671 2098 744 Dei,

510 744 653 799 Ecce
688 744 876 799 divites
911 741 1068 799 video
1088 744 1373 813 superbos,
1400 742 1567 797 elatos
1588 784 1602 807 ,
1633 742 1825 812 impios
1868 750 1921 796 et
1955 741 2101 813 omni

509 814 751 870 bonitate
774 814 1008 883 perfecta
1027 812 1272 871 carentes
1295 831 1308 866 :
1333 828 1495 868 unum
1519 820 1697 883 tamen
1720 819 1959 883 apparet,
1978 812 2102 883 quia

511 899 699 952 pacem
718 881 915 940 habent
929 885 995 939 ad
1009 883 1393 951 invicem.Quid
1408 898 1536 952 ergo
1552 884 1575 936 ?
1590 881 1853 953 Numquid
1870 881 2102 953 gaudere

510 955 684 1011 debeo
714 956 782 1010 de
813 972 996 1010 eorum
1041 970 1268 1025 nequam
1306 953 1631 1025 concordia?
1664 952 1856 1025 Nescio
1884 952 1968 1007 vel
2010 953 2103 1007 tri-

510 1027 663 1080 stari.
713 1025 758 1081 0
786 1026 1075 1090 monaehe,
1124 1024 1261 1081 scias
1299 1024 1440 1095 quod
1470 1024 1637 1095 rsieutn
1674 1024 1897 1077 multum
1944 1031 2103 1095 nocet

510 1096 779 1151 discordia
802 1099 940 1151 inter
959 1096 1150 1163 bonos,
1176 1096 1246 1150 ita
1269 1093 1424 1150 valde
1450 1094 1734 1149 dolendum
1758 1102 1857 1159 est,
1890 1093 2101 1163 quando

510 1181 611 1235 pax
625 1168 860 1222 estinter
872 1169 1060 1221 malos.
1076 1167 1225 1222 Tunc
1246 1167 1388 1221 enim
1405 1173 1664 1236 augentur
1678 1166 1854 1236 omnia
1872 1165 2100 1236 pessima

510 1253 631 1304 quae
662 1239 773 1292 ﬁeri
806 1240 890 1293 vel
918 1239 1136 1308 cogitari
1161 1245 1379 1308 possunt
1416 1235 1555 1308 inter
1589 1235 1849 1308 homines,
1888 1235 2101 1305 quando

508 1308 636 1377 mali
655 1306 1088 1377 pacitieevivunt:
1110 1307 1321 1377 quando
1336 1322 1465 1361 vero
1481 1306 1803 1369 discordant,
1820 1314 1945 1360 tunc
1957 1321 2104 1360 mun-

512 1376 923 1447 dusaliqualiter
937 1376 1323 1448 tranquillatur.
1341 1377 1472 1432 Nam
1492 1376 1926 1448 sicutconcordia
1942 1377 2102 1431 malo-

509 1460 628 1501 rum
643 1451 907 1503 contraria
922 1459 1001 1504 est
1013 1447 1312 1504 concordiae
1324 1448 1608 1511 bonorum,
1625 1447 1695 1501 ita
1710 1447 1997 1513 optandum
2019 1455 2103 1502 est

509 1519 651 1587 quod
678 1520 801 1573 boni
824 1534 1007 1587 pacem
1038 1520 1283 1585 habeant,
1312 1526 1366 1574 et
1383 1519 1507 1573 mali
1527 1517 1938 1573 discordessint.
1967 1518 2101 1573 Nam

509 1601 610 1658 per
630 1588 955 1644 discordiam
983 1590 1108 1644 mali
1138 1590 1418 1659 aliquando
1445 1589 1629 1657 Optimi
1657 1588 1977 1655 efficiuntur,
2006 1603 2100 1643 eo.

509 1669 829 1728 gnoscentes
847 1661 971 1730 quid
988 1661 1113 1727 Sint,
1134 1661 1256 1730 quid
1273 1669 1447 1716 erunt.
1467 1660 1597 1714 Nam
1616 1659 1741 1714 dum
1761 1659 2098 1724 tribulantur,

510 1739 568 1783 et
598 1745 784 1785 eorum
814 1730 972 1785 facies
1003 1732 1287 1801 ignominia
1316 1732 1608 1801 replentur,
1642 1730 1929 1800 aliquando
1956 1745 2102 1800 qua:-

507 1810 635 1854 runt
666 1817 858 1856 nomen
888 1802 1117 1865 Domini,
1147 1801 1289 1872 quod
1318 1811 1494 1857 tamen
1522 1809 1759 1872 tempore
1782 1801 1933 1872 pacis
1959 1816 2100 1854 nun-

510 1886 671 1939 quam
701 1872 932 1927 amabile
961 1884 1077 1927 erat
1105 1870 1349 1927 in‘corde
1380 1888 1587 1928 eorum.
1618 1870 1889 1926 Orandum
1921 1879 2099 1926 tamen

508 1949 629 2005 est,
664 1952 722 1996 ut
748 1952 801 1996 et
827 1944 951 1998 boni
980 1944 1034 1997 in
1061 1944 1203 1999 bono
1234 1952 1515 1999 teneantur
1538 1957 1706 2011 usque
1726 1941 1792 1996 ad
1820 1940 1980 1997 ﬁnem
2002 1983 2017 2007 ,
2047 1951 2101 1996 et

507 2013 637 2067 mali
662 2022 1041 2084 convertantur
1060 2023 1343 2084 antequam
1364 2015 1429 2068 ad
1455 2014 1614 2068 linem
1637 2012 1968 2082 perveniant.
1995 2012 2102 2084 vos

507 2092 719 2153 autem,
741 2083 935 2140 fratres
959 2126 972 2146 ,
1003 2100 1187 2153 pacem
1209 2083 1284 2140 ad
1321 2085 1548 2139 invicem
1586 2092 1799 2138 amate:
1828 2098 1945 2152 qua:
1984 2083 2101 2151 qui-

509 2151 632 2206 dem
686 2169 789 2224 pax
846 2151 1113 2211 custodiat
1156 2155 1317 2211 corda
1372 2163 1585 2223 vestra,
1632 2163 1687 2210 et
1726 2151 2100 2225 intelligentias

509 2233 739 2294 vestras,
770 2240 891 2297 quae
916 2235 1202 2298 exsuperat
1222 2241 1435 2281 omnem
1466 2239 1703 2283 sensum.

1126 2316 1355 2375 SERMO
1392 2317 1481 2374 Ill.

1114 2426 1187 2465 DE
1226 2423 1491 2465 SILENTIO.

580 2498 881 2564 Silentium,
916 2497 1109 2554 fratres
1132 2500 1453 2567 charissimi,
1486 2499 1625 2554 inter
1651 2505 1846 2553 caetera
1874 2497 2026 2553 vobis
2044 2498 2100 2554 in

511 2584 696 2625 eremo
723 2584 930 2624 summe
960 2571 1320 2625 necessarium
1346 2579 1449 2625 est.
1471 2568 1645 2623 Omne
1665 2570 1806 2622 enim
1825 2568 1962 2638 quod
1990 2583 2098 2622 non

512 2640 762 2705 aedificat,
795 2641 847 2695 in
877 2640 1170 2710 periculum
1200 2640 1428 2696 vertitur
1453 2639 1742 2695 dicentium
1774 2646 1829 2693 et
1869 2638 2095 2693 audien-

510 2710 664 2764 tium.
695 2710 898 2781 Lingua
927 2710 1071 2765 enim
1103 2719 1285 2765 nostra
1314 2719 1368 2765 et
1396 2725 1612 2781 sensum
1641 2718 1884 2781 nostrum
1906 2722 2099 2781 sequa—

510 2790 601 2834 tur
624 2789 678 2835 et
706 2779 985 2847 rationem,
1015 2797 1121 2836 non
1150 2782 1493 2837 voluntatem.
1524 2780 1643 2835 Non
1669 2780 1811 2834 enim
1842 2779 2098 2834 debemus

510 2858 727 2921 tantum
745 2853 927 2906 oculos
956 2852 1164 2906 clausos
1189 2866 1426 2918 servare,
1454 2851 1549 2907 sed
1576 2860 1629 2906 et
1658 2851 1865 2921 linguas
1886 2858 2097 2906 nostras

510 2920 652 2974 intra
700 2920 887 2976 dentes
931 2936 1211 2977 reservare
1254 2922 1485 2977 illaesas:
1515 2935 1693 2978 sermo
1731 2921 1872 2976 enim
1903 2935 2093 2986 vanus,

512 3005 666 3045 vana:
686 2992 1024 3047 conscientia:
1044 2992 1205 3048 index
1229 3002 1331 3048 est.
1360 2992 1542 3061 Qualis
1568 2993 1708 3047 enim
1730 3006 1809 3059 es,
1836 2990 1971 3045 tales
1987 3005 2099 3045 ser-

510 3076 701 3116 mones
724 3062 977 3132 loqueris,
1002 3063 1122 3118 talis
1150 3071 1205 3118 et
1233 3060 1816 3132 menscomprobatur:
1847 3069 1901 3115 et
1922 3060 2097 3131 qualis

511 3133 678 3187 fueris
701 3132 754 3187 in
784 3132 959 3199 factis,
992 3134 1111 3188 talis
1140 3134 1382 3202 probaris
1412 3136 1465 3188 in
1491 3134 1691 3188 verbis.
1722 3132 1924 3188 Stultus
1951 3132 2093 3186 enim

513 3202 671 3273 valde
690 3211 793 3270 est,
821 3204 911 3273 qui
932 3217 1038 3257 non
1068 3203 1214 3273 prius
1237 3204 1458 3259 verbum
1487 3204 1635 3258 ducit
1660 3202 1725 3258 ad
1753 3203 1981 3273 linguam
2006 3217 2097 3256 ra-

512 3272 695 3335 tionis,
724 3272 883 3342 quam
909 3272 1100 3329 educat
1126 3274 1194 3328 ad
1214 3274 1447 3343 linguam
1468 3275 1597 3329 oris.
1620 3273 1803 3341 Qualis
1823 3281 1907 3328 est
1935 3272 2096 3327 homo

513 3342 571 3396 in
596 3353 795 3421 mente,
827 3344 985 3399 talem
1017 3342 1311 3421 verbositas
1326 3344 1571 3421 depingit
1610 3344 1663 3398 in
1694 3358 1807 3421 ore.
1842 3343 2097 3398 Verbosi-

514 3422 600 3466 tas
630 3413 899 3468 hominem
928 3413 1178 3470 conducit
1228 3416 1285 3470 in
1318 3413 1694 3484 jociilatorem,
1727 3414 1972 3471 humanae
2002 3428 2097 3468 na-

513 3490 661 3555 itura:
678 3484 988 3555 dignitatem
1018 3485 1256 3555 deponit,
1286 3485 1518 3540 honores
1542 3486 1643 3541 sibi
1664 3484 1820 3555 rapit,
1851 3484 2097 3540 inimicos

514 3553 756 3637 infinitos
771 3556 1015 3637 acquirit.
1048 3553 1601 3637 inﬂammatdenique
1623 3553 1814 3637 lingua:
1828 3555 2099 3637 rnpbilitas

514 3624 573 3695 in
621 3624 982 3681 adolescentia
1006 3626 1075 3680 ad
1099 3626 1303 3695 jocosa,
1346 3627 1398 3680 in
1428 3624 1569 3681 virili
1597 3624 1752 3681 aetate
1779 3626 1847 3679 ad
1873 3624 2097 3679 fraudu«

514 3693 684 3765 lenta,
713 3695 807 3750 sed
820 3696 883 3765 in
900 3696 1056 3752 senili
1079 3693 1236 3751 aetate
1255 3696 1322 3750 ad
1338 3696 1676 3752 detractoria.
1705 3695 2097 3765 Restinguenda

515 3764 785 3837 estigitur
812 3764 928 3821 haec
970 3782 1131 3836 parva
1170 3765 1371 3832 favilla,
1403 3782 1472 3822 ne
1499 3767 1554 3821 in
1592 3781 1837 3837 magnam
1863 3764 2101 3822 vertatur

515 3834 818 3903 flammam;
852 3834 1115 3905 surculus,
1162 3852 1229 3892 ne
1266 3845 1472 3893 crescat
1500 3837 1555 3891 in
1583 3834 1804 3900 silvam;
1834 3846 2002 3907 gutta,
2033 3851 2101 3892 ne

515 3915 790 3979 tumescat
819 3907 872 3962 in
899 3907 1121 3965 fontem.
1151 3907 1321 3979 Majus
1354 3916 1437 3963 est
1462 3907 1711 3978 denique,
1751 3907 2100 3979 fratres,q_lin-f

517 3988 676 4050 gnam
706 3977 999 4047 refrenare,
1044 3994 1205 4050 quam
1235 3977 1441 4050 capere
1468 3977 1778 4050 civitatem:
1819 3978 1943 4049 quia
1972 3977 2102 4033 illud

514 4046 743 4101 insultat
786 4046 1039 4114 exterius,
1061 4046 1178 4105 ‘sed
1226 4046 1365 4105 istud
1404 4049 1663 4105 interius:
1694 4049 1781 4104 hic
1820 4046 2103 4104 sumuntur

518 4129 671 4169 arma
699 4126 885 4172 contra
913 4127 963 4174 te
1002 4122 1195 4187 ipsum,
1228 4120 1321 4175 sed
1352 4120 1424 4174 ibi
1452 4119 1519 4174 de
1547 4120 1741 4175 alieno.
1769 4118 1988 4175 Summa
2018 4130 2103 4173 ta-

518 4200 648 4259 men
676 4188 996 4259 verecnndia
1036 4198 1120 4244 est
1156 4198 1212 4259 et
1253 4189 1504 4257 depressa
1532 4189 1781 4257 dejectio,
1814 4205 1919 4243 non
1946 4204 2104 4259 posse

519 4255 756 4329 linguam
778 4256 1071 4329 refrenare.
1095 4267 1150 4313 et
1168 4258 1273 4329 vile
1293 4255 1399 4313 non
1425 4272 1585 4326 posse
1599 4255 1765 4329 ligare
1781 4255 2100 4314 membrum.

520 4325 665 4382 Ecce
690 4326 867 4399 lingua
888 4328 1068 4398 egredi
1095 4328 1305 4399 quaarit,
1336 4325 1538 4384 motum
1560 4325 1849 4399 perquirit:
1870 4339 1928 4385 tu
1952 4344 2101 4397 vero,

520 4399 864 4471 oimonache,
889 4413 986 4471 per
1008 4401 1610 4471 temperantiamipsam
1638 4399 1870 4467 refrena,
1897 4414 2107 4471 appone

519 4466 572 4521 ei
600 4468 871 4536 pessulum
889 4466 1135 4537 rationis,
1146 4466 1479 4526 circumcide
1496 4484 1614 4527 eam
1646 4466 1949 4527 maturitaté
1966 4466 2105 4525 'dis-

520 4538 798 4611 cretionis.
831 4538 876 4611 0
904 4540 1108 4611 lingua,
1148 4550 1202 4596 tu
1227 4542 1521 4611 periculum
1543 4541 1804 4608 immittis,
1827 4552 1883 4597 tu
1908 4543 2107 4597 luctum

521 4608 798 4683 producis,
817 4608 1138 4683 discordiam
1170 4608 1313 4683 stipe
1337 4612 1490 4677 facis,
1518 4628 1783 4669 venenum
1814 4613 2105 4669 detractio—

524 4679 610 4752 nis
637 4680 800 4748 paris,
831 4691 887 4737 et
915 4681 983 4736 ad
1009 4679 1275 4738 infernum
1306 4684 1396 4752 qui
1427 4683 1521 4738 tibi
1565 4683 1790 4739 credunt
1826 4683 2103 4740 conducis.

523 4748 571 4827 0
598 4752 883 4827 monacho,
915 4766 1197 4827 cogno_sce_
1223 4748 1469 4827 linguam
1500 4768 1749 4827 nequam:
1800 4754 1941 4827 fuge,
1965 4769 2104 4827 eam,

522 4819 919 4894 deSpiceicam,
967 4819 1235 4880 confunde
1281 4819 1399 4880 eam
1430 4824 1474 4878 si
1504 4819 1673 4894 potes.
1716 4824 1822 4880 Sed
1860 4819 1984 4880 volo
2024 4825 2107 4879 in-

523 4899 733 4967 struere
759 4892 989 4964 linguam
1021 4903 1164 4950 tuam
1190 4895 1327 4950 bene
1352 4892 1519 4967 loqui.
1550 4894 1639 4967 Vis
1668 4894 1806 4967 bene
1833 4896 2008 4967 loqui?
2034 4896 2110 4951 Da

522 4961 576 5034 ei
603 4961 935 5034 moderatim
958 4974 1161 5021 motum
1182 4967 1199 4997 ¹
1222 4984 1235 5020 :
1264 4961 1497 5034 pretiosa
1523 4966 1665 5021 enim
1692 4965 1869 5034 lingua
1890 4961 1997 5021 non
2017 4980 2112 5021 no-

524 5032 602 5085 vit
623 5032 723 5086 nisi
749 5035 909 5088 verba
937 5035 1121 5107 divina
1146 5032 1360 5106 semper
1383 5044 1716 5107 construere.
1748 5032 1792 5091 0
1815 5052 1973 5107 quam
1990 5051 2114 5091 san-

524 5110 670 5178 ctum
697 5113 779 5157 est
804 5118 885 5178 _os,
910 5104 1051 5161 unde
1071 5104 1283 5178 semper
1311 5106 1549 5178 cmlestia
1574 5104 1861 5178 erumpunt
1879 5107 2108 5178 eloquia.

525 5171 571 5226 0
611 5176 891 5239 monache,
937 5171 1214 5233 considera
1260 5185 1312 5232 te
1358 5177 1687 5233 redditurum
1728 5171 1999 5234 rationem
2046 5178 2114 5234 de

527 5245 690 5321 omni
718 5247 882 5321 verbo
905 5247 1102 5321 _otioso,
1144 5257 1207 5321 _et
1257 5256 1405 5321 tanto
1450 5249 1639 5321 magis,
1691 5260 1890 5321 quanto
1939 5250 2113 5305 minus

529 5315 731 5387 mundo
750 5316 1118 5387 esrohligatus.
1144 5318 1259 5373 Non
1288 5318 1432 5374 enim
1476 5315 1724 5385 in'foro;
1760 5320 1853 5377 sed
1890 5321 1943 5375 in
1979 5321 2115 5375 cella

528 5383 770 5441 habitare
798 5383 995 5454 debes;
1030 5403 1137 5444 non
1167 5388 1445 5454 familiam,
1483 5390 1578 5446 sed
1626 5383 1943 5447 familiarum
1995 5390 2114 5445 ani-

528 5469 645 5510 mas
673 5457 917 5531 oratione
947 5474 1169 5531 pascere
1194 5460 1380 5516 debes.
1427 5460 1546 5516 Non
1583 5471 1667 5517 est
1711 5464 1869 5531 igitur
1896 5462 1988 5516 tibi
2016 5477 2117 5519 ne-

528 5538 682 5580 cesse
710 5528 935 5583 multum
966 5529 1133 5600 loqui,
1164 5546 1264 5587 nec
1312 5532 1449 5587 inter
1477 5528 1756 5589 homines?
1783 5534 2112 5601 conversari,

530 5609 634 5676 nec
668 5600 987 5676 mereantias
1007 5611 1336 5670 pertractare
1365 5602 1504 5676 unde
1523 5605 1690 5676 vivas.
1711 5603 1844 5659 Nam
1870 5620 2116 5660 mercan-

531 5669 661 5721 tiam
683 5669 736 5720 in
758 5669 1021 5728 monacho
1042 5687 1261 5730 usuram
1287 5674 1553 5733 occultam
1578 5674 1965 5737 existimamus.
1985 5676 2118 5739 Atna

596 5802 1003 5873 *Alias,modum.

1969 340 2337 401 APPENDIX.

3654 353 3792 413 1240

2214 459 2394 529 igitur,
2426 472 2459 512 o
2486 459 2763 538 monache,
2794 458 3156 538 solitudinem,
3208 461 3329 538 fuge
3357 465 3787 538 multitudinem;

2212 528 2282 609 ne
2310 528 2863 609 comprehendarisjn
2890 533 3076 609 verbo,
3093 541 3160 609 iet
3182 528 3526 609 corifundaris
3555 539 3609 593 in
3634 528 3791 600 facto:

2211 597 2281 653 Et
2310 597 2354 653 si
2392 600 2743 669 interrogatus
2787 602 2970 669 fueris,
3000 597 3192 659 melius
3220 613 3302 659 est
3329 605 3398 661 ad
3439 607 3648 669 singula
3694 597 3785 667 reé

2211 669 2476 741 spondere
2521 671 2771 738 breviter,
2820 688 2977 741 quam
3023 673 3221 729 diutius
3252 669 3588 734 immorando
3620 683 3783 738 verba

2212 740 2420 821 curinsa
2446 742 2719 821 prolixius
2766 740 3429 821 extenderc._Verbositas
3475 751 3619 821 enim
3663 755 3792 821 quid

2210 810 2351 881 aliud
2380 818 2481 876 est,
2512 827 2670 881 quam
2698 827 2882 867 semen
2906 814 3046 881 quod
3074 814 3303 871 fructum
3334 834 3441 872 non
3470 818 3635 876 facit?
3659 810 3794 880 V'er-

2209 879 2359 943 bose,
2384 879 2657 946 erubesce,
2675 892 2728 937 et
2746 879 3022 939 considera
3045 894 3189 939 tuam
3210 888 3467 949 grandem
3492 879 3790 949 miseriam.

2211 949 2347 1030 Quid
2389 952 2529 1030 enim
2560 953 2702 1007 aliud
2728 970 2826 1030 _es,
2857 957 3121 1030 quamns_a_l
3151 949 3484 1030 infatuatum,
3537 962 3681 1030 quod
3722 965 3792 1020 ad

2211 1021 2418 1100 nullum
2431 1021 3198 1100 Avalet_eondimentum[Vere
3220 1021 3591 1100 infruetiferus
3619 1048 3702 1100 es,
3738 1044 3793 1091 et

2209 1091 2568 1169 infructiferos
2587 1094 2715 1148 facis
2747 1096 2838 1169 qui
2863 1104 2913 1149 te
2938 1095 3176 1169 audiunt.
3206 1097 3250 1152 0
3280 1100 3507 1156 verbose
3532 1091 3785 1169 mendax,

2208 1164 2299 1231 qui
2330 1165 2611 1245 veritatem
2639 1179 2760 1219 raro
2789 1164 2973 1245 dicere.
2994 1167 3234 1234 voluisti;
3266 1185 3299 1224 o
3327 1171 3541 1245 loquax,
3579 1164 3791 1245 _cogno;

2209 1246 2299 1287 see
2326 1242 2392 1310 te-
2422 1234 2594 1303 ipsum
2614 1250 2780 1310 :_nam
2832 1236 2975 1310 ioqui
3025 1252 3295 1310 nunquam
3348 1234 3788 1310 erubescisf'nec

2208 1303 2515 1359 consideras
2560 1304 2705 1381 quid,
2758 1305 2851 1360 sed
2901 1303 3168 1381 quantum
3200 1309 3379 1381 dicere
3425 1303 3640 1381 possis;
3684 1331 3790 1373 non

2210 1389 2488 1429 mensuras
2519 1376 2797 1431 verborum
2828 1378 3170 1441 sententiam,
3203 1380 3298 1436 sed
3343 1376 3546 1437 tantum
3595 1376 3655 1439 ut
3696 1402 3787 1440 sa-

2210 1444 2378 1524 tieris.
2406 1444 2451 1524 0
2480 1446 2725 1524 verbose,
2752 1447 3027 1524 erubesce,
3058 1450 3181 1519 quia
3201 1452 3418 1507 omnino
3447 1457 3788 1524 cognosceris

2208 1515 2336 1584 quid
2356 1516 2489 1592 agis.
2521 1515 2770 1592 Nam_tua
2799 1517 3037 1592 conditio
3064 1515 3167 1585 est,
3190 1524 3396 1577 occulta
3416 1515 3785 1592 manifestare,

2208 1594 2335 1661 nota
2350 1587 2409 1661 _i_n
2429 1588 2774 1661 conventibus
2795 1588 3086 1661 praedicare
3110 1610 3123 1645 :
3146 1591 3241 1646 sed
3261 1593 3305 1647 si
3326 1595 3518 1661 nescis,
3552 1587 3789 1653 somnias

2209 1656 2463 1729 inaudita,
2493 1658 2647 1729 ﬁngis
2676 1656 2814 1729 scire
2842 1658 2985 1729 quod
3012 1661 3208 1728 nescis,
3230 1671 3290 1717 ut
3309 1656 3537 1719 libenter
3557 1665 3790 1722 audiatis

2208 1741 2239 1805 a
2268 1728 2765 1805 cunetis._0_ar_tifex
2790 1728 3209 1805 mendaciorum,
3240 1747 3273 1788 ο
3295 1732 3442 1789 faber
3460 1734 3784 1805 fabularum,

2207 1796 2323 1877 lege
2354 1798 2507 1877 lquod
2551 1798 2763 1877 dicitur,
2815 1800 3065 1877 Quia__vir
3104 1796 3363 1877 Iingnosus
3405 1822 3508 1859 non
3545 1796 3788 1877 dirigetur

2213 1865 2633 1945 (Ρδαρωίιιωι2
2660 1870 2771 1939 12),
2803 1885 2901 1926 nec
2928 1865 3270 1945 dirigetur'in
3304 1882 3441 1929 terra
3471 1865 3786 1945 promissio-

2208 1938 2311 1992 nis.
2346 1936 2389 1993 Ο
2411 1940 2708 2029 ιμιιωιεξοιιβ,
2732 1936 2813 1995 ἐι
2856 1950 2911 1996 ιιι
2939 1936 3219 2029 diligenter
3245 1936 3510 2000 attendas.
3538 1946 3674 2029 Nam
3698 1949 3788 2029 qui

2207 2024 2315 2087 non
2344 2008 2584 2065 refrenat
2629 2011 2863 2087 linguam
2908 2008 3081 2079 suam,
3123 2012 3280 2084 hujus
3307 2030 3444 2087 vana
3470 2025 3554 2071 est
3577 2008 3783 2087 religio.

2208 2078 2309 2152 Qui
2337 2095 2443 2134 non
2474 2078 2969 2152 custodit'linguam
3001 2078 3173 2149 suam,
3193 2078 3501 2141 monachus
3524 2102 3631 2141 non
3658 2078 3744 2144 e'st
3768 2106 3781 2141 :

2208 2149 2299 2219 qui
2326 2158 2505 2205 autem
2534 2149 3103 2226 moderaturlinguam
3134 2169 3307 2226 _suam,
3340 2156 3787 2226 prudentissimus

2207 2222 2639 2294 est,imonachus
2666 2230 2769 2278 est.
2812 2222 2905 2294 Eia
2934 2238 3081 2294 ergo,
3127 2224 3319 2282 fratres
3341 2222 3474 2291 mei,
3506 2237 3685 2283 amate
3710 2231 3784 2284 si-

2207 2289 2450 2356 lentium,
2482 2292 2661 2361 ponite
2701 2289 3019 2348 custodiam'
3041 2294 3122 2349 ori
3176 2304 3376 2352 vestro.
3433 2289 3619 2354 Estote
3657 2299 3784 2354 soli-

2208 2362 2349 2434 tarii,
2380 2370 2437 2417 ut
2462 2363 2579 2417 sitis
2608 2363 2827 2434 Angelis
2852 2364 3039 2420 sociati
3064 2382 3077 2417 :
3106 2375 3276 2422 estote
3323 2367 3526 2433 rustici,
3585 2377 3643 2423 ut
3671 2370 3787 2424 sitis

2206 2431 2366 2505 cives
2395 2431 2719 2505 sanctorum,
2768 2441 2823 2505 et
2862 2434 3139 2489 domestici
3185 2436 3316 2492 Dei:
3345 2431 3519 2494 estote
3546 2439 3702 2505 muti,
3732 2447 3787 2494 ut

2205 2501 2323 2556 sitis
2352 2503 2635 2573 loquaces:
2664 2504 2939 2573 loquimini
2970 2505 3098 2571 Deo,
3129 2514 3187 2560 ut
3215 2506 3331 2562 sitis
3359 2523 3577 2564 veraces
3605 2528 3618 2563 :
3648 2501 3779 2563 con-

2205 2571 2465 2646 template
2500 2574 2556 2627 in
2599 2571 2801 2646 eremo,
2854 2584 2911 2629 ut
2960 2577 3391 2646 contemplcmini
3431 2594 3463 2632 a
3493 2580 3693 2633 sanctis
3732 2581 3784 2634 in

2207 2642 2344 2714 cwlo
2374 2660 2386 2695 :
2419 2643 2623 2714 elevate
2652 2645 2823 2714 capita
2856 2654 3051 2710 vestra,
3085 2656 3142 2700 ut
3168 2642 3449 2703 elevemini
3473 2648 3635 2704 corde
3660 2667 3673 2701 :
3696 2664 3789 2704 ex-

2206 2712 2407 2788 tendite
2449 2713 2693 2788 brachia,
2717 2712 2783 2788 :ut
2809 2716 3170 2788 extendamini
3202 2726 3313 2773 toto
3341 2734 3573 2788 corpore
3600 2719 3799 2773 volan-r

2205 2790 2288 2837 tes
2313 2783 2378 2837 ad
2405 2785 2635 2857 coelum:
2665 2785 2732 2841 ad
2761 2786 2904 2857 quod
2933 2786 3188 2857 perducat
3215 2803 3315 2845 nos
3359 2783 3605 2847 Christus
3648 2790 3788 2847 Deus

2203 2861 2404 2910 noster.
2426 2854 2617 2912 Amen.

2815 2946 3046 3005 SERMO
3082 2947 3172 3002 IV.

2784 3053 2851 3093 DE
2888 3054 3209 3094 PRUDEN’I‘IA.

2274 3128 2492 3184 Fratres
2539 3127 2857 3196 charissimi,
2904 3146 3008 3185 non
3050 3132 3222 3186 solum
3272 3131 3541 3186 silentium
3581 3132 3785 3189 debetis

2205 3207 2389 3271 tenere
2414 3200 2464 3253 in
2496 3214 2699 3271 eremo,
2730 3201 2825 3254 sed
2850 3202 3010 3256 etiam
3038 3201 3372 3270 prudentiam
3401 3218 3611 3271 rapere.
3646 3203 3779 3258 Pru-

2202 3269 2386 3343 dentia
2412 3270 2553 3324 enim
2583 3270 2735 3343 vobis
2761 3269 3059 3343 necessaria
3090 3281 3190 3339 est,
3222 3269 3531 3343 quiadocet
3554 3273 3683 3343 quid
3705 3273 3786 3327 fu-

2203 3339 2475 3410 giendum,
2523 3340 2717 3408 quidve
2768 3342 3052 3397 tenendum
3083 3343 3170 3397 sit.
3223 3339 3514 3397 Prudentia
3558 3339 3702 3398 enim
3733 3351 3785 3399 te

2203 3409 2361 3484 docet
2385 3418 2444 3465 ut
2473 3411 2905 3484 non‘superbias,
2921 3427 3034 3484 nec
3059 3412 3302 3468 innitaris
3332 3417 3494 3468 rebus
3520 3422 3789 3484 tempora-

2203 3479 2364 3546 libus,
2397 3495 2499 3536 nec
2528 3480 2739 3537 mireris
2763 3480 2831 3536 de
2858 3483 3018 3538 rebus
3050 3484 3388 3548 transitoriis,
3419 3499 3540 3539 eum
3572 3479 3791 3538 sintca-

2204 3550 2376 3624 duete,
2405 3560 2457 3606 et
2482 3566 2541 3624 ea
2573 3565 2691 3624 qua:
2723 3552 2985 3624 possides,
3019 3560 3269 3623 tanquam
3308 3554 3477 3608 aliena
3518 3555 3793 3624 possidere

2204 3620 2471 3677 advertas.
2503 3620 2788 3695 Prudentia
2831 3623 2989 3678 docet
3017 3632 3089 3690 te,
3120 3620 3179 3695 ut
3208 3639 3325 3694 qua:
3355 3640 3460 3679 non
3488 3620 3643 3695 potes
3673 3640 3791 3695 per-

2206 3701 2367 3763 petuo
2399 3700 2601 3757 tenere,
2650 3691 2919 3748 fruetuose
2962 3691 3242 3763 permittas
3288 3695 3455 3751 abire.
3489 3691 3791 3750 ’Prude'ntia

2207 3762 2365 3834 docet
2393 3769 2461 3827 te,
2495 3771 2554 3816 ut
2580 3763 2632 3834 in
2660 3763 2865 3834 cunctis
2891 3762 3105 3832 semper
3132 3765 3271 3819 idem
3301 3765 3395 3829 sis,
3438 3773 3544 3819 tam
3589 3765 3642 3819 in
3670 3779 3791 3834 pro.

2206 3833 2380 3902 speris
2404 3846 2564 3903 quam
2591 3833 2645 3886 in
2687 3832 2957 3899 adversis;
2989 3836 3125 3889 sicut
3154 3849 3343 3889 manus
3370 3835 3559 3890 eadem
3600 3832 3701 3898 est,
3731 3844 3785 3889 et

2207 3917 2329 3975 cum
2354 3903 2410 3975 in
2452 3903 2683 3975 palmam
2712 3904 3033 3975 extenditur,
3065 3912 3119 3960 et
3146 3920 3269 3960 cum
3296 3905 3350 3959 in
3379 3920 3617 3975 pugnum
3658 3920 3788 3960 eon-

2208 3972 2652 4045 stringitur._lpsa
2693 3981 2755 4045 te;
2770 3974 2933 4045 docet
2950 3975 3219 4044 quomodo
3246 3972 3684 4045 repréhénsibilis
3724 3976 3793 4030 sit

2209 4044 2374 4117 nimia
2395 4043 2647 4117 _laudatio,
2665 4053 2720 4099 et
2743 4043 3090 4100 immoderata
3106 4043 3447 4117 vituperatio;
3467 4046 3565 4117 illa
3578 4046 3791 4117 quidem

2210 4114 2533 4187 adulatione,
2562 4114 2662 4187 ista
2687 4122 2864 4187 autem
2889 4125 3133 4187 suspecta
3173 4114 3518 4187 malignitate.
3548 4114 3791 4171 Pruden-

2212 4185 2283 4239 tia
2330 4185 2692 4239 testimonium
2735 4185 2964 4251 veritati,
2996 4201 3103 4241 non
3150 4185 3394 4241 amicitia}
3432 4187 3627 4242 reddit.
3661 4188 3789 4241 Pru-

2211 4253 2390 4309 dentia
2414 4270 2534 4309 cum
2560 4254 2883 4310 discretione
2909 4257 3189 4325 promittit,
3216 4265 3271 4311 et
3298 4258 3563 4326 promissa
3589 4257 3793 4312 accele-

2211 4333 2316 4407 rat,
2342 4332 2396 4407 et
2432 4326 2660 4407 amplins
2685 4342 2842 4395 quam
2853 4327 3207 4407 promiserat,
3236 4328 3792 4407 praestat._Prudcntia

2211 4394 2370 4450 docet
2389 4395 2656 4468 quomodo
2685 4394 2967 4468 praesehtia
2993 4394 3532 4468 ordinem—quomodo
3551 4398 3793 4468 praeteri-

2213 4474 2388 4537 torum
2432 4466 2750 4537 recorderis,
2797 4477 2852 4521 et
2891 4469 3160 4537 quomodo
3200 4466 3376 4523 futura
3402 4466 3716 4537 praevidens.
3746 4466 3789 4521 Ο

2213 4535 2400 4609 beatus
2423 4537 2513 4604 qui
2538 4536 2770 4609 prudens
2800 4535 2985 4609 est,‘et
3010 4537 3158 4604 felix,
3181 4546 3236 4593 et
3252 4554 3380 4594 vere
3404 4535 3532 4594 felix
3553 4539 3644 4609 qui
3670 4554 3789 4607 pru-

2213 4606 2347 4678 dens
2377 4605 2674 4678 invenitur!
2719 4607 2852 4663 Nam
2894 4608 2939 4662 si
2981 4618 3171 4663 cuncta
3218 4624 3337 4678 qua:
3379 4609 3539 4664 habet
3571 4605 3792 4671 amittit,

2215 4677 2431 4742 clamat,
2461 4676 2652 4732 Omnia
2678 4693 2797 4732 mea
2827 4692 3034 4733 mecum
3064 4687 3205 4735 sunt.
3237 4676 3369 4746 Quae
3396 4688 3521 4734 sunt
3549 4679 3653 4733 ista
3682 4694 3795 4748 qua:

2216 4757 2510 4821 sunt_mea,
2543 4748 2645 4803 nisi
2669 4749 2895 4821 justitia,
2921 4750 3290 4820 temperantia,
3314 4749 3569 4806 fortitudo
3591 4758 3649 4805 et
3671 4764 3794 4821 pru-

2216 4817 2430 4891 dentia?
2461 4816 2505 4872 0
2533 4833 2658 4873 vere
2674 4816 2946 4889 prudens!
2979 4816 3169 4874 omnia
3192 4822 3335 4875 enim
3362 4837 3479 4891 qua:
3514 4822 3651 4889 eripi
3674 4816 3794 4889 pos-

2218 4897 2361 4961 sunt,
2390 4888 2529 4944 bona
2559 4903 2667 4944 non
2686 4888 2849 4961 putas
2875 4904 3013 4961 esse.
3046 4890 3181 4945 Cum
3202 4888 3636 4961 igitur'prudens
3663 4888 3713 4945 in
3742 4905 3796 4944 sc

2218 4959 2337 5031 ipso
2375 4968 2657 5031 contentus
2685 4960 2774 5024 sit,
2806 4960 2983 5031 omnia
3027 4976 3209 5016 secum
3228 4959 3438 5028 'habet,
3470 4963 3523 5015 in
3554 4961 3798 5016 omnibus

2220 5029 2488 5101 sufficiens
2508 5031 2608 5085 sibi
2635 5038 2735 5084 est.
2759 5029 3085 5100 lmprudenti
3107 5047 3232 5086 vero
3260 5032 3395 5086 nihil
3423 5032 3621 5087 sufficit
3638 5075 3653 5096 ,
3681 5031 3797 5101 quia

2220 5102 2273 5156 in
2319 5100 2465 5171 nullo
2494 5108 2773 5155 contentus
2815 5110 2928 5165 est;
2957 5101 3079 5171 quia
3109 5103 3287 5156 omnia
3318 5102 3436 5157 sine
3475 5102 3584 5157 ﬁne
3622 5100 3793 5171 sperat

2224 5170 2516 5242 possidere,
2545 5171 2667 5242 ideo
2694 5171 2944 5227 omnibus
2978 5170 3128 5242 eget.
3159 5172 3345 5227 Estote
3373 5174 3554 5239 igitur,
3581 5170 3796 5238 fratres,

2228 5240 2237 5241 “
2262 5240 2511 5297 rudentes
2526 5241 2665 5297 sicut
2688 5251 2985 5312 serpentes,
3005 5240 3059 5297 et
3081 5243 3349 5312 simplices
3365 5245 3506 5299 sicut
3519 5244 3798 5298 columbae.

2222 5258 2341 5369 ἵ)υο
2367 5311 2508 5368 enim
2536 5320 2658 5367 sunt
2680 5328 2800 5369 ante
2815 5311 2880 5368 ad
2904 5314 3129 5368 invicem
3152 5328 3391 5369 connexa
3407 5323 3552 5369 sunt.
3572 5324 3628 5367 ut
3646 5328 3798 5367 unum

2273 5327 2341 5367 uo
2367 5311 2508 5368 enim
2536 5320 2658 5367 sunt
2680 5328 2800 5383 quce
2815 5311 2880 5368 ad
2904 5314 3129 5368 invicem
3152 5311 3391 5369 cennexa
3407 5323 3552 5381 sunt,
3572 5324 3628 5367 ut
3646 5328 3802 5367 unum

2225 5386 2340 5439 sine
2380 5384 2570 5451 altero,
2625 5393 2715 5438 aut
2760 5398 2967 5454 parum,
2997 5391 3091 5438 aut
3118 5383 3249 5438 nihil
3278 5386 3496 5439 omnino
3540 5384 3799 5454 proﬁciat.

2229 5454 2552 5525 Simplicitas
2598 5456 2739 5510 enim
2781 5454 2896 5525 sine
2930 5454 3172 5525 astutia,
3226 5455 3448 5510 stultitia
3488 5463 3802 5525 reputatur:

2228 5524 2419 5581 astutia
2456 5540 2582 5581 vero
2628 5525 2744 5581 sine
2787 5524 3147 5595 simplicitate,
3187 5525 3432 5595 superbia
3460 5525 3802 5595 approbatur.

2231 5597 2435 5652 Astulia
2484 5597 2746 5666 serpentis
2777 5596 2827 5650 in
2859 5604 3086 5666 quatuor
3112 5604 3290 5664 partes
3319 5596 3593 5651 dividitur.
3635 5596 3803 5650 Prima

2231 5676 2334 5732 est,
2356 5666 2496 5736 quod
2526 5668 2686 5721 totius
2716 5668 2953 5736 corporis
2976 5682 3239 5721 venenum
3268 5668 3319 5721 in
3349 5674 3563 5737 gutture
3589 5666 3800 5737 colligit,

2231 5748 2286 5793 et
2312 5738 2382 5791 ibi
2412 5736 2696 5805 prudenter
2721 5738 2944 5793 docente
2975 5746 3161 5792 natura
3205 5751 3418 5794 servare
3445 5737 3644 5802 studet,
3677 5747 3734 5791 ut
3762 5736 3802 5789 si

2238 5809 2518 5879 aliquando
2543 5823 2760 5867 necesse
2785 5807 2962 5866 fuerit.
3000 5810 3052 5866 in
3081 5809 3557 5887 promptuwhabeat
3588 5808 3726 5869 unde
3748 5821 3804 5863 se
