4100 6344
345 454 488 519 1245

341 576 414 655 ab
441 588 550 631 ιιηο
572 571 745 655 capite
763 569 1149 655 ντρςεάθιιιθεε
1177 568 1357 633 omnia
1382 567 1597 655 ρεσίίξοε
1619 574 1926 655 eaeaeae:

345 647 487 703 niter
509 637 784 715 possidere
808 643 1085 715 debemus.
1125 637 1409 715 insurgunt
1447 638 1591 715 enim
1620 637 1926 708 frequenter

343 718 485 772 inter
511 709 613 770 nos
632 722 973 783 tempestates
995 712 1327 783 inimicorum
1353 751 1367 774 ,
1397 709 1686 783 volentium
1714 717 1924 783 nostras

343 786 658 848 concordias
678 778 937 852 dissipare
960 824 973 847 ,
1004 791 1059 839 et
1081 781 1373 837 discordias
1402 778 1712 852 seminando
1762 779 1921 832 unio-

344 873 468 913 nem
492 856 637 925 pacis
661 848 1017 924 eitstinguere.
1045 852 1441 925 Aggrediuutur
1480 864 1579 905 nos
1608 848 1924 925 frequenter

343 919 526 983 leones
557 925 813 981 teterrimi
837 919 864 989 ζ
883 919 1118 993 utcapui
1132 919 1383 977 feriendo
1402 963 1417 987 ,
1463 919 1701 993 membra
1732 921 1921 975 saltem

342 1006 658 1054 moveantur
689 1005 911 1051 terrore.
941 990 1043 1057 Et,
1068 993 1209 1063 quod
1233 990 1760 1063 gravinsimihiest,
1817 1005 1925 1063 non

341 1071 516 1123 solum
543 1083 574 1122 a
614 1066 855 1135 malignis
884 1060 1155 1134 spiritibus
1185 1060 1327 1133 saepe
1370 1062 1508 1135 mala
1535 1062 1761 1131 patimur
1780 1060 1923 1135 ,_scd

306 1138 507 1196 ‘etiam
533 1154 564 1193 a
588 1131 897 1193 domesticis
914 1131 1274 1199 dilaniamuri
1299 1142 1355 1189 et
1406 1134 1710 1205 frequenter
1739 1131 1923 1205 pejora

341 1218 467 1265 sunt
496 1209 784 1264 intrinseca
813 1207 949 1269 bella
973 1221 1004 1261 a
1029 1205 1220 1275 quibus
1246 1219 1351 1260 non
1378 1201 1628 1275 cavetur,
1659 1216 1816 1275 quam
1844 1201 1923 1257 fo-

344 1282 553 1336 rinseca
581 1294 698 1348 quae
730 1272 1103 1346 prmvidentur.
1139 1277 1274 1348 Ecce
1300 1275 1442 1348 enim
1485 1272 1647 1348 Abel_
1672 1273 1846 1348 qutus
1890 1287 1921 1328 a

342 1342 638 1406 domestic-0
666 1342 829 1404 fratre
854 1348 1144 1411 occiditur,
1176 1347 1313 1400 Esau
1364 1343 1583 1399 fratrem
1625 1342 1916 1412 fugientem

342 1422 682 1490 persequitur
704 1461 717 1482 ,
745 1417 947 1490 Joseph
973 1432 1003 1475 a
1026 1416 1275 1490 fratribus
1303 1412 1547 1490 venditur
1567 1455 1582 1481 ,
1600 1421 1661 1490 et
1694 1427 1726 1467 a
1755 1413 1919 1468 disci-

343 1481 469 1561 pulo
499 1481 743 1547 Salvator
768 1481 1011 1561 traditur.
1046 1486 1389 1561 llazc_om_n_ia
1418 1484 1557 1561 mala
1594 1481 1918 1561 factasutit,

342 1553 467 1631 quia
496 1560 715 1617 obedire
758 1559 1123 1631 neglexerunt.
1174 1555 1555 1631 Simiiiterboc
1606 1553 1799 1609 accidit
1830 1554 1923 1631 1a.

342 1625 531 1687 uinario
555 1640 740 1687 nostro
762 1670 778 1694 ,
800 1625 891 1698 q'ui
918 1630 1162 1683 columna
1184 1626 1497 1698 obedienﬁtim
1518 1633 1572 1680 et
1594 1625 1920 1698 paupertatis

340 1703 484 1759 inter
511 1718 607 1757 nos
632 1716 749 1756 esse
777 1695 1052 1755 videbatur
1074 1741 1089 1765 ,
1120 1698 1270 1767 cujus
1292 1697 1641 1766 perditionem
1671 1695 1920 1767 frequen-

341 1782 425 1828 ter
453 1774 580 1828 flere
604 1781 659 1827 et
684 1771 889 1826 ululare
913 1765 1194 1831 debemus.
1220 1765 1352 1823 Nam
1382 1767 1448 1823 ad
1479 1782 1575 1821 nos
1604 1781 1728 1821 cum
1748 1765 1921 1836 lacry-

342 1844 446 1898 mis
469 1844 646 1906 venit,
677 1850 731 1896 et
752 1848 1117 1910 paupertatem
1160 1838 1411 1909 quamdiu
1455 1837 1660 1910 viveret
1705 1851 1920 1910 servare

382 1914 588 1971 remisit
619 1930 632 1966 :
655 1921 710 1967 et
737 1907 912 1967 tamen
936 1910 1146 1964 vineam
1172 1907 1225 1963 et
1245 1924 1426 1979 agrum
1454 1908 1606 1979 nobis
1626 1907 1921 1979 ignoranti-7

382 1928 588 1971 romtsrt
619 1930 632 1966 :
655 1928 710 1967 et
737 1928 912 1967 tamen
936 1928 1146 1964 vineam
1172 1928 1225 1963 et
1245 1928 1426 1979 agrum
1454 1928 1606 1962 nonis
1626 1928 1916 1977 ignoranti-

340 1928 443 2038 Bus
469 1986 520 2038 in
548 1983 742 2039 saeculo
772 1978 1271 2052 possidebatm(a)._0
1302 1978 1560 2052 professio
1596 1977 1867 2052 mortifera
1899 1977 1916 2034 Σ

337 2070 375 2107 ο
400 2052 687 2122 proditoria
716 2046 1030 2122 promissio!
1060 2046 1164 2109 ore;
1190 2046 1398 2122 diccbat
1419 2048 1557 2122 quod
1584 2047 1745 2122 corde
1772 2046 1918 2103 odie-

339 2118 449 2179 bat.
487 2118 737 2179 Sanctum
766 2121 1113 2178 credebamus
1137 2162 1151 2186 ,
1182 2121 1272 2189 qui
1302 2119 1547 2174 omnibus
1586 2118 1735 2188 pejor
1776 2127 1914 2173 erat.

340 2194 412 2249 Et
433 2195 512 2253 sic
538 2194 694 2250 annis
720 2193 965 2249 undecim
991 2200 1045 2247 et
1072 2192 1297 2260 amplius
1323 2189 1606 2245 Ianuarius
1626 2196 1828 2253 noster,
1862 2196 1921 2246 ut

337 2265 550 2329 vidistis
573 2306 588 2328 ,
626 2273 681 2319 et
728 2263 985 2326 audistis,
1015 2261 1154 2316 male
1179 2261 1343 2327 vixit,
1384 2268 1438 2317 et
1485 2260 1622 2314 male
1671 2260 1914 2314 moritur.

335 2335 521 2402 Quare
557 2336 643 2391 vel
682 2333 951 2404 quomodo
986 2332 1122 2404 male
1162 2332 1328 2404 vixit?
1366 2330 1499 2404 Quia
1541 2329 1682 2404 quod
1722 2331 1912 2404 suum‘

341 2399 495 2472 erat,
547 2399 754 2461 secrete
794 2403 980 2460 tenuit.
1022 2401 1299 2470 Quomodo
1324 2401 1483 2457 etiam
1508 2399 1644 2454 male
1669 2399 1911 2472 moritur,

340 2478 443 2530 nisi
473 2469 594 2545 quia
622 2477 673 2533 in
702 2474 809 2529 [ine
833 2490 891 2530 se
910 2489 1016 2545 non
1037 2469 1283 2543 cognovit
1304 2513 1318 2537 ,
1346 2480 1400 2527 et
1420 2473 1720 2545 obs‘linatus
1748 2469 1916 2545 insue

340 2539 507 2603 sensti
526 2545 680 2601 nobis
710 2544 1075 2615 ignorantibus
1090 2539 1125 2615 71'
1122 2552 1477 2615 estamentnin
1506 2540 1655 2615 fecit,
1679 2549 1732 2595 et
1750 2539 1916 2615 lilium

338 2632 502 2685 quem
523 2609 753 2673 habebat
771 2617 821 2670 in
847 2616 1040 2669 saeculo
1071 2613 1256 2667 ditavit
1277 2612 1455 2685 (b)?__0
1480 2612 1679 2685 utinam
1723 2609 1913 2685 saltem

339 2680 393 2740 in
424 2686 528 2741 line
555 2686 656 2741 hoc
685 2685 839 2741 nobis
866 2684 1085 2740 dixisset
1105 2725 1119 2744 ,
1146 2692 1202 2737 ut
1230 2682 1502 2737 orantibus
1529 2680 1680 2737 nobis
1704 2681 1915 2735 veniam

337 2757 680 2826 impetrasset
707 2774 721 2811 :
752 2755 846 2810 sed
873 2770 983 2826 nec,
998 2754 1274 2826 confessus
1297 2752 1391 2807 fuit
1414 2794 1431 2817 ,
1463 2766 1560 2807 nec
1583 2766 1705 2826 eum
1726 2749 1916 2826 fecisse

337 2820 616 2896 paenituit;
650 2832 927 2896 propterea
957 2825 1025 2879 de
1053 2824 1188 2879 meis
1214 2838 1317 2896 non
1343 2832 1459 2896 est_,
1493 2836 1591 2896 nec
1616 2820 1741 2874 dum
1765 2820 1913 2873 vive-

336 2890 424 2955 ret
444 2906 581 2952 erat.
612 2890 792 2965 Ligat'e
817 2895 973 2964 igitur
998 2907 1184 2948 manus
1200 2890 1629 2965 cadaverisejus,
1652 2898 1915 2965 ponentes

336 2967 393 3021 in
425 2982 601 3036 panno
625 2959 812 3034 ligatos
837 2959 1053 3036 centum
1082 2972 1145 3036 et
1164 2960 1609 3036 undecim__siclos
1633 3000 1648 3025 ,
1695 2975 1829 3036 quos
1860 2959 1912 3036 in

336 3027 546 3107 pariete
566 3027 779 3093 icellulae
806 3035 1090 3107 retinebat,
1114 3030 1303 3107 flentes
1329 3039 1384 3086 et
1406 3030 1669 3107 dieeiltes,_
1690 3027 1914 3107 Pecunia

336 3099 432 3163 iua
459 3117 616 3162 tecum
641 3107 704 3161 sit
736 3109 788 3159 in
816 3105 1145 3176 perditionem
1165 3102 1300 3176 (Aet.
1335 3117 1453 3167 vtu,
1477 3101 1593 3176 ‘20).
1624 3099 1740 3154 Non
1770 3099 1912 3176 enim

336 3178 479 3234 licet
524 3177 678 3232 nobis
701 3170 869 3231 servis
901 3176 991 3229 Dei
1018 3189 1138 3229 eam
1166 3170 1429 3229 collocare
1475 3170 1561 3226 vel
1609 3184 1807 3240 ponere
1860 3170 1916 3225 in

337 3249 485 3303 victu
510 3247 591 3302 vel
617 3248 669 3301 in
692 3246 887 3301 vestitu
910 3245 993 3301 vel
1020 3244 1071 3298 in
1093 3258 1256 3313 opere
1280 3240 1584 3297 monasterii
1599 3281 1617 3313 _,
1649 3240 1914 3313 quia‘pre-

338 3319 477 3375 tium
511 3316 867 3373 damnationis
909 3324 1011 3371 est.
1059 3310 1152 3368 Eia
1192 3313 1381 3383 igitur,
1431 3311 1735 3367 sacerdotes
1776 3310 1910 3377 Dei,

335 3398 529 3444 cavete
570 3403 637 3449 ne
683 3386 940 3443 deficiatis
970 3386 1021 3439 in
1040 3384 1458 3446 'tentatlonibus,
1504 3392 1687 3436 cavete
1730 3396 1799 3435 ne
1829 3396 1913 3435 re-

338 3459 512 3514 belles
542 3458 669 3513 mibi
696 3458 812 3511 sitis
842 3456 1047 3526 publice
1073 3456 1158 3509 vel
1200 3454 1424 3526 oeculte.
1452 3452 1583 3526 Sitis
1630 3452 1757 3506 mihi
1785 3449 1914 3505 lide-

337 3530 421 3585 les
445 3570 459 3593 ,
487 3529 604 3584 sitis
633 3528 761 3587 mihi
785 3523 1192 3582 et’obcdicntes.
1222 3523 1291 3581 Et
1316 3524 1359 3579 si
1381 3524 1539 3593 vobis
1567 3537 1727 3593 grave
1754 3529 1836 3576 est
1860 3528 1915 3577 et

336 3592 646 3663 molestum,
674 3597 984 3667 egredimini
1015 3595 1177 3667 foras,
1207 3595 1409 3665 pergite
1436 3593 1504 3667 ad
1523 3592 1715 3667 fratres
1740 3606 1910 3667 meos,

334 3680 395 3724 et
422 3669 609 3725 discite
634 3661 804 3723 ab'eis
823 3710 837 3731 ,
866 3668 985 3736 quia
1012 3666 1169 3736 mites
1196 3661 1327 3736 sunt
1352 3663 1675 3736 etibumiles
1703 3661 1863 3736 corde
1894 3702 1934 3729 ,j

336 3755 600 3809 pauperes
625 3739 813 3807 spiritu
842 3734 897 3794 et
926 3738 1015 3809 lilii
1040 3734 1723 3809 obedientiie._Egredimini
1750 3734 1911 3809 foras,

337 3803 398 3865 et
424 3803 549 3877 quid
576 3803 705 3864 estis
724 3851 739 3875 ,
769 3818 824 3863 et
843 3809 968 3878 quid
995 3807 1095 3877 ipsi
1121 3808 1228 3860 sint
1251 3803 1593 3878 considerare
1618 3818 1731 3878 vos
1770 3803 1911 3878 v_olo_.

341 3872 613 3949 Numquid
644 3889 699 3935 et
726 3872 1033 3934 ’vos'tales-
1070 3878 1199 3949 estis
1228 3876 1409 3949 quales
1438 3884 1487 3930 et
1532 3872 1822 3949 ipsisunt?
1844 3872 1917 3949 ,Ο

344 3943 547 4003 ηιίιιίιῖιι
581 3952 714 4004 tales
738 3950 960 4013 essetis,
991 3947 1181 4017 quales
1199 3943 1259 4001 et
1304 3947 1403 4016 ipsi
1432 3943 1586 4001 sunt!
1606 3944 1725 4017 ﬂos
1772 3943 1913 3998 enim

339 4030 635 4084 voratores,
666 4031 721 4076 et
745 4019 843 4088 ipsi
864 4015 1084 4074 summa:
1112 4015 1449 4088 sobrietatis;
1479 4030 1574 4070 vos
1589 4015 1916 4088 discursorcs

341 4092 571 4151 civitatis
593 4132 606 4152 ,
639 4101 692 4145 et
720 4085 817 4159 ipsi
845 4090 989 4144 visus
1032 4087 1308 4159 hominum
1351 4087 1587 4159 fugiunt;
1616 4100 1713 4159 vos
1737 4085 1914 4159 impne

340 4162 446 4226 dici
472 4204 486 4224 ,
518 4170 572 4216 et
602 4162 700 4229 ipsi
730 4155 857 4216 casti
883 4177 898 4224 ;
928 4174 1023 4213 vos
1079 4158 1377 4229 derisores,
1410 4155 1463 4212 et
1492 4157 1591 4225 ipsi
1611 4155 1917 4229 _ferv_entis-

343 4232 467 4287 simi
488 4225 758 4295 oratores;
783 4244 880 4286 vos
905 4229 1129 4299 pellibus
1154 4228 1517 4283 cuniculorum
1542 4226 1629 4299 vel
1648 4225 1917 4299 variorum

340 4302 519 4365 ornati
554 4302 829 4365 inceditis,
859 4298 913 4355 et
963 4299 1068 4369 ipsi
1094 4301 1251 4356 ovino
1281 4299 1460 4355 colore
1502 4298 1790 4368 nigerrimo
1828 4310 1916 4349 as-

342 4375 688 4441 perrimoque
723 4371 891 4426 induti
924 4368 1049 4425 sunt
1073 4410 1088 4436 ,
1123 4381 1316 4440 praeter
1352 4384 1415 4424 ea
1441 4385 1565 4441 quae
1601 4368 1918 4441 intrinsecus

340 4437 490 4497 sunt.
513 4437 621 4497 vos
637 4443 861 4496 delicate
886 4442 1031 4509 pasci
1055 4437 1262 4501 summe
1290 4437 1508 4505 curatis,
1538 4453 1725 4493 carnes
1748 4437 1918 4491 varias

339 4513 689 4577 aﬂ'ectantes;
718 4521 772 4567 et
818 4513 914 4581 ipsi
948 4519 1223 4581 postquam
1252 4524 1507 4581 Aeremum
1552 4509 1880 4581 intraverunt
1901 4548 1915 4571 ,

341 4598 614 4653 nunquam
634 4576 1221 4653 carnes'sumpseijunt.
1247 4579 1359 4653 Eos
1378 4581 1497 4631 vina
1523 4579 1692 4631 electa
1719 4576 1918 4653 et_ine-

342 4646 572 4735 b'riantia
602 4652 840 4735 quaeritis
862 4662 891 4714 ;'
924 4646 1127 4735 et‘ipsi.
1146 4648 1395 4719 pusillum
1437 4663 1593 4735 aqjuae
1617 4646 1918 4735 ¹τοίεξρίυηξΖ

344 4723 456 4779 Vos
484 4716 670 4779 balteis
715 4723 939 4779 militum
966 4716 1166 4777 mundo
1194 4733 1455 4788 apparere
1484 4716 1797 4788 desideraiis
1822 4732 1835 4779 ;
1869 4724 1924 4770 et

344 4794 449 4862 ipsi
473 4796 622 4849 zonis
662 4793 985 4851 camelorum
1012 4785 1244 4862 renibus:
1261 4785 1512 4843 succincti
1541 4801 1690 4862 more
1716 4785 1846 4839 Elim
1869 4793 1924 4839 et

343 4858 571 4937 Joannis
592 4874 717 4919 sunt
735 4862 973 4919 decorati
1001 4861 1101 4931 (c).
1129 4858 1351 4937 O_vinea
1374 4873 1488 4914 mea
1510 4859 1677 4937 meets
1704 4898 1718 4921 ,
1744 4871 1843 4926 ego
1872 4864 1924 4937 to

341 4936 612 5004 plantavi,
638 4950 767 4991 cave
794 4950 860 4989 ne
901 4926 1331 5004 (zoniertarisin
1378 4926 1783 5004 amaritudinem
1805 4943 1826 5004 ;.
1874 4933 1925 4981 te

341 4996 637 5076 deprecor,
672 5021 740 5061 ne
768 5021 853 5060 me
879 5018 1163 5076 pauperem
1195 5000 1443 5076 dimittas
1462 5041 1476 5065 ,
1506 5007 1572 5076 _et
1616 4996 1924 5052 Januarium

343 5069 565 5133 divitem
595 5069 859 5149 sequaris.
880 5069 930 5149 ὐ
961 5069 1115 5149 vinea
1139 5071 1292 5149 felis,
1325 5070 1478 5149 cujus
1506 5069 1926 5149 botrussmnme

342 5137 768 5219 pertimesco-ne
791 5146 865 5219 sit
878 5145 939 5219 in
971 5144 1073 5219 line
1103 5137 1504 5219 amarissimus;
1537 5154 1570 5194 ο
1589 5137 1723 5219 quid
1769 5137 1927 5219 iacie-

342 5208 466 5274 inus
500 5208 621 5273 tunc
662 5219 714 5272 in
740 5218 830 5272 die
857 5216 944 5269 illa
974 5213 1322 5278 calamitatis,
1356 5213 1409 5266 in
1439 5227 1541 5281 qua
1589 5208 1726 5264 Deus
1770 5208 1927 5281 Pater

347 5290 497 5345 dicet
538 5288 708 5355 Filio,
751 5286 888 5342 Voca
916 5285 1173 5356 operarios
1197 5324 1212 5351 ,
1241 5292 1288 5338 et
1328 5278 1480 5337 redde
1520 5280 1623 5336 illis
1652 5278 1929 5334 mercedem

408 5424 426 5487 ε
454 5423 571 5487 ﬁdi“
593 5422 789 5487 addunt:
814 5432 924 5470 ηοιι·
1062 5486 1065 5487 ν
1280 5476 1293 5487 .
1327 5475 1357 5487 ..
1482 5482 1492 5487 -
1584 5485 1621 5487 ν,
1654 5471 1717 5487 ....

407 5486 480 5549 (α)
498 5471 848 5549 tamquamet
869 5476 1293 5549 «aggentumﬁuod
1312 5475 1500 5526 diceret
1520 5485 1631 5524 esse
1653 5471 1764 5522 filia:
1777 5484 1921 5535 suae,»

342 5539 725 5608 ait'A'ugustinus
745 5556 893 5608 serm_.
928 5539 1037 5601 555,
1073 5555 1121 5589 n.
1143 5539 1188 5589 3.

433 5608 480 5679 ρ)
506 5596 735 5679 erratum
772 5604 975 5679 duplex.
994 5596 1104 5676 eam
1125 5614 1189 5679 es
1214 5599 1388 5650 eodem
1414 5609 1701 5679 sermonm
1717 5609 1771 5679 1:;
1794 5596 1933 5679 {anet

310 5692 313 5695 -
350 5686 377 5717 α
408 5658 538 5718 filius
556 5670 707 5730 ipsius
724 5671 781 5730 in
794 5658 1089 5730 monasterio
1114 5670 1208 5730 est,
1231 5678 1254 5706 ι
1294 5662 1463 5711 nonin
1493 5658 1701 5730 saeculo;
1723 5664 1788 5730 eth
1814 5662 1932 5707 «Ec»-

352 5695 377 5717 I
408 5695 538 5718 ιιιιιιθ
558 5695 707 5730 Ιινδιυδ
725 5695 773 5716 ιιι
795 5695 1031 5715 ιιιυιιωιῡι
1044 5695 1089 5713 lu
1114 5695 1208 5722 υοι,
1234 5695 1253 5706 -
1295 5695 1390 5711 uvu
1415 5695 1463 5709 lu
1493 5695 1670 5709 ουνυυιν
1725 5695 1775 5707 ν-

352 5748 378 5778 ι
399 5730 596 5779 clesiam
620 5729 810 5792 scripsit
830 5727 1097 5792 haeredem,
1116 5742 1144 5792 s
1159 5726 1301 5792 hunc
1324 5736 1440 5792 vero
1466 5695 1814 5792 e‘xliteredavit.

411 5792 484 5855 (ε)
521 5800 630 5840 Haec
641 5787 984 5855 an'sugustini
1009 5787 1199 5855 clericis
1216 5787 1524 5855 conveniant,
1540 5789 1685 5855 patet
1700 5796 1763 5855 cur
1779 5794 1929 5855 scrin.

342 5843 613 5909 356,'num.
639 5853 688 5910 5,
712 5853 795 5901 ubi
806 5843 900 5900 cos
921 5846 1046 5915 tales
1065 5850 1309 5915 invenisse
1327 5860 1383 5895 se
1408 5843 1629 5915 testatur,
1656 5843 1827 5915 quales
1847 5844 1934 5891 de-

344 5905 607 5974 sideravit;
633 5905 686 5964 et
718 5926 783 5965 ex
804 5924 937 5963 num.
966 5910 1041 5971 15,
1064 5920 1126 5959 an
1163 5910 1214 5960 in
1253 5920 1422 5961 eorum
1460 5906 1639 5958 vestitu
1670 5905 1932 5971 quidquam

335 5975 603 6036 indecens.

1409 450 1502 508 AD
1539 446 1860 507 FRATRES
1897 446 1965 504 IN
2002 444 2235 505 EREMO
2272 444 2501 505 SERMO
2531 444 2621 505 Vl.

3474 446 3621 510 £246

2035 566 2250 638 (Matth.
2281 581 2358 622 xx
2378 607 2393 631 ,
2422 565 2691 638 8)?'l‘unc
2718 572 2840 623 ante
2859 566 3090 638 iudicem
3120 570 3360 627 audietur
3385 586 3488 630 vox
3519 587 3610 630 re-

2031 637 2282 693 bellionis
2307 637 2502 714 vestra;
2538 637 2664 714 quid
2713 637 3095 714 promiseritis,
3140 652 3195 699 et
3239 642 3509 714 quomodo
3546 659 3611 700 ea

2033 724 2246 764 servare
2292 708 2557 763 voluistis.
2596 708 2806 782 Fugere
2842 710 3133 782 mundum,
3181 722 3234 769 et
3257 708 3387 782 'quaa
3428 715 3612 771 mundi

2031 789 2157 853 sunt
2206 788 2551 853 contemnere
2593 780 2945 853 promisistis;
2993 791 3046 837 et
3076 796 3199 838 ecce
3242 780 3351 853 jam
3382 786 3612 841 rebelles

2031 850 2156 905 totis
2180 849 2455 905 affectibus
2486 850 2541 923 in
2590 850 2872 923 mundanis
2901 849 3258 923 praeoccupati
3309 855 3457 908 estis.
3504 854 3615 911 Cur

2031 936 2159 992 ergo
2192 921 2595 1008 murmurastis,
2645 920 2691 976 si
2740 922 2791 975 in
2824 920 3277 1008 hisiﬁpascli‘alibus
3311 924 3499 1006 diebus

2030 990 2438 1061 praesentialiter
2466 992 2738 1047 vobiscum
2775 1006 2880 1047 non
2920 990 3036 1048 fui?
3079 994 3282 1049 Placuit
3309 996 3451 1049 enim
3477 990 3610 1050 mihi

2029 1076 2311 1186 segregare
2337 1077 2423 1117 me
2453 1074 2481 1115 a
2510 1061 2663 1117 vobis
2682 1104 2697 1127 ,
2729 1070 2785 1117 et
2810 1079 3031 1133 pergere
3058 1064 3123 1118 ad
3147 1063 3341 1120 fratres
3381 1080 3529 1119 meos
3554 1066 3610 1119 in

2029 1132 2344 1186 soitudine.
2387 1147 2550 1186 quos.
2594 1140 2651 1186 ut
2698 1131 3003 1186 frequenter
3045 1134 3195 1186 dixi.
3247 1135 3379 1186 tales
3431 1135 3610 1186 inveni

2029 1131 2344 1199 solitudine,
2387 1147 2550 1202 quos,
2594 1140 2651 1203 ut
2698 1131 3003 1203 frequenter
3045 1134 3195 1202 dixi,
3247 1135 3379 1189 tales
3431 1135 3611 1190 inveni

2026 1204 2209 1275 quales
2234 1203 2467 1259 invenire
2484 1202 2934 1275 desideravii.’_Cur
2949 1220 3075 1275 ergo
3101 1205 3417 1260 turbamiui?
3437 1204 3611 1261 Num-

2028 1274 2154 1344 quid
2185 1274 2281 1344 ipsi
2310 1289 2433 1328 vere
2460 1274 2750 1343 pauperes?
2776 1273 3038 1344 Numquid
3066 1275 3418 1331 obedientes?
3443 1276 3609 1331 Num-

2026 1343 2151 1414 quid
2181 1343 2435 1398 mundum
2458 1353 2510 1401 et
2534 1359 2752 1413 pompas
2773 1345 2887 1414 ejus
2915 1346 3404 1401 conculcaveruut?
3438 1346 3608 1403 Num-

2026 1413 2154 1483 quid
2213 1414 2269 1485 in
2292 1414 2459 1469 forma
2494 1413 2831 1485 vivendiivos
2863 1415 3032 1469 multo
3055 1424 3292 1484 tempere
3315 1432 3606 1485 praecesse-

2024 1485 2187 1555 runt?
2231 1484 2493 1555 Numquid
2529 1501 2651 1540 vere
2705 1484 2897 1540 fratres
2940 1487 3042 1541 mei
3088 1494 3141 1541 et
3184 1484 3359 1555 patres
3416 1496 3540 1542 sunt
3581 1487 3606 1542 ?

2023 1554 2291 1627 Numquid
2316 1554 2409 1624 per
2433 1570 2617 1611 eorum
2646 1555 2890 1627 exempla
2919 1556 3159 1627 adviam
3201 1557 3437 1611 veritatis
3480 1573 3604 1627 per-

2023 1627 2186 1681 veni?
2206 1625 2469 1697 Numquid
2497 1641 2590 1681 eos
2619 1641 2829 1697 semper
2852 1626 3049 1697 dilexi,
3079 1635 3134 1681 et
3159 1642 3342 1682 eorum
3366 1625 3603 1697 sanctam

2024 1697 2482 1752 conversationem
2510 1712 2723 1765 semper
2753 1696 3093 1753 desideravi?
3135 1696 3401 1767 Numquid
3442 1698 3606 1754 etiam

2023 1781 2121 1837 per
2170 1767 2569 1838 Simplicianum
2624 1767 2989 1838 Liguriensem
3042 1768 3094 1821 in
3148 1767 3250 1822 fide
3312 1769 3603 1824 instructus

2023 1836 2179 1908 sum?
2199 1836 2307 1893 Cur
2326 1853 2452 1908 ergo
2482 1838 2859 1893 murmuratis?
2882 1836 2997 1908 iCnr
3017 1839 3082 1893 de
3108 1854 3223 1892 mea
3249 1838 3485 1893 absentia
3509 1838 3605 1892 do-

2024 1906 2192 1964 lorem
2243 1906 2439 1964 habere
2491 1908 2808 1963 ostenditis?
2854 1907 3035 1964 Facite
3080 1924 3197 1978 qua:
3246 1909 3436 1977 placita
3479 1915 3604 1964 sunt

2022 1978 2187 2043 milii;
2220 1987 2274 2034 et
2298 1986 2423 2035 tunc
2448 2020 2463 2045 ,
2498 1978 2816 2047 ubicumque
2842 1978 3025 2047 fuero,
3056 1979 3330 2034 vobiscum
3375 1994 3467 2034 ero
3506 1994 3599 2034 us-

2023 2063 2127 2118 que
2155 2049 2219 2104 ad
2259 2050 2771 2105 consummationem
2818 2050 3015 2104 saeculi.
3062 2049 3418 2105 Decreveram
3456 2050 3602 2104 enim

2022 2133 2145 2174 cum
2181 2119 2383 2176 eisdem
2433 2121 2715 2174 rusticanis
2760 2120 2893 2174 meis
2931 2121 2983 2175 in
3023 2119 3283 2175 charitate
3330 2118 3601 2173 humiliter

2022 2187 2264 2246 habitare
2284 2190 2537 2261 usquead
2564 2189 2753 2245 festum
2781 2200 2977 2246 sanctae
3000 2190 3341 2245 Ascensionis
3367 2189 3597 2261 Domini,

2021 2275 2122 2315 nec
2143 2261 2207 2317 ad
2238 2276 2329 2316 vos
2360 2258 2532 2315 redire
2559 2262 2805 2330 optabam
2826 2302 2838 2323 ,
2868 2276 3141 2331 quousque
3167 2276 3261 2315 vos
3289 2259 3601 2331 emendatos

2020 2345 2141 2387 esse
2191 2331 2581 2401 cognovisscm.
2610 2332 2715 2387 Sed
2735 2331 2984 2400 quoniam
3014 2330 3360 2386 Fertunatum
3399 2330 3599 2386 adver-

2022 2400 2219 2472 sarium
2248 2400 2313 2472 ad
2334 2412 2515 2472 partes
2542 2402 2751 2456 occulte
2779 2402 2921 2455 velut
2946 2402 3125 2472 lupum
3156 2401 3463 2472 pervenisse
3486 2401 3598 2472 jam

2019 2471 2194 2540 sentio
2218 2512 2231 2535 ,
2262 2470 2383 2526 ideo
2410 2471 2717 2540 compulsus
2745 2470 3136 2527 reversus'sum
3158 2470 3227 2524 ad
3260 2486 3352 2525 vos
3378 2471 3601 2539 cupiens

2020 2539 2168 2595 illum
2194 2541 2408 2612 videre,
2459 2539 2658 2597 etcum
2697 2556 2761 2612 eo
2790 2542 2989 2612 pariter
3012 2541 3327 2612 disputare,
3353 2548 3409 2595 et
3451 2542 3598 2612 illum

2018 2611 2333 2667 conculcare
2359 2612 2582 2666 Domino
2602 2610 2891 2666 auxiliante
2912 2653 2925 2675 ,
2953 2611 3043 2682 qui
3066 2610 3191 2667 totis
3216 2610 3414 2665 viribus
3443 2610 3600 2682 dissi-

2018 2695 2148 2753 pare
2172 2691 2397 2737 conatur
2418 2691 2472 2753 et
2487 2682 2731 2752 jugulare
2758 2682 2894 2737 filios
2915 2723 2930 2749 ,
2960 2681 3093 2753 quos
3132 2682 3311 2753 peperi
3337 2682 3389 2735 in
3420 2681 3597 2735 visce-

2018 2750 2168 2822 ribus
2193 2750 2678 2822 charitatisiO'rate
2719 2753 2909 2822 igitur,
2942 2750 2995 2807 et
3026 2750 3418 2822 nos’vobiscum
3442 2766 3597 2806 orare

2017 2820 2283 2892 volumus,
2308 2822 2614 2892 desinentes
2629 2821 2697 2877 de
2720 2820 2841 2879 mea
2865 2821 3101 2892 absentia
3121 2822 3349 2892 amplius
3372 2821 3596 2892 litigare.

2018 2890 2180 2947 Orate
2208 2901 2262 2947 et
2293 2892 2459 2946 nolite
2482 2890 2742 2956 deﬁcere,
2778 2903 2836 2947 ut
2878 2890 3229 2947 Fortunaluui
3272 2891 3591 2946 Manichato-

2017 2975 2138 3015 rum
2200 2962 2603 3032 presbyterum,
2633 2963 2769 3018 sicut
2807 2962 3017 3032 publice
3064 2970 3259 3016 sancta:
3305 2962 3425 3016 ﬁdei
3453 2962 3597 3032 chri-

2016 3032 2203 3101 stianae
2228 3031 2521 3097 insidiatur,
2546 3033 2614 3087 ita
2637 3041 2689 3088 et
2710 3031 2952 3087 noscum
2981 3032 3092 3086 suis
3119 3032 3210 3086 Dei
3235 3032 3402 3101 gratia
3432 3031 3596 3086 coad-

2012 3100 2230 3172 juvante
2254 3102 2466 3170 publice
2492 3118 2611 3157 cum
2654 3117 2908 3172 superare
2949 3100 3255 3171 possimus.’
3279 3101 3441 3156 Orate
3482 3102 3600 3157 sine

2017 3170 2414 3242 intermissione
2434 3214 2449 3239 ,
2480 3182 2537 3227 ut
2558 3170 2775 3227 manere
2803 3172 2960 3242 digne
2983 3173 3199 3242 possitis
3229 3172 3282 3226 in
3320 3172 3599 3226 vocatione

2015 3241 2372 3313 clericorum,
2422 3258 2531 3313 qua
2574 3259 2669 3311 per
2708 3241 2934 3313 gratiam
2981 3241 3076 3313 Dei
3121 3242 3290 3297 vocati
3318 3242 3492 3313 estis:
3543 3250 3598 3299 ut

2017 3310 2142 3366 dum
2173 3310 2490 3368 vocabimiui
2519 3313 2583 3367 ad
2606 3310 2908 3369 mercedem
2932 3313 2984 3367 in
3016 3312 3103 3367 die
3132 3311 3422 3367 novissimo
3442 3354 3456 3375 ,
3490 3327 3597 3379 non

2015 3382 2154 3437 sicut
2176 3383 2306 3439 ﬁcus
2334 3384 2533 3453 absque
2555 3382 2728 3438 fructu
2751 3383 3139 3438 maledicamiui
3161 3392 3215 3439 ct
3229 3381 3595 3449 succidamini,

2016 3460 2071 3507 et
2118 3453 2171 3507 in
2217 3453 2392 3523 ignem
2421 3452 2706 3508 mittamini
2730 3495 2744 3518 ,
2778 3464 3023 3523 tanquam
3054 3452 3415 3508 destructores
3467 3453 3600 3521 legis

2016 3530 2214 3578 terram
2236 3522 2552 3593 occupantes
2563 3532 2616 3579 et
2634 3522 2915 3593 pereuntes
2930 3524 2980 3579 in
3006 3522 3368 3593 iniquitatibus
3386 3524 3596 3578 vestris.

2016 3540 2214 3578 terram
2236 3540 2552 3593 occupantes
2563 3540 2616 3579 et
2634 3540 2915 3593 pereuntes
2930 3541 2980 3579 in
3006 3540 3076 3578 mi
3120 3540 3368 3577 mtauuus
3386 3540 3596 3578 vesms.

2015 3593 2249 3665 fAdjuvet
2275 3604 2451 3651 autem
2478 3609 2572 3649 vos
2599 3596 2712 3664 ipse
2736 3595 2873 3651 Deus
2897 3594 2961 3648 ad
2985 3540 3364 3665 perﬁciendum
3384 3593 3602 3647 mirabi-

2016 3663 2088 3719 lia
2112 3663 2179 3720 de
2205 3664 2322 3736 lege
2339 3680 2436 3723 sua
2455 3704 2469 3730 ,
2499 3665 2590 3736 qui
2624 3663 2710 3721 est
2747 3663 3058 3721 benedictus
3080 3666 3133 3720 in
3162 3664 3378 3722 scecula.
3407 3664 3598 3721 Amen.

2633 3777 2865 3841 SERMO
2896 3778 2980 3833 Vl.

2565 3885 2632 3925 DE
2658 3884 3043 3925 IISERICORDIA.

2089 3962 2306 4019 Fratres
2341 3962 2679 4028 charissimi,
2723 3962 2983 4017 annuntio
3010 3960 3162 4018 vobis
3198 3961 3448 4032 gaudium
3483 3977 3601 4017 ma-

2018 4049 2199 4105 gnum,
2231 4034 2479 4105 quoniam
2508 4033 2856 4103 Fortunatum
2883 4032 3294 4105 Manichaeorum
3318 4033 3602 4105 presbyte-

2018 4120 2138 4160 rum
2162 4104 2251 4157 Dei
2272 4105 2438 4173 gratia
2458 4105 2845 4173 superavimus,
2870 4112 2925 4158 et
2937 4104 3233 4160 obstinatus
3250 4105 3302 4159 in
3322 4120 3421 4160 suo
3441 4104 3603 4160 sensu

2019 4175 2167 4230 velut
2209 4174 2343 4228 alter
2381 4174 2519 4228 filius
2563 4173 2877 4243 perditionis
2917 4189 2943 4227 a
2984 4174 3139 4243 plebe
3169 4187 3349 4230 nnatra
3381 4176 3604 4229 recessit

2020 4244 2271 4319 confusus
2322 4242 2423 4319 (b).
2477 4242 2607 4300 Post
2655 4242 3125 4319 cujns__rec_essum
3180 4245 3464 4319 baptizavi
3494 4244 3607 4301 fere

2023 4316 2291 4385 sesagiuta
2332 4314 2591 4385 paganos,
2625 4316 2716 4384 qui
2755 4314 2855 4370 sibi
2895 4315 3195 4384 aliqualiter
3234 4315 3599 4377 adhaerebant.

2025 4386 2094 4441 Et
2120 4401 2245 4442 ecce
2273 4386 2431 4439 modo
2462 4400 2709 4455 reversus
2738 4399 2854 4440 sum
2873 4386 2938 4439 ad
2961 4401 3076 4451 vos,
3097 4386 3318 4454 cupiens
3344 4386 3607 4455 perlicere

2023 4471 2158 4527 Opus
2186 4455 2327 4527 quod
2358 4456 2571 4527 inempi.
2603 4453 2750 4508 Beati
2780 4455 2937 4524 igitur
2964 4453 3332 4527 misericordes,
3347 4453 3608 4527 ignauiam

2025 4523 2123 4590 ipsi
2160 4523 2555 4596 m'isericordiem
2600 4523 2965 4596 consequentur
3015 4524 3227 4596 (Matth.
3271 4540 3328 4589 ν,
3368 4523 3445 4595 7).
3486 4525 3532 4596 Ογ
3560 4523 3606 4596 si

2025 4596 2304 4664 diligenter
2323 4592 2786 4664 consideraremus
2806 4592 3223 4651 misericbrdiam
3244 4596 3357 4659 Dei,
3378 4592 3429 4650 in
3451 4595 3607 4664 nobis

2024 4662 2306 4735 possemus
2336 4663 2536 4735 habere
2562 4662 2786 4735 formam
2814 4666 3119 4721 miserendi.
3152 4666 3196 4720 Ο
3226 4665 3414 4720 fratres
3435 4706 3451 4729 ,
3480 4663 3608 4733 quid

2026 4734 2298 4789 Christum
2345 4734 2675 4798 iucarnavit,
2730 4735 2829 4790 nisi
2878 4735 3273 4791 misericordia?
3315 4735 3440 4803 quid
3484 4750 3607 4788 eum

2026 4804 2254 4872 subjecit
2281 4813 2477 4859 nostrae
2505 4804 2755 4870 miseriae,
2782 4806 2884 4860 nisi
2913 4805 3025 4861 sola
3050 4805 3368 4860 clementia?
3388 4803 3432 4860 Ο
3454 4806 3609 4860 beata

2030 4874 2426 4939 misericordia,
2467 4891 2589 4944 quae
2635 4877 2746 4931 sola
2778 4875 3155 4930 commercium
3186 4883 3386 4929 nostr:e
3421 4875 3610 4930 salutis

2029 4946 2268 5016 agnovit!
2292 4946 2415 5000 Sola
2445 4947 2587 5001 enim
2624 4945 2985 5016 misericordia
3011 4944 3078 4999 ad
3101 4946 3273 5016 Deum
3305 4946 3484 5016 dirigit
3506 4945 3609 5000 ho-

2030 5014 2227 5070 minem
2249 5057 2264 5081 ,
2294 5017 2408 5071 sola
2433 5016 2499 5071 ad
2530 5017 2696 5070 Deum
2726 5014 2942 5069 deducit
2968 5015 3259 5079 hominem,
3299 5014 3429 5071 sola'
3448 5018 3613 5071 Deum

2030 5086 2244 5142 deducit
2264 5086 2331 5141 ad
2353 5086 2643 5141 hominem.
2668 5085 2792 5141 Haec
2810 5094 2892 5139 est
2914 5086 3027 5141 sola
3050 5086 3332 5142 mediatrix
3357 5087 3611 5141 adversos

2032 5158 2315 5228 consolans
2335 5198 2349 5221 ,
2391 5156 2507 5211 haec
2536 5155 2839 5228 disjunctos
2864 5157 3111 5228 copulat,
3158 5157 3273 5211 haec
3303 5157 3413 5211 sola
3448 5157 3613 5228 Deum

2032 5227 2320 5284 humilians
2345 5242 2443 5281 nos
2471 5226 2739 5281 sublimat.
2768 5226 2947 5293 Quam
2965 5229 3047 5295 pia
3072 5227 3167 5282 fuit
3194 5228 3284 5282 Dei
3310 5227 3613 5292 descensio,

2032 5307 2093 5355 ut
2131 5298 2254 5353 inde
2288 5307 2469 5353 nostra
2498 5306 2642 5368 esset
2677 5297 2909 5366 gloriosa
2950 5298 3271 5367 assumptio!
3313 5298 3359 5353 0
3398 5298 3617 5368 grandis

2034 5368 2419 5434 misericordia,
2449 5382 2483 5422 ο
2508 5367 2708 5438 infinita
2735 5368 3123 5434 misericordia,
3169 5377 3225 5422 tu
3255 5370 3367 5423 sola
3399 5367 3616 5438 potuisti

2036 5440 2202 5497 Deum
2234 5438 2301 5494 de
2326 5439 2462 5494 caelo
2492 5437 2558 5493 ad
2588 5446 2783 5494 terram
2812 5439 3024 5495 trahere
3048 5481 3063 5507 ,
3098 5453 3195 5494 nos
3232 5439 3301 5495 de
3340 5437 3527 5495 exsilio
3550 5438 3617 5495 ad

2035 5592 2172 5706 segi)
2206 5594 2385 5652 Quibus
2402 5594 2615 5667 maxime
2649 5596 2925 5668 necessaria
2960 5602 3067 5646 erat
3096 5596 3308 5669 episcopi
3342 5597 3618 5661 praesentia.

2152 5668 2245 5705 nec
2268 5662 2527 5706 Augustino
2547 5664 2738 5706 vocanti
2777 5665 2833 5706 ut
2875 5672 2965 5706 per
2986 5659 3203 5706 aninaue
3225 5659 3334 5706 dies
3363 5661 3618 5706 Scriptura.

2152 5668 2245 5705 nec
2268 5656 2527 5728 Augustino
2547 5658 2833 5728 rogantium
2864 5672 2965 5728 per
2986 5656 3203 5728 quinque
3225 5656 3622 5728 dies‘Scriptut-a-

2037 5730 2146 5768 rum
2168 5730 2298 5785 curae
2319 5719 2413 5785 sibi
2434 5719 2527 5785 sibi
2562 5730 2591 5766 a
2619 5719 3098 5785 gopciliisimpqs'itze
3123 5719 3348 5785 'vaearet,
3368 5784 3375 5785 γ
3393 5719 3623 5785 populum

2039 5778 2337 5845 concessisse
2361 5780 2439 5845 ait
2447 5780 2592 5845 epist.
2617 5778 2724 5840 215,
2750 5795 2800 5829 n.
2825 5783 2871 5831 5.
2898 5778 2965 5830 Ai}
2984 5782 3103 5842 hare,
3133 5783 3274 5845 epist.
3297 5778 3407 5841 122,
3436 5778 3619 5832 {Nove-

2048 5857 2071 5886 ι
2092 5842 2171 5911 rit,
2197 5841 2589 5911 inquit,__l_)ilectio
2620 5850 2801 5911 vesira,
2824 5857 3067 5911 nunquam
3097 5841 3180 5911 me
3199 5847 3451 5897 absentem
3472 5845 3620 5895 fuisse

2048 5918 2073 5949 ι
2094 5900 2342 5951 licentibsa
2366 5903 2611 5962 libertate,
2635 5903 2725 5953 sed
2748 5900 3023 5955 necessaria
3044 5908 3298 5959 servitute.
3317 5923 3339 5952 ι
3624 5912 3625 5915 “

2106 5962 2178 6027 (b)
2213 5964 2505 6018 mendacium
2521 5964 2623 6027 jam
2644 5967 2793 6021 tertio
2811 5969 3096 6032 repetitum.
