4100 6344
351 375 494 436 1949

344 496 522 569 campi
558 493 780 569 floribus
806 492 1335 569 decorantur,‘_terra
1371 495 1630 554 imbribus
1670 496 1924 554 fecunda-

347 565 773 636 tur,’frondibus
810 565 1266 637 crispatursilva,
1302 566 1357 621 in
1401 583 1621 625 nemore
1648 568 1925 623 citharizat

346 640 588 703 avicula;
629 638 807 693 omnia
832 636 942 694 Deo
966 636 1239 703 obediunt,
1267 643 1322 692 et
1350 638 1494 692 solus
1523 639 1683 694 homo
1707 640 1799 694 Dei
1825 654 1923 693 vo-

347 710 539 764 luntati
582 709 803 779 resistit.
834 708 880 763 0
917 707 1199 779 monache,
1233 707 1351 779 lege
1376 709 1534 779 iquod
1564 710 1776 775 dicitur,
1806 709 1923 764 Me-

273 826 285 860 ε
348 780 449 834 tier
473 788 546 834 est
574 778 855 860 obedientia
878 794 1036 860 quant
1068 778 1269 860 victima
1298 778 1340 860 (ι
1365 778 1494 860 Reg.
1526 779 1763 859 χνηῆ).
1788 780 1923 860 _Qutn

268 852 284 910 ,³
347 865 509 906 causa
553 858 655 917 est,
707 849 807 904 nisi
853 851 976 918 quia
1024 849 1078 903 in
1124 849 1353 904 victimis
1399 849 1573 905 aliena
1619 849 1923 906 immolatur

276 962 282 968 .
345 936 496 986 caro,
537 920 630 975 sed
659 920 711 974 in
737 919 1036 975 obedientia
1061 919 1307 975 voluntas
1332 922 1547 990 propria
1575 930 1630 976 et
1651 936 1780 976 caro
1805 937 1921 975 ma-

345 990 555 1048 ctatur?
584 990 790 1062 ,Estote
838 1005 999 1062 ergo,
1048 990 1238 1062 fratres
1288 991 1413 1055 mei,
1461 991 1807 1055 obedientes,
1864 999 1922 1046 ut

345 1062 513 1118 Deum
543 1061 754 1131 placare
798 1060 1011 1130 possitis
1044 1060 1110 1115 de
1135 1062 1364 1130 peccatis
1401 1062 1720 1116 commissis.
1753 1062 1922 1117 Tanto

343 1134 488 1214 enim
518 1132 674 1214 citius
701 1131 874 1214 placat
908 1131 1073 1214 homo
1099 1131 1286 1197 Deum,
1312 1142 1513 1214 quanto
1550 1147 1795 1214 repressa
1829 1148 1920 1188 ar-

345 1203 490 1285 bitrr-ii
516 1204 598 1285 sui
622 1201 869 1285 superbia
895 1201 1346 1285 glsdioprtecep'ti
1368 1217 1432 1285 se
1456 1203 1713 1285 immolat.
1748 1273 1761 1285 _
1809 1274 1820 1285 .

416 1273 613 1329 Cavete
639 1281 817 1327 tamen
844 1273 896 1326 in
926 1272 1247 1342 obedientia,
1280 1273 1471 1327 fratres
1497 1274 1636 1339 mei;
1681 1273 1782 1328 sub
1809 1274 1922 1342 ipsa

343 1344 488 1399 enim
533 1344 920 1414 potestnlatere
962 1341 1318 1414 felgdraconis
1364 1343 1464 1398 sub
1502 1345 1679 1413 specie
1724 1341 1918 1410 mellis,

344 1415 503 1484 lupus
533 1412 632 1470 sub
659 1412 795 1482 pelle
822 1414 975 1484 ovina
1007 1431 1020 1467 :
1048 1413 1100 1469 in
1140 1423 1269 1483 potu
1312 1414 1453 1469 enim
1481 1412 1621 1469 dulci
1656 1430 1921 1469 venenum

342 1483 489 1555 srepe
514 1485 704 1549 latitat,
746 1484 882 1555 etin
909 1483 1015 1538 olla
1040 1498 1184 1555 saepe
1214 1498 1366 1555 mors
1404 1486 1638 1554 ponitur.
1668 1486 1922 1539 Attendat

342 1553 483 1637 ergo
495 1555 590 1636 qui
613 1553 958 1637 prtecipit,‘et
980 1553 1069 1637 qui
1094 1553 1587 1637 Obedireintendit,
1632 1556 1772 1637 quod
1796 1557 1922 1637 obe-

342 1623 541 1681 dientia
586 1623 657 1679 sit
702 1623 948 1691 honesta,
998 1632 1054 1678 et
1099 1625 1241 1680 omni
1283 1623 1607 1681 discretione
1648 1623 1916 1680 decorata.

340 1695 475 1751 Nam
525 1696 569 1750 si
599 1695 831 1749 discreta
871 1709 979 1749 non
1020 1692 1196 1760 fuerit,
1244 1695 1533 1750 crudelitas
1572 1696 1919 1751 existimanda

340 1778 426 1822 est
452 1784 466 1823 :
495 1765 541 1821 si
571 1765 795 1821 honesta
826 1779 933 1820 non
961 1763 1141 1829 fuerit,
1174 1765 1480 1821 nullatenus
1504 1766 1722 1821 obedire
1752 1765 1918 1820 debe-

342 1851 487 1893 mus.
522 1834 683 1891 Verbi
711 1835 902 1905 gratia,
945 1835 989 1889 si
1028 1836 1182 1906 nobis
1224 1836 1548 1905 pm‘cipilur,
1581 1836 1723 1906 quod
1753 1837 1919 1890 Deum

339 1924 449 1964 non
468 1907 773 1977 diligamus,
801 1906 886 1977 vel
911 1906 1052 1977 quod
1082 1905 1248 1960 Deum
1276 1906 1398 1977 odio
1427 1905 1736 1973 habeamus,
1764 1922 1920 1977 num-

339 1979 467 2048 quid
500 1976 718 2032 obedire
745 1976 1039 2048 debemus?
1069 1976 1324 2048 numquid
1364 1977 1604 2048 velipse
1638 1977 1778 2032 Deus
1818 1976 1920 2034 hoc

338 2046 630 2118 praecipere
678 2047 888 2115 potest?
934 2046 1166 2118 Honesta
1219 2046 1412 2118 igitur,
1452 2046 1668 2113 fratres,
1708 2048 1917 2118 debent

340 2116 559 2189 przecipi
595 2127 651 2172 et
670 2120 815 2189 justas
842 2133 855 2169 :
886 2117 1008 2189 etsi
1035 2117 1255 2172 honesta
1282 2117 1365 2189 vel
1396 2117 1536 2189 justa
1563 2132 1669 2189 non
1697 2116 1911 2183 fuerint,

338 2186 640 2244 nullatenus
667 2187 893 2243 obedire
922 2186 1199 2250 debemus,
1236 2186 1443 2257 etiamsi
1470 2188 1738 2257 apostolus
1765 2188 1918 2243 nobis

340 2260 445 2315 hoc
474 2258 806 2314 indicaverit.
836 2256 1037 2312 Tencte
1065 2257 1243 2326 igitur,
1273 2256 1464 2312 fratres
1492 2256 1618 2323 mei,
1646 2267 1702 2314 et
1726 2259 1777 2313 in
1799 2273 1917 2313 cor-

338 2330 497 2385 dibus
523 2330 715 2385 vestris
761 2328 989 2397 alligate,
1031 2327 1173 2397 quod
1216 2327 1517 2382 obedientia
1559 2328 1673 2383 sine
1713 2328 1918 2385 discre-

338 2402 486 2456 tione
514 2415 661 2454 cassa
690 2407 793 2465 est,
820 2408 873 2453 et
898 2398 1062 2465 venit,
1090 2413 1197 2452 non
1216 2413 1279 2452 ex
1305 2407 1452 2467 parte
1476 2398 1794 2465 obedientis,
1822 2400 1917 2455 sed

339 2470 695 2542 praecipientis
722 2487 736 2523 :
768 2479 823 2523 et
868 2468 1171 2542 _obedientia
1215 2467 1494 2523 honestate
1550 2469 1774 2537 privata,
1830 2484 1920 2542 su-

337 2539 525 2612 perbia
551 2549 652 2605 est,
683 2540 907 2612 etvenit
934 2554 998 2612 ex
1030 2539 1303 2612 utriusque
1330 2549 1501 2612 parte,
1534 2540 1918 2612 consentientis

337 2609 396 2668 et
435 2611 835 2682 praecipientis,
858 2618 913 2664 et
958 2610 1010 2682 in
1036 2609 1127 2682 _die
1164 2609 1455 2682 novissimo
1497 2609 1606 2678 pari
1636 2624 1790 2678 poma
1818 2624 1917 2679 pu-

336 2679 573 2738 nientur.
603 2679 897 2737 ’Custodite
925 2679 1052 2750 quid
1073 2680 1108 2750 ,ξ
1132 2679 1440 2749 praecipitis,
1475 2688 1659 2735 cavete
1702 2691 1756 2735 et
1781 2696 1918 2749 pon-

334 2754 524 2810 derate
566 2751 694 2822 quid
732 2748 1022 2820 imponitis.
1067 2748 1260 2822 Verum
1302 2748 1740 2822 quotiescumque
1784 2748 1919 2805 ebe-

336 2824 539 2880 dientia
568 2819 791 2876 honesta
812 2819 890 2874 ’et
908 2823 1051 2888 justa
1078 2834 1184 2873 non
1213 2819 1390 2883 fuerit,
1423 2821 1579 2874 toties
1620 2820 1687 2873 ad
1716 2821 1920 2890 irregu-

338 2894 606 2949 laritatem
623 2906 683 2946 se
699 2890 980 2945 devenisse
996 2897 1233 2958 pastores
1253 2890 1586 2958 agnoverint.
1610 2890 1918 2944 Obedientia

336 2964 523 3034 igitur,
557 2960 752 3017 fratres
774 2961 900 3034 mei,
929 2970 1057 3034 tunc
1082 2974 1228 3025 vera,
1260 2966 1384 3034 tunc
1410 2967 1771 3034 sancta,_tunc
1800 2975 1918 3016 me~

336 3029 523 3090 riteria
551 3040 655 3098 est,
674 3030 907 3110 quando
932 3030 1094 3110 ditata
1125 3039 1208 3084 est
1245 3029 1586 3110 discretione,
1616 3029 1916 3110 honestate,

336 3105 541 3177 iustitia
584 3112 639 3177 et
674 3099 990 3177 humilitate.
1022 3099 1138 3155 Ista:
1184 3100 1324 3177 enim
1370 3108 1493 3177 sunt
1521 3100 1682 3177 socia:
1720 3109 1919 3156 sancta:

335 3169 679 3237 obedientim,
709 3173 825 3226 sine
846 3172 1037 3241 quibus
1065 3171 1240 3224 omnis
1266 3169 1567 3225 obedientia
1594 3186 1725 3225 vana
1757 3181 1839 3226 est
1861 3182 1916 3227 et

336 3244 708 3322 inutilis._ll:ec
726 3240 924 3322 est__illa
948 3240 1246 3297 obedientia
1275 3256 1394 3322 qua:
1422 3242 1761 3322 concordiam
1785 3257 1919 3298 eon-

335 3325 520 3394 servat
561 3316 613 3369 in
655 3313 893 3383 Angelis,
940 3311 1334 3394 pacem-nutrit
1363 3311 1415 3365 iu
1442 3311 1736 3394 monachis,
1769 3323 1918 3394 tran-

337 3387 657 3458 quillitatem
698 3381 921 3454 generat
940 3381 1005 3458 _in_
1024 3382 1249 3437 civibus.
1280 3381 1405 3437 Hzec
1432 3392 1515 3437 est
1549 3383 1638 3438 illa
1666 3383 1920 3458 obedien-

335 3454 437 3524 tia,
483 3457 599 3511 sine
627 3469 730 3524 qua
774 3454 1073 3523 respublica
1114 3461 1255 3507 stare
1294 3468 1400 3506 non
1431 3461 1619 3522 potest,
1668 3456 1783 3509 sine
1815 3470 1919 3524 qua

338 3527 542 3584 familia
588 3526 763 3593 aliqua
808 3524 919 3593 regi
961 3540 1065 3578 non
1103 3531 1298 3595 potest.
1324 3524 1375 3595 0
1400 3538 1562 3595 quam
1591 3540 1808 3580 enorme
1839 3528 1919 3579 vi-

338 3600 499 3664 tium,
549 3592 692 3666 quod
740 3592 1055 3666 obedientim
1102 3592 1431 3649 contrarium
1478 3592 1608 3648 fuit!
1661 3595 1772 3666 Per
1816 3595 1919 3652 hoc

338 3664 585 3724 diabolus
630 3666 824 3721 coelum
856 3664 1103 3735 perdidit,
1145 3679 1240 3734 per
1279 3666 1382 3719 hoc
1418 3667 1579 3735 homo
1615 3665 1917 3735 paradisum

337 3739 540 3802 amisit,
564 3753 659 3806 per
680 3737 783 3792 hoc
815 3734 943 3791 sant
967 3750 1210 3803 regnum,
1242 3749 1337 3805 per
1364 3735 1465 3790 hoc
1490 3734 1740 3791 Salomon
1767 3752 1919 3792 amo-

338 3822 460 3866 rem
500 3808 757 3864 divinum.
807 3806 853 3861 0
899 3815 1079 3861 sancta
1109 3806 1204 3860 Dei
1245 3820 1441 3874 sponsa
1486 3806 1816 3862 obedientia!
1864 3818 1921 3863 tu

339 3882 575 3951 perfecta
601 3879 744 3933 scala
773 3892 832 3935 es
858 3892 962 3947 qua
982 3876 1182 3951 coelum
1206 3877 1539 3951 ascenditur,
1576 3886 1631 3931 tu
1665 3878 1919 3951 quadriga

381 3951 613 4029 u_a_Elias
640 3956 823 4029 vectus
862 3946 944 4002 est
979 3947 1035 4002 in
1060 3946 1382 4029 paradisum,
1414 3956 1467 4001 tu
1510 3956 1663 4029 porta
1684 3946 1920 4029 paradisi

381 4021 610 4085 delibus,
642 4028 697 4075 et
728 4019 972 4073 clausura
1004 4016 1273 4073 reOrum'.
1305 4016 1350 4071 0
1389 4016 1571 4072 sancta
1597 4016 1916 4084 obedientia,

342 4100 399 4149 tu
421 4091 775 4146 humilitatem
801 4089 993 4153 nutris,
1024 4098 1079 4142 tu
1107 4087 1417 4159 patientiam
1442 4088 1652 4157 probas,
1687 4096 1743 4143 tu
1774 4104 1922 4143 man-

339 4163 680 4218 suetudinem
732 4159 1027 4215 examinas.
1082 4159 1265 4229 Estote
1319 4173 1467 4229 ergo,
1522 4159 1746 4225 fratres,
1800 4175 1919 4214 cum

340 4234 617 4288 Abraham
660 4230 991 4297 obedientes,
1042 4228 1325 4284 rcddentes
1368 4228 1486 4299 quae
1526 4241 1652 4284 sunt
1694 4229 1922 4286 Caesaris

340 4303 564 4369 Caesari,
591 4311 648 4358 et
674 4316 794 4372 qua:
836 4308 960 4356 sunt
1001 4300 1094 4355 Dei
1120 4299 1256 4372 Deo.‘
1297 4299 1446 4372 Tunc
1485 4315 1612 4354 vero
1650 4302 1922 4357 reddimus

341 4374 543 4429 Ctesari
584 4368 821 4429 debitum
866 4386 1043 4437 suum,
1083 4368 1296 4441 quando
1322 4370 1518 4425 duliani
1551 4372 1785 4440 prtelatis
1827 4386 1923 4426 uo-

341 4444 471 4499 stris
496 4444 787 4499 reddimus.
818 4442 944 4497 Haec
974 4442 1116 4497 enim
1141 4441 1282 4496 dulia
1307 4443 1550 4498 consistit
1590 4442 1642 4495 in
1672 4458 1924 4498 reveren-

346 4516 437 4569 tize
457 4514 783 4570 exhibitione
807 4523 861 4568 et
885 4512 1190 4567 dilectione.
1222 4511 1335 4566 Hoc
1358 4521 1535 4566 autem
1557 4510 1733 4568 facere
1756 4513 1922 4568 debe-

343 4600 469 4641 mus
508 4602 613 4639 non
656 4585 827 4640 solum
860 4582 1181 4652 pastoribus,
1229 4581 1323 4635 sed
1365 4590 1419 4635 et
1464 4583 1661 4637 sanctis
1702 4585 1831 4645 Dei;
1870 4590 1925 4636 et

346 4666 474 4710 tunc
522 4654 795 4711 reddimus
832 4651 926 4723 per
961 4651 1317 4723 obedientiam
1364 4666 1483 4720 qua:
1524 4660 1648 4723 sunt
1698 4652 1924 4707 Czesaris

342 4726 566 4804 Cmsari.
781 4721 906 4804 tunc
952 4721 1227 4777 reddimus
1274 4736 1393 4804 quae
1444 4730 1573 4802 sunt
1623 4721 1920 4804 DeinDeo,

342 4800 561 4873 quando
606 4796 1332 4873 imbuis-perseveramus:
1360 4791 1634 4873 hoecnim
1674 4793 1775 4873 soli
1816 4794 1925 4873 Deo

340 4862 608 4946 congruit.
641 4867 767 4921 Haec
799 4862 942 4946 enim
981 4863 1223 4945 consistit
1263 4862 1317 4944 in
1345 4863 1604 4946 oratione,
1645 4871 1702 4918 et
1725 4864 1925 4946 gratia-

342 4933 475 4994 rum
496 4938 725 5003 actione,
752 4943 810 4992 et
846 4935 1020 4990 cultus
1048 4934 1329 4989 exterioris
1370 4933 1711 5000 exhibitione,
1757 4944 1812 4989 et
1839 4936 1924 4988 in-

343 5009 562 5064 terioris
603 5008 798 5063 mentis
826 5004 1129 5062 devotione.
1161 5003 1313 5072 Quod
1356 5006 1531 5060 facere
1560 5019 1659 5059 nos
1704 5013 1759 5060 et
1799 5020 1925 5075 per-

344 5093 599 5135 severare
636 5078 791 5135 nobis
832 5079 974 5133 Deus
1012 5084 1266 5147 priestare
1290 5075 1537 5146 dignetur
1572 5078 1626 5131 in
1666 5085 1927 5133 aeternum

340 5149 683 5207 beaedictus.
714 5150 907 5205 Amen.
1258 5174 1263 5179 ο

936 5239 1167 5299 SERMO
1198 5239 1339 5296 Vill.

862 5350 930 5391 DE
965 5348 1414 5391 PERSEVEMNTIL.

420 5427 638 5484 Fratres
676 5426 802 5494 mei,
843 5427 981 5482 sicut
1007 5427 1082 5481 ait
1109 5426 1421 5496 Apostolus,
1449 5424 1570 5479 Non
1600 5431 1759 5495 potest
1787 5440 1932 5483 coro-

346 5501 487 5563 nari,
516 5499 613 5553 nisi
639 5500 724 5569 qui
750 5498 967 5569 legitime
997 5495 1256 5569 certauerit
1290 5495 1356 5569 (ll
1383 5495 1515 5550 Tim.
1546 5512 1602 5561 ιι,
1634 5496 1710 5568 5).
1744 5496 1929 5569 Nullus

344 5571 493 5627 enim
524 5567 760 5639 legitime
787 5567 977 5648 certat,
1012 5568 1115 5648 nisi
1152 5570 1241 5638 qui
1268 5567 1321 5622 in
1358 5581 1547 5648 campo
1574 5567 1742 5648 usque
1778 5567 1845 5648 ad
1872 5567 1932 5621 li-

346 5656 475 5701 nem
515 5638 685 5697 certat
726 5658 740 5696 :
772 5649 826 5697 et
868 5640 911 5695 si
951 5646 1125 5695 certat
1168 5652 1338 5710 usque
1377 5638 1446 5694 ad
1484 5638 1667 5709 tinem,
1697 5638 1932 5709 legitime

410 5843 433 5911 ξ
457 5846 599 5911 Forte
616 5877 632 5904 ,
791 5839 930 5903 aditi,
953 5837 1120 5911 quam.

409 5907 435 5935 ⁸
456 5904 594 5969 editi,
616 5901 902 5957 ct'ctausum
917 5901 1086 5957 eorum
1099 5901 1292 5969 inferni.

1373 374 1463 433 AD
1499 374 1820 436 FRATRES
1856 372 1924 433 IN
1958 371 2195 433 EREMO
2231 373 2461 435 SERMO
2500 375 2633 434 Vill.

3475 386 3616 448 {250

2030 497 2279 575 certat’_:
2313 495 2434 554 ideo
2467 496 2661 575 merito
2697 505 3000 575 coronatur.
3027 499 3143 557 Non
3173 508 3256 559 est
3296 502 3457 575 igitur
3486 522 3606 562 ma-

2029 580 2190 635 gnum
2226 567 2445 639 bonum,
2493 567 2745 625 inchoare
2785 570 2927 639 quod
2953 571 3149 628 bonum
3179 583 3294 639 est;
3316 567 3437 631 'sed
3479 593 3607 632 con-

2030 652 2336 711 summare,
2397 638 2497 711 hoc
2546 640 2719 695 solum
2761 638 3053 711 perfectum
3109 654 3211 701 est.
3259 638 3405 702 Multi
3461 650 3604 704 enim

2032 707 2198 761 multa
2248 709 2660 778 aggrediuntur,
2715 707 2807 766 sed
2859 711 3112 768 deﬁciunt
3159 715 3211 769 in
3263 718 3346 770 via
3394 735 3407 770 :
3451 720 3606 774 multi

2028 786 2224 853 exeunt
2257 779 2308 853 in
2339 779 2632 853 desentum,
2673 781 2770 836 sed
2799 783 2947 851 pauci
2976 785 3290 853 perveniunt
3314 787 3378 841 ad
3408 797 3605 844 terram

2027 849 2419 929 promissionis:
2466 848 2747 929 0__fratres
2800 848 2926 929 mei,
2969 848 3082 929 _iion
3132 854 3326 929 tardent
3372 858 3605 929 incipere

2027 932 2238 988 magna,
2269 918 2623 997 nec_fastidiat
2654 930 2847 997 tenere
2880 924 3159 997 inchoata;
3206 926 3436 997 scientes
3465 918 3605 997 quod

2028 989 2422 1068 perseverantia
2450 990 2699 1045 informat
2720 994 2990 1062 meritum,
3020 989 3227 1052 colorat
3255 996 3379 1050 boni
3409 989 3604 1068 propo-

2027 1058 2211 1137 situm,
2245 1070 2565 1137 _remunerat
2614 1072 2935 1137 currentem,
2976 1058 3210 1120 coronat
3259 1058 3601 1137 pugnantem,

2026 1128 2173 1183 ducit
2195 1129 2259 1205 ad
2292 1131 2551 1205 braviuni,
2584 1133 2831 1205 conducit
2862 1146 3082 1190 cunctos
3119 1137 3183 1191 ad
3214 1128 3445 1205 portum.
3480 1128 3605 1195 llrec

2025 1208 2107 1278 est
2135 1201 2518 1278 tunicaﬂtalaris
2549 1203 2715 1278 sancti
2743 1202 2964 1278 Ioseph,
2994 1222 3162 1278 usque
3190 1201 3256 1261 a'd
3286 1210 3442 1263 linem
3473 1225 3605 1264 cou-

2026 1270 2254 1349 tingeus.
2299 1270 2534 1349 Βίης-εει
2561 1273 2737 1326 tunica
2778 1270 3124 1349 sacerdotalis
3153 1292 3317 1347 usque
3346 1280 3412 1333 ad
3441 1282 3604 1349 pedes

2063 1340 2361 1417 erveuiens.
2403 1340 2528 1396 llmc
2568 1352 2646 1417 est
2694 1344 2859 1417 cando
2908 1345 3115 1413 hostire,
3167 1340 3324 1417 quam
3363 1340 3606 1405 tenemur

2072 1425 2137 1464 eo
2182 1410 2406 1466 reddere
2452 1420 2506 1466 ει
2543 1412 2755 1467 offerre.
2806 1415 2933 1470 llmc
2976 1426 3059 1471 est
3103 1410 3408 1474 calcancum
3454 1422 3604 1475 honre

2025 1481 2542 1554 operationis,__quod
2574 1493 2754 1537 contra
2794 1488 3057 1554 serpentis
3086 1503 3322 1544 morsum
3349 1491 3605 1547 debemus

2025 1552 2327 1606 observare.
2371 1551 2497 1629 llaec
2524 1556 2821 1629 est_vi_rtus,
2854 1551 2974 1629 qua;
3003 1557 3166 1612 Deum
3198 1559 3343 1629 ligat.
3373 1560 3497 1616 Haec
3524 1570 3605 1616 est

2026 1635 2344 1699 quze.omue
2388 1623 2585 1677 bonum
2618 1623 2886 1680 informat.
2923 1626 3046 1682 lltec
3074 1637 3155 1683 est
3182 1623 3596 1699 perseverantia,

2024 1704 2125 1759 qua
2158 1690 2463 1769 laurcantur
2505 1704 2788 1769 martyres,
2843 1711 2944 1765 qua
2975 1690 3205 1768 virgines
3250 1690 3598 1769 coronantur,

2023 1774 2128 1829 qua
2158 1763 2462 1818 sacerdotes
2502 1763 2872 1820 sublimantur
2900 1777 2953 1822 et
2984 1763 3337 1825 confessorcs.
3372 1772 3494 1827 llaec
3522 1763 3605 1827 est

2023 1832 2190 1904 vestis
2237 1833 2353 1904 sine
2397 1848 2548 1903 ruga,
2596 1835 2769 1889 tunica
2815 1836 2931 1892 sine
2977 1840 3202 1904 macula,
3241 1842 3448 1896 bonitas
3488 1844 3605 1899 sine

2024 1902 2246 1978 malitia.
2278 1902 2322 1956 0
2346 1902 2624 1978 monache,
2658 1906 2746 1975 qui
2774 1906 2911 1961 bene
2949 1902 3215 1978 incmpisti
3246 1912 3441 1977 vivere,
3472 1928 3601 1969 cave

2023 1985 2092 2025 ne
2135 1972 2201 2052 ad
2246 1980 2454 2044 tempus
2486 1972 2749 2052 virescas;
2799 1992 2927 2052 cave
2977 1996 3046 2035 ne
3086 1972 3208 2036 feno
3249 1972 3599 2052 compareris,

2023 2041 2163 2110 quod
2194 2058 2334 2097 nunc
2357 2041 2626 2109 'nascitur,
2665 2055 2719 2100 et
2738 2041 2923 2102 'statim
2951 2052 3250 2105 marcescit.
3278 2041 3602 2110 Laboremus

2022 2126 2171 2182 ergo,
2215 2112 2431 2181 fratres,
2473 2123 2527 2169 et
2565 2115 2869 2189 laborantes
2911 2134 3356 2189 perseveremus:
3390 2124 3601 2178 labore-

2022 2197 2159 2252 mus,
2210 2192 2265 2236 ut
2292 2188 2740 2252 perseverantiam
2768 2188 3075 2245 habeamus.
3110 2191 3376 2247 Laborent
3420 2209 3604 2249 mona-

2021 2251 2108 2306 chi
2139 2251 2345 2332 omnes,
2377 2263 2434 2308 ut
2475 2257 2738 2332 retineant
2763 2275 2775 2311 :
2800 2258 3042 2332 laborent
3067 2261 3320 2332 virgines,
3352 2273 3408 2317 ut
3435 2263 3602 2318 infor-

2020 2333 2169 2400 ment.
2197 2341 2208 2376 :
2238 2324 2480 2379 laborent
2523 2327 2715 2400 viduae,
2762 2337 2821 2382 ut
2860 2330 2913 2383 in
2963 2333 3073 2400 ipsa
3105 2324 3464 2400 perseverent.
3508 2336 3604 2389 At—

2023 2393 2222 2449 tendite
2241 2403 2486 2474 “tamen,
2539 2396 2776 2474 fratres;
2805 2415 2926 2453 nam
2979 2393 3222 2474 diabolus
3278 2404 3597 2474 quandoque

2021 2476 2209 2535 servos
2241 2465 2329 2518 Dei
2357 2466 2421 2519 ad
2450 2467 2646 2519 bonum
2673 2467 2859 2522 invitat
2901 2478 2955 2524 et
2978 2472 3244 2535 conducit,
3279 2465 3334 2525 ιῖι
3361 2474 3428 2527 de
3458 2465 3597 2529 bono

2022 2532 2232 2602 gravius
2260 2535 2436 2588 eliciat
2473 2537 2691 2589 malum.
2726 2538 2920 2593 Contra
2947 2538 3088 2595 hunc
3121 2532 3317 2596 diaboli
3346 2543 3602 2600 iusultum

2021 2603 2134 2657 sola
2164 2604 2299 2657 valet
2345 2607 2759 2673 perseverantia,
2799 2617 2859 2662 ut
2895 2610 3037 2666 bono
3065 2610 3170 2667 line
3211 2613 3348 2667 bona
3385 2615 3601 2670 conclu-

2020 2674 2214 2727 dantur
2259 2676 2400 2747 iuitia
2428 2694 2440 2728 :
2476 2687 2530 2747 ut
2555 2678 2862 2746 principium
2895 2682 3090 2747 medio,
3122 2683 3353 2737 medium
3399 2701 3464 2740 ue
3494 2686 3603 2740 dis-

2022 2753 2206 2814 crepet
2244 2746 2453 2798 ultimo.
2500 2746 2704 2801 Bonum
2753 2750 2895 2803 enim
2944 2746 3251 2806 inchOatum
3295 2769 3415 2808 cum
3460 2756 3603 2811 malo

2023 2814 2129 2868 ﬁne
2173 2816 2671 2890 concluderc,_‘quid
2711 2818 2857 2890 aliud
2903 2831 2985 2875 cst
3026 2838 3183 2890 quam
3228 2833 3601 2880 monstruosas

2021 2898 2110 2937 res
2156 2883 2588 2960 conficere‘t‘llla
2637 2887 2779 2960 enim
2830 2890 2967 2943 actio
3011 2883 3161 2960 quasi
3204 2894 3453 2949 chimzera
3496 2905 3598 2960 cst,

2060 2968 2140 3006 uae
2172 2953 2377 3006 initium
2398 2954 2559 3008 habet
2579 2971 2608 3008 a
2637 2958 2858 3024 ratione,
2888 2960 2979 3014 sed
3004 2953 3162 3015 linem
3190 2978 3218 3014 a
3237 2953 3600 3022 scnsualitatc.

2060 2968 2140 3006 uae
2172 2967 2377 3006 mtuum
2398 2967 2559 3008 liabet
2579 2971 2608 3008 a
2637 2967 2858 3024 ratione,
2888 2967 2979 3014 sed
3004 2967 3162 3015 linem
3190 2978 3218 3014 (ι
3237 2967 3600 3022 scnsualitate.

2021 2967 2153 3104 gum
2185 3024 2327 3103 enim
2358 3025 2441 3105 sic
2463 3027 2666 3095 agitur,
2699 3026 2932 3105 humano
2956 3032 3114 3105 capiti
3145 3035 3404 3088 cervicem
3433 3038 3603 3105 pictor

2022 3094 2267 3174 equinam
2294 3094 2488 3165 jungit,
2518 3105 2569 3149 et
2598 3098 2960 3174 superinducit
2989 3094 3341 3158 infructuosas
3372 3094 3597 3174 plumas.

2020 3164 2355 3245 Cave-ergo,
2380 3164 2423 3245 ,ο
2451 3164 2734 3245 monacho,
2764 3185 2828 3245 ne
2857 3172 2993 3225 actio
3035 3179 3122 3225 tua
3162 3164 3458 3245 monstrum
3504 3192 3599 3245 pa-

2022 3235 2143 3289 riat.
2174 3235 2423 3316 Euormis
2466 3239 2610 3316 enim
2658 3239 2770 3316 erit
2794 3239 2942 3316 _fetus
2973 3244 3191 3316 ventris,
3224 3244 3272 3316 _si
3305 3247 3458 3316 capiti
3495 3235 3599 3302 ιίοιι

2022 3306 2437 3375 correSpoudcat
2482 3307 2621 3361 fluis.
2673 3308 2894 3374 Quidam
2945 3314 3086 3366 enim
3152 3306 3598 3372 liabent'iuitium

2022 3375 2241 3457 bonum,
2290 3392 2516 3457 quorum
2571 3379 2673 3432 vita
2718 3391 3013 3457 monstrum
3057 3396 3138 3457 est
3179 3385 3419 3441 mirabile
3448 3387 3600 3457 quasi

2023 3445 2253 3518 hominis
2285 3445 2618 3515 p’rmteudcus
2648 3459 2838 3518 caput;
2872 3452 2964 3507 sed
2993 3454 3224 3508 medium
3256 3456 3305 3509 iu
3334 3445 3596 3513 luxuriam

2022 3515 2318 3589 descendit,
2348 3528 2693 3589 ventremque
2714 3515 2929 3576 oviuum
2960 3523 3137 3586 habet,
3167 3535 3220 3579 et
3252 3527 3319 3580 ad
3355 3529 3598 3583 ultinuun

2024 3588 2078 3669 in
2104 3588 2447 3669 rapacitatem
2473 3590 2580 3658 lupi
2612 3588 2777 3669 pedes
2807 3594 3059 3648 Ostendit.
3092 3594 3135 3649 0
3165 3598 3442 3667 tuouaclie,
3468 3600 3597 3669 quid

2027 3658 2115 3712 tibi
2147 3658 2362 3726 prodest
2388 3659 2581 3714 bonum
2610 3658 2892 3727 inchoare,
2935 3674 2989 3718 et
3031 3680 3137 3719 non
3170 3662 3326 3722 linem
3358 3658 3599 3725 include-

2022 3727 2121 3783 re?
2147 3730 2199 3804 Si
2233 3729 2437 3804 bonum
2457 3732 2665 3804 virtutis
2694 3733 2893 3787 amittis
2913 3774 2927 3799 ,
2970 3734 3222 3791 damnum
3252 3739 3480 3794 incurris
3500 3781 3513 3804 ,
3546 3748 3600 3795 et

2061 3799 2222 3877 rande
2269 3800 2583 3877 supplicium
2629 3807 2971 3877 p_romcreris.
3009 3805 3054 3860 0
3091 3824 3249 3877 quam
3289 3799 3600 3865 meliustibi

2047 3870 2230 3950 uisset,
2277 3870 2415 3925 viam
2454 3870 2701 3951 feritatis
2756 3889 2857 3927 non
2912 3870 3218 3951 agnoscere,
3268 3896 3424 3951 quam
3477 3888 3601 3951 post

2023 3942 2253 4015 agnitam
2282 3950 2427 4015 retro
2453 3941 2529 3997 ire
2559 3957 2654 4011 per
2680 3941 3117 4002 inconstantiam!
3150 3941 3496 4015 Oinonaclie:
3524 3951 3599 4006 le-

2023 4011 2103 4065 vis
2131 4012 2401 4085 reputaris
2418 4028 2511 4085 per
2541 4022 2680 4066 tuam
2710 4017 3049 4085 apostasiam,
3076 4034 3195 4073 cum
3217 4020 3352 4075 Juda
3373 4011 3601 4078 incurris

2025 4081 2220 4135 mentis
2249 4081 2644 4155 instabilitatem
2662 4100 2689 4155 ;7
2711 4081 2986 4155 postponis
3014 4089 3209 4153 Deum,
3237 4092 3433 4147 amittis
3464 4093 3599 4147 ami-

2025 4166 2336 4228 cos,__spem
2372 4153 2578 4228 perdis,
2627 4154 2751 4210 odio
2799 4153 2849 4210 av
2877 4161 3081 4213 cunctis
3120 4160 3350 4228 haberis,
3378 4170 3432 4217 et
3458 4164 3603 4219 velut

2026 4222 2272 4297 omnibus
2302 4222 2449 4297 pejor
2492 4233 2734 4297 apostata
2764 4230 3137 4297 comprobaris
3166 4232 3218 4285 in
3248 4222 3372 4287 vita.
3403 4233 3447 4288 0
3489 4249 3603 4288 mo-

2027 4293 2216 4375 nacl'te,
2236 4294 2482 4375 _attende
2518 4293 2638 4375 quia
2674 4293 3456 4375 uisi‘pers‘eycraveris,imorte
3482 4320 3601 4357 mo-

2026 4363 2395 4441 rieris._lg_itu_r
2441 4365 2486 4441 si
2535 4363 3123 4441 insmpisti'tedilicare,
3158 4363 3388 4441 perfice;
3419 4376 3462 4426 si
3492 4390 3596 4428 non

2030 4434 2316 4513 incoepisti,
2349 4436 2551 4513 _iucipe.
2602 4438 2655 4490 Si
2680 4434 2928 4491 ’obtulisti
2964 4434 3472 4513 Alloreui'jtivcntulis
3500 4454 3602 4499 tua}

2028 4504 2259 4568 diabolo,
2284 4505 2475 4559 saltem
2504 4504 2687 4559 faecem
2717 4511 3005 4564 senectutis
3046 4521 3147 4567 tum
3180 4504 3466 4569 immolare
3495 4529 3601 4570 nou

2028 4575 2241 4650 differas
2265 4572 2497 4650 Christo.
2526 4573 3153 4650 _lpseuenimmisericors
3175 4593 3273 4650 est,
3302 4593 3356 4638 et
3385 4585 3605 4650 recipiet

2029 4652 2081 4719 te
2110 4644 2353 4709 libenter,
2378 4653 2432 4698 et
2455 4643 2601 4699 dabit
2622 4645 2713 4719 tibi
2739 4649 2929 4703 stolam
2954 4643 3332 4719 candidam,'et
3351 4643 3602 4708 annulum

2029 4714 2082 4768 in
2130 4728 2291 4792 manu
2340 4722 2447 4781 tua,
2491 4723 2545 4770 ct
2588 4718 3002 4792 calceamentum
3045 4725 3095 4775 in
3122 4714 3342 4792 pedibus
3369 4725 3470 4777 tuis
3502 4743 3514 4779 :
3546 4732 3602 4780 et

2031 4791 2173 4857 tunc,
2224 4785 2513 4857 inveterate
2551 4787 2676 4842 olim
2721 4789 2907 4845 diebus
2951 4785 3140 4857 malis;
3168 4794 3512 4849 renovabitur
3548 4804 3606 4849 ut

2031 4855 2517 4934 aquilmJuveutus
2558 4868 2656 4934 _tua
2703 4858 2897 4915 durans
2954 4861 3008 4914 in
3051 4855 3327 4934 mternum.
3381 4864 3606 4934 Incipite

2031 4923 2179 5000 ergo,
2234 4923 2423 5000 fratres
2468 4928 2593 4993 mei,
2622 4937 2677 4984 et
2717 4941 3077 5000 persevcrate,
3107 4933 3423 4990 reducentes
3453 4923 3606 4990 vobis

2031 4995 2099 5050 ad
2126 4998 2435 5076 memoriam
2462 5014 2489 5051 a
2514 4995 2731 5076 _quanto
2744 5001 2881 5053 bono
2920 4995 3145 5076 recessit
3171 5004 3355 5076 Judas,
3396 5014 3451 5061 et
3474 5022 3608 5076 quo-

2032 5066 2194 5123 modo
2224 5067 2492 5145 ferventer
2514 5066 2649 5123 bene
2669 5084 2827 5139 agere
2848 5072 3038 5145 coepit,
3061 5073 3234 5144 lingua
3264 5066 3414 5131 vobis
3435 5066 3610 5145 expri-

2033 5152 2182 5216 mere
2204 5138 2508 5216 nullatenus
2538 5138 2748 5216 possem
2771 5159 2786 5206 ς
2811 5138 3078 5216 quomodo
3107 5138 3279 5201 tamen
3308 5138 3611 5216 persevera-

2033 5210 2190 5284 verit,
2218 5210 2382 5284 scitis.
2403 5209 2542 5284 Ecce
2570 5209 2817 5284 Salomon
2829 5209 3355 5284 ’perinconstantiam
3376 5218 3607 5272 corruit:

2036 5280 2112 5356 sic
2136 5288 2189 5335 et
2213 5280 2359 5356 Saul,
2392 5280 2469 5335 sic
2494 5288 2548 5335 et
2572 5281 2723 5356 multi
2750 5280 2873 5337 alii':
2907 5286 3030 5354 quia
3058 5287 3345 5342 multorum
3374 5288 3609 5356 incipere

2035 5350 2152 5415 fuit,
2181 5350 2272 5405 sed
2303 5353 2752 5423 perseverantium
2778 5350 2971 5423 parvus
3008 5365 3089 5411 est
3109 5374 3379 5413 numerus.
3420 5350 3613 5413 Cavete

2034 5435 2165 5499 ergo
2199 5422 2465 5499 quomodo
2502 5431 2655 5478 caute
2675 5422 2988 5499 ambuletis,
3032 5428 3428 5483 considerantes
3474 5429 3614 5499 quod

2036 5494 2125 5563 qui
2156 5507 2214 5547 se
2259 5493 2527 5570 existimat
2559 5503 2722 5570 stare,
2766 5495 2943 5570 videat
2977 5493 3058 5553 ne
3098 5499 3272 5553 cadat.
3316 5499 3461 5570 Felix
3490 5493 3617 5570 ergo

2037 5562 2289 5640 est,_qu_i
2355 5574 2660 5631 perseverat
2707 5566 2844 5640 bene
2872 5567 3076 5640 facere
3127 5584 3295 5640 usque
3335 5569 3386 5624 in
3433 5562 3615 5625 linem.

2037 5633 2189 5712 Quod
2244 5634 2457 5712 donum
2493 5645 2711 5704 praestet
2761 5638 2913 5693 nobis
2954 5640 3041 5696 ille
3068 5643 3155 5712 qui
3177 5633 3273 5711 pro
3303 5642 3455 5698 nobis
3484 5640 3621 5697 mori

2038 5707 2282 5777 dignatus
2301 5714 2399 5761 est.
2432 5706 2626 5763 Amen.

2044 5841 2135 5953 usis
2146 5845 2255 5891 Hzcc
2290 5839 2458 5903 verba,
2482 5846 2529 5892 et
2568 5837 2611 5893 si
2640 5844 2848 5894 certat...
2876 5841 3082 5910 legitime
3118 5851 3286 5912 certat,
3310 5857 3408 5899 non
3443 5840 3625 5906 habent,
