4100 6344
551 388 692 453 ηδε

551 511 597 564 si
628 515 910 577 antequam
949 500 1016 560 ad
1061 512 1301 577 eremum
1324 502 1717 577 pervenimus,
1743 501 1891 558 visus
1914 515 2020 577 nos
2051 503 2139 559 in-

551 573 788 634 curvavit
820 592 913 648 per
940 573 1424 648 concupiscentiam
1448 575 1535 648 ,_si
1578 581 1756 648 guttur
1800 589 1895 643 per
1935 573 2133 644 gulam,

551 653 597 705 si
627 644 835 703 auditus
862 664 957 718 per
975 644 1349 703 enormitatem
1372 645 1655 718 verborum
1677 644 1758 718 vel
1788 654 2137 718 spontaneum

551 715 899 775 detractionis
926 718 1247 773 audientiam
1266 757 1280 782 ,
1315 719 1357 771 si
1385 716 1560 786 lingua
1588 715 1906 770 claudicavit
1942 716 1993 786 in
2011 730 2139 786 iver-

549 791 640 857 ho,
666 794 709 845 si
736 792 960 846 olfactus
988 789 1184 846 erravit
1208 789 1260 842 in
1290 785 1659 849 odorat’nento,
1684 787 1729 841 si
1754 795 1925 840 tactus
1946 785 2140 840 fefellit

552 864 605 917 in
633 864 911 924 suavitate,
941 861 984 915 si
1012 874 1226 930 gressus
1253 857 1321 912 ad
1347 857 1566 930 furtum,
1595 858 1719 930 siin
1746 857 1829 911 his
1855 857 1935 911 vel
1962 857 2139 930 aliquo

549 934 771 987 istorum
816 927 1083 986 inveneris
1107 930 1348 999 culpam,
1381 928 1539 983 ablue
1578 928 1787 998 culpam
1832 941 1930 997 per
1961 927 2137 998 Iaery-

552 1020 691 1058 mam
726 1022 737 1056 :
779 1003 929 1072 juxta
957 1000 1304 1072 quantitatem
1347 999 1523 1054 sordis
1554 1014 1804 1053 mensura
1850 999 2134 1072 lacrymas,

551 1069 872 1128 assumenda
911 1069 1321 1138 paenitentiam,
1368 1085 1486 1140 qua:
1538 1078 1707 1125 mater
1763 1077 1846 1124 est
1897 1069 2137 1123 omnium

550 1143 833 1198 bonorum.
883 1143 1065 1197 Timor
1106 1149 1284 1196 autem
1328 1142 1416 1210 qui
1469 1142 1836 1209 ptenilentiam
1879 1140 2131 1209 concipit,

550 1214 1016 1284 compunctionem
1047 1213 1205 1281 parit.
1241 1212 1560 1284 Pmttitentia
1598 1211 1689 1284 illa
1720 1211 1885 1284 digna
1905 1220 1973 1284 et_
1997 1211 2135 1266 bona

550 1294 632 1355 est
651 1281 811 1355 {qum
854 1292 1068 1353 peccata
1107 1282 1598 1355 peractatdeplorat
1623 1283 1700 1337 sic
1720 1322 1735 1347 ,
1766 1291 1822 1355 ut
1855 1281 2136 1355 deplorata

551 1352 745 1412 iterum
792 1352 898 1409 non
941 1356 1260 1408 committat.
1311 1352 1448 1420 Quid
1500 1367 1627 1423 ergo
1677 1353 1987 1422 pwnitentia
2031 1360 2133 1419 cst,

548 1426 649 1479 nisi
684 1436 809 1480 ante
834 1434 949 1480 acta
978 1423 1175 1479 deflere
1196 1466 1211 1491 ,
1242 1430 1297 1477 et
1321 1423 1499 1479 flenda
1528 1426 1719 1478 iterum
1753 1437 1858 1477 non
1887 1423 2135 1477 commit-

547 1496 710 1552 tere?
753 1496 884 1550 Nam
923 1495 1116 1564 quisic
1152 1502 1363 1561 peccata
1404 1494 1678 1563 deplorat,
1708 1503 1767 1548 ut
1790 1494 1985 1549 iterum
2010 1508 2135 1563 pec-

546 1576 664 1621 cata
704 1566 1042 1631 committat,
1073 1564 1265 1636 adhuc,
1295 1564 1662 1634 paenitentiam
1703 1579 1863 1636 agere
1904 1565 2133 1636 ignorat.

546 1637 815 1708 Numquid
838 1647 887 1692 et
914 1638 1001 1705 qui
1029 1635 1348 1701 dissimulat,
1374 1636 1559 1708 irrisor
1582 1634 1786 1708 Aest,e't
1817 1649 1921 1708 non
1964 1634 2135 1708 poeni:

547 1705 721 1771 tens,‘
757 1709 846 1777 qui
891 1708 1065 1761 adhuc
1114 1708 1221 1776 agit
1264 1706 1404 1777 quod
1451 1706 1721 1777 poenitet?
1760 1705 2135 1761 Pmniteamini

550 1777 729 1847 igitur,
767 1776 957 1832 fratres
997 1778 1122 1844 mei,
1155 1788 1208 1831 et
1235 1776 1556 1847 pmnitentes
1584 1776 1950 1846 paenitentiam
1993 1777 2135 1847 agite

486 1860 487 1863 ‘
546 1846 600 1919 in
628 1850 751 1904 fletu
779 1858 833 1903 et
868 1848 1103 1903 lamento
1128 1865 1142 1915 ;
1174 1846 1413 1918 ut’digne
1438 1846 1615 1903 ridere
1642 1847 1858 1917 possitis
1887 1847 1941 1902 in
1965 1846 2135 1919 gloria

545 1918 843 1975 beatorum.
872 1921 1063 1975 Amen.

1150 2008 1382 2065 SERMO
1418 2006 1534 2063 XII.

916 2117 983 2157 DE
1021 2115 1273 2155 SUPERBIA
1316 2116 1385 2154 ΕΤ
1425 2114 1775 2155 ιιυιιιιιτλτει.

617 2192 832 2249 Fratres
858 2192 1178 2259 cltarissimi,
1210 2191 1296 2246 ubi
1338 2191 1586 2262 superbia
1617 2191 1793 2256 fuerit,
1825 2189 1897 2246 ibi
1924 2198 1978 2246 et
2004 2205 2132 2247 con-

550 2265 763 2321 tumelia
794 2274 848 2318 et
888 2262 1154 2319 discordia
1197 2263 1629 2317 dominabuntur.
1678 2262 1794 2316 Non
1822 2277 1950 2333 ergo
1979 2262 2134 2333 decet

547 2350 733 2407 servos
771 2336 866 2390 Dei
897 2336 949 2388 in
976 2348 1159 2407 eremo
1198 2335 1517 2407 constitutos
1554 2332 1813 2401 superbos
1853 2332 2007 2407 eSse,
2035 2332 2133 2407 sed

544 2405 817 2471 humiles;
867 2419 972 2459 non
1011 2404 1216 2468 elatos,
1244 2404 1337 2457 sed
1381 2412 1719 2469 mansuetos,
1751 2411 1946 2469 castos,
1981 2404 2131 2459 beni-

545 2490 710 2545 gnos,
746 2485 799 2529 et
838 2474 1085 2527 omnibus
1114 2474 1397 2545 virtutibus
1423 2475 1904 2545 ornatosatjavete,
1936 2473 2129 2545 fratres

545 2542 649 2600 inci
671 2585 686 2610 ,
716 2554 769 2598 et
794 2545 1077 2614 vigilanter
1105 2543 1378 2614 attendite,
1412 2558 1479 2597 ne
1500 2542 1752 2614 superbia
1781 2543 2034 2614 inflentini
2062 2543 2130 2614 de

542 2616 700 2671 bonis
728 2611 1028 2669 commissis
1062 2631 1075 2667 :
1103 2613 1333 2667 scientes
1374 2611 1517 2682 quod
1542 2612 1786 2683 superbia
1823 2613 1889 2666 de
1913 2613 2129 2683 Angelis

546 2686 704 2741 bonis
728 2685 999 2740 dazmones
1026 2683 1187 2746 fecit;
1230 2683 1323 2738 sed
1356 2681 1624 2737 humilitas
1662 2681 1904 2737 homines
1926 2681 2129 2740 similes

541 2758 759 2825 Angelis
784 2755 1076 2812 constituit.
1122 2754 1378 2823 Superbia
1398 2754 1621 2878 gloriam
1648 2752 1715 2807 de
1749 2754 1899 2808 caelis
1934 2754 2129 2822 dejccit

542 2827 833 2878 atttzelicam
868 2845 881 2878 :
925 2825 1020 2878 sed
1057 2823 1327 2878 humilitas
1364 2840 1394 2878 a
1469 2824 1634 2878 caelos
1672 2823 1963 2878 ascendere
2000 2824 2129 2878 fecit

542 2823 833 2897 angelicam
868 2845 881 2880 :
925 2825 1020 2880 sed
1057 2823 1335 2897 humilitas
1364 2823 1428 2897 ad
1469 2824 1634 2879 ccelos
1672 2823 1963 2897 ascendere
2000 2824 2129 2881 fecit

542 2894 903 2952 inﬁrmitatem
945 2898 1253 2950 humanam.
1304 2894 1348 2949 0
1376 2894 1568 2948 fratres
1611 2895 1755 2961 mei,
1802 2903 2025 2962 cavete,
2058 2911 2127 2952 ne

542 2978 778 3034 orantes,
807 2969 1065 3037 legentes,
1090 2975 1317 3037 stantes,
1339 2966 1421 3020 vel
1443 2965 1710 3037 sedentes,
1736 2966 1821 3019 vel
1849 2967 2127 3035 vigilantes

540 3038 728 3094 dicatis
766 3036 879 3093 ore
895 3038 976 3091 vel
1010 3037 1204 3103 corde,
1238 3036 1535 3091 habitantes
1575 3036 1628 3089 in
1656 3036 1836 3090 cinere
1868 3046 1921 3091 et
1949 3036 2125 3094 cilicio

541 3125 663 3164 cum
690 3110 979 3172 Pharisaeo,
1006 3106 1207 3161 Gratias
1234 3108 1321 3160 tibi
1345 3123 1461 3176 ago,
1487 3104 1722 3169 Domine,
1746 3107 1861 3176 quia
1886 3123 1985 3161 non
2012 3125 2125 3163 sum

541 3125 663 3164 eum
690 3124 979 3172 Hiartsmo,
1006 3124 1207 3161 urauas
1234 3124 1320 3160 ttDt
1345 3124 1374 3159 α
1412 3124 1461 3173 o,
1487 3124 1722 3169 uomme,
1746 3124 1861 3176 quia
1886 3124 1985 3161 non
2012 3125 2123 3163 sum

538 3182 672 3235 sicut
716 3180 883 3234 caueri
927 3177 1271 3250 (Luc.__xvttt,
1302 3124 1600 3249 “inme
1643 3177 1784 3231 enim
1831 3178 2123 3234 solitariam

539 3252 701 3306 vitam
756 3248 1012 3305 ducentes
1065 3248 1276 3303 diabolo
1333 3248 1619 3319 instigante
1672 3262 1814 3317 saepe
1862 3250 2118 3319 cogitant,

537 3336 683 3391 saepe
711 3321 812 3375 hoc
849 3319 1026 3391 dicere
1060 3328 1329 3379 tentantur
1353 3318 1419 3371 ab
1447 3318 1661 3391 inimico
1704 3318 1980 3391 servorum
2005 3320 2120 3375 Dei.

538 3389 723 3448 Potius
764 3392 904 3446 enim
934 3390 1054 3445 volo
1080 3406 1174 3444 vos
1204 3404 1442 3444 eremum
1474 3389 1620 3444 exire
1644 3430 1661 3454 ,
1703 3404 1861 3455 quam
1892 3390 2010 3443 talia
2041 3391 2124 3444 di-

537 3476 663 3518 cere
692 3463 774 3517 vel
804 3462 1059 3532 cogitare.
1090 3460 1199 3532 Sed
1240 3460 1365 3532 dum
1398 3459 1673 3514 tehtamini
1714 3458 1816 3532 hoc
1853 3474 2115 3527 asserere,

536 3534 621 3588 vel
653 3534 720 3588 de
750 3530 903 3587 vobis
931 3531 1059 3601 ipsis
1099 3530 1201 3585 hoc
1238 3531 1471 3600 cogitare
1492 3572 1507 3597 ,
1548 3545 1672 3584 mox
1700 3530 1928 3586 clamate
1951 3572 1965 3596 ,
1996 3546 2121 3585 mox

537 3603 740 3659 ululate
765 3612 818 3658 et
843 3602 1023 3669 dicite,
1048 3601 1160 3672 Ego
1186 3618 1297 3654 sum
1319 3602 1517 3662 vermis,
1543 3610 1716 3672 etuou
1732 3601 1908 3672 tltonto,
1931 3618 2121 3671 oppro-

538 3674 701 3727 brium
732 3674 991 3727 hominum
1014 3713 1030 3740 ,
1062 3669 1115 3725 ei
1154 3672 1365 3742 abjectio
1406 3671 1561 3740 plebis
1590 3669 1758 3739 (Psal.
1787 3687 1913 3735 XXI,
1945 3669 2036 3740 ἠε
2066 3679 2122 3728 et

537 3759 660 3800 cum
690 3744 978 3799 Publicano
1006 3742 1200 3807 dicite,
1236 3742 1657 3812 quibuscumque
1683 3742 1967 3812 virtutibus
2002 3742 2119 3799 sitis

536 3815 733 3880 ornati,
759 3813 917 3879 Deus,
947 3814 1194 3885 propitius
1223 3810 1327 3885 esto
1356 3813 1482 3885 uti/ti
1508 3810 1757 3881 peccatori
1786 3810 2111 3885 (Luctum,

537 3886 659 3956 I3).
710 3882 964 3940 Attendat
1011 3883 1453 3956 igiturCharitas
1497 3891 1704 3947 vestra,
1755 3882 1886 3956 quid
1924 3882 2119 3956 dixerit

537 3954 749 4012 Veritas
794 3964 975 4010 nostra
1025 3954 1051 4008 ί
1090 3954 1190 4021 Qui
1236 3954 1401 4023 major
1450 3962 1521 4007 est
1566 3963 1799 4018 vestrum,
1851 3954 1941 4023 ﬁat
1986 3954 2118 4009 sicut

536 4029 741 4092 mittor;
772 4035 817 4080 et
860 4027 1247 4095 quiprazcessor
1276 4022 1351 4077 est
1371 4066 1385 4090 ,
1417 4026 1546 4078 sicut
1590 4025 1814 4077 minister
1845 4022 2111 4095 (ldaxxtt,

536 4096 653 4167 26).
685 4097 729 4151 Ο
757 4094 1045 4167 monacbe,
1074 4103 1272 4167 quanto
1299 4096 1471 4167 major
1510 4110 1567 4148 es
1589 4136 1601 4159 ,
1631 4103 1777 4167 tanto
1815 4094 2032 4167 humilia
2062 4104 2116 4167 te

537 4167 593 4222 in
614 4164 900 4231 omnibus;
930 4177 985 4219 et
1012 4166 1250 4218 invenies
1276 4166 1499 4233 gratiam
1526 4179 1705 4218 coram
1732 4164 1842 4218 Deo
1865 4174 1920 4219 et
1941 4165 2114 4218 homi-

535 4238 714 4292 nibus.
750 4235 795 4290 Ο
819 4243 1000 4290 sancta
1028 4234 1454 4302 venerabilisque
1500 4235 1804 4297 humilitas,
1837 4243 1891 4287 tu
1921 4234 2113 4289 Filium

534 4307 631 4363 Dei
654 4306 723 4364 de
748 4306 867 4361 sinu
892 4304 1066 4359 Patris
1091 4303 1415 4359 descendere
1451 4302 1623 4357 fecisti
1654 4303 1704 4356 in
1750 4312 1958 4357 uterum
1987 4318 2113 4357 san-

533 4387 634 4433 cta:
678 4376 857 4433 Maria:
896 4375 1135 4443 virginis.
1181 4374 1260 4428 Tu
1303 4389 1423 4428 eum
1468 4374 1637 4429 fecisti
1682 4373 1878 4428 involvi
1921 4374 2115 4430 vilibus

532 4448 853 4519 panniculis,
884 4455 943 4519 ut
967 4461 1065 4501 nos
1103 4444 1343 4519 indueret
1372 4445 1624 4499 virtutum
1653 4445 1999 4519 ornamentis.
2032 4444 2113 4519 Tu

532 4515 911 4575 circumcidisti
952 4532 1072 4571 eum
1101 4517 1152 4569 in
1182 4531 1343 4572 carne
1362 4558 1376 4582 ,
1419 4526 1477 4570 ut
1504 4531 1600 4571 nos
1624 4515 2029 4570 circumcideret
2056 4516 2111 4570 in

535 4599 731 4645 mente.
762 4588 841 4644 Tu
869 4602 991 4642 eum
1018 4586 1185 4642 fecisti
1213 4586 1564 4656 corporaliter
1593 4585 1876 4656 flagellari,
1915 4596 1967 4641 ut
2012 4602 2111 4643 nos

533 4662 784 4717 liberaret
811 4675 841 4714 a
869 4658 1080 4728 flagello
1106 4658 1328 4727 peccati.
1371 4657 1452 4711 Tu
1478 4672 1598 4711 eum
1627 4657 1893 4728 coronasti
1920 4657 2108 4728 spinis,

534 4741 593 4787 ut
624 4742 679 4786 et
706 4746 802 4785 nos
826 4726 1246 4785 coro'naret’suis
1274 4727 1491 4783 reternis
1515 4729 1670 4781 rosis.
1699 4726 1778 4782 Tu
1807 4743 1927 4782 eum
1952 4726 2111 4783 infir-

531 4803 667 4857 mari
713 4801 917 4867 fecisti,
950 4801 1039 4870 qui
1083 4798 1322 4854 medicus
1363 4805 1675 4870 cunctorum
1724 4807 1862 4865 erat,
1907 4807 1961 4870 et
1995 4799 2109 4855 solo

532 4874 696 4929 verbo
721 4881 874 4927 sanat
899 4868 1165 4935 universa,
1193 4877 1251 4924 ut
1275 4884 1373 4923 nos
1398 4868 1640 4922 infirmos
1664 4877 1897 4923 sanaret.
1919 4868 1963 4924 Ο
1988 4884 2113 4923 san-

532 4953 615 4998 cta
661 4944 966 5006 humilitas,
1011 4957 1169 5009 quam
1216 4939 1489 4995 dissimilis
1529 4954 1587 4994 es
1630 4939 1930 5007 superbiae!
1976 4939 2109 4995 Nam

531 5017 644 5083 ipsa
685 5013 969 5083 superbia,
1017 5009 1810 5083 fratres,iipsumHLuciferum
1863 5010 1930 5083 de
1972 5012 2110 5083 caelo

530 5080 723 5153 dejecit
752 5080 777 5137 ’ς
819 5084 913 5137 sed
958 5082 1227 5137 humilitas
1267 5080 1593 5137 Dei'Filium
1634 5080 1944 5153 incarnavit.
1973 5080 2108 5153 Ipsa

529 5151 779 5225 superbia
820 5153 988 5209 Adam
1027 5154 1093 5225 de
1139 5153 1385 5225 paradiso
1422 5152 1664 5225 expulit_:
1698 5151 1801 5225 sed
1832 5152 2108 5225 humilitas

530 5222 790 5280 latronem
833 5226 885 5279 in
926 5222 1229 5294 paradisum
1266 5222 1578 5279 introduiit.
1619 5222 1876 5294 Superbia
1924 5224 2109 5294 gigan-

532 5307 643 5351 tum
676 5298 880 5367 linguas
908 5293 1087 5367 divisit
1127 5306 1182 5350 et
1226 5294 1466 5367 confudit
1496 5293 1949 5367 :7sed_humilitas
1978 5309 2109 5349 cun-

528 5378 644 5437 ctos
664 5364 1000 5437 congregavit
1023 5366 1316 5436 dispersos.
1340 5365 1598 5435 Superbia
1616 5364 2107 5437 Nabuchodonosor

528 5435 583 5494 tt
610 5435 829 5492 bestiam
869 5435 1243 5492 transmutavit
1271 5454 1284 5490 :
1314 5437 1408 5491 sed
1438 5437 1707 5507 humilitas
1732 5436 1934 5507 Joseph
1962 5438 2109 5507 prin-

528 5508 699 5575 cipem
754 5508 916 5565 Israel
950 5509 1278 5580 constituitt
1296 5507 1559 5580 Superbia
1605 5506 1937 5580 Pharaonem
1964 5506 2106 5563 ’sub-

526 5580 756 5651 utersit;
805 5580 900 5634 sed
948 5579 1217 5634 humilitas
1263 5578 1481 5651 Moysen
1528 5578 1797 5651 exaltavit.
1860 5580 1985 5634 Ilaec
2024 5587 2107 5651 est

527 5648 618 5704 illa
642 5657 821 5721 saneta
851 5651 1137 5717 humilitas,
1171 5666 1289 5721 qua:
1313 5648 1436 5706 fecit
1476 5666 1573 5705 nos
1614 5650 1846 5720 privatos
1883 5650 2101 5721 smeulo,

524 5735 647 5847 gnte
669 5718 793 5775 fecit
812 5735 911 5775 nos
934 5723 987 5777 in
1007 5718 1271 5777 conventu
1297 5722 1536 5777 solitario
1558 5718 1803 5776 omnibus
1822 5720 2105 5777 virtutibus

566 5806 720 5847 orere
743 5792 1011 5847 perfectis.
1053 5793 1177 5847 Haec
1219 5801 1300 5847 est
1333 5794 1421 5847 illa
1459 5801 1640 5847 sancta
1668 5792 1956 5847 humilitas.
1983 5807 2103 5847 aute

566 5806 720 5863 orere
743 5792 1011 5863 perfectis.
1053 5793 1177 5848 Haec
1219 5801 1300 5849 est
1333 5794 1421 5847 illa
1459 5801 1640 5848 sancta
1668 5792 1956 5860 humilitas,
1983 5807 2103 5863 qua:

523 5862 873 5939 philosophos
907 5863 1122 5919 tradidit
1160 5864 1213 5919 in
1239 5866 1526 5936 reprobum
1554 5879 1793 5933 sensum,
1817 5862 2104 5923 excmvit

2019 382 2379 448 APPENDIX:

3706 390 3858 454 1236

2250 500 2462 576 Iudaeos
2480 542 2496 569 ,
2521 501 2807 576 sutl'ocavit
2826 499 3066 576 Paganos
3089 545 3105 572 ,
3132 500 3431 561 inﬂammat
3470 503 3841 574 Christianos,

2286 572 2465 658 erimit
2485 573 2798 658 obstiuatos,
2829 572 3283 658 deﬁcit-potentes
3308 576 3376 658 de
3401 576 3531 633 sede
3557 572 3846 658 et_exaitat

2288 644 2497 715 umiles.
2543 645 2646 700 Sed
2692 644 2972 715 superbia,
3015 644 3206 701 fratres
3245 648 3370 715 mei,
3423 664 3529 704 non
3582 650 3683 704 sic.
3734 651 3847 705 Sed

2246 713 2419 787 quid?
2456 714 2717 787 Prtelatos
2755 713 3017 785 percutit,
3062 717 3253 773 divites
3303 713 3610 775 tu'morosos
3649 720 3843 787 efficit,

2245 784 2926 860 religiososttlecipitg‘"rec
2961 788 3207 843 homines
3244 797 3430 860 caecat,
3459 806 3526 844 nc
3567 805 3630 846 se
3668 784 3845 860 agno;

2245 864 2396 934 scatit
2421 856 2549 934 quid
2571 866 2715 913 sunt.
2747 857 2872 934 Ilaec
2898 856 3130 934 fructum
3160 859 3334 934 perdit
3362 860 3565 930 operis,
3599 856 3843 934 meritum

2245 925 2477 999 hominis
2518 928 2679 999 ligat;
2727 929 2849 998 quia
2901 930 2968 999 ab
3006 944 3066 985 ea
3114 925 3361 999 panditur
3398 925 3570 985 'omne
3612 933 3842 986 malum.

2244 996 2484 1072 Hajo‘est
2519 998 2605 1052 illa
2633 996 2845 1072 fervens
2872 998 2976 1052 olla
3001 996 3158 1070 quam
3180 1000 3440 1055 Jeremias
3461 1001 3595 1056 vidit
3617 1002 3841 1072 (Jerem.

2244 1081 2282 1133 ι,
2312 1066 2423 1138 15),
2456 1068 2508 1143 in
2534 1084 2637 1139 qua
2664 1066 3033 1139 decoquuntur
3063 1086 3252 1126 omnes
3280 1072 3547 1142 principes
3572 1066 3635 1127 et
3654 1083 3847 1143 pasto-

2243 1152 2331 1193 res
2374 1140 2733 1204 tenehrarum,
2781 1149 3073 1196 sectatores
3118 1140 3383 1197 bonorum
3432 1140 3841 1211 temporalium,

2243 1218 2526 1284 venatores
2554 1211 2874 1284 divitiarum,
2906 1212 2999 1284 qui
3038 1212 3241 1284 primas
3270 1213 3552 1267 cathedras
3579 1224 3845 1284 appetunt

2244 1278 2298 1351 iu
2323 1281 2639 1351 synagogis,
2690 1289 2743 1335 ct
2786 1278 3002 1337 salutari
3039 1278 3104 1337 in
3144 1282 3293 1345 foro,
3339 1291 3396 1337 et
3433 1278 3839 1340 vocari'Rabbi.

2241 1347 2392 1425 ila‘n'e
2432 1347 2906 1425 oilauttsuccendit
2945 1352 3211 1419 diabolus,
3254 1354 3381 1408 dum
3422 1354 3586 1425 corda
3627 1365 3843 1425 patrum

2242 1419 2392 1495 inflat
2419 1421 2487 1477 ad
2526 1423 2736 1495 altiora.
2770 1423 2859 1477 Isti
2901 1432 3024 1495 sunt
3052 1434 3282 1494 quatuor
3311 1424 3453 1478 venti
3480 1467 3495 1491 ,
3526 1419 3640 1495 qui'
3664 1435 3844 1481 totum

2242 1492 2429 1576 orbem
2458 1492 2721 1576 peril-ant”,
2751 1492 3079 1576 arrogantia
3099 1495 3198 1575 sibi
3238 1495 3516 1576 ascribens
3542 1492 3689 1576 quod
3722 1512 3842 1576 _nou

2240 1560 2433 1635 habet,
2460 1560 2759 1635 insolentia
2774 1560 3266 1635 sibi'approprians
3288 1566 3431 1635 quod
3462 1560 3620 1621 alte—ri
3646 1568 3834 1635 debet,

2240 1634 2488 1703 superbia
2532 1635 2697 1688 multa
2730 1633 2796 1706 de
2822 1651 2878 1690 se
2907 1633 3132 1690 credens
3156 1637 3291 1689 ultra
3307 1633 3480 1706 'quatn
3511 1652 3700 1691 verum
3744 1633 3837 1705 sit,

2239 1706 2573 1779 contutttacia
2617 1720 2675 1779 se
2717 1705 2930 1774 erigens
2980 1706 3057 1779 int
3084 1705 3377 1775 praelatum.
3423 1707 3513 1762 Isti
3542 1719 3667 1762 sunt
3696 1725 3841 1779 qua—

2240 1782 2363 1846 tuor
2392 1775 2546 1838 fabri,
2576 1777 2665 1846 qui
2697 1784 2861 1830 totout
2897 1776 3155 1831 mundum
3194 1779 3530 1842 concutiunt,
3579 1788 3634 1832 et
3671 1775 3841 1834 corda

2237 1844 2469 1918 filiorum
2496 1844 2914 1916 Dei—dissipant;
2962 1863 2991 1902 a
3023 1848 3216 1918 quibus
3239 1864 3338 1904 nos
3369 1849 3641 1904 custodiat
3666 1850 3837 1905 Deus.

2238 1917 2429 1972 Amen.

2831 1987 3060 2044 SERMO
3096 1988 3238 2045 XIII.

2648 2096 2716 2136 DE
2755 2096 3104 2138 PORTITUDINE
3142 2100 3411 2140 TBNENDA.

2309 2199 2441 2267 Quia
2472 2200 2525 2254 in
2557 2198 2657 2255 hac
2684 2209 2834 2273 vasta
2891 2201 3181 2258 solitudine
3232 2203 3322 2257 Dei
3356 2204 3524 2273 gratia
3564 2218 3756 2261 sumus
3783 2207 3838 2264 in

2235 2286 2399 2345 unum
2437 2272 2762 2345 congregati,
2789 2280 2871 2345 _ut
2896 2275 3176 2328 unanimes
3206 2272 3507 2329 habitemus
3535 2276 3589 2329 in
3629 2278 3795 2333 domo
3818 2319 3836 2345 ,

2235 2350 2291 2397 et
2328 2343 2436 2396 sint
2462 2342 2617 2396 nobis
2655 2343 2833 2395 omnia
2862 2345 3204 2407 communia;
3238 2354 3519 2413 propterea
3553 2345 3694 2401 inter
3722 2342 3837 2403 c334

2237 2413 2629 2488 terasvirtutes
2669 2412 3031 2488 fortitudinem
3062 2412 3271 2483 oportet
3300 2412 3399 2488 nos
3429 2432 3641 2488 rapere,
3674 2421 3837 2488 sequi

2233 2492 2288 2557 et
2314 2483 2529 2557 imitari.
2558 2482 2767 2557 Namtsi
2798 2484 2933 2539 hanc
2978 2482 3230 2557 virtutem
3261 2482 3506 2555 amplexi
3527 2482 3794 2543 fuerimus
3816 2531 3833 2557 ,

2232 2551 2446 2626 fratres,
2484 2553 2657 2626 jaeula
2684 2552 2909 2626 fortium
2940 2553 3015 2626 (a)
3064 2571 3169 2611 non
3201 2551 3527 2622 timebimus,
3556 2551 3836 2614 deridebil

2232 2638 2353 2696 mus
2398 2622 2859 2696 diaboli_blanda,
2902 2622 2957 2680 et
2989 2622 3314 2696 fspcrnetuus
3346 2627 3499 2683 irata.
3547 2626 3591 2683 0
3634 2628 3834 2686 fratres

2231 2694 2359 2770 mei,
2410 2692 2727 2770 ligate__ittec
2769 2696 2823 2749 in
2872 2692 3139 2770 cordibus
3172 2698 3386 2770 vestris,
3435 2701 3686 2770 quoniam
3739 2702 3836 2770 qui

2229 2764 2382 2820 fortis
2418 2773 2521 2832 est,
2570 2764 2705 2820 liber
2748 2774 2851 2821 est.
2896 2766 3011 2820 Non
3057 2768 3198 2820 enim
3230 2769 3397 2822 servit
3437 2764 3684 2835 fortunze,
3720 2764 3835 2826 non

2230 2835 2447 2907 vanitati
2470 2835 2770 2891 mundanm.
2797 2838 2842 2891 0
2864 2836 3053 2892 fratres
3076 2854 3178 2892 ﬂlut
3200 2848 3253 2892 ct
3281 2839 3459 2893 laetitia
3490 2840 3668 2894 cordis
3689 2843 3831 2907 mei,

2229 2906 2567 2982 considerate
2594 2916 2788 2982 quanta
2820 2908 2976 2962 fuerit
2998 2908 3051 2962 in
3077 2909 3401 2982 martyribus
3430 2909 3704 2975 fortitudo,
3735 2906 3833 2982 qui

2228 2976 2377 3051 velut
2422 2978 2781 3051 intpassibiles
2838 2986 3101 3033 tormenta
3127 3048 3140 3051 Α
3167 2976 3506 3048 despiciunt,
3563 2976 3834 3051 tyrann-os

2228 3047 2581 3124 confunduut,
2611 3056 2801 3124 cuncta
2831 3064 2949 3119 qua:
2972 3047 3644 3124 _mundi__sunt_despicittut
3682 3071 3694 3105 :
3730 3056 3833 3124 qui

2227 3117 2352 3175 licet
2378 3119 2653 3185 decuriati,
2702 3119 2822 3173 licet
2847 3117 3132 3187 combusti,
3164 3120 3288 3177 lieet
3315 3122 3369 3175 in
3410 3117 3614 3177 cunctis
3643 3117 3831 3180 mein-

2226 3189 2341 3244 bris
2368 3188 2575 3263 afflicti,
2609 3190 2731 3263 licet
2760 3189 2812 3244 in
2858 3191 3105 3246 omnibus
3131 3207 3355 3261 corpore
3398 3193 3503 3247 sint
3546 3196 3782 3263 projecti
3810 3238 3828 3263 ,

2226 3275 2334 3314 non
2358 3270 2535 3315 tamen
2560 3260 2787 3329 legimus
2807 3275 2900 3316 eos
2924 3277 3043 3316 esse
3069 3260 3246 3317 mente
3271 3272 3522 3317 mutatos.
3546 3260 3655 3319 Sed
3679 3260 3831 3322 scire

2225 3329 2453 3405 debetis,
2497 3330 2878 3405 fratres,_qu0d
2904 3332 3085 3405 multis
3112 3332 3284 3405 modis
3313 3334 3507 3389 dicitur
3536 3334 3825 3405 fortitudo,

2226 3399 2624 3473 hypocritarum
2654 3399 2918 3473 videlicet,
2950 3402 3411 3473 philosophorum,
3454 3413 3509 3459 et
3549 3399 3828 3463 bonorum

2224 3471 2482 3527 fidelium.
2530 3471 2817 3543 ilypocrita
2865 3473 3095 3543 denique
3143 3471 3309 3530 multa
3353 3476 3597 3542 sustinet,
3645 3479 3827 3533 multa

2225 3550 2421 3617 portat,
2445 3552 2499 3597 et
2523 3542 2673 3617 fortis
2696 3544 2749 3598 in
2767 3542 3235 3617 cunctisapparet.
3258 3545 3364 3601 Sed
3389 3561 3467 3600 vae
3493 3546 3823 3617 hypocritm,

2223 3615 2345 3683 quia
2359 3612 2616 3686 venando
2645 3613 2826 3686 mundi
2867 3612 3088 3686 gloriam
3115 3625 3368 3671 aeternam
3401 3612 3609 3686 pinnam
3639 3612 3828 3676 mere-1

2224 3692 2328 3757 tur.
2357 3684 2452 3738 Hic
2481 3683 2741 3757 sicttrahit
2762 3685 3015 3757 gloriam,
3043 3686 3182 3755 quod
3210 3702 3317 3741 non
3343 3683 3537 3743 habeat
3559 3688 3821 3757 gloriam.

2222 3752 2349 3809 Hch
2375 3758 2519 3808 enim
2538 3752 2815 3825 fortitudo
2856 3754 2960 3810 no‘n
2988 3752 3153 3811 virtus
3181 3766 3282 3824 est,
3324 3758 3418 3813 sed
3449 3752 3629 3813 vitiu'm
3655 3778 3671 3825 ;
3706 3777 3825 3817 non

2222 3824 2657 3895 magnanimitas,
2681 3826 2774 3880 sed
2798 3826 3079 3881 infirmitas
3103 3844 3119 3893 ;
3147 3844 3251 3882 non
3275 3829 3506 3895 bonitas,
3533 3829 3620 3883 sed
3636 3824 3824 3887 imbe-

2221 3896 2415 3950 cillitas
2462 3895 2774 3967 appellatur.
2826 3896 2975 3952 Hanc
3018 3898 3355 3967 prmtendunt
3384 3898 3636 3965 hmretici,
3669 3900 3822 3959 hanc

2221 3967 2434 4036 rapiunt
2460 3965 2580 4021 falsi
2618 3965 2833 4034 fratres,
2866 3968 2933 4022 de
2962 3965 3189 4041 quorum
3220 3985 3464 4041 numero,
3495 3970 3588 4025 Dei
3614 3973 3817 4041 gratia,

2233 4052 2330 4092 vos
2353 4052 2619 4109 nunquam
2649 4052 2769 4093 esse
2809 4040 3052 4109 cognovi.
3082 4039 3332 4105 Quaedam
3364 4041 3525 4095 etiam
3554 4039 3819 4099 fortitudo

2232 4117 2315 4164 est
2340 4106 2801 4181 philosophorum,
2830 4106 2919 4179 qui
2940 4110 3528 4181 calcaveruntdivitias,
3555 4112 3810 4181 honores,

2224 4194 2467 4248 pompas,
2491 4178 2795 4252 dignitates,
2825 4178 2878 4252 et
2903 4179 3187 4252 aliquando
3207 4183 3441 4237 membra
3472 4178 3815 4252 propriorum

2219 4263 2503 4318 corporum
2529 4267 2543 4301 :
2570 4250 2663 4304 sed
2690 4249 2805 4305 hazc
2833 4249 3084 4305 fortitudo
3104 4262 3186 4306 est
3210 4249 3537 4308 insuffieieus
3563 4249 3628 4309 ad
3654 4266 3816 4311 reter-

2218 4335 2303 4374 na:
2337 4320 2457 4372 vita:
2486 4321 2755 4374 meritum.
2782 4322 3000 4389 Quare?
3029 4321 3160 4388 Quia
3180 4324 3433 4377 carebant
3470 4324 3731 4381 charitate
3759 4332 3817 4383 et

2218 4390 2409 4461 timore
2450 4389 2565 4444 Dei.
2598 4390 2737 4461 Ipsa,
2761 4392 2992 4461 denique
3032 4392 3261 4459 Charitas
3303 4403 3386 4448 est
3423 4394 3591 4448 forma
3630 4398 3814 4453 omnis

2217 4459 2373 4532 boote
2416 4459 2659 4515 actionis.
2708 4460 2753 4516 0
2792 4459 3018 4532 quantus
3066 4465 3210 4531 rigor
3251 4462 3578 4520 fortitudinis
3625 4466 3812 4523 fuitin

2218 4530 2471 4586 Platone!
2502 4547 2535 4584 ο
2559 4540 2687 4601 quot
2726 4542 2779 4586 et
2804 4530 2999 4602 Quanta
3041 4534 3338 4602 patiebatur
3366 4538 3633 4591 contraria
3660 4539 3675 4592 !
3704 4538 3810 4594 Sed

2218 4548 2471 4586 natoue:
2502 4548 2535 4584 ο
2559 4548 2687 4601 qum
2726 4548 2779 4586 et
2799 4548 2999 4657 guanta
3041 4548 3338 4602 patteuatur
3366 4548 3633 4591 contraria
3660 4548 3674 4592 !
3704 4548 3810 4594 Sed

2216 4602 2717 4686 quia‘fu‘udamento
2761 4604 2794 4656 fi
2835 4605 3120 4686 ei_caru_it,
3174 4614 3454 4686 pmpterea
3508 4623 3633 4676 spes
3689 4624 3810 4665 eam

2217 4672 2581 4750 fortitudinem
2624 4688 2729 4750 non
2775 4677 2945 4750 creuit
2977 4693 2991 4731 :
3023 4684 3076 4730 et
3100 4672 3222 4750 quia
3252 4672 3650 4750 charitatejnon
3681 4688 3810 4750 p’ro-

2213 4742 2362 4811 fecit,
2388 4743 2506 4798 ideo
2530 4745 2742 4799 virtutis
2769 4744 3016 4800 meritum
3041 4742 3258 4801 omnino
3284 4748 3481 4803 amisit.
3515 4747 3623 4804 Sed
3652 4742 3736 4805 est
3755 4758 3812 4806 et

2215 4814 2318 4868 alia
2366 4815 2640 4891 fortitudo,
2688 4830 2792 4885 qua
2835 4815 2967 4891 boni
2999 4816 3233 4891 quotidie
3279 4827 3487 4891 certant
3516 4834 3704 4891 usque
3740 4820 3809 4877 ad

2214 4895 2463 4963 mortem.
2496 4886 2651 4963 '_l‘ales
2688 4893 2811 4941 sunt
2840 4885 3044 4963 fundati
3083 4889 3137 4943 in
3181 4889 3290 4963 Deo
3323 4897 3432 4963 :_et
3476 4885 3807 4963 ideo-supra

2214 4955 3061 5030 dixitnus,_fratt'es,__necverba
3104 4973 3201 5030 nec
3246 4959 3534 5030 impiorum
3585 4955 3808 5017 verbera

2215 5027 2423 5105 timent.
2448 5027 2575 5082 Ilaec
2596 5036 2679 5105 est
2704 5027 2793 5105 iila
2819 5028 3077 5105 mirabilis
3105 5027 3358 5105 fortitudo
3390 5032 3431 5095 ί,
3462 5046 3568 5105 qua
3593 5032 3809 5105 Moyses

2212 5098 2553 5168 asperitatem
2584 5098 2682 5169 via:
2710 5098 2907 5154 deserti
2933 5100 3057 5156 vicit
3084 5118 3097 5155 :
3125 5099 3213 5156 hic
3252 5110 3333 5156 est
3361 5098 3516 5169 panis
3543 5098 3802 5169 caelestis,

2212 5169 2304 5241 qui
2332 5169 2501 5224 Eliam
2541 5170 2594 5223 in
2632 5168 2845 5246 deserto
2876 5171 3059 5246 pavit.‘
3085 5171 3211 5246 Ilguc
3238 5181 3322 5227 est
3363 5168 3643 5246 fortitudo,
3686 5168 3806 5246 qua:

2213 5239 2441 5316 mortem
2486 5239 2691 5316 spernit
2718 5260 2731 5294 ;
2762 5239 2988 5316 ltutcﬁest
3013 5242 3197 5308 clavis,
3229 5259 3337 5316 qua
3361 5242 3552 5300 domus
3580 5245 3677 5301 Dei
3702 5239 3806 5316 pa-

2215 5313 2369 5387 [escit
2416 5319 2470 5366 et
2508 5313 2770 5387 aperitur:
2809 5311 2934 5367 Haec
2960 5320 3063 5387 est,
3095 5330 3213 5387 quin
3249 5311 3494 5371 habenas
3520 5311 3806 5387 voluptatis

2211 5384 2312 5454 sub
2334 5383 2484 5438 freno
2508 5382 2730 5454 rationis
2750 5381 2928 5454 jacere
2952 5381 3126 5454 cogit.‘
3152 5384 3281 5440 Hazc
3308 5394 3409 5447 est,
3441 5401 3544 5454 qua
3572 5381 3806 5443 Joannes

2213 5453 2268 5510 in
2313 5454 2524 5528 deserto
2551 5453 2856 5528 decoratur;
2885 5453 3151 5528 Hmctest,
3184 5471 3285 5528 qua
3332 5453 3531 5512 Paulus
3555 5460 3808 5513 eremita-

2212 5540 2330 5582 rum
2382 5525 2548 5581 forma
2605 5525 2957 5581 beatiticatur.
3014 5525 3141 5582 Ilaec
3195 5525 3415 5583 Antonii
3466 5529 3807 5601 aliorumque

2277 5684 2295 5748 ξ
2322 5686 2496 5748 negius
2516 5690 2598 5733 Ms.
2619 5696 2633 5733 :
2660 5692 2776 5734 mea
2791 5688 2866 5748 est,
2876 5681 2963 5735 illa
2986 5681 3294 5748 munerabilis
3313 5683 3565 5748 fortitudo.

2277 5744 2349 5810 (a)
2386 5744 2808 5811 i‘orttmwuomen
2822 5746 2901 5797 hic
2920 5744 3417 5811 toticsdecautatum,
3437 5751 3487 5797 in
3510 5748 3675 5811 primis
3685 5756 3807 5809 Ope-

2209 5807 2345 5877 ςψιιέ
2366 5810 2468 5877 suis
2490 5807 2762 5872 appellasse
2779 5821 2927 5877 quam
2949 5808 3251 5877 displicuerit
3280 5807 3549 5876 Augustino
3566 5817 3700 5875 putet
3718 5807 3806 5877 Ἐξ

2209 5869 2341 5923 libro
2364 5869 3116 5938 [trimo’tietractationumﬁapp
3140 5872 3186 5936 I,
3209 5870 3258 5923 2.
3351 5869 3380 5876 ⁷
3566 5869 3584 5875 “
3710 5932 3711 5935 η
