4100 6344
324 283 466 340 1237

328 405 634 455 sanctorum
675 401 881 466 patrum
909 392 1073 466 lorica
1097 397 1181 466 est
1206 398 1262 447 et
1308 405 1465 458 zona,
1494 405 1618 466 quai
1643 390 1913 466 praecincti

329 479 384 527 et
410 468 598 523 armati
639 461 694 522 in
723 466 952 522 excelsis
975 463 1239 520 indefessa
1263 476 1396 518 voce
1421 461 1655 531 quotidie
1682 462 1918 518 clamare

330 557 437 597 non
467 548 701 595 cessant.
727 538 772 592 0
798 536 1068 601 fortitudo,
1095 534 1438 589 eremitarum
1460 532 1701 598 baculus,
1730 547 1917 589 caeno-

331 613 561 669 bitarum
607 609 871 679 cingulus,
916 604 1691 679 mouachorumque_omnium
1734 619 1917 679 sacra-

332 694 610 747 mentum;
643 674 723 734 tu'
741 689 924 735 contra
967 674 1333 749 paupertatem
1356 676 1525 749 vales,
1542 684 1613 749 aut
1637 690 1753 749 non
1772 674 1919 749 fran-

331 764 487 838 gatur
522 745 733 838 animus
774 745 1148 838 paupertatem
1168 748 1436 838 amantis‘;
1464 745 1560 838 sed
1597 746 1825 838 amplior
1850 747 1922 801 sit

332 816 578 891 interius,
628 831 685 879 et
722 816 897 891 magis
929 820 1154 875 ditescat
1191 819 1244 873 in
1276 826 1474 891 mente.
1505 816 1713 891 Quanta
1741 816 1920 891 minus

332 887 573 952 abundat
593 894 647 949 in
676 887 838 948 rebus
865 891 1111 954 fortunae,
1159 898 1307 945 tanto
1334 889 1451 960 plus
1477 889 1620 960 valet
1662 887 1921 945 fortitudo

332 976 517 1023 Contra
548 964 729 1020 mundi
760 963 1034 1018 insultum.
1080 962 1124 1017 Ο
1148 958 1427 1027 fortitudo,
1471 961 1514 1014 si
1545 958 1789 1015 dolorem
1828 974 1924 1029 pa-

332 1041 483 1104 teris,
511 1046 568 1091 tu
593 1038 645 1090 in
672 1036 920 1089 omnibus
944 1032 1139 1104 gratias
1155 1033 1289 1103 agis,
1308 1042 1365 1104 tu
1390 1032 1443 1086 in
1470 1030 1813 1104 tribulatione
1840 1030 1924 1104 dig

332 1100 487 1164 vitias
517 1107 819 1176 Spirituales
847 1115 901 1161 et
930 1100 1148 1176 delicias
1174 1100 1419 1169 invenis;
1459 1111 1517 1157 ut
1546 1101 1722 1176 potius
1749 1100 1923 1176 morbi

331 1180 527 1236 cedant
550 1172 621 1232 ’in
670 1178 865 1231 mentis
894 1175 1255 1242 commodum,
1300 1189 1459 1244 quam
1485 1174 1727 1244 corporis
1751 1172 1924 1227 detri-

332 1260 594 1306 mentum.
620 1248 664 1304 Ο
691 1248 967 1315 fortitudo,
1008 1261 1224 1302 omnem
1249 1244 1618 1300 crudelitatem
1649 1258 1875 1299 evacuas
1903 1286 1921 1312 ,

332 1337 605 1378 carcerem
658 1319 893 1391 respuis,
947 1334 1159 1391 erucem
1211 1331 1319 1371 non
1364 1316 1579 1382 metuis,
1638 1315 1923 1391 equuleum

332 1391 697 1462 amplecteris,
722 1385 886 1462 optas
908 1390 1162 1462 vincula,_
1177 1395 1470 1462 sponianea
1500 1400 1713 1462 semper
1734 1385 1926 1462 curris

333 1464 400 1519 ad
428 1457 679 1519 mortem.
709 1457 1064 1526 0—monache,
1093 1457 1225 1515 nihil
1252 1459 1391 1513 valet
1415 1473 1603 1514 cursus
1630 1457 1705 1512 tui
1733 1457 1922 1525 bravii,

336 1535 469 1590 nihil
490 1544 576 1588 tua
595 1533 857 1603 operatio,
878 1534 982 1588 nisi
1004 1532 1251 1603 columna
1271 1528 1598 1603 fortitudinis
1619 1528 1924 1603 roboretur.

334 1606 477 1662 Nihil
502 1617 583 1661 est
609 1599 891 1660 aediﬁcium
919 1604 1043 1659 boni
1079 1601 1281 1673 operis,
1306 1600 1409 1655 nisi
1423 1601 1745 1673 columnam
1769 1599 1928 1673 forti-

334 1677 537 1733 tudinis
565 1675 907 1746 amplexeris.
937 1673 1043 1731 Sed
1067 1669 1386 1729 si'columna
1416 1669 1741 1746 fortitudinis
1762 1670 1930 1746 fracta

334 1749 520 1812 fuerit,
565 1741 734 1803 totum
768 1745 1053 1801 aedificium
1082 1745 1343 1800 bonorum
1371 1757 1596 1812 operum
1625 1741 1752 1796 ruit.
1784 1741 1932 1797 lIanc

336 1820 383 1875 si
431 1819 603 1874 David
651 1818 929 1885 tenuisset,
971 1816 1316 1871 homicidium
1361 1823 1416 1870 et
1459 1813 1782 1885 adulterium
1823 1828 1931 1867 non

336 1890 713 1946 commisisset.
742 1889 797 1944 Si
827 1890 1053 1943 Samson
1084 1886 1223 1941 hanc
1250 1892 1535 1950 servasset,
1579 1884 1776 1938 femina
1807 1899 1932 1939 cum

337 1962 571 2017 inimicis
604 1977 709 2016 non
739 1959 1059 2015 tradidisset.
1092 1958 1149 2013 Si
1187 1956 1439 2013 Salomon
1471 1957 1608 2010 hanc
1633 1955 1928 2021 dilexisset,

339 2033 484 2088 idola
533 2048 639 2088 non
682 2031 974 2086 adorasset.
1025 2030 1081 2085 Si
1130 2029 1322 2086 Petrus
1369 2026 1507 2082 hanc
1549 2028 1831 2092 tenuisset,
1863 2025 1933 2081 ad

336 2120 526 2159 vocem
554 2103 759 2158 ancilla:
785 2102 943 2156 fidem
971 2115 1077 2156 non
1108 2107 1374 2169 negasset.
1404 2098 1460 2153 Si
1489 2098 1581 2152 lilii
1609 2096 1773 2152 Israel
1795 2098 1934 2169 hanc

339 2175 675 2241 habuissent,
724 2173 943 2228 minime
985 2173 1038 2227 in
1085 2168 1302 2227 deserto
1347 2177 1794 2241 murmurassent.
1840 2168 1933 2223 Eia

340 2245 522 2316 igitur,
569 2244 802 2310 fratres;
832 2251 1006 2300 estote
1051 2242 1320 2316 fortcsin
1358 2240 1500 2295 bello
1542 2240 1893 2296 tentationum
1917 2280 1934 2307 ,

343 2313 1561 2383 tribulationum,infirmitatum,injuriarum,et
1572 2320 1800 2381 pugnate
1814 2325 1937 2366 cum

342 2390 560 2459 antiquo
581 2385 1191 2458 scrpente,etaccipietis
1211 2397 1432 2454 regnum
1445 2393 1727 2438 aeternum.
1741 2383 1935 2438 Amen.

935 2474 1167 2533 SEIlMO
1205 2472 1345 2529 XIV.

541 2587 609 2627 DE
645 2585 883 2627 ιυετιτιιι
922 2586 990 2624 ΕΤ
1029 2579 1396 2625 COBRECTIONE
1433 2579 1739 2621 FBA'I'BRNA.

419 2663 489 2721 Ut
517 2663 655 2719 bene
677 2663 868 2729 nostis,
898 2660 1090 2715 fratres
1118 2658 1444 2724 charissimi,
1478 2655 1943 2729 triaﬂmonasteria

347 2735 488 2808 apud
520 2736 827 2808 llipponein
849 2726 941 2808 Dei
971 2732 1136 2808 gratia
1175 2731 1344 2785 merui
1376 2728 1715 2808 laudabiliter
1740 2726 1808 2808 ad
1850 2727 1946 2781 ho-

349 2798 539 2864 norem
564 2798 761 2861 sancta:
785 2798 1059 2858 Trinitatis
1084 2812 1416 2857 construere.
1446 2803 1683 2866 Quorum
1711 2798 1946 2868 primum

350 2879 453 2934 hoc
479 2887 584 2941 est,
612 2877 663 2930 in
690 2890 797 2945 quo
816 2874 927 2946 jam
954 2874 1134 2926 multis
1158 2872 1312 2946 annis
1342 2870 1553 2946 modico
1593 2869 1947 2946 pabulocon-

351 2951 483 3006 teuti
553 2939 835 3002 alacri-ter'
864 2943 1305 3009 commoramini,
1372 2941 1558 2996 bestiis
1630 2939 1879 2994 associati
1929 2978 1945 3004 ,

354 3023 543 3076 avibus
583 3018 888 3081 ministrati,
920 3016 1265 3083 ciborumque
1287 3020 1603 3084 spernentes
1628 3010 1866 3077 delicias,
1895 3018 1951 3084 et

353 3094 500 3147 visus
544 3089 818 3145 hominum
864 3088 1123 3156 fugientes
1156 3082 1252 3157 (ἐι).
1296 3082 1361 3138 Ει
1402 3082 1522 3157 ideo
1552 3096 1660 3157 non
1708 3097 1809 3157 ego
1845 3082 1947 3157 nii-

353 3178 480 3227 ser;
513 3162 605 3216 sed
629 3177 724 3216 vos
749 3174 891 3229 saepe
920 3152 1243 3229 Angelorum
1266 3154 1466 3229 assueti
1493 3154 1622 3208 estis
1646 3152 1947 3221 colloquiis.

353 3234 513 3289 Aliud
542 3247 781 3303 quoque“
797 3227 1177 3303 monasterium
1202 3228 1299 3303 _in__
1324 3227 1528 3303 horto,“
1546 3239 1703 3294 quem
1737 3232 1954 3303 sanctus

355 3294 715 3373 uoster'pater
744 3301 984 3356 Valerius
1024 3300 1155 3373 mihi
1182 3297 1348 3373 dedit,
1393 3294 1711 3373 tediflcaium
1739 3302 1843 3349 est.
1889 3294 1957 3349 Et

353 3367 607 3447 quoniam
638 3383 917 3447 postquam
946 3370 1226 3447 presbyter
1266 3369 1548 3447 episcopus
1596 3367 1766 3447 factus
1792 3381 1912 3421 sum
1935 3406 1952 3433 ,

356 3438 459 3502 nec
503 3438 714 3515 semper
761 3438 848 3499 hic
892 3438 1165 3515 vobiscum
1213 3439 1453 3515 habitare
1498 3438 1665 3508 potui,
1696 3452 1795 3493 nec
1832 3451 1954 3491 cum

355 3511 730 3596 {ratribus'qui
758 3516 813 3569 in
842 3514 1098 3596 prmdicto
1123 3511 1448 3596 monasterio
1476 3517 1600 3596 sunt
1624 3525 1644 3591 ξ
1676 3519 1956 3596 propterea

357 3586 497 3643 infra
524 3580 740 3642 domum
770 3580 1005 3655 episcopi
1036 3580 1658 3655 mecumhaberevolui
1686 3589 1958 3655 monastef

357 3660 498 3713 rium
538 3650 876 3721 clericorum,
913 3650 969 3711 et
995 3670 1117 3710 cum
1154 3653 1357 3709 eisdem
1387 3652 1587 3722 pariter
1611 3651 1792 3722 vivere
1819 3650 1958 3720 coepi

357 3729 653 3785 secundum
699 3730 716 3761 ³
762 3727 1109 3798 apostolicam
1152 3721 1512 3798 traditionem.
1559 3721 1643 3777 Ad
1690 3736 1959 3798 vos_ergo

358 3809 587 3868 tantum,
634 3801 723 3871 qui
767 3792 822 3854 in
859 3814 1041 3871 eremo
1084 3795 1638 3871 laudabiiiter__vivere
1677 3792 1957 3859 voluistis,

358 3866 595 3941 pertinet
616 3866 833 3927 verbum
855 3870 995 3925 istud
1019 3869 1205 3941 audire
1230 3876 1284 3921 et
1308 3866 1621 3941 intelligere,
1643 3872 1801 3941 atque
1826 3879 1958 3941 ope:

355 3935 511 3998 ribus
556 3942 847 4012 adimplere
896 3939 1038 4009 quod
1074 3939 1287 4012 dicitur,
1320 3935 1531 4012 Diligite
1562 3935 1844 4012 justitiam.
1877 3935 1960 3990 Ad

357 4014 559 4069 fratres
582 4006 761 4068 autem
786 4006 999 4066 nostros
1024 4018 1076 4065 et
1092 4008 1316 4064 clericos
1339 4008 1430 4077 qui
1458 4007 1510 4061 in
1536 4006 1671 4061 urbe
1695 4006 1956 4074 habitant,

358 4086 556 4155 quibus
584 4086 745 4140 etiam
774 4080 1315 4155 expeditprzedicare
1333 4077 1571 4155 quotidie
1598 4077 1819 4155 verbum
1842 4077 1954 4144 Dei,

357 4147 595 4226 pertinet
623 4171 728 4209 non
756 4147 927 4209 solum
954 4147 1175 4222 diligere
1191 4150 1450 4226 justitiam
1473 4147 1650 4219 quoad
1683 4162 1748 4226 _se
1773 4148 1957 4217 ipsos;

358 4218 458 4282 sed
475 4228 634 4281 etiam
648 4226 909 4295 judicare,
927 4218 1340 4295 reprehendere,
1358 4218 1661 4295 obsecrare,
1680 4218 1961 4295 increpare

358 4299 414 4352 in
443 4298 589 4351 omni
630 4291 879 4366 patientia
922 4291 1244 4366 et’doctrina
1294 4292 1546 4366 populum
1572 4291 1801 4366 electum
1842 4292 1956 4366 Dei.

359 4370 429 4423 Et
452 4370 577 4423 licet
598 4360 789 4423 fratres
816 4367 984 4422 nostri
1007 4366 1096 4436 qui
1116 4360 1514 4436 collocati'sunt
1531 4361 1585 4436 iu
1614 4360 1771 4436 horto
1790 4362 1960 4417 sancti

358 4441 601 4511 episcopi
630 4439 842 4511 Valerii,
874 4438 1004 4511 satis
1024 4432 1223 4511 distent
1245 4435 1314 4489 ab
1340 4434 1471 4488 urbe
1500 4432 1598 4511 (θλ,
1622 4432 1745 4511 quia
1774 4447 1960 4487 eorum

360 4504 712 4565 tamen—fama
739 4510 993 4564 divinitus
1031 4507 1296 4577 divulgata
1325 4512 1427 4577 est,
1472 4504 1710 4557 ordinavi
1735 4512 1809 4577 aut
1835 4518 1958 4557 ver-

360 4581 494 4636 bum
542 4582 634 4637 Dei
681 4581 878 4651 populo
919 4574 1202 4633 salubriter
1250 4575 1616 4651 praedicarent,
1662 4574 1962 4651 animaeque

362 4653 604 4708 fidelium
637 4643 787 4707 suam
816 4652 977 4706 vitam
1002 4657 1059 4704 et
1084 4643 1326 4716 exempla
1350 4643 1618 4716 audiendo
1647 4652 1704 4698 et
1732 4643 1961 4698 videndo

361 4734 558 4794 sponte
603 4724 838 4778 redirent
879 4720 945 4776 ad
983 4721 1133 4794 illum
1161 4714 1258 4789 qui
1288 4731 1357 4794 ex
1371 4714 1551 4794 nihilo
1582 4723 1779 4794 cuncta
1807 4729 1962 4794 crea-

361 4786 441 4849 vit
466 4796 558 4864 (c).
588 4794 728 4850 Ecce
753 4791 1035 4868 quomodo
1075 4786 1268 4868 terram
1291 4787 1550 4868 judicent,
1581 4786 1747 4868 iigant
1769 4794 1824 4840 et
1851 4786 1962 4868 sol:

360 4856 497 4921 γυιιί
516 4856 655 4936 ἰιιιω
681 4856 886 4932 volnnt,
931 4878 1144 4933 semper
1170 4862 1279 4916 Deo
1294 4856 1533 4914 favente.
1581 4856 1690 4913 Vos
1717 4871 1845 4913 vero
1871 4856 1964 4928 qui

431 5000 449 5063 ξ
470 4998 590 5050 Editi
625 4999 807 5063 addunt
826 4999 924 5059 hic,
964 4995 1199 5063 regulam.

427 5060 503 5125 (α)
544 5061 769 5131 «Falsum
792 5056 1000 5131 _est,'ai_t
1018 5056 1358 5131 'Lupus,__quod
1392 5058 1685 5131 Augustinus
1705 5056 1966 5131 .wdiﬂcarit

366 5141 395 5172 α
418 5119 768 5174 monasterium
791 5124 840 5173 in
860 5119 1026 5187 nescio
1042 5119 1136 5187 qua
1153 5119 1411 5187 solitudine
1426 5119 1719 5187 {lippouensi
1742 5126 1891 5183 atque
1914 5120 1966 5187 in

368 5205 396 5235 α
418 5188 525 5249 ipso
547 5187 789 5255 habitarit_.
813 5192 952 5255 patet
975 5186 1021 5235 id
1056 5183 1119 5255 ex
1155 5184 1364 5255 Possidio
1388 5183 1544 5255 {dicit
1562 5185 1699 5255 enim
1719 5183 1965 5255 “Augusti-

367 5266 396 5297 ι
420 5244 536 5297 tium
558 5262 667 5298 cum
688 5250 853 5298 amicis
888 5248 953 5297 de
993 5248 1122 5298 Italia
1146 5246 1377 5295 reducem
1399 5246 1450 5294 in
1481 5245 1681 5294 Africam
1719 5244 1966 5294 habitasse

367 5328 398 5359 ι
420 5324 512 5373 per
536 5312 797 5360 triennium
820 5313 871 5360 in
910 5324 1031 5373 agro
1054 5307 1574 5373 't‘hagasteusi,iquoad
1616 5310 1853 5373 laippoue,
1878 5307 1965 5355 ubi

366 5388 395 5419 ι
418 5368 660 5435 λεειιιθιη
680 5373 729 5421 in
752 5375 903 5423 rebus
919 5368 969 5421 in
992 5374 1131 5422 istam
1150 5368 1289 5421 suam
1309 5368 1596 5435 societatem
1630 5368 1804 5418 luci-ari
1821 5381 1966 5435 quae-

366 5450 395 5482 ι
421 5431 583 5498 rebat,
608 5447 637 5484 a
678 5435 856 5498 pepulo
878 5435 1214 5498 apprehensus
1268 5439 1363 5498 est,
1398 5431 1654 5498 factusque
1702 5431 1966 5494 presbyter

370 5512 398 5543 α
420 5493 1039 5557 εόὶῆωνίιὶηὸιιιιειθὶίυηι
1062 5497 1113 5544 iu
1130 5507 1250 5557 agro
1272 5493 1543 5543 Valeriano.
1561 5509 1585 5538 ι

428 5556 503 5684 ἵἐέ

452 5633 480 5670 ε

364 5697 394 5729 ι
414 5679 558 5733 verbi
580 5694 638 5731 ac
657 5679 923 5732 audiendas
944 5680 1157 5730 fidelium
1170 5679 1505 5729 confessiones
1518 5715 1532 5738 ,
1551 5687 1628 5729 est
1649 5692 1785 5730 mera
1809 5680 1969 5730 fabula

363 5759 393 5790 ι
417 5744 732 5807 ecclesistica:
754 5746 956 5794 istorum
979 5751 1255 5807 temporum
1276 5743 1539 5807 disciplinae
1564 5741 1722 5805 palam
1742 5742 1966 5807 adversa,

363 5819 397 5856 ι
413 5805 631 5871 idemne
652 5806 854 5856 ridenda
874 5819 974 5855 non
995 5803 1265 5864 refutanda,
1287 5821 1311 5850 ι
1358 5803 1512 5869 inquit
1534 5803 1710 5868 Lupus.

606 5887 834 5952 Sacr.
880 5889 1159 5952 Ausus'r.
1204 5887 1312 5951 VI.

536 5565 686 5607 Locus
721 5558 823 5607 falsi
847 5557 1150 5607 insimulatus
1162 5554 1209 5606 ἰι
1232 5563 1375 5619 Lupo,
1400 5565 1457 5606 ut
1483 5568 1648 5619 supra,
1672 5554 1731 5605 ad
1743 5569 1892 5607 serm.
1913 5554 1966 5604 4.

546 5638 570 5666 ι
591 5620 721 5679 Quod
753 5622 1255 5683 angus-tinushlratres
1270 5617 1510 5683 ordinarit
1550 5617 1611 5666 ad
1642 5620 1969 5683 ministerium

1904 5947 1919 5955 ο·
1966 5942 1987 5955 ν
2002 5946 2037 5975 7-,
2068 5960 2071 5965 Ξ

1362 275 1452 334 AD
1488 273 1808 334 FRATRES
1848 271 1913 330 IN
1950 271 2187 333 EREMO
2224 274 2456 335 SERMO
2488 276 2631 334 XIV.

3490 284 3628 342 I258

2022 390 2285 464 segregati
2317 390 2461 464 estis
2489 405 2519 446 a
2563 391 2780 464 saeculo,
2818 391 2911 464 qui
2953 391 3113 449 etiam
3157 391 3319 449 vitam
3367 395 3625 453 tutiorem

2022 461 2230 537 eligere
2239 461 2513 537 yoluistis,
2531 463 2709 537 audite
2731 461 2875 537 quod
2898 463 2949 518 in
2974 465 3179 537 cunctis
3208 466 3444 522 maxime
3462 467 3627 537 justi-

2025 534 2151 588 tiam
2180 532 2404 603 diligere
2431 534 2689 591 debeatis.
2720 532 2766 591 0
2793 534 2985 591 fratres
3015 535 3122 590 mei
3153 545 3204 591 et
3232 537 3414 592 laetitia
3444 532 3625 595 cordis

2023 604 2149 668 mei,
2182 606 2341 677 vultis
2368 605 2804 677 scirequomodo
2842 621 2939 661 vos
2965 606 3189 661 solitarii
3214 608 3473 677 justitiam
3504 609 3628 663 dili-

2023 689 2152 746 gere
2175 674 2451 730 debeatis?
2494 674 2691 734 cavete
2716 693 2784 735 ne
2814 677 2891 733 sic
2919 678 2987 731 ab
3012 674 3232 733 alterius
3260 680 3419 734 oculo
3458 679 3627 737 festu-

2024 760 2141 802 cam
2171 746 2419 820 ejiciatis,
2445 755 2505 802 ut
2529 748 2583 803 in
2608 750 2763 804 oculo
2783 748 3000 820 proprio
3020 748 3223 803 trabem
3252 764 3358 804 non
3379 749 3624 806 videatis:

2024 832 2125 872 nec
2153 817 2230 872 sic
2271 817 2490 873 alterius
2530 821 2707 876 velitis
2743 817 2979 877 relevare
3024 821 3250 887 lapsum,
3288 830 3347 875 ut
3388 832 3628 877 vestrum

2025 904 2133 944 non
2174 888 2400 944 videatis
2427 904 2631 946 casum.
2674 891 2784 947 Nec
2822 893 2900 947 sic
2940 890 3159 946 alterius
3201 905 3393 946 curare
3421 891 3630 949 debetis

2026 960 2295 1033 morbum,
2324 968 2382 1013 ut
2410 969 2465 1015 et
2480 976 2584 1033 fros
2614 964 2760 1033 ipsos
2790 964 3122 1032 postponatis
3145 970 3395 1031 aegrotos,
3420 977 3489 1018 ne
3511 965 3629 1018 cui-

2027 1029 2159 1103 libet
2196 1038 2434 1103 vestuum
2463 1029 2693 1099 dicatur,
2730 1029 2951 1100 Medicé,
3000 1050 3125 1087 cura
3172 1029 3345 1103 p‘ritno
3386 1043 3433 1086 te
3460 1033 3631 1103 ipsum

2028 1099 2181 1173 (Luc.
2211 1116 2288 1166 tv,
2318 1101 2446 1175 23p
2463 1102 2601 1158 Cura
2626 1119 2755 1175 ergo
2771 1099 2943 1174 primo
2968 1112 3021 1159 te
3040 1099 3238 1173 ipsum,
3270 1118 3305 1175 ο
3327 1099 3624 1172 ιηοητιόιιθς

2028 1171 2092 1243 ut
2118 1182 2356 1240 curatus,
2399 1171 2620 1229 alterius
2657 1171 2879 1230 vulnera
2926 1171 3116 1230 curare
3156 1174 3347 1243 possis.
3394 1171 3630 1242 Audite,

2028 1242 2224 1299 fratres
2268 1245 2392 1309 mei,
2424 1244 2604 1301 audite
2645 1246 2771 1313 quid
2820 1246 3074 1301 Dominus
3118 1242 3316 1302 dixerit
3344 1244 3631 1303 Pharisaais

2029 1314 2327 1371 adulteram
2356 1317 2729 1387 accusantibus
2761 1335 2776 1373 :
2807 1317 2907 1383 Qui
2930 1318 3040 1372 sine
3066 1325 3267 1387 peccato
3293 1328 3365 1371 est
3389 1328 3630 1386 vestrum,

2031 1387 2226 1461 primus
2258 1388 2320 1461 in
2348 1385 2493 1441 illam
2518 1387 2739 1461 {epidein
2768 1390 2937 1461 amittat
2977 1385 3155 1461 (John.
3186 1404 3298 1454 vm,
3332 1387 3417 1461 7).;
3440 1388 3485 1444 Ο
3512 1404 3631 1444 mo-

2033 1456 2225 1531 nache,
2257 1457 2311 1512 in
2349 1472 2457 1531 quo
2485 1456 2649 1513 alium
2686 1458 2917 1531 judicas,
2958 1456 3016 1531 te
3059 1460 3231 1528 ipsum
3282 1456 3632 1531 condemnas.

2032 1529 2147 1595 Qua
2175 1528 2375 1601 fronte,
2406 1528 2598 1586 fratres
2624 1528 2750 1597 mei,
2797 1530 3091 1601 poterimus
3134 1545 3363 1601 arguere
3392 1531 3525 1585 alios
3563 1530 3634 1588 de

2034 1614 2102 1683 eo
2126 1600 2271 1683 quod
2297 1600 2349 1654 in
2378 1600 2534 1683 nubis
2562 1602 2778 1683 gravius
2804 1600 3151 1657 invenimus?
3180 1600 3262 1655 Ad
3306 1616 3405 1657 nos
3435 1602 3594 1683 igitur
3614 1644 3633 1671 ,

2034 1669 2251 1741 fratres,
2299 1672 2530 1741 pertinet
2558 1669 2785 1728 mundos
2813 1688 2934 1728 esse
2972 1681 3029 1728 et
3070 1683 3283 1727 sanctos
3310 1691 3325 1727 :
3354 1669 3478 1729 etsi
3510 1669 3637 1729 tunc

2035 1740 2258 1798 fratrem
2284 1740 2526 1798 nostrum
2551 1759 2773 1814 peccare
2798 1744 3060 1810 videmus,
3084 1741 3481 1814 reprehendere
3510 1758 3638 1801 eum

2036 1827 2159 1871 cum
2203 1814 2348 1869 omni
2389 1815 2793 1875 mansuetudine
2835 1814 3113 1883 debemus,
3159 1829 3227 1869 ne
3268 1830 3367 1885 per
3394 1824 3635 1885 nostram

2039 1885 2419 1956 negligentiam,
2459 1896 2661 1956 pereat.
2707 1885 2952 1942 Charitas
2998 1887 3143 1941 enim
3187 1884 3293 1941 non
3337 1884 3480 1953 odii,
3526 1902 3638 1943 non

2038 1957 2298 2029 rancoris,
2329 1955 2425 2029 sed
2462 1955 2586 2029 ’z_elo
2606 1958 2829 2029 justitize
2869 1957 3103 2029 gladium
3130 1957 3484 2029 correctionis
3508 1972 3639 2013 eva-

2040 2028 2223 2099 ginare
2266 2027 2443 2083 debet.
2473 2027 2622 2083 'I‘unc
2651 2043 2863 2098 semper
2878 2027 3257 2099 misericordia
3285 2028 3439 2099 ligata
3467 2029 3539 2083 sit
3580 2029 3637 2084 in

2042 2097 2294 2170 cordibus
2331 2100 2560 2170 vestris;
2591 2114 2677 2166 ne,
2711 2097 2857 2154 velut
2883 2098 3067 2164 Judas,
3109 2099 3198 2170 ille
3222 2097 3592 2170 qui‘peccavit
3617 2140 3637 2170 ,

2042 2169 2354 2239 desperatus
2378 2169 2445 2224 ad
2487 2170 2835 2240 suspendium
2874 2169 3221 2241 pergatnlioc
3243 2169 3423 2225 autem
3449 2170 3516 2225 ad
3544 2169 3641 2241 vos

2043 2243 2277 2313 maxime
2296 2242 2543 2313 pertinet,
2560 2241 2774 2309 fratres,
2788 2240 2883 2298 sed
2899 2240 3024 2313 quid
3040 2240 3105 2295 ad
3125 2240 3317 2313 fratres
3331 2240 3384 2296 in
3402 2241 3534 2313 urbe
3552 2240 3643 2313 ha;-

2044 2310 2277 2366 bitantcs
2298 2310 2891 2381 ’pertincat,audiamus.
2910 2310 3068 2367 Certe
3088 2326 3195 2367 non
3208 2312 3381 2367 solum
3401 2312 3524 2379 hoc,
3542 2311 3641 2368 sed

2046 2382 2209 2437 etiam
2230 2390 2435 2452 spectat
2450 2398 2519 2438 ne
2541 2383 2801 2453 judicium
2821 2383 2946 2439 odio
2960 2392 3297 2452 exasperent,
3322 2398 3393 2438 ne
3411 2382 3645 2437 crudeli-

2047 2462 2156 2508 tate
2174 2453 2523 2519 iuflammcnt,
2542 2468 2609 2508 ne
2624 2468 2807 2509 amore
2820 2453 3061 2523 pecunia:
3076 2453 3501 2523 emolliant,quia
3520 2468 3645 2523 pau-

2045 2537 2206 2649 peres
2221 2539 2347 2579 vere
2356 2534 2622 2592 suuuts,et
2637 2521 2997 2595 spectaculum
3017 2521 3140 2578 facti
3157 2537 3345 2578 sumus
3359 2521 3575 2595 Aiigelis
3589 2531 3649 2581 et

2071 2595 2382 2649 nominibus.
2400 2610 2468 2649 ne
2493 2596 2685 2649 timore
2715 2595 2969 2649 iustitiam
2987 2594 3310 2649 relinquant.
3335 2610 3402 2649 ne
3417 2610 3512 2649 eos
3526 2611 3646 2649 mo.—

2071 2595 2382 2663 iominibus,
2400 2610 2468 2650 ne
2493 2594 2685 2651 timore
2710 2595 2969 2665 justitiam
2987 2594 3310 2664 relinquant,
3335 2610 3402 2651 ne
3417 2594 3512 2651 eus
3526 2611 3646 2652 mo.—

2048 2676 2172 2720 veat
2209 2681 2295 2721 res
2340 2681 2605 2736 purpurea
2630 2707 2645 2733 ,
2680 2680 2799 2737 nec?
2824 2665 3264 2737 divitisirnunera
3295 2682 3310 2720 :
3339 2666 3436 2721 sed
3471 2668 3646 2737 magis

2057 2750 2248 2808 saccus
2274 2734 2546 2808 pauperis,
2578 2735 2803 2808 orpliani
2828 2743 2885 2791 et
2911 2734 3099 2806 pupilli
3121 2750 3217 2808 eos
3240 2750 3458 2808 movere
3482 2734 3648 2792 debet

2052 2806 2149 2863 Dei
2186 2805 2446 2879 jusiitiam
2485 2821 2611 2879 cum
2643 2805 2827 2879 labore
2864 2821 3138 2879 exercere.
3183 2805 3349 2879 Regia
3384 2808 3472 2879 via
3496 2848 3512 2874 ,
3551 2808 3649 2879 qui

2055 2876 2253 2933 terram
2292 2877 2567 2948 judicant,
2597 2876 2847 2932 incedere
2866 2876 3105 2948 debent,
3140 2891 3238 2933 nec
3272 2876 3551 2933 declinare
3569 2876 3647 2935 ad

2056 2947 2335 3004 dexteram
2381 2948 2670 3004 mollieudo
2698 2949 2753 3003 in
2785 2947 3080 3017 judicium,
3124 2962 3225 3003 nec
3258 2948 3323 3002 ad
3371 2948 3646 3005 sinistram

2056 3019 2429 3090 exasperando
2460 3021 2511 3074 in
2540 3016 2881 3089 supplicium.
2910 3016 3026 3073 Non
3048 3019 3192 3073 enim
3219 3017 3506 3090 crudelitas
3535 3028 3643 3088 est,

2056 3089 2247 3164 punire
2292 3099 2543 3164 reatum,
2584 3090 2682 3164 sed
2715 3090 2949 3164 justitia;
2981 3104 3097 3164 _n_on
3127 3089 3504 3164 tyrannicum,
3546 3091 3647 3148 sed

2058 3159 2255 3218 divinae
2295 3161 2629 3217 rectitudinis
2664 3159 3099 3233 ju'dicium.7Non
3141 3159 3333 3233 tamen
3359 3162 3645 3232 volumus,

2060 3249 2161 3289 nec
2188 3234 2470 3288 consilium
2498 3231 2708 3299 damus,
2731 3239 2791 3286 ut
2810 3248 2931 3286 mox
2947 3232 3217 3303 judicent;
3241 3231 3337 3288 sed
3357 3247 3477 3288 cum
3499 3235 3646 3289 omni

2060 3305 2368 3360 maturitate
2392 3304 2659 3371 incedant,
2688 3315 2743 3359 et
2764 3304 2977 3358 inventa
3004 3303 3352 3374 discussaque
3380 3305 3457 3359 rei
3485 3319 3647 3360 causa

2061 3376 2116 3431 in
2146 3375 2342 3430 Christi
2370 3376 2585 3431 nomine
2604 3375 2843 3445 judicent
2867 3374 3266 3445 delinquentes;
3294 3375 3413 3445 etsi
3440 3376 3650 3444 publice

2063 3448 2420 3519 peccaverint,
2452 3444 2678 3519 publice?
2693 3446 3003 3519 puniantur,
3028 3444 3084 3519 ut
3103 3457 3163 3519 et
3183 3444 3363 3519 cieteri
3386 3445 3647 3515 justitiam

2063 3517 2348 3589 diligentes
2391 3519 2581 3574 fortius
2631 3517 2911 3589 diligant,
2943 3526 2999 3573 et
3039 3517 3301 3589 justitiam
3348 3525 3648 3589 metuentes

2064 3588 2340 3655 metuant,
2382 3599 2436 3645 et
2463 3599 2689 3644 caveant
2715 3605 2782 3643 ne
2811 3588 3140 3658 delinquant.
3174 3588 3218 3642 Ο
3248 3598 3428 3642 sancta
3459 3588 3646 3644 lauda-

2064 3660 2294 3730 hilisque
2309 3660 2543 3730 justitia!
2570 3660 2670 3714 sub
2696 3668 2747 3715 te
2766 3670 2819 3715 et
2842 3675 2935 3728 per
2958 3658 3285 3730 teipudicitia
3316 3668 3522 3729 regnat,
3543 3675 3647 3729 pax

2064 3747 2165 3803 per
2190 3729 2244 3786 te
2268 3729 2559 3803 triumphat
2585 3739 2640 3785 et
2665 3732 2948 3803 securitas,
2972 3729 3209 3803 dignitas
3247 3744 3345 3799 per
3372 3740 3423 3803 te
3452 3729 3645 3801 ﬂoret,

2064 3799 2120 3857 et
2144 3801 2372 3857 fructum
2402 3799 2555 3857 affert
2584 3803 2637 3857 in
2665 3802 2935 3871 patientia.
2961 3799 3006 3856 0
3032 3799 3267 3870 justitia,
3295 3801 3383 3869 qui
3416 3810 3468 3855 te
3497 3799 3649 3856 ama-

2063 3874 2240 3941 verit,
2287 3873 2376 3944 qui
2421 3882 2473 3928 te
2520 3873 2835 3944 strinxerit,
2882 3887 3004 3927 cum
3048 3871 3229 3944 Moyse
3270 3887 3421 3926 mare
3464 3872 3649 3928 mundi

2064 3943 2317 3999 vitiorum
2364 3945 2620 4015 sanguine
2666 3943 2990 3998 rubricatum
3015 3984 3031 4010 ,
3074 3943 3217 3996 sicco
3259 3944 3485 4012 vestigio
3524 3959 3651 4014 per-

2066 4016 2330 4070 transibit.
2366 4015 2489 4070 Haec
2520 4023 2603 4069 est
2630 4017 2777 4084 virga
2802 4056 2817 4081 ,
2859 4029 2961 4084 qua
3000 4022 3149 4084 petra
3185 4027 3439 4084 percussa
3469 4022 3654 4072 manat

2065 4087 2121 4142 in
2163 4086 2395 4152 fluenta;
2441 4086 2563 4157 quia
2609 4085 2815 4155 lapidea
2864 4084 3199 4140 subditorum
3246 4084 3406 4157 corda
3447 4086 3651 4154 judicio

2060 4158 2282 4230 justitia:
2321 4154 2499 4225 tacta}
2540 4158 2593 4212 in
2630 4154 2884 4230 virtutum
2913 4157 3231 4230 exuberant
3254 4154 3496 4230 flumina.
3527 4158 3654 4214 Ilmc

2066 4226 2150 4285 est
2186 4230 2330 4300 virga
2368 4230 2548 4283 Aaron
2575 4270 2588 4295 ,
2629 4243 2748 4298 qure
2775 4226 3046 4300 fronduit,
3081 4227 3297 4300 floruit,
3328 4237 3382 4282 et
3418 4228 3648 4283 fructum

2065 4297 2317 4374 peperit:
2342 4300 2469 4374 quia
2490 4297 2694 4374 justitia
2721 4300 2871 4374 quasi
2897 4297 3127 4363 frondet,
3157 4297 3284 4352 dum
3314 4309 3653 4374 mente_con-

2067 4368 2291 4441 cipitur;
2332 4368 2518 4433 floret,
2550 4369 2679 4441 dum
2718 4369 2943 4441 viriliier
2980 4377 3291 4441 exercetur;
3324 4368 3647 4441 afruelificat,

2066 4438 2194 4497 dum
2224 4442 2468 4495 subditus
2490 4440 2791 4511 corrigitur.
2837 4438 2960 4494 Ilmc
2998 4449 3082 4511 est
3119 4440 3470 4495 ventilabrum
3494 4483 3508 4505 ,
3543 4457 3651 4511 quo

2065 4526 2292 4583 granum
2329 4511 2583 4583 dividitur
2619 4526 2649 4563 a
2690 4510 3078 4583 palea,isanies
3113 4526 3146 4566 ιι
3178 4511 3371 4583 morbo
3409 4510 3652 4583 cjicitur;

2066 4580 2189 4654 quia
2214 4591 2400 4636 contra
2421 4581 2664 4654 morbum
2687 4580 2888 4654 peccati
2909 4581 3286 4654 opponendum
3315 4589 3399 4654 est
3420 4581 3648 4637 mordax

2068 4651 2440 4724 emplastrum,
2472 4667 2540 4708 ne
2579 4653 2630 4706 in
2671 4651 2855 4724 majus
2870 4654 3051 4724 vitium
3091 4652 3239 4724 tabes
3276 4652 3532 4724 exuberet
3571 4653 3654 4707 in-

2067 4721 2273 4790 curata,
2302 4732 2359 4779 et
2384 4724 2436 4795 in
2466 4721 2810 4795 augmentum
2835 4723 3083 4779 facinoris
3108 4721 3372 4795 redundet
3395 4722 3649 4793 iniquitas

2069 4797 2347 4866 impunita.
2392 4794 2517 4851 Haec
2547 4793 2642 4851 est
2687 4810 2933 4851 mensura
2957 4834 2973 4860 ,
3022 4793 3428 4866 quadebemus
3467 4796 3649 4866 metiri

2070 4864 2277 4940 punias,
2301 4876 2353 4922 et
2373 4868 2560 4921 merita
2589 4867 2904 4940 ponderare.
2934 4864 3207 4940 attendite
3234 4873 3429 4940 tamen,
3456 4864 3650 4940 fratres

2070 4934 2178 4995 inci
2204 4951 2442 5009 pastores
2465 4979 2481 5005 ,
2512 4937 2602 5009 qui
2633 4947 2829 4992 terram
2856 4934 3095 5009 judicare
3124 4934 3362 5009 debetis,
3386 4938 3526 5009 quod
3554 4937 3653 4991 ali-

2070 5005 2284 5082 quando
2304 5011 2506 5080 justitia
2528 5005 2612 5082 est
2634 5007 2919 5063 relaxauda
2947 5016 3164 5082 propter
3183 5005 3492 5082 scandalum
3514 5009 3655 5082 mul-

2072 5076 2247 5137 t'orum
2274 5076 2610 5151 {aliquando
2654 5076 3022 5151 exaggeranda
3069 5086 3198 5151 est,
3237 5086 3296 5132 ut
3338 5078 3408 5151 sit
3442 5079 3653 5151 cautela

2072 5148 2433 5225 reliquorum.‘
2466 5150 2616 5205 'I‘unc
2667 5165 2796 5205 vere
2840 5148 3070 5225 jus_titia_
3096 5148 3292 5225 diciiur
3335 5148 3542 5225 giadius
3585 5166 3654 5206 ex

2075 5218 2295 5305 utraque
2333 5233 2484 5305 parte
2517 5218 2887 5304 acutushquia
2931 5219 3159 5300 hominis
3194 5218 3429 5301 defendit
3457 5235 3653 5305 corpus

2073 5297 2141 5351 ab
2179 5290 2536 5351 exterioribus
2580 5290 2793 5360 injuriis
2804 5333 2817 5355 ,
2860 5300 2915 5345 et
2952 5290 3183 5344 animam
3221 5306 3250 5344 a
3288 5291 3652 5360 spiritualibus

2074 5367 2353 5423 molestiis.
2401 5364 2525 5418 Ilaec
2570 5372 2653 5418 est
2701 5362 2965 5417 medicina
3018 5362 3306 5426 vitiorum,
3354 5362 3650 5416 antidotum

2076 5446 2435 5509 peccatorum.
2480 5434 2725 5509 Hireiest
2764 5436 2951 5509 pugio,
2982 5447 3088 5509 qua
3127 5432 3355 5487 Phinees
3392 5434 3656 5509 transfixit

2076 5503 2354 5564 coeuntem
2406 5522 2524 5560 cum
2582 5504 2922 5559 Madianitide
2976 5503 3217 5558 Judaaum
3248 5546 3263 5570 ,
3319 5513 3372 5558 ct
3426 5506 3654 5560 cessavit

2076 5579 2364 5651 quassatio.
2394 5575 2517 5631 Haec
2542 5576 2821 5651 est_lapis_,
2855 5591 2961 5651 quo
2992 5574 3152 5651 David
3194 5576 3457 5651 percussit
3486 5576 3652 5630 Phili-

2078 5646 2264 5707 stzcuin
2291 5693 2305 5717 ,
2348 5659 2401 5703 et
2438 5664 2469 5703 a
2505 5648 2757 5703 servitute
2799 5646 2959 5701 Israel
3009 5647 3271 5701 liberavit.
3316 5646 3441 5702 Haec
3478 5657 3653 5702 autem

2079 5724 2195 5778 sine
2232 5721 2554 5776 discretione
2577 5760 2593 5786 ,
2634 5718 2838 5791 gladius
2876 5726 2959 5791 est
2996 5717 3046 5771 in
3086 5734 3244 5773 manu
3285 5719 3488 5775 furiosi.
3528 5717 3655 5791 [iure

2080 5796 2196 5851 sine
2217 5791 2518 5867 prudentia,
2540 5801 2622 5848 est
2642 5789 2786 5847 inors
2813 5796 2869 5844 et
2898 5789 3159 5846 bonorum
3188 5791 3508 5860 persecutio.
3532 5789 3663 5845 Haec

3043 5883 3131 5962 (Ὤ
3138 5886 3455 5962 uarunlc.)
