2050 3172
247 196 317 227 1259

217 259 221 265 ’
245 258 306 287 sine
318 254 501 291 misericordia
511 276 518 288 ,
533 251 638 291 gladius
650 255 693 291 est
706 252 733 282 in
748 259 827 291 manu
841 250 1040 291 tyranni._C.um

247 286 353 322 summa
366 292 438 320 enim
458 286 621 319 discretione
632 311 641 324 ,
661 289 757 317 fratres
775 287 828 324 inci
840 286 860 321 ,“
871 286 984 324 tenenda
999 289 1042 313 est

244 329 348 366 iustitia
359 348 367 362 ,
378 335 439 366 cum
453 333 558 366 summa
572 322 764 366 deliberatione
776 322 914 366 inierenda
928 326 973 366 est
984 328 1042 366 pte-

248 358 300 400 iia,
316 358 370 392 non
381 361 527 400 judicando
538 369 572 389 ex
586 360 748 400 suspicione,
763 358 858 400 sedex
875 358 949 400 omni
962 358 1043 385 certi—

249 394 342 429 tudine
352 394 482 428 vei-italis.
497 394 653 434 Attendiie',
665 395 761 423 fratres
774 394 828 422 mei
839 415 847 427 ,
861 399 888 434 et
901 397 965 434 anie
978 401 1042 434 pro-

248 436 323 470 bate,
336 440 364 463 et
378 438 558 470 posteaer
568 429 762 470 judicaie,_non
774 429 922 470 secundum
937 429 1040 470 faciem,

248 463 296 500 sed
309 463 385 499 recti;
400 468 510 506 judicio.
526 467 549 496 0
557 463 648 531 gnam.
656 463 735 494 facile
750 469 791 493 est
803 465 925 500 judicare
940 473 946 490 :
962 463 1010 491 sed
1027 471 1044 491 ο

250 515 329 531 uuam
342 512 463 531 amarum
475 524 484 531 .
503 511 556 531 auo
593 502 740 531 iudicatum
755 504 797 529 est
810 499 965 528 retrahere!
982 500 1044 527 Ideo

250 499 330 542 quam
342 499 463 541 amarum
475 524 488 542 ,_
503 499 578 539 quod
592 502 740 542 judicatum
755 504 797 529 est
804 499 965 542 ’retraliei-el
982 500 1044 542 Ideo

251 534 304 569 rion
319 539 393 576 puer.
415 534 634 566 non'insensatus
654 537 729 576 vobis
750 543 866 576 praeesse
885 535 982 568 debet,
996 534 1045 576 sed

251 571 381 608 annosus,
397 575 523 610 prudens,
538 579 637 605 castus,
652 571 810 610 sobrius’,rut
823 571 850 599 in
862 578 1004 607 progressu
1014 574 1045 610 et

251 618 321 640 statu
336 606 465 639 salt-erras
480 615 507 637 et
517 606 564 636 lux
581 609 671 636 mundi
691 609 794 635 cunctis
813 611 940 642 appareat
958 615 965 633 :
986 606 1046 633 talis

252 648 379 680 iustitiam
404 655 455 673 non
479 646 575 680 poterit
595 646 727 680 ignorare.
748 643 823 671 Tunc
843 642 915 680 enim
935 649 1045 680 regnum

276 690 432 711 omanorum
458 676 566 717 paciﬁce
590 676 688 706 tamdiu
704 678 904 717 perseveravit,
919 676 1046 717 quamdiu

253 719 389 754 sapientes
408 713 522 752 regnare
542 713 721 754 permiserunt
738 714 805 742 :sed
817 713 880 742 dum
894 713 1006 754 juvenes
1019 715 1048 739 ct

253 748 409 788 inexpertos
425 748 751 787 rcgnare'permiserunt,
773 755 898 788 tanquam
915 748 1045 788 justitiam

252 782 417 825 ignorantes,
433 782 587 825 acceptores
601 794 783 825 personarum
792 782 853 813 facti
868 782 931 812 sunt
944 792 951 810 :
965 788 993 812 et
1007 782 1047 825 sic

250 817 549 861 justitiamperden'tes,
566 817 712 861 dominium
726 821 800 848 orbis
812 826 944 861 ierraruiii
951 817 1048 861 perdi-

253 854 360 889 derunt.
377 854 493 887 Juveues
511 865 575 892 ergo
593 857 786 891 imprudentes,
802 855 884 884 duces
897 854 1047 892 velrEeclef

254 896 354 924 siarum
368 899 489 930 pastores
501 888 679 930 ccii'stitue'ndi
694 900 745 930 non
757 895 834 930 sunt;
850 899 884 919 ne
897 891 947 927 ipsi
967 888 1048 919 simul

253 932 314 959 'cum
331 928 428 965 populo
443 934 562 963 pereant.
576 928 654 956 Tales
667 928 739 956 enim
750 928 771 955 si
783 931 988 965 _praesunt,_n0n
998 932 1049 965 _s_o-

254 965 310 994 lum
332 960 468 1000 praeteri-ta
494 968 521 991 et
543 965 628 991 futura
655 972 707 991 non
730 960 863 1000 cogitant;
886 961 934 990 sed
955 960 1049 1000 audire

254 1002 325 1038 quod
336 996 439 1038 bonum
454 1005 494 1027 est
507 1004 535 1038 et
549 1008 640 1038 verum
655 1007 734 1026 aures
747 996 815 1038 suas
822 998 958 1038 obturant.
975 996 1049 1038 Tali-‘-

255 1031 295 1065 ter
311 1037 390 1065 etiam
408 1043 460 1063 non
474 1036 560 1062 Solum
572 1035 684 1068 juvenes
694 1055 701 1065 ,
717 1034 763 1061 sed
780 1034 860 1062 etiam
873 1033 1025 1068 antiquatos
1039 1031 1048 1048 ί

254 1072 281 1100 in
296 1072 390 1100 diebus
404 1071 480 1098 malis
497 1071 552 1097 lucc
568 1067 655 1098 facere
667 1070 831 1105 frequenter.
847 1067 957 1096 minime
973 1067 1051 1105 dubi-

255 1113 353 1135 tamus.
369 1107 427 1135 Vita
443 1106 513 1133 enim
531 1106 645 1140 pastoris
663 1103 788 1133 omnibus
807 1105 902 1133 diebus
921 1103 1050 1140 prodesse

255 1143 344 1171 debet.
361 1143 414 1170 Sed
429 1138 563 1177 quomodo
578 1141 627 1168 hoc
643 1142 783 1176 quisquam
796 1140 886 1168 facere
900 1138 1051 1177 puterit_,_si

254 1179 382 1214 justitiam
394 1174 565 1214 ignorawrit,
580 1182 606 1214 et
622 1174 731 1214 regnare
748 1178 774 1203 in
789 1180 918 1204 internum
930 1174 1051 1214 credide-

256 1210 307 1241 rit?
322 1213 366 1241 Isti
384 1210 524 1239 memorari
539 1210 681 1247 novissima
696 1220 744 1240 sua
764 1220 817 1238 non
837 1215 968 1247 possunt,
987 1210 1050 1245 quia

256 1248 284 1276 in
298 1252 428 1276 aeternum
442 1247 530 1274 vivere
543 1247 665 1274 credunt.
681 1247 704 1274 0
718 1247 824 1280 fratres,
841 1246 910 1274 sicut
924 1246 1050 1280 frequen-

258 1289 299 1312 ter
308 1284 434 1315 diximus,
448 1287 569 1316 pastores
581 1286 608 1309 et
622 1282 755 1317 principes
769 1282 951 1317 Romanorum
964 1281 1052 1317 scient

257 1316 320 1347 liam
336 1318 375 1354 de
398 1315 539 1354 praeteritis
559 1315 716 1354 habebant,
743 1317 771 1354 in
794 1316 892 1354 quibus
909 1315 1052 1344 certificari

257 1352 359 1391 Optime
373 1350 517 1391 poterant,
532 1358 560 1381 et
573 1353 607 1380 de
622 1350 716 1380 futuris
736 1350 836 1391 aliquid
855 1350 926 1379 scire
945 1358 1053 1391 semper

256 1387 490 1431 procurabant..lu
506 1388 558 1431 hoc
572 1394 660 1416 autem
675 1388 840 1431 exercitium
854 1395 946 1415 eorum
961 1387 1052 1414 consi-

258 1423 365 1459 itebat,
385 1423 456 1460 quod
473 1423 604 1459 justitiam
620 1423 753 1460 usquead
773 1428 887 1451 mortem
906 1430 1052 1460 proseque-

258 1461 365 1494 bantur,
379 1458 405 1489 et
420 1468 467 1496 pro
474 1458 512 1487 rea
531 1458 672 1496 moriendo
685 1459 819 1496 felicesse
831 1466 892 1486 esse
910 1458 1050 1494 putabant.

259 1497 299 1524 Tu
313 1504 387 1530 vero,
402 1495 563 1523 omonache
581 1495 625 1530 qui
641 1502 743 1530 prases,
763 1495 886 1530 obsecro,
903 1501 1054 1530 memorare

258 1532 321 1568 quid
336 1529 385 1568 es,
394 1530 562 1568 quidfuisti,
578 1529 723 1566 quid’eris;
740 1529 900 1568 tunc_justt_tg
912 1529 1054 1565 reputaba-

258 1565 296 1596 fis
309 1575 322 1595 a
337 1565 412 1601 Deo,
421 1571 448 1594 et
462 1566 488 1594 in
502 1565 632 1594 aeternum
651 1573 703 1593 non
721 1565 932 1601 peccabis.jHiec
944 1569 1051 1601 autem,

258 1602 356 1631 fratres
371 1599 434 1635 mei,
449 1602 484 1629 sit
497 1609 604 1637 semper
619 1606 711 1629 nostra
722 1599 882 1637 exercitatio
898 1609 904 1627 :
919 1605 946 1637 et
959 1600 981 1637 si
996 1599 1053 1627 haec

260 1639 419 1671 fecerimus,
436 1637 529 1673 fideles
541 1635 569 1665 et
579 1636 644 1673 justi
664 1644 770 1672 semper
788 1636 908 1673 erimus._
920 1635 1054 1673 Sed__sunt

259 1674 352 1709 aliqui,
366 1673 429 1701 licet
442 1672 488 1700 Dei
498 1670 588 1708 gratia'
597 1670 732 1709 noninter
742 1679 801 1709 nos,
814 1671 859 1709 qui
869 1670 963 1709 spiritu
974 1671 1054 1709 liber-

260 1706 322 1737 tatis
342 1709 434 1737 vivere
449 1706 556 1741 volunt,
570 1708 697 1743 superbi,
713 1707 804 1740 avari,
821 1706 938 1743 dyscoli,
951 1706 1053 1742 gulosi,

260 1744 373 1773 adulteri
390 1753 396 1771 :
410 1745 454 1779 qui
468 1744 490 1771 si
504 1743 537 1771 al)
547 1742 636 1779 aliquo
652 1742 897 1778 reprehenduntur,
913 1742 1011 1779 latrant
1027 1746 1055 1769 ut

260 1787 342 1808 canes
354 1801 362 1814 ,
377 1777 501 1807 mordent
518 1784 546 1806 ut
565 1777 724 1814 serpentes,
744 1780 875 1806 devorant
894 1782 922 1805 ut
941 1777 1054 1811 leones,

260 1816 352 1844 dolent
373 1819 402 1843 ut
424 1813 618 1850 parturientes,
642 1814 764 1850 dicentes
785 1813 884 1841 malum
908 1813 1007 1841 bonum
1028 1817 1057 1840 et

260 1851 360 1879 bonum
376 1849 485 1878 malum.
502 1849 579 1878 Tales
592 1855 684 1885 aperta
696 1849 765 1877 facie
775 1870 782 1882 ,
798 1850 913 1885 vivoque
928 1855 1056 1885 sermone

260 1894 360 1922 negare
369 1886 688 1922 justitiamrprmsumnnt,
699 1885 830 1922 dicentes,
842 1884 912 1912 Ecce
922 1884 1056 1922 quomodo

261 1919 310 1950 me
324 1919 492 1958 persequitur
505 1919 655 1958 hypocrita,
669 1921 713 1956 qui
725 1920 856 1958 justitiam
872 1924 966 1958 tenere
979 1919 1055 1947 vide-

261 1962 315 1985 tur.
324 1955 419 1985 'Talis'
433 1955 565 1992 denique,
589 1955 686 1984 fratres
698 1977 705 1988 ,
721 1956 845 1983 omnibus
860 1955 939 1992 pejor
949 1960 996 1992 est
1005 1964 1020 1992 ;_
1029 1959 1057 1982 et

260 1993 358 2021 melius
372 1992 411 2020 illi
431 1990 542 2026 fuisset,
558 1991 580 2019 si
596 1991 623 2019 iu
638 1992 737 2019 seculo
751 1990 933 2019 remansisset.
948 1991 981 2018 Et
996 1990 1057 2018 ideo

261 2029 285 2056 si
295 2029 322 2056 in
331 2032 421 2056 nostra
428 2028 634 2063 congregatione
644 2027 760 2062 aliquem
771 2027 849 2054 talem
861 2026 1054 2060 invenerimus,

261 2063 334 2100 quod
345 2063 416 2091 Deus
426 2062 547 2100 avertat,
559 2063 604 2100 qui
621 2063 659 2090 sic
671 2062 799 2100 justitiam
814 2063 918 2090 calcare
933 2063 1055 2100 voluerit,

262 2097 316 2127 lion
336 2098 466 2126 tenendus
477 2102 536 2130 est,
555 2097 602 2125 sed
622 2097 796 2132 expellendus
807 2119 813 2128 ,
829 2103 953 2132 tanquam
967 2098 1057 2125 vivere

262 2134 356 2162 volens
372 2133 398 2161 in
416 2133 511 2169 spiritu
528 2131 662 2169 libertatis
672 2140 738 2169 suae.
756 2133 777 2159 Α
791 2131 890 2169 quibus
903 2137 992 2160 tamen
1008 2139 1057 2160 nos

263 2169 358 2198 liberet
365 2166 447 2202 Deus,
457 2168 526 2196 sicut
541 2168 667 2195 hactenus
683 2166 745 2194 fecit
758 2166 807 2202 per
822 2168 934 2203 gratiam
953 2176 1029 2195 suain
1046 2176 1054 2195 :

264 2210 294 2233 ut
315 2207 406 2233 nostra
427 2207 519 2232 sancta
537 2208 563 2231 et
584 2203 751 2230 immaculata
773 2203 866 2238 religio
885 2203 920 2231 de
939 2203 1010 2230 bono
1029 2203 1057 2231 in

262 2241 358 2269 melius
381 2247 488 2275 semper
508 2242 714 2275 augmeutetur,
736 2246 786 2275 per
805 2238 896 2267 Jesum
919 2238 1058 2267 Christum

262 2274 430 2305 Salvatoreui
440 2274 574 2303 nostrum.
589 2276 686 2303 Amen.

567 2321 681 2349 SERMO
700 2320 759 2349 XV.

263 2376 299 2398 ’Β
310 2376 371 2397 τινι
383 2375 533 2397 τιιικιτλτιε
546 2376 564 2396 Δ
573 2373 733 2395 SIIPLICIBUS
745 2374 796 2395 NON
809 2375 1011 2401 lNVESTlGANBA,
1022 2373 1057 2395 31'

280 2411 384 2433 smn
398 2409 474 2433 nouis
485 2410 603 2432 sriairus
615 2410 708 2431 εΑκοτι
716 2410 819 2430 CONTRA
828 2411 929 2431 εεινηςι
938 2411 1009 2431 vrm
1018 2403 1039 2430 '.

298 2452 432 2487 Scriptum
447 2455 506 2485 est,
523 2451 618 2479 fratres
632 2449 799 2487 chariSsimi,
814 2448 885 2484 quod
907 2457 959 2476 non
971 2449 1057 2487 debe-

263 2495 324 2515 mus
342 2485 413 2523 loqui
428 2487 551 2514 sublimia
563 2507 571 2520 ,
592 2486 879 2523 tanquam__sapientes_
896 2485 1059 2523 uiundiglo-f

263 2520 435 2552 riantcs.'Alt
450 2523 522 2550 enim
539 2520 667 2557 propheta
677 2542 685 2554 ,
707 2520 795 2548 Nolite
807 2520 1058 2557 multiplicareloqut'

262 2558 382 2587 sublimia
394 2556 424 2594 (Vl
438 2557 502 2594 Reg.
521 2555 557 2590 η’,
576 2555 621 2594 5).
643 2557 698 2594 lloc
718 2561 807 2594 autem
828 2555 989 2594 verbuiniad
1011 2564 1058 2594 vos

263 2595 380 2622 maxime
392 2591 531 2629 dirigitur,
550 2591 740 2628 qui'rusticani
754 2593 835 2629 estis,
850 2591 966 2629 insilvis
980 2591 1057 2629 babi-

263 2633 367 2664 tantes,
386 2627 457 2657 licet'
466 2629 540 2657 cives
559 2627 751 2664 Sanctorumet
770 2627 932 2664 domesticos
948 2627 1058 2664 Deivos

263 2662 416 2693 nullatenus
427 2664 550 2692 dubitare
569 2664 698 2691 debeatis.
718 2663 805 2690 Nolite
826 2663 905 2697 igitur
926 2662 1057 2698 multipli-

263 2708 327 2729 care
343 2701 416 2736 loqui
428 2700 561 2727 sublimia.
579 2700 643 2733 Qua:
656 2704 717 2736 sunt
730 2700 786 2736 ista
795 2699 935 2736 sublimia,
949 2698 983 2726 de
996 2698 1057 2736 qui-

263 2737 314 2764 bus
328 2733 388 2764 non'
396 2736 524 2764 debemus
537 2735 649 2762 multum
664 2734 746 2769 loqui,
760 2733 813 2762 nisi
824 2734 858 2762 de
872 2733 918 2761 Dei
934 2734 1056 2769 omnipo-

264 2772 367 2806 tentia,
389 2771 424 2799 de
447 2769 582 2806 Unigeniti
607 2770 666 2806 ejus
688 2770 892 2806 coacternitate,
905 2769 950 2806 Vde
971 2769 1057 2806 sancti

261 2805 376 2842 Spiritus
389 2805 602 2842 magnificentia?
613 2806 635 2834 0
645 2805 742 2833 fratres
756 2807 807 2833 mei
818 2809 845 2832 et
858 2805 950 2833 laetitia
966 2805 1057 2833 cordis

294 2873 382 2907 ξω.
540 2876 567 2898 ⁸⁸
577 2871 649 2907 Pu.”

260 2902 494 2965 ’Ἀεξτσᾱω
508 2902 630 2937 mm
648 2902 781 2933 Militia,
804 2905 827 2928 el
846 2902 965 2934 sapientes
983 2902 1057 2935 aldus

971 182 1152 219 Al’PENDIX.

1822 189 1891 222 1260

1093 250 1146 278 mei
1156 270 1164 282 .
1179 250 1206 286 si
1220 250 1342 279 volumus
1357 248 1428 279 scire
1439 253 1568 286 quantum
1584 248 1825 286 Paterimmensus
1837 250 1888 284 sit;

1093 285 1296 321 apprehendere
1317 293 1371 314 nun
1389 285 1519 313 valemus.
1538 285 1567 313 Si
1591 285 1729 320 imaginari
1749 286 1887 320 cupimus,

1095 321 1231 357 quomodo
1252 321 1335 350 Filius
1357 326 1507 350 cozeteruus
1529 322 1566 349 sit
1585 326 1613 348 et
1636 321 1888 357 consubstantialis;

1096 356 1171 385 mens
1193 357 1308 385 humana
1329 358 1417 385 omnis
1439 357 1569 385 naturalis
1591 357 1750 384 succumbit.
1773 356 1801 384 Si
1823 359 1891 385 scire

1095 392 1280 421 desideramus
1290 413 1297 427 ,
1313 393 1448 429 quomodo
1461 393 1586 429 Spiritus
1596 397 1707 419 sanctus
1720 393 1809 419 omnia
1825 400 1891 429 con-

1097 429 1174 459 tinet.
1191 433 1219 456 ct
1232 437 1286 456 non
1297 427 1465 461 continetur;
1482 429 1570 456 omnis
1580 427 1695 455 humana
1711 429 1778 455 ratio
1789 428 1889 455 deﬁcit.

1097 464 1159 492 Ideo
1174 465 1231 492 haec
1244 464 1334 492 omnia
1348 464 1482 492 discutere
1499 472 1551 491 non
1567 467 1702 490 curemus.
1714 463 1803 497 Quare
1820 471 1871 490 non
1882 486 1890 495 ,

1097 499 1148 527 nisi
1159 500 1218 535 quia
1230 500 1303 528 nullo
1313 500 1392 527 modo
1403 499 1542 528 valemus?
1553 499 1708 533 Propterea,
1722 502 1817 525 lratrvs
1828 503 1890 532 nu-i,

1096 535 1197 568 sciatis,
1209 536 1280 570 quod
1296 536 1454 570 ubicumque
1469 535 1596 570 quaeritur
1608 535 1643 562 de
1656 535 1758 562 unitate
1772 535 1891 562 Trinita-

1098 571 1142 603 tis,
1155 578 1248 607 magna
1263 577 1303 598 est
1317 571 1467 606 adhibenda
1480 571 1582 598 cautela
1600 570 1662 607 εγω)
1677 571 1738 607 quia
1754 578 1804 597 nec
1820 571 1891 607 peri:

1097 607 1215 634 culosius
1233 606 1331 642 alicubi
1354 611 1479 639 erratur,
1501 614 1588 641 neque
1607 606 1767 642 laboriosius
1791 606 1890 642 aliquid

1098 642 1243 676 ιιυειετὶιιιτ,
1264 650 1313 669 nec.
1334 641 1497 669 fructuosius
1509 641 1608 676 aliquid
1630 641 1774 668 invanltur.
1798 641 1893 669 Veniat

1098 677 1180 712 igitur
1193 682 1286 705 contra
1299 677 1419 705 volentes
1438 678 1507 705 scire
1527 678 1595 704 ultra
1610 684 1690 712 quam
1706 684 1819 704 necesse
1831 683 1890 710 est,

1098 717 1207 741 Sanctus
1218 713 1263 741 ille
1275 713 1410 744 Salomon.
1418 717 1446 741 et
1453 713 1674 747 reprehendendo
1681 717 1761 747 atque
1769 712 1891 739 docendo

1098 747 1180 783 dicat,
1196 748 1295 776 Alliam
1309 753 1332 776 te
1344 757 1376 775 ne
1386 748 1524 783 quadam,
1540 753 1564 775 et
1576 748 1683 782 [artiora
1697 751 1720 774 te
1732 756 1764 774 ne
1772 749 1891 775 acrum-is

1118 782 1200 811 Eccli.
1216 791 1260 817 Ill,
1276 783 1340 819 22).
1358 783 1456 819 Surgat
1476 785 1556 811 etiam
1571 783 1670 811 Paulus
1684 784 1809 810 columna
1826 784 1891 811 lide-

1111 819 1164 846 ittm
1176 840 1184 853 ,
1199 824 1227 847 et
1249 820 1337 847 lumen
1356 821 1428 847 orbis
1448 824 1526 847 terrae
1541 840 1547 852 ,
1562 824 1590 846 et
1604 826 1651 846 sua
1667 826 1731 846 voce
1745 819 1892 846 confundat

1099 861 1194 882 omnes
1218 855 1457 890 philosophantes,
1484 863 1581 882 nomen
1605 855 1704 882 Christi
1730 860 1889 890 portantes,

1100 889 1223 926 volentes
1232 898 1326 925 sapere
1337 892 1396 926 plus
1406 899 1483 926 quam
1496 894 1603 924 oportet
1612 897 1716 925 sapere.
1728 889 1787 916 Non
1804 896 1891 917 tamen

1100 925 1178 959 dico,
1193 926 1306 962 fratres,
1319 925 1389 962 quod
1403 925 1513 953 omnino
1528 933 1581 953 non
1596 926 1738 961 quieratis;
1754 925 1804 953 sed
1819 934 1894 960 qlae-

1101 962 1203 990 stiones
1224 963 1250 989 in
1271 961 1368 989 divinis
1388 970 1435 989 vos
1453 963 1497 997 qui
1516 962 1602 996 grossi
1615 962 1697 991 estis,
1714 962 1893 995 multiplicare

1102 997 1173 1032 loqui
1186 1006 1238 1033 non
1251 997 1365 1025 debetis.
1379 997 1496 1032 Quaerite
1508 1002 1609 1024 tantum
1622 1005 1670 1024 vos
1680 997 1725 1032 qui
1740 996 1893 1031 spirituales

1100 1033 1166 1060 estis
1177 1053 1185 1066 ,
1201 1033 1335 1068 quomodo
1350 1038 1480 1068 praecepta
1497 1033 1544 1060 Dei
1559 1040 1665 1060 seriare
1682 1033 1806 1067 possitis,
1825 1040 1892 1067 quo-

1101 1067 1182 1096 modo
1192 1067 1326 1096 diabolum
1337 1069 1363 1095 in
1377 1076 1468 1095 eremo
1480 1076 1607 1103 superare
1617 1069 1746 1100 debeatis,
1758 1069 1892 1102 quomodo

1137 1105 1268 1137 tientiam,
1282 1111 1361 1139 quam
1376 1105 1500 1131 Christus
1515 1104 1613 1134 docuit.
1626 1104 1751 1138 amplecti
1772 1105 1889 1130 valeatis.

1137 1112 1268 1137 nentiam,
1282 1112 1361 1139 quam
1376 1112 1500 1131 blll‘lstus
1515 1112 1613 1134 nocuit.
1626 1112 1751 1138 alllplt‘Cll
1772 1112 1889 1130 valeatis.

1102 1112 1167 1203 Est:
1179 1141 1250 1167 enim
1263 1147 1357 1167 servus
1369 1140 1415 1167 Dei
1427 1147 1533 1174 semper
1547 1140 1636 1174 legere
1647 1145 1674 1166 et
1687 1139 1837 1173 adimplere
1848 1140 1891 1166 dc-

1138 1180 1157 1202 t.
1178 1175 1277 1203 Natura
1299 1175 1414 1203 deniuue
1435 1180 1526 1202 nostra
1550 1175 1649 1203 fragilis
1673 1179 1731 1203 est:
1755 1179 1783 1202 et
1805 1180 1889 1201 tamen

1138 1180 1157 1202 t.
1178 1175 1277 1203 Natura
1299 1175 1414 1209 denique
1435 1180 1526 1202 nostra
1550 1175 1649 1210 fragilis
1673 1179 1731 1205 est;
1755 1179 1783 1202 et
1805 1180 1889 1201 tamen

1103 1212 1207 1238 ratione
1223 1211 1415 1246 comprehendi
1429 1219 1481 1238 non
1499 1216 1596 1246 potest.
1613 1211 1793 1244 Philosophus
1812 1212 1890 1237 etiam

1104 1246 1289 1273 Aristodemus
1315 1246 1392 1273 annis
1416 1247 1508 1274 multis
1532 1247 1664 1274 insudavit
1691 1251 1814 1273 naturam
1836 1248 1890 1281 apis

1103 1281 1276 1317 investigare;
1295 1289 1344 1309 nec
1362 1281 1477 1309 finaliter
1494 1282 1589 1316 potuit.
1607 1282 1746 1316 Quomodo
1766 1290 1830 1317 ergo
1846 1290 1891 1309 nos

1105 1317 1261 1344 Trinitatem
1275 1324 1371 1351 capere
1385 1317 1521 1345 valentius?
1532 1317 1585 1345 Cur
1600 1318 1738 1347 miramur,
1755 1325 1772 1343 ο
1786 1317 1888 1349 fratres,

1103 1352 1148 1387 qui
1164 1352 1227 1380 lutei
1239 1360 1341 1385 sumus,
1356 1357 1384 1380 et
1396 1359 1516 1380 ventrem
1534 1354 1697 1380 stereoribus
1711 1354 1819 1387 plenum
1835 1360 1892 1387 pur-

1105 1392 1208 1418 tantes;
1228 1388 1251 1415 si
1267 1388 1371 1415 nescire
1390 1389 1524 1423 possimus
1542 1389 1588 1416 Dei
1606 1390 1748 1416 naturam?
1762 1388 1892 1423 Numquid

1104 1427 1132 1451 ct
1144 1423 1238 1459 Angeli
1253 1423 1336 1458 ipsam
1347 1424 1373 1451 in
1384 1425 1452 1451 caelo
1466 1425 1625 1459 investigare
1639 1425 1770 1459 possunt?
1784 1425 1892 1451 Certum

1104 1463 1165 1493 est,
1185 1459 1256 1494 quod
1276 1467 1340 1486 non.
1363 1460 1431 1492 Quid
1444 1460 1515 1487 enim
1537 1462 1643 1491 sciunt,
1665 1461 1715 1486 nisi
1736 1460 1807 1494 quod
1826 1460 1894 1487 Deus

1105 1494 1191 1522 trinus
1201 1500 1226 1521 et
1237 1503 1305 1521 unus
1317 1500 1368 1528 est,
1384 1500 1411 1522 et
1423 1495 1511 1522 omnia
1521 1496 1578 1522 sine
1589 1496 1679 1523 labore
1689 1499 1716 1522 et
1729 1503 1807 1530 pinna
1820 1503 1894 1522 crea-

1105 1531 1142 1557 vit
1156 1535 1183 1558 et
1195 1530 1344 1565 gubernat?
1358 1531 1443 1558 Nolite
1457 1538 1531 1565 ergo,
1547 1532 1659 1564 fratres,
1673 1531 1744 1565 loqui
1758 1531 1892 1563 sublimia,

1106 1566 1189 1593 nolite
1201 1573 1296 1600 sapere
1309 1567 1368 1601 plus
1381 1574 1460 1601 quam
1475 1571 1579 1601 oportet
1590 1574 1695 1601 sapere.
1711 1567 1738 1593 In
1749 1567 1793 1593 die
1802 1567 1894 1601 judicii

1106 1610 1158 1628 non
1178 1602 1375 1628 damnabuntur
1388 1601 1549 1634 Christiani,
1569 1610 1618 1629 nec
1632 1603 1762 1629 rationem
1782 1602 1894 1629 reddent

1105 1638 1168 1672 quia
1183 1636 1389 1672 philosophiam,
1402 1638 1445 1664 vel
1458 1637 1641 1671 dialecticam,
1658 1638 1698 1665 vel
1711 1638 1893 1672 astrologiam,

1106 1673 1147 1700 vel
1161 1673 1289 1699 musicam
1303 1674 1508 1707 ignoraverunt;
1524 1680 1573 1700 nec
1585 1673 1619 1701 de
1630 1675 1680 1700 hoe
1690 1673 1760 1708 quod
1775 1677 1895 1700 naturam

1107 1708 1153 1735 Dei
1174 1708 1242 1735 scire
1262 1716 1315 1735 non
1336 1713 1478 1743 potuerunt
1500 1717 1507 1735 :
1533 1708 1580 1736 sed
1602 1709 1662 1736 ideo
1683 1709 1894 1741 damnabuntur,

1106 1743 1168 1779 quia
1182 1744 1237 1771 Deo
1249 1744 1359 1771 obedire
1374 1745 1558 1779 neglexerunt.
1582 1744 1643 1772 Ideo
1656 1744 1767 1777 scitote,
1782 1744 1894 1775 fratres,

1106 1780 1176 1814 quod
1191 1780 1287 1807 melius
1300 1784 1343 1807 est
1357 1779 1400 1815 pie
1414 1780 1535 1808 confiteri
1548 1780 1741 1815 ignorantiam,
1757 1788 1839 1815 quam
1860 1785 1897 1806 lc-

1107 1823 1181 1851 inere
1203 1815 1342 1842 scientiam
1367 1815 1502 1843 vindicare
1525 1825 1532 1843 :
1552 1816 1613 1851 quia
1635 1817 1772 1843 temeritas
1792 1823 1897 1850 poenam

1108 1850 1205 1884 habet,
1224 1851 1272 1878 sed
1291 1851 1437 1885 ignorantia
1460 1850 1627 1885 promeretur
1647 1852 1762 1879 veniam.
1778 1851 1899 1878 Suillciat

1108 1886 1185 1914 nobis
1204 1886 1273 1913 scire
1284 1886 1318 1914 de
1335 1887 1463 1922 mysterio
1478 1887 1615 1914 Trinitatis
1634 1891 1736 1914 tantum
1747 1908 1754 1920 ,
1770 1892 1897 1922 quantum

1108 1922 1237 1958 Dominus
1250 1922 1388 1958 discipulis
1407 1923 1462 1950 suis
1482 1923 1614 1958 exposuit.
1630 1922 1716 1950 Nemo
1733 1925 1803 1958 enim
1824 1923 1898 1949 novit

1108 1959 1147 1985 sic
1160 1957 1194 1985 de
1205 1961 1299 1985 natura
1309 1965 1357 1985 sua
1369 1957 1471 1992 dicere,
1486 1959 1553 1985 sicut
1569 1958 1627 1993 ipse
1638 1959 1683 1993 qui
1699 1960 1750 1989 ait,
1766 1957 1898 1993 Baptizare

1107 1999 1193 2029 gemes
1213 1993 1241 2020 in
1264 1995 1365 2020 nontine
1390 1993 1475 2020 Patria
1497 1999 1520 2021 et
1543 1993 1606 2021 Filii
1631 1998 1655 2020 et
1681 1994 1796 2029 Spiritus
1819 1994 1900 2021 sancti

1111 2028 1216 2065 (Matth.
1227 2036 1321 2062 xxvm,
1332 2028 1387 2065 l9).
1397 2029 1463 2057 Tres
1476 2034 1569 2064 aperte
1583 2028 1735 2064 pronuntiat
1749 2035 1877 2064 personas
1890 2039 1897 2056 :

1109 2065 1156 2092 sed
1176 2066 1303 2092 unitatem
1323 2065 1440 2092 ostendit
1457 2065 1565 2097 dicens,
1581 2066 1607 2091 in
1620 2067 1738 2098 nomine;
1754 2073 1807 2092 non
1828 2067 1898 2092 enim

1109 2101 1196 2133 dixit,
1216 2101 1243 2127 In
1263 2101 1422 2128 nominibus.
1443 2100 1559 2128 Trinitas
1575 2101 1647 2128 enim
1668 2108 1721 2127 non
1741 2101 1871 2128 dividitur
1890 2109 1898 2128 :

1109 2136 1306 2164 iudivisibiliter
1316 2141 1343 2163 et
1352 2136 1521 2171 singulariter
1532 2144 1695 2171 unaquaeque
1706 2143 1821 2171 persona
1832 2138 1900 2163 Deus

1109 2176 1170 2204 est,
1186 2176 1214 2199 et
1226 2171 1278 2199 vita
1296 2173 1337 2199 vel
1354 2171 1439 2198 deitas
1460 2172 1569 2199 indivisa
1586 2173 1612 2198 in
1626 2180 1708 2207 opere
1720 2192 1728 2204 ,
1743 2180 1859 2199 cuneors
1874 2173 1899 2199 in

1110 2208 1263 2238 voluntate.
1282 2215 1328 2242 par
1351 2208 1376 2234 in
1398 2208 1530 2242 potentia,
1551 2209 1661 2242 mqualis
1683 2209 1710 2234 in
1728 2208 1830 2243 gloria;
1852 2216 1900 2235 nec

1109 2243 1259 2270 minoratur
1274 2243 1299 2269 iu
1312 2243 1423 2277 singulis
1433 2263 1440 2273 ,
1455 2250 1506 2270 nec
1525 2247 1636 2278 augetur
1649 2244 1675 2270 in
1691 2244 1786 2270 tribus.
1803 2244 1899 2271 Sancta

1110 2286 1174 2314 ergo
1185 2278 1301 2306 Trinitas
1311 2286 1379 2306 unus
1393 2279 1462 2306 Deus
1475 2283 1516 2306 est
1532 2287 1538 2305 :
1554 2287 1585 2306 ex
1595 2281 1643 2314 duo
1657 2280 1753 2312 omnia,
1769 2288 1815 2314 per
1829 2288 1900 2313 qum

1110 2314 1204 2347 onmt'a,
1218 2315 1246 2341 in
1261 2323 1311 2350 quo
1322 2315 1426 2350 omnia;
1437 2319 1463 2341 ct
1472 2322 1506 2341 ne
1518 2319 1572 2341 tres
1584 2315 1649 2341 deos
1663 2319 1818 2349 putaremus
1832 2323 1900 2346 esse,

1110 2352 1148 2378 ait
1164 2349 1307 2385 Apostolus
1319 2371 1328 2383 ,
1349 2349 1406 2386 Ipsi
1422 2350 1522 2386 gloria,
1542 2358 1594 2377 non
1607 2371 1614 2382 ,
1629 2351 1703 2385 ipsis.
1720 2351 1772 2385 Ipsi
1793 2350 1901 2385 quidem

1110 2386 1194 2421 gloria
1205 2393 1311 2421 seraper
1325 2386 1368 2418 sit,
1382 2387 1427 2420 qui
1440 2387 1486 2418 ait,
1498 2385 1636 2413 Faciamus
1648 2386 1773 2413 hominem
1789 2386 1824 2412 ad
1839 2387 1902 2412 ima-

1110 2422 1194 2458 ginem
1217 2427 1239 2448 et
1262 2421 1586 2458 similitudinemnostram
1610 2421 1684 2457 (Gen.
1698 2429 1727 2458 ιν,
1750 2422 1808 2457 26).
1833 2422 1900 2449 Cum

1110 2457 1182 2485 enim
1193 2457 1361 2492 singulariter
1371 2457 1443 2488 dicit,
1457 2457 1611 2491 imaginem;
1625 2457 1741 2484 ostendit
1751 2465 1832 2484 unam
1844 2464 1902 2484 esse

1111 2499 1232 2520 naturam
1246 2493 1305 2528 ejus
1317 2514 1324 2522 .
1337 2492 1370 2519 ad
1388 2492 1464 2527 cujus
1480 2492 1682 2528 similitudinem
1700 2493 1781 2520 homo
1801 2493 1878 2520 fieret
1893 2501 1899 2518 ε

1110 2536 1171 2557 cum
1182 2537 1246 2555 vero
1262 2527 1400 2563 pluraliter
1409 2529 1485 2560 dixit,
1498 2532 1627 2561 nostram,-
1638 2527 1805 2556 demonstrat
1818 2529 1900 2555 Deum

1111 2571 1164 2592 non
1179 2571 1257 2591 unam
1271 2570 1331 2591 esse
1349 2571 1507 2598 personam,
1523 2563 1556 2590 ad
1576 2564 1651 2598 cujus
1667 2564 1808 2599 imaginem
1823 2564 1902 2590 homo

1111 2600 1201 2627 ﬂebat.
1222 2600 1249 2627 Si
1269 2599 1340 2626 enim
1362 2600 1479 2626 eSsentia
1498 2599 1584 2626 Patris
1606 2605 1633 2627 et
1655 2599 1714 2627 Filii
1737 2605 1765 2627 et
1784 2599 1903 2634 Spiritus

1111 2635 1197 2664 sancti
1210 2644 1260 2662 una
1271 2639 1342 2662 esset
1360 2643 1483 2669 persona,
1495 2643 1548 2662 nou
1562 2636 1683 2668 dixisset,
1697 2640 1831 2668 nostram;
1843 2636 1900 2667 sed,

1110 2679 1198 2712 meum
1214 2680 1221 2698 :
1236 2679 1299 2703 nec,
1313 2671 1455 2712 faciamus;
1467 2671 1514 2698 sed
1525 2691 1532 2703 ,
1549 2670 1654 2712 faciam.
1675 2672 1704 2698 Si
1722 2679 1795 2712 vero.
1808 2672 1835 2712 in
1851 2670 1902 2697 illis

1111 2708 1195 2735 tribus
1213 2706 1336 2743 personis
1351 2711 1406 2734 tres
1424 2711 1516 2743 essent
1534 2707 1676 2743 essentne,
1697 2714 1751 2734 non
1769 2706 1900 2743 dixisset,

1110 2741 1243 2774 nouruni;
1256 2742 1313 2775 sed,
1330 2747 1444 2783 nostras.
1460 2741 1494 2783 Et
1506 2742 1568 2783 ideo
1579 2750 1639 2770 cum
1652 2742 1721 2783 dicit
1727 2762 1734 2774 ,
1749 2743 1790 2769 Ad
1801 2742 1901 2783 _t'magi-

1110 2787 1167 2806 nem
1188 2785 1318 2811 nostram;
1342 2778 1442 2805 indicat
1461 2778 1606 2805 trinitatem
1630 2779 1753 2811 unitatis,
1773 2777 1808 2805 ad
1827 2777 1901 2813 cujus

1110 2814 1252 2853 imaginem
1264 2814 1348 2841 factus
1358 2817 1403 2853 est
1414 2813 1494 2853 homo
1504 2818 1595 2853 uoster
1609 2813 1731 2853 interior,
1746 2814 1793 2853 qui
1807 2813 1899 2853 siiutli'

1110 2848 1230 2878 tudinem
1243 2853 1343 2878 sancta:
1358 2848 1495 2877 Trinitatis
1511 2848 1619 2877 retinet.
1638 2848 1714 2878 Sicut
1730 2848 1804 2878 enim
1824 2849 1901 2877 Pater

1140 2932 1628 2972 (dminhcameem
