  <div class='ocr_page' id='page_1' title='image "/cluster/home/n/w/nwhite01/storage/ocr_20150623/40/hvd.32044024147290/640.png"; bbox 0 0 4100 6344; ppageno 0'>
   <div class='ocr_carea' id='block_1_1' title="bbox 341 361 3623 484">
    <p class='ocr_par' dir='ltr' id='par_1_1' title="bbox 341 361 3623 484">
     <span class='ocr_line' id='line_1_1' title="bbox 341 361 3623 484; baseline 0.006 -34"><span class='ocrx_word' id='word_1_1' title='bbox 341 387 474 458; x_wconf 74' lang='lat' dir='ltr'><strong>mi</strong></span> <span class='ocrx_word' id='word_1_2' title='bbox 1355 391 1448 458; x_wconf 79' lang='lat' dir='ltr'><strong>At)</strong></span> <span class='ocrx_word' id='word_1_3' title='bbox 1484 397 1803 459; x_wconf 78' lang='lat' dir='ltr'><strong>FRATBES</strong></span> <span class='ocrx_word' id='word_1_4' title='bbox 1839 399 1906 460; x_wconf 85' lang='lat' dir='ltr'><strong>IN</strong></span> <span class='ocrx_word' id='word_1_5' title='bbox 1944 401 2182 464; x_wconf 78' lang='lat' dir='ltr'><strong>saeuo</strong></span> <span class='ocrx_word' id='word_1_6' title='bbox 2217 405 2447 465; x_wconf 75' lang='lat' dir='ltr'><strong>SEBMO</strong></span> <span class='ocrx_word' id='word_1_7' title='bbox 2474 403 2635 466; x_wconf 84' lang='lat' dir='ltr'><strong>xvn.</strong></span> <span class='ocrx_word' id='word_1_8' title='bbox 2865 361 2868 364; x_wconf 7' lang='lat' dir='ltr'><strong>i</strong></span> <span class='ocrx_word' id='word_1_9' title='bbox 3488 423 3623 484; x_wconf 67' lang='grc' dir='ltr'><strong>ηε,</strong></span> 
     </span>
    </p>
   </div>
   <div class='ocr_carea' id='block_1_2' title="bbox 341 534 1918 607">
    <p class='ocr_par' dir='ltr' id='par_1_2' title="bbox 341 534 1918 607">
     <span class='ocr_line' id='line_1_2' title="bbox 341 534 1918 607; baseline 0.001 -14"><span class='ocrx_word' id='word_1_10' title='bbox 341 538 501 598; x_wconf 89' lang='lat' dir='ltr'><strong>Deus.</strong></span> <span class='ocrx_word' id='word_1_11' title='bbox 531 534 696 592; x_wconf 83' lang='lat' dir='ltr'><strong>Filius</strong></span> <span class='ocrx_word' id='word_1_12' title='bbox 727 535 886 602; x_wconf 86' lang='lat' dir='ltr'><strong>Deus,</strong></span> <span class='ocrx_word' id='word_1_13' title='bbox 910 535 1139 607; x_wconf 73' lang='lat' dir='ltr'><strong>Spiritus</strong></span> <span class='ocrx_word' id='word_1_14' title='bbox 1162 542 1382 607; x_wconf 64' lang='lat' dir='ltr'><strong>sanctus</strong></span> <span class='ocrx_word' id='word_1_15' title='bbox 1413 534 1575 602; x_wconf 84' lang='lat' dir='ltr'><strong>Deus,</strong></span> <span class='ocrx_word' id='word_1_16' title='bbox 1604 552 1708 594; x_wconf 90' lang='lat' dir='ltr'><strong>non</strong></span> <span class='ocrx_word' id='word_1_17' title='bbox 1741 548 1918 594; x_wconf 90' lang='lat' dir='ltr'><strong>tamen</strong></span> 
     </span>
    </p>
   </div>
   <div class='ocr_carea' id='block_1_3' title="bbox 339 605 1921 680">
    <p class='ocr_par' dir='ltr' id='par_1_3' title="bbox 339 605 1921 680">
     <span class='ocr_line' id='line_1_3' title="bbox 339 605 1921 680; baseline 0 -16"><span class='ocrx_word' id='word_1_18' title='bbox 339 617 452 664; x_wconf 89' lang='lat' dir='ltr'><strong>tres</strong></span> <span class='ocrx_word' id='word_1_19' title='bbox 489 608 621 663; x_wconf 88' lang='lat' dir='ltr'><strong>deos</strong></span> <span class='ocrx_word' id='word_1_20' title='bbox 656 607 924 680; x_wconf 84' lang='lat' dir='ltr'><strong>credimus</strong></span> <span class='ocrx_word' id='word_1_21' title='bbox 945 605 1090 680; x_wconf 56' lang='lat' dir='ltr'><strong>{sed</strong></span> <span class='ocrx_word' id='word_1_22' title='bbox 1131 621 1296 662; x_wconf 85' lang='lat' dir='ltr'><strong>unum</strong></span> <span class='ocrx_word' id='word_1_23' title='bbox 1332 605 1501 663; x_wconf 85' lang='lat' dir='ltr'><strong>Deum</strong></span> <span class='ocrx_word' id='word_1_24' title='bbox 1531 617 1639 664; x_wconf 90' lang='lat' dir='ltr'><strong>tres</strong></span> <span class='ocrx_word' id='word_1_25' title='bbox 1665 625 1921 680; x_wconf 85' lang='lat' dir='ltr'><strong>personas</strong></span> 
     </span>
    </p>
   </div>
   <div class='ocr_carea' id='block_1_4' title="bbox 337 679 1924 748">
    <p class='ocr_par' dir='ltr' id='par_1_4' title="bbox 337 679 1924 748">
     <span class='ocr_line' id='line_1_4' title="bbox 337 679 1924 748; baseline 0.001 -14"><span class='ocrx_word' id='word_1_26' title='bbox 337 680 657 743; x_wconf 87' lang='lat' dir='ltr'><strong>habentem;</strong></span> <span class='ocrx_word' id='word_1_27' title='bbox 683 679 750 732; x_wconf 87' lang='lat' dir='ltr'><strong>ita</strong></span> <span class='ocrx_word' id='word_1_28' title='bbox 779 681 952 734; x_wconf 88' lang='lat' dir='ltr'><strong>anima</strong></span> <span class='ocrx_word' id='word_1_29' title='bbox 975 679 1312 748; x_wconf 73' lang='lat' dir='ltr'><strong>intellectus,</strong></span> <span class='ocrx_word' id='word_1_30' title='bbox 1341 682 1519 738; x_wconf 84' lang='lat' dir='ltr'><strong>anima</strong></span> <span class='ocrx_word' id='word_1_31' title='bbox 1553 679 1800 736; x_wconf 72' lang='lat' dir='ltr'><strong>voluntas</strong></span> <span class='ocrx_word' id='word_1_32' title='bbox 1821 724 1835 747; x_wconf 86' lang='lat'><strong>,</strong></span> <span class='ocrx_word' id='word_1_33' title='bbox 1868 690 1924 736; x_wconf 87' lang='lat' dir='ltr'><strong>et</strong></span> 
     </span>
    </p>
   </div>
   <div class='ocr_carea' id='block_1_5' title="bbox 337 751 1922 812">
    <p class='ocr_par' dir='ltr' id='par_1_5' title="bbox 337 751 1922 812">
     <span class='ocr_line' id='line_1_5' title="bbox 337 751 1922 812; baseline -0.001 -5"><span class='ocrx_word' id='word_1_34' title='bbox 337 753 512 807; x_wconf 87' lang='lat' dir='ltr'><strong>anima</strong></span> <span class='ocrx_word' id='word_1_35' title='bbox 553 751 806 805; x_wconf 81' lang='lat' dir='ltr'><strong>memoria</strong></span> <span class='ocrx_word' id='word_1_36' title='bbox 836 769 849 804; x_wconf 90' lang='lat'><strong>:</strong></span> <span class='ocrx_word' id='word_1_37' title='bbox 883 765 987 805; x_wconf 92' lang='lat' dir='ltr'><strong>non</strong></span> <span class='ocrx_word' id='word_1_38' title='bbox 1016 760 1192 806; x_wconf 89' lang='lat' dir='ltr'><strong>tamen</strong></span> <span class='ocrx_word' id='word_1_39' title='bbox 1215 759 1332 812; x_wconf 67' lang='lat' dir='ltr'><strong>tiu</strong></span> <span class='ocrx_word' id='word_1_40' title='bbox 1363 752 1558 807; x_wconf 63' lang='lat' dir='ltr'><strong>animat</strong></span> <span class='ocrx_word' id='word_1_41' title='bbox 1583 752 1635 805; x_wconf 93' lang='lat' dir='ltr'><strong>lu</strong></span> <span class='ocrx_word' id='word_1_42' title='bbox 1663 767 1770 807; x_wconf 92' lang='lat' dir='ltr'><strong>uno</strong></span> <span class='ocrx_word' id='word_1_43' title='bbox 1796 767 1922 806; x_wconf 92' lang='lat' dir='ltr'><strong>cor-</strong></span> 
     </span>
    </p>
   </div>
   <div class='ocr_carea' id='block_1_6' title="bbox 336 821 1920 894">
    <p class='ocr_par' dir='ltr' id='par_1_6' title="bbox 336 821 1920 894">
     <span class='ocr_line' id='line_1_6' title="bbox 336 821 1920 894; baseline 0.001 -18"><span class='ocrx_word' id='word_1_44' title='bbox 336 839 470 894; x_wconf 86' lang='lat' dir='ltr'><strong>pore</strong></span> <span class='ocrx_word' id='word_1_45' title='bbox 493 831 649 888; x_wconf 84' lang='lat' dir='ltr'><strong>sunt,</strong></span> <span class='ocrx_word' id='word_1_46' title='bbox 683 821 777 876; x_wconf 88' lang='lat' dir='ltr'><strong>sed</strong></span> <span class='ocrx_word' id='word_1_47' title='bbox 809 837 916 877; x_wconf 89' lang='lat' dir='ltr'><strong>una</strong></span> <span class='ocrx_word' id='word_1_48' title='bbox 951 822 1158 889; x_wconf 89' lang='lat' dir='ltr'><strong>anima;</strong></span> <span class='ocrx_word' id='word_1_49' title='bbox 1189 837 1324 894; x_wconf 19' lang='lat' dir='ltr'><strong>qua,</strong></span> <span class='ocrx_word' id='word_1_50' title='bbox 1351 822 1477 894; x_wconf 86' lang='lat' dir='ltr'><strong>licet</strong></span> <span class='ocrx_word' id='word_1_51' title='bbox 1508 824 1666 894; x_wconf 86' lang='lat' dir='ltr'><strong>unius</strong></span> <span class='ocrx_word' id='word_1_52' title='bbox 1693 824 1760 876; x_wconf 93' lang='lat' dir='ltr'><strong>sit</strong></span> <span class='ocrx_word' id='word_1_53' title='bbox 1791 824 1920 878; x_wconf 91' lang='lat' dir='ltr'><strong>sub-</strong></span> 
     </span>
    </p>
   </div>
   <div class='ocr_carea' id='block_1_7' title="bbox 336 891 1918 964">
    <p class='ocr_par' dir='ltr' id='par_1_7' title="bbox 336 891 1918 964">
     <span class='ocr_line' id='line_1_7' title="bbox 336 891 1918 964; baseline -0.001 -15"><span class='ocrx_word' id='word_1_54' title='bbox 336 891 546 949; x_wconf 68' lang='lat' dir='ltr'><strong>stantiae</strong></span> <span class='ocrx_word' id='word_1_55' title='bbox 574 901 629 947; x_wconf 91' lang='lat' dir='ltr'><strong>et</strong></span> <span class='ocrx_word' id='word_1_56' title='bbox 656 902 877 960; x_wconf 72' lang='lat' dir='ltr'><strong>naturae,</strong></span> <span class='ocrx_word' id='word_1_57' title='bbox 902 903 1010 948; x_wconf 90' lang='lat' dir='ltr'><strong>tres</strong></span> <span class='ocrx_word' id='word_1_58' title='bbox 1033 891 1223 949; x_wconf 71' lang='lat' dir='ltr'><strong>tamen</strong></span> <span class='ocrx_word' id='word_1_59' title='bbox 1239 891 1405 950; x_wconf 84' lang='lat' dir='ltr'><strong>habet</strong></span> <span class='ocrx_word' id='word_1_60' title='bbox 1423 892 1730 964; x_wconf 72' lang='lat' dir='ltr'><strong>dignitates,</strong></span> <span class='ocrx_word' id='word_1_61' title='bbox 1761 895 1918 948; x_wconf 84' lang='lat' dir='ltr'><strong>intel—</strong></span> 
     </span>
    </p>
   </div>
   <div class='ocr_carea' id='block_1_8' title="bbox 335 964 1922 1029">
    <p class='ocr_par' dir='ltr' id='par_1_8' title="bbox 335 964 1922 1029">
     <span class='ocr_line' id='line_1_8' title="bbox 335 964 1922 1029; baseline -0.001 -8"><span class='ocrx_word' id='word_1_62' title='bbox 335 965 555 1029; x_wconf 85' lang='lat' dir='ltr'><strong>lectum,</strong></span> <span class='ocrx_word' id='word_1_63' title='bbox 580 965 905 1018; x_wconf 77' lang='lat' dir='ltr'><strong>voluntatem</strong></span> <span class='ocrx_word' id='word_1_64' title='bbox 925 1006 940 1028; x_wconf 87' lang='lat'><strong>,</strong></span> <span class='ocrx_word' id='word_1_65' title='bbox 970 973 1025 1020; x_wconf 90' lang='lat' dir='ltr'><strong>et</strong></span> <span class='ocrx_word' id='word_1_66' title='bbox 1051 967 1388 1021; x_wconf 86' lang='lat' dir='ltr'><strong>memoriam.</strong></span> <span class='ocrx_word' id='word_1_67' title='bbox 1417 964 1486 1019; x_wconf 88' lang='lat' dir='ltr'><strong>Et</strong></span> <span class='ocrx_word' id='word_1_68' title='bbox 1507 965 1645 1020; x_wconf 92' lang='lat' dir='ltr'><strong>sicut</strong></span> <span class='ocrx_word' id='word_1_69' title='bbox 1668 980 1734 1020; x_wconf 83' lang='lat' dir='ltr'><strong>ex</strong></span> <span class='ocrx_word' id='word_1_70' title='bbox 1765 964 1922 1020; x_wconf 82' lang='lat' dir='ltr'><strong>Patre</strong></span> 
     </span>
    </p>
   </div>
   <div class='ocr_carea' id='block_1_9' title="bbox 333 1034 1921 1106">
    <p class='ocr_par' dir='ltr' id='par_1_9' title="bbox 333 1034 1921 1106">
     <span class='ocr_line' id='line_1_9' title="bbox 333 1034 1921 1106; baseline -0.001 -15"><span class='ocrx_word' id='word_1_71' title='bbox 333 1045 625 1106; x_wconf 77' lang='lat' dir='ltr'><strong>generatur</strong></span> <span class='ocrx_word' id='word_1_72' title='bbox 646 1034 832 1099; x_wconf 83' lang='lat' dir='ltr'><strong>Filius,</strong></span> <span class='ocrx_word' id='word_1_73' title='bbox 865 1047 919 1090; x_wconf 90' lang='lat' dir='ltr'><strong>et</strong></span> <span class='ocrx_word' id='word_1_74' title='bbox 943 1051 1006 1090; x_wconf 90' lang='lat' dir='ltr'><strong>ex</strong></span> <span class='ocrx_word' id='word_1_75' title='bbox 1029 1035 1188 1091; x_wconf 83' lang='lat' dir='ltr'><strong>Patre</strong></span> <span class='ocrx_word' id='word_1_76' title='bbox 1215 1035 1458 1106; x_wconf 81' lang='lat' dir='ltr'><strong>Filioque</strong></span> <span class='ocrx_word' id='word_1_77' title='bbox 1490 1035 1729 1104; x_wconf 85' lang='lat' dir='ltr'><strong>procedit</strong></span> <span class='ocrx_word' id='word_1_78' title='bbox 1751 1035 1921 1106; x_wconf 83' lang='lat' dir='ltr'><strong>Spiri-</strong></span> 
     </span>
    </p>
   </div>
   <div class='ocr_carea' id='block_1_10' title="bbox 335 1106 1915 1176">
    <p class='ocr_par' dir='ltr' id='par_1_10' title="bbox 335 1106 1915 1176">
     <span class='ocr_line' id='line_1_10' title="bbox 335 1106 1915 1176; baseline -0.001 -15"><span class='ocrx_word' id='word_1_79' title='bbox 335 1116 422 1161; x_wconf 88' lang='lat' dir='ltr'><strong>tus</strong></span> <span class='ocrx_word' id='word_1_80' title='bbox 453 1117 701 1166; x_wconf 90' lang='lat' dir='ltr'><strong>sanctus;</strong></span> <span class='ocrx_word' id='word_1_81' title='bbox 734 1106 803 1159; x_wconf 90' lang='lat' dir='ltr'><strong>ita</strong></span> <span class='ocrx_word' id='word_1_82' title='bbox 845 1121 940 1176; x_wconf 90' lang='lat' dir='ltr'><strong>per</strong></span> <span class='ocrx_word' id='word_1_83' title='bbox 965 1106 1291 1162; x_wconf 91' lang='lat' dir='ltr'><strong>intellectum</strong></span> <span class='ocrx_word' id='word_1_84' title='bbox 1321 1116 1609 1175; x_wconf 70' lang='lat' dir='ltr'><strong>generatur</strong></span> <span class='ocrx_word' id='word_1_85' title='bbox 1635 1109 1877 1160; x_wconf 84' lang='lat' dir='ltr'><strong>voluntas</strong></span> <span class='ocrx_word' id='word_1_86' title='bbox 1900 1148 1915 1174; x_wconf 94' lang='lat'><strong>,</strong></span> 
     </span>
    </p>
   </div>
   <div class='ocr_carea' id='block_1_11' title="bbox 332 1177 1920 1246">
    <p class='ocr_par' dir='ltr' id='par_1_11' title="bbox 332 1177 1920 1246">
     <span class='ocr_line' id='line_1_11' title="bbox 332 1177 1920 1246; baseline -0.001 -13"><span class='ocrx_word' id='word_1_87' title='bbox 332 1187 389 1233; x_wconf 91' lang='lat' dir='ltr'><strong>et</strong></span> <span class='ocrx_word' id='word_1_88' title='bbox 416 1193 480 1233; x_wconf 91' lang='lat' dir='ltr'><strong>ex</strong></span> <span class='ocrx_word' id='word_1_89' title='bbox 510 1177 593 1231; x_wconf 88' lang='lat' dir='ltr'><strong>his</strong></span> <span class='ocrx_word' id='word_1_90' title='bbox 619 1177 824 1232; x_wconf 90' lang='lat' dir='ltr'><strong>duobus</strong></span> <span class='ocrx_word' id='word_1_91' title='bbox 864 1177 1102 1246; x_wconf 84' lang='lat' dir='ltr'><strong>procedit</strong></span> <span class='ocrx_word' id='word_1_92' title='bbox 1142 1178 1420 1234; x_wconf 87' lang='lat' dir='ltr'><strong>memoria.</strong></span> <span class='ocrx_word' id='word_1_93' title='bbox 1467 1177 1597 1232; x_wconf 87' lang='lat' dir='ltr'><strong>Sine</strong></span> <span class='ocrx_word' id='word_1_94' title='bbox 1632 1177 1715 1232; x_wconf 90' lang='lat' dir='ltr'><strong>his</strong></span> <span class='ocrx_word' id='word_1_95' title='bbox 1752 1179 1920 1232; x_wconf 91' lang='lat' dir='ltr'><strong>tribus</strong></span> 
     </span>
    </p>
   </div>
   <div class='ocr_carea' id='block_1_12' title="bbox 332 1247 1915 1318">
    <p class='ocr_par' dir='ltr' id='par_1_12' title="bbox 332 1247 1915 1318">
     <span class='ocr_line' id='line_1_12' title="bbox 332 1247 1915 1318; baseline 0 -16"><span class='ocrx_word' id='word_1_96' title='bbox 332 1250 513 1303; x_wconf 86' lang='lat' dir='ltr'><strong>anima</strong></span> <span class='ocrx_word' id='word_1_97' title='bbox 551 1247 784 1318; x_wconf 89' lang='lat' dir='ltr'><strong>perfecta</strong></span> <span class='ocrx_word' id='word_1_98' title='bbox 827 1263 946 1303; x_wconf 86' lang='lat' dir='ltr'><strong>esse</strong></span> <span class='ocrx_word' id='word_1_99' title='bbox 985 1264 1090 1304; x_wconf 91' lang='lat' dir='ltr'><strong>non</strong></span> <span class='ocrx_word' id='word_1_100' title='bbox 1135 1257 1346 1318; x_wconf 88' lang='lat' dir='ltr'><strong>potest.</strong></span> <span class='ocrx_word' id='word_1_101' title='bbox 1390 1263 1489 1304; x_wconf 89' lang='lat' dir='ltr'><strong>nec</strong></span> <span class='ocrx_word' id='word_1_102' title='bbox 1529 1250 1715 1302; x_wconf 88' lang='lat' dir='ltr'><strong>horum</strong></span> <span class='ocrx_word' id='word_1_103' title='bbox 1758 1249 1915 1302; x_wconf 85' lang='lat' dir='ltr'><strong>trium</strong></span> 
     </span>
    </p>
   </div>
   <div class='ocr_carea' id='block_1_13' title="bbox 333 1319 1915 1390">
    <p class='ocr_par' dir='ltr' id='par_1_13' title="bbox 333 1319 1915 1390">
     <span class='ocr_line' id='line_1_13' title="bbox 333 1319 1915 1390; baseline -0.001 -18"><span class='ocrx_word' id='word_1_104' title='bbox 333 1335 498 1374; x_wconf 90' lang='lat' dir='ltr'><strong>unum</strong></span> <span class='ocrx_word' id='word_1_105' title='bbox 539 1320 656 1373; x_wconf 89' lang='lat' dir='ltr'><strong>sine</strong></span> <span class='ocrx_word' id='word_1_106' title='bbox 694 1320 809 1390; x_wconf 84' lang='lat' dir='ltr'><strong>aliis</strong></span> <span class='ocrx_word' id='word_1_107' title='bbox 849 1319 1058 1374; x_wconf 84' lang='lat' dir='ltr'><strong>duobus</strong></span> <span class='ocrx_word' id='word_1_108' title='bbox 1093 1319 1293 1390; x_wconf 90' lang='lat' dir='ltr'><strong>aliquid</strong></span> <span class='ocrx_word' id='word_1_109' title='bbox 1340 1320 1603 1390; x_wconf 89' lang='lat' dir='ltr'><strong>integrum</strong></span> <span class='ocrx_word' id='word_1_110' title='bbox 1651 1319 1915 1373; x_wconf 85' lang='lat' dir='ltr'><strong>consistit.</strong></span> 
     </span>
    </p>
   </div>
   <div class='ocr_carea' id='block_1_14' title="bbox 331 1389 1915 1453">
    <p class='ocr_par' dir='ltr' id='par_1_14' title="bbox 331 1389 1915 1453">
     <span class='ocr_line' id='line_1_14' title="bbox 331 1389 1915 1453; baseline -0.001 -8"><span class='ocrx_word' id='word_1_111' title='bbox 331 1390 444 1445; x_wconf 80' lang='lat' dir='ltr'><strong>Nec</strong></span> <span class='ocrx_word' id='word_1_112' title='bbox 480 1391 651 1444; x_wconf 91' lang='lat' dir='ltr'><strong>solum</strong></span> <span class='ocrx_word' id='word_1_113' title='bbox 693 1389 890 1444; x_wconf 91' lang='lat' dir='ltr'><strong>suflicit</strong></span> <span class='ocrx_word' id='word_1_114' title='bbox 936 1389 1274 1453; x_wconf 89' lang='lat' dir='ltr'><strong>intellectus,</strong></span> <span class='ocrx_word' id='word_1_115' title='bbox 1325 1391 1425 1445; x_wconf 92' lang='lat' dir='ltr'><strong>nisi</strong></span> <span class='ocrx_word' id='word_1_116' title='bbox 1461 1389 1530 1443; x_wconf 88' lang='lat' dir='ltr'><strong>sit</strong></span> <span class='ocrx_word' id='word_1_117' title='bbox 1578 1390 1822 1444; x_wconf 89' lang='lat' dir='ltr'><strong>voluntas</strong></span> <span class='ocrx_word' id='word_1_118' title='bbox 1865 1393 1915 1444; x_wconf 91' lang='lat' dir='ltr'><strong>iu</strong></span> 
     </span>
    </p>
   </div>
   <div class='ocr_carea' id='block_1_15' title="bbox 331 1460 1918 1531">
    <p class='ocr_par' dir='ltr' id='par_1_15' title="bbox 331 1460 1918 1531">
     <span class='ocr_line' id='line_1_15' title="bbox 331 1460 1918 1531; baseline -0.001 -15"><span class='ocrx_word' id='word_1_119' title='bbox 331 1476 519 1516; x_wconf 87' lang='lat' dir='ltr'><strong>amore</strong></span> <span class='ocrx_word' id='word_1_120' title='bbox 559 1478 572 1514; x_wconf 89' lang='lat'><strong>:</strong></span> <span class='ocrx_word' id='word_1_121' title='bbox 604 1475 702 1514; x_wconf 92' lang='lat' dir='ltr'><strong>nec</strong></span> <span class='ocrx_word' id='word_1_122' title='bbox 731 1461 845 1514; x_wconf 70' lang='lat' dir='ltr'><strong>inec</strong></span> <span class='ocrx_word' id='word_1_123' title='bbox 881 1460 990 1515; x_wconf 92' lang='lat' dir='ltr'><strong>duo</strong></span> <span class='ocrx_word' id='word_1_124' title='bbox 1014 1503 1028 1527; x_wconf 94' lang='lat'><strong>,</strong></span> <span class='ocrx_word' id='word_1_125' title='bbox 1073 1461 1174 1516; x_wconf 90' lang='lat' dir='ltr'><strong>nisi</strong></span> <span class='ocrx_word' id='word_1_126' title='bbox 1211 1460 1438 1515; x_wconf 90' lang='lat' dir='ltr'><strong>addatur</strong></span> <span class='ocrx_word' id='word_1_127' title='bbox 1475 1463 1730 1516; x_wconf 85' lang='lat' dir='ltr'><strong>memoria</strong></span> <span class='ocrx_word' id='word_1_128' title='bbox 1757 1503 1768 1524; x_wconf 82' lang='lat'><strong>,</strong></span> <span class='ocrx_word' id='word_1_129' title='bbox 1799 1463 1918 1531; x_wconf 85' lang='lat' dir='ltr'><strong>quae</strong></span> 
     </span>
    </p>
   </div>
   <div class='ocr_carea' id='block_1_16' title="bbox 333 1531 1918 1602">
    <p class='ocr_par' dir='ltr' id='par_1_16' title="bbox 333 1531 1918 1602">
     <span class='ocr_line' id='line_1_16' title="bbox 333 1531 1918 1602; baseline 0 -16"><span class='ocrx_word' id='word_1_130' title='bbox 333 1547 550 1602; x_wconf 84' lang='lat' dir='ltr'><strong>semper</strong></span> <span class='ocrx_word' id='word_1_131' title='bbox 583 1532 634 1585; x_wconf 92' lang='lat' dir='ltr'><strong>in</strong></span> <span class='ocrx_word' id='word_1_132' title='bbox 663 1540 842 1586; x_wconf 89' lang='lat' dir='ltr'><strong>mente</strong></span> <span class='ocrx_word' id='word_1_133' title='bbox 868 1531 1214 1602; x_wconf 88' lang='lat' dir='ltr'><strong>intelligentis</strong></span> <span class='ocrx_word' id='word_1_134' title='bbox 1241 1539 1296 1585; x_wconf 91' lang='lat' dir='ltr'><strong>et</strong></span> <span class='ocrx_word' id='word_1_135' title='bbox 1323 1532 1594 1601; x_wconf 74' lang='lat' dir='ltr'><strong>diligentis</strong></span> <span class='ocrx_word' id='word_1_136' title='bbox 1614 1540 1793 1585; x_wconf 91' lang='lat' dir='ltr'><strong>manet</strong></span> <span class='ocrx_word' id='word_1_137' title='bbox 1821 1532 1918 1587; x_wconf 86' lang='lat' dir='ltr'><strong>eli—</strong></span> 
     </span>
    </p>
   </div>
   <div class='ocr_carea' id='block_1_17' title="bbox 332 1602 1918 1673">
    <p class='ocr_par' dir='ltr' id='par_1_17' title="bbox 332 1602 1918 1673">
     <span class='ocr_line' id='line_1_17' title="bbox 332 1602 1918 1673; baseline -0.001 -15"><span class='ocrx_word' id='word_1_138' title='bbox 332 1619 486 1673; x_wconf 86' lang='lat' dir='ltr'><strong>gens.</strong></span> <span class='ocrx_word' id='word_1_139' title='bbox 517 1602 890 1673; x_wconf 82' lang='lat' dir='ltr'><strong>Universitatis</strong></span> <span class='ocrx_word' id='word_1_140' title='bbox 914 1603 1054 1656; x_wconf 88' lang='lat' dir='ltr'><strong>enim</strong></span> <span class='ocrx_word' id='word_1_141' title='bbox 1081 1602 1326 1656; x_wconf 89' lang='lat' dir='ltr'><strong>conditor</strong></span> <span class='ocrx_word' id='word_1_142' title='bbox 1353 1602 1496 1658; x_wconf 83' lang='lat' dir='ltr'><strong>Deus</strong></span> <span class='ocrx_word' id='word_1_143' title='bbox 1523 1617 1713 1657; x_wconf 89' lang='lat' dir='ltr'><strong>omnes</strong></span> <span class='ocrx_word' id='word_1_144' title='bbox 1743 1613 1918 1657; x_wconf 91' lang='lat' dir='ltr'><strong>motus</strong></span> 
     </span>
    </p>
   </div>
   <div class='ocr_carea' id='block_1_18' title="bbox 331 1672 1918 1743">
    <p class='ocr_par' dir='ltr' id='par_1_18' title="bbox 331 1672 1918 1743">
     <span class='ocr_line' id='line_1_18' title="bbox 331 1672 1918 1743; baseline 0 -15"><span class='ocrx_word' id='word_1_145' title='bbox 331 1672 527 1728; x_wconf 70' lang='lat' dir='ltr'><strong>animae</strong></span> <span class='ocrx_word' id='word_1_146' title='bbox 552 1674 617 1728; x_wconf 87' lang='lat' dir='ltr'><strong>ad</strong></span> <span class='ocrx_word' id='word_1_147' title='bbox 649 1674 846 1728; x_wconf 92' lang='lat' dir='ltr'><strong>bonum</strong></span> <span class='ocrx_word' id='word_1_148' title='bbox 875 1672 1000 1727; x_wconf 87' lang='lat' dir='ltr'><strong>facit</strong></span> <span class='ocrx_word' id='word_1_149' title='bbox 1027 1690 1039 1727; x_wconf 91' lang='lat'>:</span> <span class='ocrx_word' id='word_1_150' title='bbox 1074 1673 1400 1727; x_wconf 91' lang='lat' dir='ltr'><strong>intellectum</strong></span> <span class='ocrx_word' id='word_1_151' title='bbox 1419 1715 1433 1738; x_wconf 93' lang='lat'><strong>,</strong></span> <span class='ocrx_word' id='word_1_152' title='bbox 1465 1683 1522 1726; x_wconf 93' lang='lat' dir='ltr'><strong>ut</strong></span> <span class='ocrx_word' id='word_1_153' title='bbox 1559 1673 1918 1743; x_wconf 78' lang='lat' dir='ltr'><strong>intelligamus</strong></span> 
     </span>
    </p>
   </div>
   <div class='ocr_carea' id='block_1_19' title="bbox 331 1745 1917 1815">
    <p class='ocr_par' dir='ltr' id='par_1_19' title="bbox 331 1745 1917 1815">
     <span class='ocr_line' id='line_1_19' title="bbox 331 1745 1917 1815; baseline 0.001 -18"><span class='ocrx_word' id='word_1_154' title='bbox 331 1746 476 1815; x_wconf 90' lang='lat' dir='ltr'><strong>quod</strong></span> <span class='ocrx_word' id='word_1_155' title='bbox 503 1745 683 1814; x_wconf 85' lang='lat' dir='ltr'><strong>jubet;</strong></span> <span class='ocrx_word' id='word_1_156' title='bbox 715 1745 1084 1809; x_wconf 74' lang='lat' dir='ltr'><strong>voluntatem,</strong></span> <span class='ocrx_word' id='word_1_157' title='bbox 1127 1753 1185 1797; x_wconf 92' lang='lat' dir='ltr'><strong>ut</strong></span> <span class='ocrx_word' id='word_1_158' title='bbox 1222 1745 1292 1815; x_wconf 87' lang='lat' dir='ltr'><strong>sit</strong></span> <span class='ocrx_word' id='word_1_159' title='bbox 1329 1745 1380 1797; x_wconf 93' lang='lat' dir='ltr'><strong>in</strong></span> <span class='ocrx_word' id='word_1_160' title='bbox 1411 1759 1595 1799; x_wconf 89' lang='lat' dir='ltr'><strong>amore</strong></span> <span class='ocrx_word' id='word_1_161' title='bbox 1621 1745 1770 1810; x_wconf 82' lang='lat' dir='ltr'><strong>ejus;</strong></span> <span class='ocrx_word' id='word_1_162' title='bbox 1804 1760 1917 1798; x_wconf 90' lang='lat' dir='ltr'><strong>me-</strong></span> 
     </span>
    </p>
   </div>
   <div class='ocr_carea' id='block_1_20' title="bbox 332 1814 1914 1885">
    <p class='ocr_par' dir='ltr' id='par_1_20' title="bbox 332 1814 1914 1885">
     <span class='ocr_line' id='line_1_20' title="bbox 332 1814 1914 1885; baseline -0.001 -15"><span class='ocrx_word' id='word_1_163' title='bbox 332 1814 560 1870; x_wconf 86' lang='lat' dir='ltr'><strong>moriam</strong></span> <span class='ocrx_word' id='word_1_164' title='bbox 588 1857 600 1876; x_wconf 85' lang='lat'><strong>.</strong></span> <span class='ocrx_word' id='word_1_165' title='bbox 635 1830 702 1868; x_wconf 91' lang='lat' dir='ltr'><strong>ne</strong></span> <span class='ocrx_word' id='word_1_166' title='bbox 739 1815 1119 1868; x_wconf 81' lang='lat' dir='ltr'><strong>obliviscamur</strong></span> <span class='ocrx_word' id='word_1_167' title='bbox 1156 1814 1298 1884; x_wconf 89' lang='lat' dir='ltr'><strong>quod</strong></span> <span class='ocrx_word' id='word_1_168' title='bbox 1341 1815 1584 1882; x_wconf 82' lang='lat' dir='ltr'><strong>imperat.</strong></span> <span class='ocrx_word' id='word_1_169' title='bbox 1621 1815 1714 1868; x_wconf 87' lang='lat' dir='ltr'><strong>Eia</strong></span> <span class='ocrx_word' id='word_1_170' title='bbox 1747 1831 1875 1885; x_wconf 87' lang='lat' dir='ltr'><strong>ergo</strong></span> <span class='ocrx_word' id='word_1_171' title='bbox 1898 1855 1914 1880; x_wconf 93' lang='lat'><strong>,</strong></span> 
     </span>
    </p>
   </div>
   <div class='ocr_carea' id='block_1_21' title="bbox 331 1885 1912 1950">
    <p class='ocr_par' dir='ltr' id='par_1_21' title="bbox 331 1885 1912 1950">
     <span class='ocr_line' id='line_1_21' title="bbox 331 1885 1912 1950; baseline 0 -10"><span class='ocrx_word' id='word_1_172' title='bbox 331 1886 526 1941; x_wconf 90' lang='lat' dir='ltr'><strong>fratres</strong></span> <span class='ocrx_word' id='word_1_173' title='bbox 551 1886 683 1950; x_wconf 89' lang='lat' dir='ltr'><strong>mei,</strong></span> <span class='ocrx_word' id='word_1_174' title='bbox 708 1897 763 1940; x_wconf 90' lang='lat' dir='ltr'><strong>et</strong></span> <span class='ocrx_word' id='word_1_175' title='bbox 791 1901 985 1939; x_wconf 89' lang='lat' dir='ltr'><strong>corona</strong></span> <span class='ocrx_word' id='word_1_176' title='bbox 1017 1887 1202 1939; x_wconf 86' lang='lat' dir='ltr'><strong>matris</strong></span> <span class='ocrx_word' id='word_1_177' title='bbox 1241 1899 1401 1948; x_wconf 66' lang='lat' dir='ltr'><strong>meat;</strong></span> <span class='ocrx_word' id='word_1_178' title='bbox 1433 1886 1596 1939; x_wconf 89' lang='lat' dir='ltr'><strong>nolite</strong></span> <span class='ocrx_word' id='word_1_179' title='bbox 1623 1885 1912 1948; x_wconf 86' lang='lat' dir='ltr'><strong>discutere.</strong></span> 
     </span>
    </p>
   </div>
   <div class='ocr_carea' id='block_1_22' title="bbox 330 1956 1917 2027">
    <p class='ocr_par' dir='ltr' id='par_1_22' title="bbox 330 1956 1917 2027">
     <span class='ocr_line' id='line_1_22' title="bbox 330 1956 1917 2027; baseline -0.001 -15"><span class='ocrx_word' id='word_1_180' title='bbox 330 1958 435 2012; x_wconf 88' lang='lat' dir='ltr'><strong>nisi</strong></span> <span class='ocrx_word' id='word_1_181' title='bbox 474 1967 728 2027; x_wconf 88' lang='lat' dir='ltr'><strong>quantum</strong></span> <span class='ocrx_word' id='word_1_182' title='bbox 769 1957 920 2010; x_wconf 84' lang='lat' dir='ltr'><strong>vobis</strong></span> <span class='ocrx_word' id='word_1_183' title='bbox 959 1971 1181 2010; x_wconf 80' lang='lat' dir='ltr'><strong>necesse</strong></span> <span class='ocrx_word' id='word_1_184' title='bbox 1218 1965 1303 2010; x_wconf 92' lang='lat' dir='ltr'><strong>est</strong></span> <span class='ocrx_word' id='word_1_185' title='bbox 1339 1956 1405 2009; x_wconf 89' lang='lat' dir='ltr'><strong>ad</strong></span> <span class='ocrx_word' id='word_1_186' title='bbox 1444 1957 1674 2027; x_wconf 82' lang='lat' dir='ltr'><strong>salutem</strong></span> <span class='ocrx_word' id='word_1_187' title='bbox 1705 1974 1719 2027; x_wconf 66' lang='grc' dir='ltr'><strong><em>ς</em></strong></span> <span class='ocrx_word' id='word_1_188' title='bbox 1751 1958 1917 2011; x_wconf 89' lang='lat' dir='ltr'><strong>nolite</strong></span> 
     </span>
    </p>
   </div>
   <div class='ocr_carea' id='block_1_23' title="bbox 330 2026 1915 2097">
    <p class='ocr_par' dir='ltr' id='par_1_23' title="bbox 330 2026 1915 2097">
     <span class='ocr_line' id='line_1_23' title="bbox 330 2026 1915 2097; baseline -0.002 -14"><span class='ocrx_word' id='word_1_189' title='bbox 330 2026 561 2096; x_wconf 85' lang='lat' dir='ltr'><strong>sapere,</strong></span> <span class='ocrx_word' id='word_1_190' title='bbox 613 2028 712 2083; x_wconf 87' lang='lat' dir='ltr'><strong>nisi</strong></span> <span class='ocrx_word' id='word_1_191' title='bbox 760 2036 1015 2097; x_wconf 89' lang='lat' dir='ltr'><strong>quantum</strong></span> <span class='ocrx_word' id='word_1_192' title='bbox 1061 2035 1272 2097; x_wconf 87' lang='lat' dir='ltr'><strong>oportet</strong></span> <span class='ocrx_word' id='word_1_193' title='bbox 1321 2042 1530 2095; x_wconf 88' lang='lat' dir='ltr'><strong>sapere.</strong></span> <span class='ocrx_word' id='word_1_194' title='bbox 1580 2026 1717 2094; x_wconf 83' lang='lat' dir='ltr'><strong>Quid</strong></span> <span class='ocrx_word' id='word_1_195' title='bbox 1771 2029 1915 2081; x_wconf 90' lang='lat' dir='ltr'><strong>enim</strong></span> 
     </span>
    </p>
   </div>
   <div class='ocr_carea' id='block_1_24' title="bbox 331 2097 1916 2168">
    <p class='ocr_par' dir='ltr' id='par_1_24' title="bbox 331 2097 1916 2168">
     <span class='ocr_line' id='line_1_24' title="bbox 331 2097 1916 2168; baseline -0.001 -16"><span class='ocrx_word' id='word_1_196' title='bbox 331 2108 544 2168; x_wconf 86' lang='lat' dir='ltr'><strong>oportet</strong></span> <span class='ocrx_word' id='word_1_197' title='bbox 573 2113 761 2168; x_wconf 78' lang='lat' dir='ltr'><strong>sapere</strong></span> <span class='ocrx_word' id='word_1_198' title='bbox 786 2141 800 2163; x_wconf 88' lang='lat'><strong>,</strong></span> <span class='ocrx_word' id='word_1_199' title='bbox 834 2097 932 2151; x_wconf 86' lang='lat' dir='ltr'><strong>nisi</strong></span> <span class='ocrx_word' id='word_1_200' title='bbox 971 2097 1111 2168; x_wconf 90' lang='lat' dir='ltr'><strong>quod</strong></span> <span class='ocrx_word' id='word_1_201' title='bbox 1153 2098 1293 2152; x_wconf 89' lang='lat' dir='ltr'><strong>Deus</strong></span> <span class='ocrx_word' id='word_1_202' title='bbox 1333 2098 1505 2151; x_wconf 89' lang='lat' dir='ltr'><strong>trinus</strong></span> <span class='ocrx_word' id='word_1_203' title='bbox 1543 2106 1598 2152; x_wconf 90' lang='lat' dir='ltr'><strong>et</strong></span> <span class='ocrx_word' id='word_1_204' title='bbox 1626 2114 1762 2152; x_wconf 92' lang='lat' dir='ltr'><strong>unus</strong></span> <span class='ocrx_word' id='word_1_205' title='bbox 1789 2098 1916 2152; x_wconf 85' lang='lat' dir='ltr'><strong>est?</strong></span> 
     </span>
    </p>
   </div>
   <div class='ocr_carea' id='block_1_25' title="bbox 331 2168 1912 2238">
    <p class='ocr_par' dir='ltr' id='par_1_25' title="bbox 331 2168 1912 2238">
     <span class='ocr_line' id='line_1_25' title="bbox 331 2168 1912 2238; baseline -0.001 -15"><span class='ocrx_word' id='word_1_206' title='bbox 331 2168 468 2238; x_wconf 86' lang='lat' dir='ltr'><strong>Quid</strong></span> <span class='ocrx_word' id='word_1_207' title='bbox 497 2170 637 2224; x_wconf 86' lang='lat' dir='ltr'><strong>aliud</strong></span> <span class='ocrx_word' id='word_1_208' title='bbox 667 2184 890 2223; x_wconf 89' lang='lat' dir='ltr'><strong>necesse</strong></span> <span class='ocrx_word' id='word_1_209' title='bbox 919 2175 1003 2223; x_wconf 89' lang='lat' dir='ltr'><strong>est</strong></span> <span class='ocrx_word' id='word_1_210' title='bbox 1031 2169 1184 2222; x_wconf 89' lang='lat' dir='ltr'><strong>nobis</strong></span> <span class='ocrx_word' id='word_1_211' title='bbox 1205 2207 1222 2234; x_wconf 92' lang='lat'><strong>,</strong></span> <span class='ocrx_word' id='word_1_212' title='bbox 1257 2168 1359 2222; x_wconf 84' lang='lat' dir='ltr'><strong>nisi</strong></span> <span class='ocrx_word' id='word_1_213' title='bbox 1389 2168 1664 2222; x_wconf 83' lang='lat' dir='ltr'><strong>declinare</strong></span> <span class='ocrx_word' id='word_1_214' title='bbox 1691 2185 1717 2220; x_wconf 92' lang='lat' dir='ltr'><strong>a</strong></span> <span class='ocrx_word' id='word_1_215' title='bbox 1747 2169 1912 2234; x_wconf 89' lang='lat' dir='ltr'><strong>malo,</strong></span> 
     </span>
    </p>
   </div>
   <div class='ocr_carea' id='block_1_26' title="bbox 329 2239 1912 2309">
    <p class='ocr_par' dir='ltr' id='par_1_26' title="bbox 329 2239 1912 2309">
     <span class='ocr_line' id='line_1_26' title="bbox 329 2239 1912 2309; baseline -0.001 -14"><span class='ocrx_word' id='word_1_216' title='bbox 329 2251 388 2295; x_wconf 85' lang='lat' dir='ltr'><strong>et</strong></span> <span class='ocrx_word' id='word_1_217' title='bbox 417 2240 591 2295; x_wconf 83' lang='lat' dir='ltr'><strong>facere</strong></span> <span class='ocrx_word' id='word_1_218' title='bbox 619 2240 762 2309; x_wconf 89' lang='lat' dir='ltr'><strong>quod</strong></span> <span class='ocrx_word' id='word_1_219' title='bbox 793 2239 988 2294; x_wconf 89' lang='lat' dir='ltr'><strong>bonum</strong></span> <span class='ocrx_word' id='word_1_220' title='bbox 1014 2240 1140 2295; x_wconf 85' lang='lat' dir='ltr'><strong>est?</strong></span> <span class='ocrx_word' id='word_1_221' title='bbox 1177 2240 1313 2306; x_wconf 83' lang='lat' dir='ltr'><strong>Quid</strong></span> <span class='ocrx_word' id='word_1_222' title='bbox 1353 2239 1498 2293; x_wconf 89' lang='lat' dir='ltr'><strong>aliud</strong></span> <span class='ocrx_word' id='word_1_223' title='bbox 1539 2253 1762 2294; x_wconf 89' lang='lat' dir='ltr'><strong>necesse</strong></span> <span class='ocrx_word' id='word_1_224' title='bbox 1790 2249 1873 2294; x_wconf 90' lang='lat' dir='ltr'><strong>est</strong></span> <span class='ocrx_word' id='word_1_225' title='bbox 1897 2280 1912 2305; x_wconf 94' lang='lat'><strong>,</strong></span> 
     </span>
    </p>
   </div>
   <div class='ocr_carea' id='block_1_27' title="bbox 327 2310 1912 2380">
    <p class='ocr_par' dir='ltr' id='par_1_27' title="bbox 327 2310 1912 2380">
     <span class='ocr_line' id='line_1_27' title="bbox 327 2310 1912 2380; baseline -0.001 -14"><span class='ocrx_word' id='word_1_226' title='bbox 327 2311 435 2368; x_wconf 77' lang='lat' dir='ltr'><strong>nisi</strong></span> <span class='ocrx_word' id='word_1_227' title='bbox 462 2311 600 2380; x_wconf 92' lang='lat' dir='ltr'><strong>quod</strong></span> <span class='ocrx_word' id='word_1_228' title='bbox 633 2313 769 2364; x_wconf 84' lang='lat' dir='ltr'><strong>bona</strong></span> <span class='ocrx_word' id='word_1_229' title='bbox 794 2317 1183 2380; x_wconf 84' lang='lat' dir='ltr'><strong>cognoscamus</strong></span> <span class='ocrx_word' id='word_1_230' title='bbox 1207 2317 1259 2365; x_wconf 90' lang='lat' dir='ltr'><strong>et</strong></span> <span class='ocrx_word' id='word_1_231' title='bbox 1289 2311 1467 2364; x_wconf 86' lang='lat' dir='ltr'><strong>mala?</strong></span> <span class='ocrx_word' id='word_1_232' title='bbox 1499 2310 1659 2376; x_wconf 88' lang='lat' dir='ltr'><strong>bona,</strong></span> <span class='ocrx_word' id='word_1_233' title='bbox 1690 2321 1750 2364; x_wconf 90' lang='lat' dir='ltr'><strong>ut</strong></span> <span class='ocrx_word' id='word_1_234' title='bbox 1772 2313 1912 2364; x_wconf 88' lang='lat' dir='ltr'><strong>scia-</strong></span> 
     </span>
    </p>
   </div>
   <div class='ocr_carea' id='block_1_28' title="bbox 326 2380 1917 2452">
    <p class='ocr_par' dir='ltr' id='par_1_28' title="bbox 326 2380 1917 2452">
     <span class='ocr_line' id='line_1_28' title="bbox 326 2380 1917 2452; baseline -0.001 -14"><span class='ocrx_word' id='word_1_235' title='bbox 326 2397 454 2439; x_wconf 83' lang='lat' dir='ltr'><strong>mus</strong></span> <span class='ocrx_word' id='word_1_236' title='bbox 476 2397 538 2437; x_wconf 93' lang='lat' dir='ltr'><strong>ea</strong></span> <span class='ocrx_word' id='word_1_237' title='bbox 566 2397 788 2452; x_wconf 88' lang='lat' dir='ltr'><strong>rapere;</strong></span> <span class='ocrx_word' id='word_1_238' title='bbox 815 2383 973 2444; x_wconf 86' lang='lat' dir='ltr'><strong>mala,</strong></span> <span class='ocrx_word' id='word_1_239' title='bbox 997 2391 1057 2436; x_wconf 92' lang='lat' dir='ltr'><strong>ut</strong></span> <span class='ocrx_word' id='word_1_240' title='bbox 1078 2382 1308 2435; x_wconf 86' lang='lat' dir='ltr'><strong>sciamus</strong></span> <span class='ocrx_word' id='word_1_241' title='bbox 1327 2397 1388 2435; x_wconf 90' lang='lat' dir='ltr'><strong>ea</strong></span> <span class='ocrx_word' id='word_1_242' title='bbox 1410 2380 1670 2435; x_wconf 76' lang='lat' dir='ltr'><strong>devitarc.</strong></span> <span class='ocrx_word' id='word_1_243' title='bbox 1696 2380 1810 2434; x_wconf 85' lang='lat' dir='ltr'><strong>Non</strong></span> <span class='ocrx_word' id='word_1_244' title='bbox 1832 2389 1917 2436; x_wconf 88' lang='lat' dir='ltr'><strong>est</strong></span> 
     </span>
    </p>
   </div>
   <div class='ocr_carea' id='block_1_29' title="bbox 326 2452 1908 2526">
    <p class='ocr_par' dir='ltr' id='par_1_29' title="bbox 326 2452 1908 2526">
     <span class='ocr_line' id='line_1_29' title="bbox 326 2452 1908 2526; baseline -0.004 -17"><span class='ocrx_word' id='word_1_245' title='bbox 326 2453 494 2526; x_wconf 88' lang='lat' dir='ltr'><strong>igitur</strong></span> <span class='ocrx_word' id='word_1_246' title='bbox 541 2456 734 2526; x_wconf 83' lang='lat' dir='ltr'><strong>malum</strong></span> <span class='ocrx_word' id='word_1_247' title='bbox 775 2455 914 2507; x_wconf 89' lang='lat' dir='ltr'><strong>scire</strong></span> <span class='ocrx_word' id='word_1_248' title='bbox 953 2452 1147 2526; x_wconf 76' lang='lat' dir='ltr'><strong>maium</strong></span> <span class='ocrx_word' id='word_1_249' title='bbox 1193 2454 1369 2526; x_wconf 89' lang='lat' dir='ltr'><strong>:_quia</strong></span> <span class='ocrx_word' id='word_1_250' title='bbox 1414 2452 1514 2505; x_wconf 91' lang='lat' dir='ltr'><strong>nisi</strong></span> <span class='ocrx_word' id='word_1_251' title='bbox 1553 2452 1869 2520; x_wconf 73' lang='lat' dir='ltr'><strong>cognoveris</strong></span> <span class='ocrx_word' id='word_1_252' title='bbox 1894 2492 1908 2516; x_wconf 97' lang='lat'><strong>,</strong></span> 
     </span>
    </p>
   </div>
   <div class='ocr_carea' id='block_1_30' title="bbox 327 2522 1916 2596">
    <p class='ocr_par' dir='ltr' id='par_1_30' title="bbox 327 2522 1916 2596">
     <span class='ocr_line' id='line_1_30' title="bbox 327 2522 1916 2596; baseline -0.004 -15"><span class='ocrx_word' id='word_1_253' title='bbox 327 2522 793 2596; x_wconf 29' lang='lat' dir='ltr'><strong>quomodonvitare</strong></span> <span class='ocrx_word' id='word_1_254' title='bbox 821 2523 1061 2596; x_wconf 58' lang='lat' dir='ltr'><strong>poteris?</strong></span> <span class='ocrx_word' id='word_1_255' title='bbox 1089 2522 1191 2596; x_wconf 79' lang='lat' dir='ltr'><strong>Per</strong></span> <span class='ocrx_word' id='word_1_256' title='bbox 1219 2522 1377 2596; x_wconf 81' lang='lat' dir='ltr'><strong>legem</strong></span> <span class='ocrx_word' id='word_1_257' title='bbox 1405 2538 1620 2596; x_wconf 68' lang='lat' dir='ltr'><strong>namque</strong></span> <span class='ocrx_word' id='word_1_258' title='bbox 1657 2531 1916 2596; x_wconf 63' lang='lat' dir='ltr'><strong>peceatum</strong></span> 
     </span>
    </p>
   </div>
   <div class='ocr_carea' id='block_1_31' title="bbox 328 2593 1913 2667">
    <p class='ocr_par' dir='ltr' id='par_1_31' title="bbox 328 2593 1913 2667">
     <span class='ocr_line' id='line_1_31' title="bbox 328 2593 1913 2667; baseline -0.004 -17"><span class='ocrx_word' id='word_1_259' title='bbox 328 2593 542 2667; x_wconf 69' lang='lat' dir='ltr'><strong>cognovi</strong></span> <span class='ocrx_word' id='word_1_260' title='bbox 567 2594 740 2666; x_wconf 81' lang='lat' dir='ltr'><strong>(Rom.</strong></span> <span class='ocrx_word' id='word_1_261' title='bbox 771 2610 862 2656; x_wconf 85' lang='lat' dir='ltr'><strong>vn,</strong></span> <span class='ocrx_word' id='word_1_262' title='bbox 892 2595 970 2664; x_wconf 85' lang='lat'><strong>7),</strong></span> <span class='ocrx_word' id='word_1_263' title='bbox 998 2594 1070 2667; x_wconf 83' lang='lat' dir='ltr'><strong>ait</strong></span> <span class='ocrx_word' id='word_1_264' title='bbox 1097 2594 1416 2667; x_wconf 71' lang='lat' dir='ltr'><strong>Apostolus;</strong></span> <span class='ocrx_word' id='word_1_265' title='bbox 1441 2593 1562 2662; x_wconf 84' lang='lat' dir='ltr'><strong>quia</strong></span> <span class='ocrx_word' id='word_1_266' title='bbox 1591 2603 1717 2667; x_wconf 83' lang='lat' dir='ltr'><strong>_aute</strong></span> <span class='ocrx_word' id='word_1_267' title='bbox 1743 2593 1913 2667; x_wconf 80' lang='lat' dir='ltr'><strong>legem</strong></span> 
     </span>
    </p>
   </div>
   <div class='ocr_carea' id='block_1_32' title="bbox 328 2662 1915 2736">
    <p class='ocr_par' dir='ltr' id='par_1_32' title="bbox 328 2662 1915 2736">
     <span class='ocr_line' id='line_1_32' title="bbox 328 2662 1915 2736; baseline -0.003 -14"><span class='ocrx_word' id='word_1_268' title='bbox 328 2662 610 2736; x_wconf 71' lang='lat' dir='ltr'><strong>peccatum</strong></span> <span class='ocrx_word' id='word_1_269' title='bbox 653 2681 756 2719; x_wconf 90' lang='lat' dir='ltr'><strong>non</strong></span> <span class='ocrx_word' id='word_1_270' title='bbox 796 2662 1051 2734; x_wconf 84' lang='lat' dir='ltr'><strong>cognovi,</strong></span> <span class='ocrx_word' id='word_1_271' title='bbox 1093 2662 1187 2719; x_wconf 86' lang='lat' dir='ltr'><strong>sed</strong></span> <span class='ocrx_word' id='word_1_272' title='bbox 1229 2680 1322 2733; x_wconf 92' lang='lat' dir='ltr'><strong>per</strong></span> <span class='ocrx_word' id='word_1_273' title='bbox 1361 2665 1530 2736; x_wconf 87' lang='lat' dir='ltr'><strong>legem</strong></span> <span class='ocrx_word' id='word_1_274' title='bbox 1569 2663 1746 2736; x_wconf 78' lang='lat' dir='ltr'><strong>datam</strong></span> <span class='ocrx_word' id='word_1_275' title='bbox 1787 2662 1915 2731; x_wconf 90' lang='lat' dir='ltr'><strong>quid</strong></span> 
     </span>
    </p>
   </div>
   <div class='ocr_carea' id='block_1_33' title="bbox 331 2734 1916 2804">
    <p class='ocr_par' dir='ltr' id='par_1_33' title="bbox 331 2734 1916 2804">
     <span class='ocr_line' id='line_1_33' title="bbox 331 2734 1916 2804; baseline -0.002 -13"><span class='ocrx_word' id='word_1_276' title='bbox 331 2734 623 2796; x_wconf 83' lang='lat' dir='ltr'><strong>tenendum</strong></span> <span class='ocrx_word' id='word_1_277' title='bbox 650 2777 664 2801; x_wconf 94' lang='lat'><strong>,</strong></span> <span class='ocrx_word' id='word_1_278' title='bbox 692 2738 815 2804; x_wconf 88' lang='lat' dir='ltr'><strong>quid</strong></span> <span class='ocrx_word' id='word_1_279' title='bbox 843 2738 1114 2790; x_wconf 89' lang='lat' dir='ltr'><strong>vitandum</strong></span> <span class='ocrx_word' id='word_1_280' title='bbox 1141 2745 1257 2789; x_wconf 89' lang='lat' dir='ltr'><strong>erat</strong></span> <span class='ocrx_word' id='word_1_281' title='bbox 1280 2735 1525 2804; x_wconf 80' lang='lat' dir='ltr'><strong>cognovi.</strong></span> <span class='ocrx_word' id='word_1_282' title='bbox 1568 2734 1757 2788; x_wconf 81' lang='lat' dir='ltr'><strong>Malum</strong></span> <span class='ocrx_word' id='word_1_283' title='bbox 1788 2748 1916 2802; x_wconf 89' lang='lat' dir='ltr'><strong>ergo</strong></span> 
     </span>
    </p>
   </div>
   <div class='ocr_carea' id='block_1_34' title="bbox 328 2805 1914 2875">
    <p class='ocr_par' dir='ltr' id='par_1_34' title="bbox 328 2805 1914 2875">
     <span class='ocr_line' id='line_1_34' title="bbox 328 2805 1914 2875; baseline -0.004 -13"><span class='ocrx_word' id='word_1_284' title='bbox 328 2808 468 2864; x_wconf 89' lang='lat' dir='ltr'><strong>scire</strong></span> <span class='ocrx_word' id='word_1_285' title='bbox 494 2823 601 2862; x_wconf 92' lang='lat' dir='ltr'><strong>non</strong></span> <span class='ocrx_word' id='word_1_286' title='bbox 626 2817 709 2860; x_wconf 85' lang='lat' dir='ltr'><strong>est</strong></span> <span class='ocrx_word' id='word_1_287' title='bbox 740 2808 932 2860; x_wconf 89' lang='lat' dir='ltr'><strong>malum</strong></span> <span class='ocrx_word' id='word_1_288' title='bbox 969 2824 982 2860; x_wconf 89' lang='lat'><strong>:</strong></span> <span class='ocrx_word' id='word_1_289' title='bbox 1011 2807 1102 2859; x_wconf 93' lang='lat' dir='ltr'><strong>sed</strong></span> <span class='ocrx_word' id='word_1_290' title='bbox 1143 2806 1284 2875; x_wconf 89' lang='lat' dir='ltr'><strong>quod</strong></span> <span class='ocrx_word' id='word_1_291' title='bbox 1316 2807 1512 2875; x_wconf 88' lang='lat' dir='ltr'><strong>malum</strong></span> <span class='ocrx_word' id='word_1_292' title='bbox 1542 2813 1626 2859; x_wconf 89' lang='lat' dir='ltr'><strong>est</strong></span> <span class='ocrx_word' id='word_1_293' title='bbox 1662 2805 1872 2875; x_wconf 73' lang='lat' dir='ltr'><strong>Operari</strong></span> <span class='ocrx_word' id='word_1_294' title='bbox 1897 2845 1914 2870; x_wconf 92' lang='lat'><strong>,</strong></span> 
     </span>
    </p>
   </div>
   <div class='ocr_carea' id='block_1_35' title="bbox 328 2871 1919 2944">
    <p class='ocr_par' dir='ltr' id='par_1_35' title="bbox 328 2871 1919 2944">
     <span class='ocr_line' id='line_1_35' title="bbox 328 2871 1919 2944; baseline -0.004 -11"><span class='ocrx_word' id='word_1_295' title='bbox 328 2881 529 2938; x_wconf 86' lang='lat' dir='ltr'><strong>malum</strong></span> <span class='ocrx_word' id='word_1_296' title='bbox 554 2892 677 2932; x_wconf 80' lang='lat' dir='ltr'><strong>esse</strong></span> <span class='ocrx_word' id='word_1_297' title='bbox 705 2877 825 2944; x_wconf 88' lang='lat' dir='ltr'><strong>quis</strong></span> <span class='ocrx_word' id='word_1_298' title='bbox 853 2871 1184 2944; x_wconf 78' lang='lat' dir='ltr'><strong>Paganoruui</strong></span> <span class='ocrx_word' id='word_1_299' title='bbox 1227 2891 1456 2944; x_wconf 89' lang='lat' dir='ltr'><strong>unquam</strong></span> <span class='ocrx_word' id='word_1_300' title='bbox 1484 2871 1791 2928; x_wconf 81' lang='lat' dir='ltr'><strong>dubitavit?</strong></span> <span class='ocrx_word' id='word_1_301' title='bbox 1815 2871 1919 2927; x_wconf 83' lang='lat' dir='ltr'><strong>Ne-</strong></span> 
     </span>
    </p>
   </div>
   <div class='ocr_carea' id='block_1_36' title="bbox 327 2945 1919 3016">
    <p class='ocr_par' dir='ltr' id='par_1_36' title="bbox 327 2945 1919 3016">
     <span class='ocr_line' id='line_1_36' title="bbox 327 2945 1919 3016; baseline -0.003 -13"><span class='ocrx_word' id='word_1_302' title='bbox 327 2963 484 3004; x_wconf 86' lang='lat' dir='ltr'><strong>cesse</strong></span> <span class='ocrx_word' id='word_1_303' title='bbox 505 2958 586 3003; x_wconf 90' lang='lat' dir='ltr'><strong>est</strong></span> <span class='ocrx_word' id='word_1_304' title='bbox 605 2961 738 3016; x_wconf 82' lang='lat' dir='ltr'><strong>ergo</strong></span> <span class='ocrx_word' id='word_1_305' title='bbox 760 2947 920 3010; x_wconf 86' lang='lat' dir='ltr'><strong>scire,</strong></span> <span class='ocrx_word' id='word_1_306' title='bbox 945 2946 1084 3014; x_wconf 92' lang='lat' dir='ltr'><strong>quod</strong></span> <span class='ocrx_word' id='word_1_307' title='bbox 1108 2945 1352 3016; x_wconf 83' lang='lat' dir='ltr'><strong>superbia</strong></span> <span class='ocrx_word' id='word_1_308' title='bbox 1379 2955 1550 3016; x_wconf 82' lang='lat' dir='ltr'><strong>mater</strong></span> <span class='ocrx_word' id='word_1_309' title='bbox 1571 2953 1664 3016; x_wconf 89' lang='lat' dir='ltr'><strong>est</strong></span> <span class='ocrx_word' id='word_1_310' title='bbox 1683 2953 1737 2997; x_wconf 90' lang='lat' dir='ltr'><strong>et</strong></span> <span class='ocrx_word' id='word_1_311' title='bbox 1759 2952 1919 3016; x_wconf 84' lang='lat' dir='ltr'><strong>caput</strong></span> 
     </span>
    </p>
   </div>
   <div class='ocr_carea' id='block_1_37' title="bbox 327 3013 1914 3084">
    <p class='ocr_par' dir='ltr' id='par_1_37' title="bbox 327 3013 1914 3084">
     <span class='ocr_line' id='line_1_37' title="bbox 327 3013 1914 3084; baseline -0.005 -9"><span class='ocrx_word' id='word_1_312' title='bbox 327 3021 568 3075; x_wconf 89' lang='lat' dir='ltr'><strong>omnium</strong></span> <span class='ocrx_word' id='word_1_313' title='bbox 591 3013 860 3073; x_wconf 78' lang='lat' dir='ltr'><strong>vitiorum.</strong></span> <span class='ocrx_word' id='word_1_314' title='bbox 879 3013 1035 3070; x_wconf 30' lang='lat' dir='ltr'><strong>Ab’ea</strong></span> <span class='ocrx_word' id='word_1_315' title='bbox 1060 3015 1201 3070; x_wconf 91' lang='lat' dir='ltr'><strong>enim</strong></span> <span class='ocrx_word' id='word_1_316' title='bbox 1225 3015 1501 3069; x_wconf 83' lang='lat' dir='ltr'><strong>descendit</strong></span> <span class='ocrx_word' id='word_1_317' title='bbox 1527 3015 1699 3068; x_wconf 88' lang='lat' dir='ltr'><strong>inanis</strong></span> <span class='ocrx_word' id='word_1_318' title='bbox 1720 3013 1914 3084; x_wconf 90' lang='lat' dir='ltr'><strong>gloria,</strong></span> 
     </span>
    </p>
   </div>
   <div class='ocr_carea' id='block_1_38' title="bbox 326 3085 1917 3154">
    <p class='ocr_par' dir='ltr' id='par_1_38' title="bbox 326 3085 1917 3154">
     <span class='ocr_line' id='line_1_38' title="bbox 326 3085 1917 3154; baseline -0.005 -8"><span class='ocrx_word' id='word_1_319' title='bbox 326 3088 546 3152; x_wconf 83' lang='lat' dir='ltr'><strong>invidia,</strong></span> <span class='ocrx_word' id='word_1_320' title='bbox 582 3092 677 3153; x_wconf 91' lang='lat' dir='ltr'><strong>ira,</strong></span> <span class='ocrx_word' id='word_1_321' title='bbox 712 3087 946 3153; x_wconf 82' lang='lat' dir='ltr'><strong>tristitia,</strong></span> <span class='ocrx_word' id='word_1_322' title='bbox 975 3087 1214 3150; x_wconf 86' lang='lat' dir='ltr'><strong>avaritia,</strong></span> <span class='ocrx_word' id='word_1_323' title='bbox 1245 3087 1485 3154; x_wconf 79' lang='lat' dir='ltr'><strong>voluptas</strong></span> <span class='ocrx_word' id='word_1_324' title='bbox 1512 3088 1705 3148; x_wconf 87' lang='lat' dir='ltr'><strong>carnis,</strong></span> <span class='ocrx_word' id='word_1_325' title='bbox 1737 3085 1788 3138; x_wconf 91' lang='lat' dir='ltr'><strong>in</strong></span> <span class='ocrx_word' id='word_1_326' title='bbox 1813 3099 1917 3154; x_wconf 91' lang='lat' dir='ltr'><strong>qua</strong></span> 
     </span>
    </p>
   </div>
   <div class='ocr_carea' id='block_1_39' title="bbox 326 3154 1920 3230">
    <p class='ocr_par' dir='ltr' id='par_1_39' title="bbox 326 3154 1920 3230">
     <span class='ocr_line' id='line_1_39' title="bbox 326 3154 1920 3230; baseline -0.006 -10"><span class='ocrx_word' id='word_1_327' title='bbox 326 3161 633 3220; x_wconf 86' lang='lat' dir='ltr'><strong>continetur</strong></span> <span class='ocrx_word' id='word_1_328' title='bbox 658 3157 790 3230; x_wconf 78' lang='lat' dir='ltr'><strong>gula</strong></span> <span class='ocrx_word' id='word_1_329' title='bbox 810 3167 966 3228; x_wconf 91' lang='lat' dir='ltr'><strong>atque</strong></span> <span class='ocrx_word' id='word_1_330' title='bbox 1005 3157 1236 3230; x_wconf 71' lang='lat' dir='ltr'><strong>luxuria.</strong></span> <span class='ocrx_word' id='word_1_331' title='bbox 1264 3155 1662 3230; x_wconf 78' lang='lat' dir='ltr'><strong>Ascenditquis</strong></span> <span class='ocrx_word' id='word_1_332' title='bbox 1681 3195 1698 3230; x_wconf 87' lang='lat'><strong>._</strong></span> <span class='ocrx_word' id='word_1_333' title='bbox 1727 3154 1920 3211; x_wconf 80' lang='lat' dir='ltr'><strong>fratres</strong></span> 
     </span>
    </p>
   </div>
   <div class='ocr_carea' id='block_1_40' title="bbox 327 3225 1919 3300">
    <p class='ocr_par' dir='ltr' id='par_1_40' title="bbox 327 3225 1919 3300">
     <span class='ocr_line' id='line_1_40' title="bbox 327 3225 1919 3300; baseline 0 -18"><span class='ocrx_word' id='word_1_334' title='bbox 327 3245 458 3296; x_wconf 82' lang='lat' dir='ltr'><strong>mei,</strong></span> <span class='ocrx_word' id='word_1_335' title='bbox 481 3233 544 3285; x_wconf 88' lang='lat' dir='ltr'><strong>ad</strong></span> <span class='ocrx_word' id='word_1_336' title='bbox 567 3225 1110 3300; x_wconf 56' lang='lat' dir='ltr'><strong>sapientiaaimdndi,</strong></span> <span class='ocrx_word' id='word_1_337' title='bbox 1136 3239 1190 3284; x_wconf 92' lang='lat' dir='ltr'><strong>et</strong></span> <span class='ocrx_word' id='word_1_338' title='bbox 1209 3229 1332 3300; x_wconf 88' lang='lat' dir='ltr'><strong>dum</strong></span> <span class='ocrx_word' id='word_1_339' title='bbox 1363 3225 1665 3300; x_wconf 77' lang='lat' dir='ltr'><strong>considerat</strong></span> <span class='ocrx_word' id='word_1_340' title='bbox 1685 3225 1919 3300; x_wconf 78' lang='lat' dir='ltr'><strong>honores</strong></span> 
     </span>
    </p>
   </div>
   <div class='ocr_carea' id='block_1_41' title="bbox 327 3295 1918 3372">
    <p class='ocr_par' dir='ltr' id='par_1_41' title="bbox 327 3295 1918 3372">
     <span class='ocr_line' id='line_1_41' title="bbox 327 3295 1918 3372; baseline -0.001 -18"><span class='ocrx_word' id='word_1_341' title='bbox 327 3295 483 3372; x_wconf 81' lang='lat' dir='ltr'><strong>sibia</strong></span> <span class='ocrx_word' id='word_1_342' title='bbox 505 3295 779 3372; x_wconf 77' lang='lat' dir='ltr'><strong>discipulis</strong></span> <span class='ocrx_word' id='word_1_343' title='bbox 802 3295 1086 3362; x_wconf 82' lang='lat' dir='ltr'><strong>exhibitos,</strong></span> <span class='ocrx_word' id='word_1_344' title='bbox 1111 3299 1348 3372; x_wconf 82' lang='lat' dir='ltr'><strong>extendit</strong></span> <span class='ocrx_word' id='word_1_345' title='bbox 1373 3299 1482 3352; x_wconf 88' lang='lat' dir='ltr'><strong>alas</strong></span> <span class='ocrx_word' id='word_1_346' title='bbox 1509 3309 1633 3351; x_wconf 91' lang='lat' dir='ltr'><strong>suas</strong></span> <span class='ocrx_word' id='word_1_347' title='bbox 1657 3311 1826 3372; x_wconf 86' lang='lat' dir='ltr'><strong>usque</strong></span> <span class='ocrx_word' id='word_1_348' title='bbox 1851 3296 1918 3352; x_wconf 87' lang='lat' dir='ltr'><strong>ad</strong></span> 
     </span>
    </p>
   </div>
   <div class='ocr_carea' id='block_1_42' title="bbox 330 3368 1915 3438">
    <p class='ocr_par' dir='ltr' id='par_1_42' title="bbox 330 3368 1915 3438">
     <span class='ocr_line' id='line_1_42' title="bbox 330 3368 1915 3438; baseline -0.003 -12"><span class='ocrx_word' id='word_1_349' title='bbox 330 3371 588 3427; x_wconf 87' lang='lat' dir='ltr'><strong>terminos</strong></span> <span class='ocrx_word' id='word_1_350' title='bbox 615 3368 762 3427; x_wconf 58' lang='lat' dir='ltr'><strong>o&#39;rbis</strong></span> <span class='ocrx_word' id='word_1_351' title='bbox 799 3384 959 3428; x_wconf 69' lang='lat' dir='ltr'><strong>terra!</strong></span> <span class='ocrx_word' id='word_1_352' title='bbox 979 3411 993 3438; x_wconf 92' lang='lat'><strong>,</strong></span> <span class='ocrx_word' id='word_1_353' title='bbox 1025 3379 1080 3424; x_wconf 92' lang='lat' dir='ltr'><strong>et</strong></span> <span class='ocrx_word' id='word_1_354' title='bbox 1115 3371 1182 3425; x_wconf 90' lang='lat' dir='ltr'><strong>de</strong></span> <span class='ocrx_word' id='word_1_355' title='bbox 1207 3385 1265 3425; x_wconf 91' lang='lat' dir='ltr'><strong>se</strong></span> <span class='ocrx_word' id='word_1_356' title='bbox 1297 3383 1621 3437; x_wconf 69' lang='lat' dir='ltr'><strong>praesumens</strong></span> <span class='ocrx_word' id='word_1_357' title='bbox 1643 3368 1915 3437; x_wconf 78' lang='lat' dir='ltr'><strong>gloriatur,</strong></span> 
     </span>
    </p>
   </div>
   <div class='ocr_carea' id='block_1_43' title="bbox 329 3438 1916 3514">
    <p class='ocr_par' dir='ltr' id='par_1_43' title="bbox 329 3438 1916 3514">
     <span class='ocr_line' id='line_1_43' title="bbox 329 3438 1916 3514; baseline -0.004 -15"><span class='ocrx_word' id='word_1_358' title='bbox 329 3450 386 3499; x_wconf 89' lang='lat' dir='ltr'><strong>et</strong></span> <span class='ocrx_word' id='word_1_359' title='bbox 410 3443 490 3498; x_wconf 86' lang='lat' dir='ltr'><strong>sic</strong></span> <span class='ocrx_word' id='word_1_360' title='bbox 514 3443 875 3514; x_wconf 90' lang='lat' dir='ltr'><strong>superbiendo</strong></span> <span class='ocrx_word' id='word_1_361' title='bbox 899 3442 1352 3514; x_wconf 67' lang='lat' dir='ltr'><strong>etpriesumendo</strong></span> <span class='ocrx_word' id='word_1_362' title='bbox 1381 3455 1500 3514; x_wconf 72' lang='lat' dir='ltr'><strong>mox</strong></span> <span class='ocrx_word' id='word_1_363' title='bbox 1535 3438 1707 3514; x_wconf 79' lang='lat' dir='ltr'><strong>inanis</strong></span> <span class='ocrx_word' id='word_1_364' title='bbox 1747 3439 1916 3514; x_wconf 85' lang='lat' dir='ltr'><strong>gloria</strong></span> 
     </span>
    </p>
   </div>
   <div class='ocr_carea' id='block_1_44' title="bbox 329 3509 1916 3585">
    <p class='ocr_par' dir='ltr' id='par_1_44' title="bbox 329 3509 1916 3585">
     <span class='ocr_line' id='line_1_44' title="bbox 329 3509 1916 3585; baseline -0.003 -19"><span class='ocrx_word' id='word_1_365' title='bbox 329 3509 739 3583; x_wconf 75' lang='lat' dir='ltr'><strong>pra-sumentem</strong></span> <span class='ocrx_word' id='word_1_366' title='bbox 766 3512 1092 3585; x_wconf 84' lang='lat' dir='ltr'><strong>aggreditur,</strong></span> <span class='ocrx_word' id='word_1_367' title='bbox 1121 3513 1244 3585; x_wconf 87' lang='lat' dir='ltr'><strong>dum</strong></span> <span class='ocrx_word' id='word_1_368' title='bbox 1272 3513 1338 3566; x_wconf 87' lang='lat' dir='ltr'><strong>ab</strong></span> <span class='ocrx_word' id='word_1_369' title='bbox 1360 3509 1691 3585; x_wconf 73' lang='lat' dir='ltr'><strong>aliisquzerit</strong></span> <span class='ocrx_word' id='word_1_370' title='bbox 1717 3509 1916 3585; x_wconf 76' lang='lat' dir='ltr'><strong>glorio-</strong></span> 
     </span>
    </p>
   </div>
   <div class='ocr_carea' id='block_1_45' title="bbox 329 3579 1919 3652">
    <p class='ocr_par' dir='ltr' id='par_1_45' title="bbox 329 3579 1919 3652">
     <span class='ocr_line' id='line_1_45' title="bbox 329 3579 1919 3652; baseline -0.004 -12"><span class='ocrx_word' id='word_1_371' title='bbox 329 3579 426 3640; x_wconf 71' lang='lat' dir='ltr'><strong>sus</strong></span> <span class='ocrx_word' id='word_1_372' title='bbox 445 3585 630 3639; x_wconf 88' lang='lat' dir='ltr'><strong>videri.</strong></span> <span class='ocrx_word' id='word_1_373' title='bbox 657 3586 724 3640; x_wconf 89' lang='lat' dir='ltr'><strong>Et</strong></span> <span class='ocrx_word' id='word_1_374' title='bbox 747 3579 872 3639; x_wconf 75' lang='lat' dir='ltr'><strong>diim</strong></span> <span class='ocrx_word' id='word_1_375' title='bbox 893 3583 976 3640; x_wconf 87' lang='lat' dir='ltr'><strong>sic</strong></span> <span class='ocrx_word' id='word_1_376' title='bbox 997 3581 1257 3652; x_wconf 78' lang='lat' dir='ltr'><strong>quzerit,&#39;a</strong></span> <span class='ocrx_word' id='word_1_377' title='bbox 1278 3581 1594 3652; x_wconf 86' lang='lat' dir='ltr'><strong>quibusdam</strong></span> <span class='ocrx_word' id='word_1_378' title='bbox 1615 3579 1919 3652; x_wconf 79' lang='lat' dir='ltr'><strong>considerat</strong></span> 
     </span>
    </p>
   </div>
   <div class='ocr_carea' id='block_1_46' title="bbox 329 3599 1919 3725">
    <p class='ocr_par' dir='ltr' id='par_1_46' title="bbox 329 3599 1919 3725">
     <span class='ocr_line' id='line_1_46' title="bbox 329 3599 1919 3652; baseline -0.004 -12"><span class='ocrx_word' id='word_1_379' title='bbox 329 3599 426 3640; x_wconf 82' lang='lat' dir='ltr'><strong>sus</strong></span> <span class='ocrx_word' id='word_1_380' title='bbox 445 3599 630 3639; x_wconf 80' lang='lat' dir='ltr'><strong>videri.</strong></span> <span class='ocrx_word' id='word_1_381' title='bbox 659 3599 724 3640; x_wconf 67' lang='lat' dir='ltr'><strong>ut</strong></span> <span class='ocrx_word' id='word_1_382' title='bbox 747 3599 872 3639; x_wconf 89' lang='lat' dir='ltr'><strong>unm</strong></span> <span class='ocrx_word' id='word_1_383' title='bbox 893 3599 976 3640; x_wconf 81' lang='lat' dir='ltr'><strong>sic</strong></span> <span class='ocrx_word' id='word_1_384' title='bbox 997 3599 1206 3652; x_wconf 74' lang='lat' dir='ltr'><strong>qureru,</strong></span> <span class='ocrx_word' id='word_1_385' title='bbox 1229 3599 1257 3636; x_wconf 91' lang='lat' dir='ltr'><strong>a</strong></span> <span class='ocrx_word' id='word_1_386' title='bbox 1278 3599 1296 3634; x_wconf 75' lang='lat' dir='ltr'><strong>r</strong></span> <span class='ocrx_word' id='word_1_387' title='bbox 1317 3599 1594 3638; x_wconf 86' lang='lat' dir='ltr'><strong>umusoatn</strong></span> <span class='ocrx_word' id='word_1_388' title='bbox 1615 3599 1919 3635; x_wconf 72' lang='lat' dir='ltr'><strong>consuerat</strong></span> 
     </span>
     <span class='ocr_line' id='line_1_47' title="bbox 329 3599 1919 3725; baseline -0.004 -13"><span class='ocrx_word' id='word_1_389' title='bbox 329 3666 387 3712; x_wconf 87' lang='lat' dir='ltr'><strong>et</strong></span> <span class='ocrx_word' id='word_1_390' title='bbox 417 3657 557 3711; x_wconf 86' lang='lat' dir='ltr'><strong>videt</strong></span> <span class='ocrx_word' id='word_1_391' title='bbox 584 3671 639 3710; x_wconf 88' lang='lat' dir='ltr'><strong>se</strong></span> <span class='ocrx_word' id='word_1_392' title='bbox 667 3657 887 3725; x_wconf 74' lang='lat' dir='ltr'><strong>despici,</strong></span> <span class='ocrx_word' id='word_1_393' title='bbox 915 3653 1235 3719; x_wconf 86' lang='lat' dir='ltr'><strong>dicentibus,</strong></span> <span class='ocrx_word' id='word_1_394' title='bbox 1263 3599 1378 3707; x_wconf 54' lang='lat' dir='ltr'><strong>Dion</strong></span> <span class='ocrx_word' id='word_1_395' title='bbox 1409 3661 1491 3708; x_wconf 86' lang='lat' dir='ltr'><strong>est</strong></span> <span class='ocrx_word' id='word_1_396' title='bbox 1512 3650 1653 3721; x_wconf 88' lang='lat' dir='ltr'><strong>quod</strong></span> <span class='ocrx_word' id='word_1_397' title='bbox 1679 3666 1711 3706; x_wconf 92' lang='lat' dir='ltr'><strong>a</strong></span> <span class='ocrx_word' id='word_1_398' title='bbox 1739 3651 1919 3725; x_wconf 89' lang='lat' dir='ltr'><strong>multis</strong></span> 
     </span>
    </p>
   </div>
   <div class='ocr_carea' id='block_1_47' title="bbox 326 3721 1918 3796">
    <p class='ocr_par' dir='ltr' id='par_1_47' title="bbox 326 3721 1918 3796">
     <span class='ocr_line' id='line_1_48' title="bbox 326 3721 1918 3796; baseline -0.002 -16"><span class='ocrx_word' id='word_1_399' title='bbox 326 3727 583 3781; x_wconf 87' lang='lat' dir='ltr'><strong>creditur.</strong></span> <span class='ocrx_word' id='word_1_400' title='bbox 621 3721 806 3780; x_wconf 78' lang='lat' dir='ltr'><strong>Plures</strong></span> <span class='ocrx_word' id='word_1_401' title='bbox 831 3721 1062 3796; x_wconf 86' lang='lat' dir='ltr'><strong>namque</strong></span> <span class='ocrx_word' id='word_1_402' title='bbox 1088 3733 1208 3796; x_wconf 90' lang='lat' dir='ltr'><strong>sunt</strong></span> <span class='ocrx_word' id='word_1_403' title='bbox 1237 3740 1302 3796; x_wconf 77' lang='lat' dir='ltr'><strong>eo</strong></span> <span class='ocrx_word' id='word_1_404' title='bbox 1330 3724 1706 3796; x_wconf 79' lang='lat' dir='ltr'><strong>acutiores_,_et</strong></span> <span class='ocrx_word' id='word_1_405' title='bbox 1737 3721 1918 3796; x_wconf 79' lang='lat' dir='ltr'><strong>plures</strong></span> 
     </span>
    </p>
   </div>
   <div class='ocr_carea' id='block_1_48' title="bbox 328 3791 1917 3862">
    <p class='ocr_par' dir='ltr' id='par_1_48' title="bbox 328 3791 1917 3862">
     <span class='ocr_line' id='line_1_49' title="bbox 328 3791 1917 3862; baseline -0.003 -11"><span class='ocrx_word' id='word_1_406' title='bbox 328 3810 397 3851; x_wconf 88' lang='lat' dir='ltr'><strong>eo</strong></span> <span class='ocrx_word' id='word_1_407' title='bbox 426 3797 677 3852; x_wconf 87' lang='lat' dir='ltr'><strong>meliores</strong></span> <span class='ocrx_word' id='word_1_408' title='bbox 701 3813 804 3850; x_wconf 92' lang='lat' dir='ltr'><strong>non</strong></span> <span class='ocrx_word' id='word_1_409' title='bbox 831 3791 1158 3852; x_wconf 77' lang='lat' dir='ltr'><strong>dubitamus.</strong></span> <span class='ocrx_word' id='word_1_410' title='bbox 1177 3794 1402 3862; x_wconf 77' lang='lat' dir='ltr'><strong>_lnliatns</strong></span> <span class='ocrx_word' id='word_1_411' title='bbox 1432 3807 1559 3848; x_wconf 91' lang='lat' dir='ltr'><strong>vero</strong></span> <span class='ocrx_word' id='word_1_412' title='bbox 1589 3791 1710 3859; x_wconf 87' lang='lat' dir='ltr'><strong>ille,</strong></span> <span class='ocrx_word' id='word_1_413' title='bbox 1740 3794 1826 3862; x_wconf 88' lang='lat' dir='ltr'><strong>qui</strong></span> <span class='ocrx_word' id='word_1_414' title='bbox 1858 3808 1917 3847; x_wconf 92' lang='lat' dir='ltr'><strong>se</strong></span> 
     </span>
    </p>
   </div>
   <div class='ocr_carea' id='block_1_49' title="bbox 328 3857 1916 3938">
    <p class='ocr_par' dir='ltr' id='par_1_49' title="bbox 328 3857 1916 3938">
     <span class='ocr_line' id='line_1_50' title="bbox 328 3857 1916 3938; baseline -0.003 -18"><span class='ocrx_word' id='word_1_415' title='bbox 328 3876 480 3938; x_wconf 84' lang='lat' dir='ltr'><strong>putat</strong></span> <span class='ocrx_word' id='word_1_416' title='bbox 508 3869 682 3921; x_wconf 88' lang='lat' dir='ltr'><strong>omnia</strong></span> <span class='ocrx_word' id='word_1_417' title='bbox 713 3869 850 3922; x_wconf 90' lang='lat' dir='ltr'><strong>scire</strong></span> <span class='ocrx_word' id='word_1_418' title='bbox 871 3868 953 3922; x_wconf 85' lang='lat' dir='ltr'><strong>vel</strong></span> <span class='ocrx_word' id='word_1_419' title='bbox 980 3857 1186 3938; x_wconf 69' lang='lat' dir='ltr'><strong>singula</strong></span> <span class='ocrx_word' id='word_1_420' title='bbox 1221 3857 1508 3938; x_wconf 78' lang='lat' dir='ltr'><strong>possidere,</strong></span> <span class='ocrx_word' id='word_1_421' title='bbox 1543 3857 1727 3938; x_wconf 80' lang='lat' dir='ltr'><strong>videns</strong></span> <span class='ocrx_word' id='word_1_422' title='bbox 1755 3857 1916 3938; x_wconf 78' lang='lat' dir='ltr'><strong>quos-</strong></span> 
     </span>
    </p>
   </div>
   <div class='ocr_carea' id='block_1_50' title="bbox 327 3935 1915 4004">
    <p class='ocr_par' dir='ltr' id='par_1_50' title="bbox 327 3935 1915 4004">
     <span class='ocr_line' id='line_1_51' title="bbox 327 3935 1915 4004; baseline -0.003 -12"><span class='ocrx_word' id='word_1_423' title='bbox 327 3935 451 3992; x_wconf 81' lang='lat' dir='ltr'><strong>dam</strong></span> <span class='ocrx_word' id='word_1_424' title='bbox 481 3939 696 3992; x_wconf 81' lang='lat' dir='ltr'><strong>altiores</strong></span> <span class='ocrx_word' id='word_1_425' title='bbox 719 3953 776 3992; x_wconf 90' lang='lat' dir='ltr'><strong>se</strong></span> <span class='ocrx_word' id='word_1_426' title='bbox 795 3979 810 4002; x_wconf 92' lang='lat'><strong>,</strong></span> <span class='ocrx_word' id='word_1_427' title='bbox 839 3951 962 3991; x_wconf 87' lang='lat' dir='ltr'><strong>mox</strong></span> <span class='ocrx_word' id='word_1_428' title='bbox 1001 3935 1126 3992; x_wconf 72' lang='lat' dir='ltr'><strong>eum</strong></span> <span class='ocrx_word' id='word_1_429' title='bbox 1167 3935 1360 3989; x_wconf 84' lang='lat' dir='ltr'><strong>invidia</strong></span> <span class='ocrx_word' id='word_1_430' title='bbox 1400 3935 1732 4004; x_wconf 79' lang='lat' dir='ltr'><strong>aggreditur,</strong></span> <span class='ocrx_word' id='word_1_431' title='bbox 1761 3935 1915 4002; x_wconf 87' lang='lat' dir='ltr'><strong>cujus</strong></span> 
     </span>
    </p>
   </div>
   <div class='ocr_carea' id='block_1_51' title="bbox 325 4007 1912 4078">
    <p class='ocr_par' dir='ltr' id='par_1_51' title="bbox 325 4007 1912 4078">
     <span class='ocr_line' id='line_1_52' title="bbox 325 4007 1912 4078; baseline -0.002 -18"><span class='ocrx_word' id='word_1_432' title='bbox 325 4009 608 4078; x_wconf 80' lang='lat' dir='ltr'><strong>vestigium</strong></span> <span class='ocrx_word' id='word_1_433' title='bbox 641 4010 714 4061; x_wconf 88' lang='lat' dir='ltr'><strong>ira</strong></span> <span class='ocrx_word' id='word_1_434' title='bbox 747 4009 1004 4073; x_wconf 83' lang='lat' dir='ltr'><strong>imitatur,</strong></span> <span class='ocrx_word' id='word_1_435' title='bbox 1028 4017 1210 4064; x_wconf 87' lang='lat' dir='ltr'><strong>etnon</strong></span> <span class='ocrx_word' id='word_1_436' title='bbox 1237 4007 1418 4078; x_wconf 81' lang='lat' dir='ltr'><strong>valens</strong></span> <span class='ocrx_word' id='word_1_437' title='bbox 1445 4007 1578 4078; x_wconf 88' lang='lat' dir='ltr'><strong>iram</strong></span> <span class='ocrx_word' id='word_1_438' title='bbox 1599 4019 1912 4078; x_wconf 73' lang='lat' dir='ltr'><strong>operepcr-</strong></span> 
     </span>
    </p>
   </div>
   <div class='ocr_carea' id='block_1_52' title="bbox 325 4075 1910 4146">
    <p class='ocr_par' dir='ltr' id='par_1_52' title="bbox 325 4075 1910 4146">
     <span class='ocr_line' id='line_1_53' title="bbox 325 4075 1910 4146; baseline -0.003 -14"><span class='ocrx_word' id='word_1_439' title='bbox 325 4075 491 4133; x_wconf 80' lang='lat' dir='ltr'><strong>ﬁcere</strong></span> <span class='ocrx_word' id='word_1_440' title='bbox 510 4123 523 4141; x_wconf 85' lang='lat'><strong>,</strong></span> <span class='ocrx_word' id='word_1_441' title='bbox 556 4081 823 4142; x_wconf 89' lang='lat' dir='ltr'><strong>tristatur;</strong></span> <span class='ocrx_word' id='word_1_442' title='bbox 850 4087 904 4132; x_wconf 90' lang='lat' dir='ltr'><strong>et</strong></span> <span class='ocrx_word' id='word_1_443' title='bbox 923 4089 1172 4146; x_wconf 66' lang='lat' dir='ltr'><strong>quarens</strong></span> <span class='ocrx_word' id='word_1_444' title='bbox 1198 4076 1616 4146; x_wconf 87' lang='lat' dir='ltr'><strong>consolationem</strong></span> <span class='ocrx_word' id='word_1_445' title='bbox 1648 4075 1874 4129; x_wconf 72' lang='lat' dir='ltr'><strong>tristitize</strong></span> <span class='ocrx_word' id='word_1_446' title='bbox 1893 4115 1910 4140; x_wconf 94' lang='lat'><strong>,</strong></span> 
     </span>
    </p>
   </div>
   <div class='ocr_carea' id='block_1_53' title="bbox 323 4145 1914 4218">
    <p class='ocr_par' dir='ltr' id='par_1_53' title="bbox 323 4145 1914 4218">
     <span class='ocr_line' id='line_1_54' title="bbox 323 4145 1914 4218; baseline -0.002 -15"><span class='ocrx_word' id='word_1_447' title='bbox 323 4150 546 4203; x_wconf 88' lang='lat' dir='ltr'><strong>avaritia</strong></span> <span class='ocrx_word' id='word_1_448' title='bbox 575 4151 806 4218; x_wconf 81' lang='lat' dir='ltr'><strong>tangitur</strong></span> <span class='ocrx_word' id='word_1_449' title='bbox 827 4189 839 4210; x_wconf 91' lang='lat'><strong>,</strong></span> <span class='ocrx_word' id='word_1_450' title='bbox 863 4158 920 4202; x_wconf 92' lang='lat' dir='ltr'><strong>ut</strong></span> <span class='ocrx_word' id='word_1_451' title='bbox 945 4145 1138 4203; x_wconf 87' lang='lat' dir='ltr'><strong>habeat</strong></span> <span class='ocrx_word' id='word_1_452' title='bbox 1171 4147 1313 4201; x_wconf 90' lang='lat' dir='ltr'><strong>unde</strong></span> <span class='ocrx_word' id='word_1_453' title='bbox 1339 4145 1716 4201; x_wconf 82' lang='lat' dir='ltr'><strong>transcendere</strong></span> <span class='ocrx_word' id='word_1_454' title='bbox 1743 4147 1914 4218; x_wconf 80' lang='lat' dir='ltr'><strong>valeat</strong></span> 
     </span>
    </p>
   </div>
   <div class='ocr_carea' id='block_1_54' title="bbox 323 4216 1909 4287">
    <p class='ocr_par' dir='ltr' id='par_1_54' title="bbox 323 4216 1909 4287">
     <span class='ocr_line' id='line_1_55' title="bbox 323 4216 1909 4287; baseline -0.003 -13"><span class='ocrx_word' id='word_1_455' title='bbox 323 4233 532 4274; x_wconf 81' lang='lat' dir='ltr'><strong>omnes.</strong></span> <span class='ocrx_word' id='word_1_456' title='bbox 561 4220 625 4273; x_wconf 87' lang='lat' dir='ltr'><strong>Et</strong></span> <span class='ocrx_word' id='word_1_457' title='bbox 650 4216 795 4284; x_wconf 75' lang='lat' dir='ltr'><strong>ecce,</strong></span> <span class='ocrx_word' id='word_1_458' title='bbox 828 4220 951 4272; x_wconf 90' lang='lat' dir='ltr'><strong>dum</strong></span> <span class='ocrx_word' id='word_1_459' title='bbox 973 4218 1183 4275; x_wconf 87' lang='lat' dir='ltr'><strong>divitias</strong></span> <span class='ocrx_word' id='word_1_460' title='bbox 1205 4229 1488 4287; x_wconf 78' lang='lat' dir='ltr'><strong>congregat</strong></span> <span class='ocrx_word' id='word_1_461' title='bbox 1511 4230 1562 4270; x_wconf 87' lang='lat' dir='ltr'><strong>et</strong></span> <span class='ocrx_word' id='word_1_462' title='bbox 1582 4216 1909 4285; x_wconf 83' lang='lat' dir='ltr'><strong>acquisierit,</strong></span> 
     </span>
    </p>
   </div>
   <div class='ocr_carea' id='block_1_55' title="bbox 322 4287 1912 4359">
    <p class='ocr_par' dir='ltr' id='par_1_55' title="bbox 322 4287 1912 4359">
     <span class='ocr_line' id='line_1_56' title="bbox 322 4287 1912 4359; baseline -0.003 -13"><span class='ocrx_word' id='word_1_463' title='bbox 322 4293 501 4346; x_wconf 76' lang='lat' dir='ltr'><strong>statim</strong></span> <span class='ocrx_word' id='word_1_464' title='bbox 527 4292 575 4343; x_wconf 92' lang='lat' dir='ltr'><strong>in</strong></span> <span class='ocrx_word' id='word_1_465' title='bbox 603 4291 739 4359; x_wconf 77' lang='lat' dir='ltr'><strong>gula:</strong></span> <span class='ocrx_word' id='word_1_466' title='bbox 769 4301 820 4344; x_wconf 87' lang='lat' dir='ltr'><strong>et</strong></span> <span class='ocrx_word' id='word_1_467' title='bbox 844 4291 1064 4344; x_wconf 75' lang='lat' dir='ltr'><strong>luxuriae</strong></span> <span class='ocrx_word' id='word_1_468' title='bbox 1084 4291 1291 4354; x_wconf 78' lang='lat' dir='ltr'><strong>foveam</strong></span> <span class='ocrx_word' id='word_1_469' title='bbox 1315 4288 1471 4343; x_wconf 89' lang='lat' dir='ltr'><strong>cadit.</strong></span> <span class='ocrx_word' id='word_1_470' title='bbox 1496 4289 1620 4348; x_wconf 86' lang='lat' dir='ltr'><strong>Sed.</strong></span> <span class='ocrx_word' id='word_1_471' title='bbox 1646 4305 1678 4342; x_wconf 84' lang='grc' dir='ltr'>υ</span> <span class='ocrx_word' id='word_1_472' title='bbox 1697 4287 1912 4355; x_wconf 84' lang='lat' dir='ltr'><strong>grandis</strong></span> 
     </span>
    </p>
   </div>
   <div class='ocr_carea' id='block_1_56' title="bbox 322 4359 1912 4431">
    <p class='ocr_par' dir='ltr' id='par_1_56' title="bbox 322 4359 1912 4431">
     <span class='ocr_line' id='line_1_57' title="bbox 322 4359 1912 4431; baseline -0.003 -13"><span class='ocrx_word' id='word_1_473' title='bbox 322 4361 686 4418; x_wconf 84' lang='lat' dir='ltr'><strong>misericordia</strong></span> <span class='ocrx_word' id='word_1_474' title='bbox 734 4362 1054 4416; x_wconf 86' lang='lat' dir='ltr'><strong>Salvatoris!</strong></span> <span class='ocrx_word' id='word_1_475' title='bbox 1105 4359 1335 4431; x_wconf 76' lang='lat' dir='ltr'><strong>Spiritus</strong></span> <span class='ocrx_word' id='word_1_476' title='bbox 1375 4362 1514 4414; x_wconf 89' lang='lat' dir='ltr'><strong>enim</strong></span> <span class='ocrx_word' id='word_1_477' title='bbox 1565 4360 1773 4431; x_wconf 84' lang='lat' dir='ltr'><strong>pietatis</strong></span> <span class='ocrx_word' id='word_1_478' title='bbox 1817 4374 1912 4428; x_wconf 86' lang='lat' dir='ltr'><strong>per</strong></span> 
     </span>
    </p>
   </div>
   <div class='ocr_carea' id='block_1_57' title="bbox 321 4429 1904 4500">
    <p class='ocr_par' dir='ltr' id='par_1_57' title="bbox 321 4429 1904 4500">
     <span class='ocr_line' id='line_1_58' title="bbox 321 4429 1904 4500; baseline -0.002 -13"><span class='ocrx_word' id='word_1_479' title='bbox 321 4442 689 4500; x_wconf 89' lang='lat' dir='ltr'><strong>contemptum</strong></span> <span class='ocrx_word' id='word_1_480' title='bbox 711 4433 888 4486; x_wconf 90' lang='lat' dir='ltr'><strong>mundi</strong></span> <span class='ocrx_word' id='word_1_481' title='bbox 909 4429 1190 4498; x_wconf 75' lang='lat' dir='ltr'><strong>ordinavit,</strong></span> <span class='ocrx_word' id='word_1_482' title='bbox 1207 4441 1264 4487; x_wconf 88' lang='lat' dir='ltr'><strong>ut</strong></span> <span class='ocrx_word' id='word_1_483' title='bbox 1283 4432 1573 4499; x_wconf 70' lang='lat' dir='ltr'><strong>expelleret</strong></span> <span class='ocrx_word' id='word_1_484' title='bbox 1591 4429 1866 4483; x_wconf 88' lang='lat' dir='ltr'><strong>avaritiam</strong></span> <span class='ocrx_word' id='word_1_485' title='bbox 1892 4448 1904 4484; x_wconf 92' lang='lat'><strong>:</strong></span> 
     </span>
    </p>
   </div>
   <div class='ocr_carea' id='block_1_58' title="bbox 320 4501 1911 4572">
    <p class='ocr_par' dir='ltr' id='par_1_58' title="bbox 320 4501 1911 4572">
     <span class='ocr_line' id='line_1_59' title="bbox 320 4501 1911 4572; baseline -0.002 -14"><span class='ocrx_word' id='word_1_486' title='bbox 320 4504 418 4558; x_wconf 86' lang='lat' dir='ltr'><strong>sed</strong></span> <span class='ocrx_word' id='word_1_487' title='bbox 463 4505 583 4572; x_wconf 90' lang='lat' dir='ltr'><strong>quia</strong></span> <span class='ocrx_word' id='word_1_488' title='bbox 623 4503 824 4571; x_wconf 82' lang='lat' dir='ltr'><strong>abiecta</strong></span> <span class='ocrx_word' id='word_1_489' title='bbox 873 4505 1130 4566; x_wconf 86' lang='lat' dir='ltr'><strong>avaritia,</strong></span> <span class='ocrx_word' id='word_1_490' title='bbox 1176 4518 1322 4572; x_wconf 57' lang='lat' dir='ltr'><strong>saepe</strong></span> <span class='ocrx_word' id='word_1_491' title='bbox 1360 4503 1494 4553; x_wconf 81' lang='lat' dir='ltr'><strong>mula</strong></span> <span class='ocrx_word' id='word_1_492' title='bbox 1541 4501 1911 4572; x_wconf 87' lang='lat' dir='ltr'><strong>comprimitur</strong></span> 
     </span>
    </p>
   </div>
   <div class='ocr_carea' id='block_1_59' title="bbox 321 4571 1908 4642">
    <p class='ocr_par' dir='ltr' id='par_1_59' title="bbox 321 4571 1908 4642">
     <span class='ocr_line' id='line_1_60' title="bbox 321 4571 1908 4642; baseline -0.003 -14"><span class='ocrx_word' id='word_1_493' title='bbox 321 4571 533 4628; x_wconf 84' lang='lat' dir='ltr'><strong>tristitia</strong></span> <span class='ocrx_word' id='word_1_494' title='bbox 560 4616 572 4638; x_wconf 91' lang='lat'><strong>,</strong></span> <span class='ocrx_word' id='word_1_495' title='bbox 608 4575 763 4628; x_wconf 92' lang='lat' dir='ltr'><strong>datur</strong></span> <span class='ocrx_word' id='word_1_496' title='bbox 790 4575 1008 4642; x_wconf 89' lang='lat' dir='ltr'><strong>spiritus</strong></span> <span class='ocrx_word' id='word_1_497' title='bbox 1033 4571 1270 4626; x_wconf 83' lang='lat' dir='ltr'><strong>scienti:e</strong></span> <span class='ocrx_word' id='word_1_498' title='bbox 1293 4614 1312 4637; x_wconf 89' lang='lat'><strong>,</strong></span> <span class='ocrx_word' id='word_1_499' title='bbox 1356 4582 1408 4623; x_wconf 88' lang='lat' dir='ltr'><strong>ut</strong></span> <span class='ocrx_word' id='word_1_500' title='bbox 1451 4571 1764 4642; x_wconf 78' lang='lat' dir='ltr'><strong>ostendatur</strong></span> <span class='ocrx_word' id='word_1_501' title='bbox 1789 4587 1908 4639; x_wconf 64' lang='lat' dir='ltr'><strong>qua:</strong></span> 
     </span>
    </p>
   </div>
   <div class='ocr_carea' id='block_1_60' title="bbox 320 4641 1904 4707">
    <p class='ocr_par' dir='ltr' id='par_1_60' title="bbox 320 4641 1904 4707">
     <span class='ocr_line' id='line_1_61' title="bbox 320 4641 1904 4707; baseline -0.003 -8"><span class='ocrx_word' id='word_1_502' title='bbox 320 4645 392 4699; x_wconf 92' lang='lat' dir='ltr'><strong>sit</strong></span> <span class='ocrx_word' id='word_1_503' title='bbox 427 4647 561 4700; x_wconf 89' lang='lat' dir='ltr'><strong>bona</strong></span> <span class='ocrx_word' id='word_1_504' title='bbox 603 4646 686 4699; x_wconf 87' lang='lat' dir='ltr'><strong>vel</strong></span> <span class='ocrx_word' id='word_1_505' title='bbox 730 4641 862 4697; x_wconf 89' lang='lat' dir='ltr'><strong>mala</strong></span> <span class='ocrx_word' id='word_1_506' title='bbox 906 4643 1136 4697; x_wconf 88' lang='lat' dir='ltr'><strong>tristitia.</strong></span> <span class='ocrx_word' id='word_1_507' title='bbox 1182 4642 1236 4697; x_wconf 87' lang='lat' dir='ltr'><strong>Si</strong></span> <span class='ocrx_word' id='word_1_508' title='bbox 1281 4657 1409 4707; x_wconf 78' lang='lat' dir='ltr'><strong>ergo</strong></span> <span class='ocrx_word' id='word_1_509' title='bbox 1448 4641 1668 4694; x_wconf 75' lang='lat' dir='ltr'><strong>scientia</strong></span> <span class='ocrx_word' id='word_1_510' title='bbox 1711 4642 1904 4695; x_wconf 81' lang='lat' dir='ltr'><strong>bonam</strong></span> 
     </span>
    </p>
   </div>
   <div class='ocr_carea' id='block_1_61' title="bbox 319 4711 1902 4784">
    <p class='ocr_par' dir='ltr' id='par_1_61' title="bbox 319 4711 1902 4784">
     <span class='ocr_line' id='line_1_62' title="bbox 319 4711 1902 4784; baseline -0.004 -14"><span class='ocrx_word' id='word_1_511' title='bbox 319 4716 588 4770; x_wconf 75' lang='lat' dir='ltr'><strong>tristitiam</strong></span> <span class='ocrx_word' id='word_1_512' title='bbox 619 4717 849 4780; x_wconf 83' lang='lat' dir='ltr'><strong>adducit,</strong></span> <span class='ocrx_word' id='word_1_513' title='bbox 877 4731 994 4784; x_wconf 62' lang='lat' dir='ltr'><strong>qua&#39;</strong></span> <span class='ocrx_word' id='word_1_514' title='bbox 1021 4714 1188 4782; x_wconf 80' lang='lat' dir='ltr'><strong>surgit</strong></span> <span class='ocrx_word' id='word_1_515' title='bbox 1216 4712 1276 4768; x_wconf 72' lang='lat' dir='ltr'><strong>ex</strong></span> <span class='ocrx_word' id='word_1_516' title='bbox 1305 4711 1494 4768; x_wconf 89' lang='lat' dir='ltr'><strong>dolore</strong></span> <span class='ocrx_word' id='word_1_517' title='bbox 1525 4720 1860 4784; x_wconf 74' lang='lat' dir='ltr'><strong>peccatorum</strong></span> <span class='ocrx_word' id='word_1_518' title='bbox 1884 4754 1902 4784; x_wconf 87' lang='lat'><strong>,</strong></span> 
     </span>
    </p>
   </div>
   <div class='ocr_carea' id='block_1_62' title="bbox 317 4782 1901 4854">
    <p class='ocr_par' dir='ltr' id='par_1_62' title="bbox 317 4782 1901 4854">
     <span class='ocr_line' id='line_1_63' title="bbox 317 4782 1901 4854; baseline -0.003 -13"><span class='ocrx_word' id='word_1_519' title='bbox 317 4788 602 4854; x_wconf 82' lang='lat' dir='ltr'><strong>expellitur</strong></span> <span class='ocrx_word' id='word_1_520' title='bbox 629 4788 834 4840; x_wconf 78' lang='lat' dir='ltr'><strong>tristitia</strong></span> <span class='ocrx_word' id='word_1_521' title='bbox 864 4782 1063 4848; x_wconf 71' lang='lat' dir='ltr'><strong>saeculi,</strong></span> <span class='ocrx_word' id='word_1_522' title='bbox 1092 4801 1210 4853; x_wconf 72' lang='lat' dir='ltr'><strong>qua:</strong></span> <span class='ocrx_word' id='word_1_523' title='bbox 1240 4792 1467 4839; x_wconf 90' lang='lat' dir='ltr'><strong>mortem</strong></span> <span class='ocrx_word' id='word_1_524' title='bbox 1497 4793 1768 4851; x_wconf 87' lang='lat' dir='ltr'><strong>operatur.</strong></span> <span class='ocrx_word' id='word_1_525' title='bbox 1797 4782 1901 4837; x_wconf 90' lang='lat' dir='ltr'><strong>Sed</strong></span> 
     </span>
    </p>
   </div>
   <div class='ocr_carea' id='block_1_63' title="bbox 317 4854 1903 4925">
    <p class='ocr_par' dir='ltr' id='par_1_63' title="bbox 317 4854 1903 4925">
     <span class='ocr_line' id='line_1_64' title="bbox 317 4854 1903 4925; baseline -0.001 -15"><span class='ocrx_word' id='word_1_526' title='bbox 317 4860 442 4925; x_wconf 89' lang='lat' dir='ltr'><strong>quia</strong></span> <span class='ocrx_word' id='word_1_527' title='bbox 487 4859 635 4912; x_wconf 89' lang='lat' dir='ltr'><strong>multi</strong></span> <span class='ocrx_word' id='word_1_528' title='bbox 675 4866 799 4912; x_wconf 88' lang='lat' dir='ltr'><strong>sunt</strong></span> <span class='ocrx_word' id='word_1_529' title='bbox 840 4858 952 4910; x_wconf 89' lang='lat' dir='ltr'><strong>istis</strong></span> <span class='ocrx_word' id='word_1_530' title='bbox 993 4856 1239 4911; x_wconf 91' lang='lat' dir='ltr'><strong>omnibus</strong></span> <span class='ocrx_word' id='word_1_531' title='bbox 1275 4861 1559 4925; x_wconf 81' lang='lat' dir='ltr'><strong>carentes,</strong></span> <span class='ocrx_word' id='word_1_532' title='bbox 1603 4854 1903 4925; x_wconf 88' lang='lat' dir='ltr'><strong>sicut_sunt</strong></span> 
     </span>
    </p>
   </div>
   <div class='ocr_carea' id='block_1_64' title="bbox 317 4923 1901 4996">
    <p class='ocr_par' dir='ltr' id='par_1_64' title="bbox 317 4923 1901 4996">
     <span class='ocr_line' id='line_1_65' title="bbox 317 4923 1901 4996; baseline -0.002 -14"><span class='ocrx_word' id='word_1_533' title='bbox 317 4923 589 4992; x_wconf 78' lang='lat' dir='ltr'><strong>iracundi;</strong></span> <span class='ocrx_word' id='word_1_534' title='bbox 638 4929 758 4984; x_wconf 90' lang='lat' dir='ltr'><strong>ideo</strong></span> <span class='ocrx_word' id='word_1_535' title='bbox 800 4928 954 4982; x_wconf 84' lang='lat' dir='ltr'><strong>datur</strong></span> <span class='ocrx_word' id='word_1_536' title='bbox 999 4927 1215 4996; x_wconf 90' lang='lat' dir='ltr'><strong>spiritus</strong></span> <span class='ocrx_word' id='word_1_537' title='bbox 1261 4924 1623 4996; x_wconf 55' lang='lat' dir='ltr'><strong>fortitudinis,</strong></span> <span class='ocrx_word' id='word_1_538' title='bbox 1672 4923 1760 4996; x_wconf 85' lang='lat' dir='ltr'><strong>qui</strong></span> <span class='ocrx_word' id='word_1_539' title='bbox 1807 4940 1901 4992; x_wconf 88' lang='lat' dir='ltr'><strong>per</strong></span> 
     </span>
    </p>
   </div>
   <div class='ocr_carea' id='block_1_65' title="bbox 316 4994 1897 5068">
    <p class='ocr_par' dir='ltr' id='par_1_65' title="bbox 316 4994 1897 5068">
     <span class='ocr_line' id='line_1_66' title="bbox 316 4994 1897 5068; baseline -0.003 -15"><span class='ocrx_word' id='word_1_540' title='bbox 316 5000 724 5068; x_wconf 88' lang='lat' dir='ltr'><strong>temperantiam</strong></span> <span class='ocrx_word' id='word_1_541' title='bbox 767 5001 1001 5054; x_wconf 76' lang='lat' dir='ltr'><strong>refrenat</strong></span> <span class='ocrx_word' id='word_1_542' title='bbox 1029 4994 1379 5054; x_wconf 86' lang='lat' dir='ltr'><strong>iracundiam.</strong></span> <span class='ocrx_word' id='word_1_543' title='bbox 1419 4994 1567 5050; x_wconf 89' lang='lat' dir='ltr'><strong>Talis</strong></span> <span class='ocrx_word' id='word_1_544' title='bbox 1587 4994 1752 5068; x_wconf 76' lang='lat' dir='ltr'><strong>_l&#39;ortis</strong></span> <span class='ocrx_word' id='word_1_545' title='bbox 1776 5004 1857 5049; x_wconf 87' lang='lat' dir='ltr'><strong>est</strong></span> <span class='ocrx_word' id='word_1_546' title='bbox 1880 5038 1897 5065; x_wconf 96' lang='lat'><strong>,</strong></span> 
     </span>
    </p>
   </div>
   <div class='ocr_carea' id='block_1_66' title="bbox 313 5066 1895 5140">
    <p class='ocr_par' dir='ltr' id='par_1_66' title="bbox 313 5066 1895 5140">
     <span class='ocr_line' id='line_1_67' title="bbox 313 5066 1895 5140; baseline -0.003 -16"><span class='ocrx_word' id='word_1_547' title='bbox 313 5066 640 5140; x_wconf 14' lang='lat' dir='ltr'><strong>imoifortior</strong></span> <span class='ocrx_word' id='word_1_548' title='bbox 659 5111 674 5135; x_wconf 83' lang='lat'><strong>,</strong></span> <span class='ocrx_word' id='word_1_549' title='bbox 698 5072 786 5139; x_wconf 86' lang='lat' dir='ltr'><strong>qui</strong></span> <span class='ocrx_word' id='word_1_550' title='bbox 829 5071 990 5124; x_wconf 82' lang='lat' dir='ltr'><strong>vincit</strong></span> <span class='ocrx_word' id='word_1_551' title='bbox 1020 5071 1251 5123; x_wconf 85' lang='lat' dir='ltr'><strong>animum</strong></span> <span class='ocrx_word' id='word_1_552' title='bbox 1273 5112 1287 5136; x_wconf 96' lang='lat'><strong>,</strong></span> <span class='ocrx_word' id='word_1_553' title='bbox 1319 5082 1478 5140; x_wconf 82' lang='lat' dir='ltr'><strong>quant</strong></span> <span class='ocrx_word' id='word_1_554' title='bbox 1509 5066 1600 5135; x_wconf 88' lang='lat' dir='ltr'><strong>qui</strong></span> <span class='ocrx_word' id='word_1_555' title='bbox 1635 5068 1776 5140; x_wconf 67' lang='lat' dir='ltr'><strong>capii</strong></span> <span class='ocrx_word' id='word_1_556' title='bbox 1805 5081 1895 5120; x_wconf 89' lang='lat' dir='ltr'><strong>ur-</strong></span> 
     </span>
    </p>
   </div>
   <div class='ocr_carea' id='block_1_67' title="bbox 310 5134 1898 5211">
    <p class='ocr_par' dir='ltr' id='par_1_67' title="bbox 310 5134 1898 5211">
     <span class='ocr_line' id='line_1_68' title="bbox 310 5134 1898 5211; baseline -0.002 -17"><span class='ocrx_word' id='word_1_557' title='bbox 310 5141 460 5194; x_wconf 86' lang='lat' dir='ltr'><strong>bem.</strong></span> <span class='ocrx_word' id='word_1_558' title='bbox 492 5139 598 5196; x_wconf 90' lang='lat' dir='ltr'><strong>Sed</strong></span> <span class='ocrx_word' id='word_1_559' title='bbox 625 5134 746 5211; x_wconf 81' lang='lat' dir='ltr'><strong>quia</strong></span> <span class='ocrx_word' id='word_1_560' title='bbox 777 5141 947 5194; x_wconf 89' lang='lat' dir='ltr'><strong>adhuc</strong></span> <span class='ocrx_word' id='word_1_561' title='bbox 970 5139 1168 5194; x_wconf 85' lang='lat' dir='ltr'><strong>invidet</strong></span> <span class='ocrx_word' id='word_1_562' title='bbox 1192 5134 1376 5194; x_wconf 77' lang='lat' dir='ltr'><strong>fortius</strong></span> <span class='ocrx_word' id='word_1_563' title='bbox 1397 5134 1714 5211; x_wconf 77' lang='lat' dir='ltr'><strong>imperanti;</strong></span> <span class='ocrx_word' id='word_1_564' title='bbox 1741 5134 1898 5211; x_wconf 84' lang='lat' dir='ltr'><strong>datur</strong></span> 
     </span>
    </p>
   </div>
   <div class='ocr_carea' id='block_1_68' title="bbox 311 5207 1893 5281">
    <p class='ocr_par' dir='ltr' id='par_1_68' title="bbox 311 5207 1893 5281">
     <span class='ocr_line' id='line_1_69' title="bbox 311 5207 1893 5281; baseline -0.004 -16"><span class='ocrx_word' id='word_1_565' title='bbox 311 5212 536 5280; x_wconf 87' lang='lat' dir='ltr'><strong>spiritus</strong></span> <span class='ocrx_word' id='word_1_566' title='bbox 565 5207 794 5278; x_wconf 82' lang='lat' dir='ltr'><strong>consilii,</strong></span> <span class='ocrx_word' id='word_1_567' title='bbox 823 5213 912 5281; x_wconf 92' lang='lat' dir='ltr'><strong>qui</strong></span> <span class='ocrx_word' id='word_1_568' title='bbox 939 5228 1033 5279; x_wconf 91' lang='lat' dir='ltr'><strong>per</strong></span> <span class='ocrx_word' id='word_1_569' title='bbox 1056 5226 1292 5265; x_wconf 87' lang='lat' dir='ltr'><strong>amorem</strong></span> <span class='ocrx_word' id='word_1_570' title='bbox 1324 5211 1548 5280; x_wconf 81' lang='lat' dir='ltr'><strong>proximi</strong></span> <span class='ocrx_word' id='word_1_571' title='bbox 1580 5208 1724 5281; x_wconf 78' lang='lat' dir='ltr'><strong>ejieit</strong></span> <span class='ocrx_word' id='word_1_572' title='bbox 1756 5207 1893 5281; x_wconf 84' lang='lat' dir='ltr'><strong>invi-</strong></span> 
     </span>
    </p>
   </div>
   <div class='ocr_carea' id='block_1_69' title="bbox 308 5277 1890 5353">
    <p class='ocr_par' dir='ltr' id='par_1_69' title="bbox 308 5277 1890 5353">
     <span class='ocr_line' id='line_1_70' title="bbox 308 5277 1890 5353; baseline -0.001 -18"><span class='ocrx_word' id='word_1_573' title='bbox 308 5277 476 5353; x_wconf 79' lang='lat' dir='ltr'><strong>diam.</strong></span> <span class='ocrx_word' id='word_1_574' title='bbox 505 5283 608 5338; x_wconf 91' lang='lat' dir='ltr'><strong>Sed</strong></span> <span class='ocrx_word' id='word_1_575' title='bbox 637 5285 755 5353; x_wconf 85' lang='lat' dir='ltr'><strong>quia</strong></span> <span class='ocrx_word' id='word_1_576' title='bbox 782 5277 876 5351; x_wconf 82' lang='lat' dir='ltr'><strong>pro</strong></span> <span class='ocrx_word' id='word_1_577' title='bbox 903 5277 1063 5336; x_wconf 84' lang='lat' dir='ltr'><strong>tantis</strong></span> <span class='ocrx_word' id='word_1_578' title='bbox 1089 5283 1292 5336; x_wconf 91' lang='lat' dir='ltr'><strong>meritis</strong></span> <span class='ocrx_word' id='word_1_579' title='bbox 1311 5277 1509 5353; x_wconf 76' lang='lat' dir='ltr'><strong>szepius</strong></span> <span class='ocrx_word' id='word_1_580' title='bbox 1530 5277 1890 5353; x_wconf 76' lang='lat' dir='ltr'><strong>vultlaudari,</strong></span> 
     </span>
    </p>
   </div>
   <div class='ocr_carea' id='block_1_70' title="bbox 309 5349 1893 5424">
    <p class='ocr_par' dir='ltr' id='par_1_70' title="bbox 309 5349 1893 5424">
     <span class='ocr_line' id='line_1_71' title="bbox 309 5349 1893 5424; baseline -0.001 -18"><span class='ocrx_word' id='word_1_581' title='bbox 309 5351 436 5406; x_wconf 89' lang='lat' dir='ltr'><strong>ideo</strong></span> <span class='ocrx_word' id='word_1_582' title='bbox 475 5353 632 5407; x_wconf 90' lang='lat' dir='ltr'><strong>datur</strong></span> <span class='ocrx_word' id='word_1_583' title='bbox 657 5349 889 5424; x_wconf 76' lang='lat' dir='ltr'><strong>spiritus</strong></span> <span class='ocrx_word' id='word_1_584' title='bbox 929 5354 1265 5418; x_wconf 87' lang='lat' dir='ltr'><strong>intellectus,</strong></span> <span class='ocrx_word' id='word_1_585' title='bbox 1314 5349 1407 5424; x_wconf 76' lang='lat' dir='ltr'><strong>per</strong></span> <span class='ocrx_word' id='word_1_586' title='bbox 1447 5367 1629 5424; x_wconf 88' lang='lat' dir='ltr'><strong>quem</strong></span> <span class='ocrx_word' id='word_1_587' title='bbox 1653 5349 1893 5424; x_wconf 83' lang='lat' dir='ltr'><strong>intelligit</strong></span> 
     </span>
    </p>
   </div>
   <div class='ocr_carea' id='block_1_71' title="bbox 306 5421 1894 5495">
    <p class='ocr_par' dir='ltr' id='par_1_71' title="bbox 306 5421 1894 5495">
     <span class='ocr_line' id='line_1_72' title="bbox 306 5421 1894 5495; baseline 0.001 -19"><span class='ocrx_word' id='word_1_588' title='bbox 306 5424 438 5495; x_wconf 84' lang='lat' dir='ltr'><strong>quid</strong></span> <span class='ocrx_word' id='word_1_589' title='bbox 481 5425 568 5478; x_wconf 92' lang='lat' dir='ltr'><strong>sit.</strong></span> <span class='ocrx_word' id='word_1_590' title='bbox 618 5421 722 5480; x_wconf 86' lang='lat' dir='ltr'><strong>Sed</strong></span> <span class='ocrx_word' id='word_1_591' title='bbox 760 5426 880 5495; x_wconf 91' lang='lat' dir='ltr'><strong>quia</strong></span> <span class='ocrx_word' id='word_1_592' title='bbox 927 5425 1127 5478; x_wconf 87' lang='lat' dir='ltr'><strong>invenit</strong></span> <span class='ocrx_word' id='word_1_593' title='bbox 1165 5440 1223 5479; x_wconf 91' lang='lat' dir='ltr'><strong>se</strong></span> <span class='ocrx_word' id='word_1_594' title='bbox 1263 5421 1390 5478; x_wconf 86' lang='lat' dir='ltr'><strong>nihil</strong></span> <span class='ocrx_word' id='word_1_595' title='bbox 1433 5421 1585 5485; x_wconf 76' lang='lat' dir='ltr'><strong>esse;</strong></span> <span class='ocrx_word' id='word_1_596' title='bbox 1621 5421 1739 5495; x_wconf 84' lang='lat' dir='ltr'><strong>ideo</strong></span> <span class='ocrx_word' id='word_1_597' title='bbox 1768 5429 1894 5495; x_wconf 83' lang='lat' dir='ltr'><strong>ante</strong></span> 
     </span>
    </p>
   </div>
   <div class='ocr_carea' id='block_1_72' title="bbox 308 5493 1892 5562">
    <p class='ocr_par' dir='ltr' id='par_1_72' title="bbox 308 5493 1892 5562">
     <span class='ocr_line' id='line_1_73' title="bbox 308 5493 1892 5562; baseline -0.001 -14"><span class='ocrx_word' id='word_1_598' title='bbox 308 5493 477 5549; x_wconf 88' lang='lat' dir='ltr'><strong>Deum</strong></span> <span class='ocrx_word' id='word_1_599' title='bbox 519 5493 828 5549; x_wconf 83' lang='lat' dir='ltr'><strong>humiliatur</strong></span> <span class='ocrx_word' id='word_1_600' title='bbox 848 5538 862 5560; x_wconf 90' lang='lat'><strong>,</strong></span> <span class='ocrx_word' id='word_1_601' title='bbox 894 5504 947 5549; x_wconf 93' lang='lat' dir='ltr'><strong>et</strong></span> <span class='ocrx_word' id='word_1_602' title='bbox 973 5499 1052 5551; x_wconf 88' lang='lat' dir='ltr'><strong>sic</strong></span> <span class='ocrx_word' id='word_1_603' title='bbox 1080 5511 1172 5562; x_wconf 90' lang='lat' dir='ltr'><strong>per</strong></span> <span class='ocrx_word' id='word_1_604' title='bbox 1213 5495 1541 5549; x_wconf 85' lang='lat' dir='ltr'><strong>humiliatem</strong></span> <span class='ocrx_word' id='word_1_605' title='bbox 1569 5493 1786 5562; x_wconf 89' lang='lat' dir='ltr'><strong>spiritus</strong></span> <span class='ocrx_word' id='word_1_606' title='bbox 1811 5493 1892 5546; x_wconf 88' lang='lat' dir='ltr'><strong>in-</strong></span> 
     </span>
    </p>
   </div>
   <div class='ocr_carea' id='block_1_73' title="bbox 307 5563 1892 5636">
    <p class='ocr_par' dir='ltr' id='par_1_73' title="bbox 307 5563 1892 5636">
     <span class='ocr_line' id='line_1_74' title="bbox 307 5563 1892 5636; baseline -0.001 -17"><span class='ocrx_word' id='word_1_607' title='bbox 307 5565 555 5621; x_wconf 87' lang='lat' dir='ltr'><strong>tellectus</strong></span> <span class='ocrx_word' id='word_1_608' title='bbox 591 5566 732 5635; x_wconf 89' lang='lat' dir='ltr'><strong>ejicit</strong></span> <span class='ocrx_word' id='word_1_609' title='bbox 775 5567 986 5621; x_wconf 88' lang='lat' dir='ltr'><strong>inanem</strong></span> <span class='ocrx_word' id='word_1_610' title='bbox 1027 5567 1268 5635; x_wconf 83' lang='lat' dir='ltr'><strong>gloriam.</strong></span> <span class='ocrx_word' id='word_1_611' title='bbox 1305 5565 1408 5621; x_wconf 90' lang='lat' dir='ltr'><strong>Sed</strong></span> <span class='ocrx_word' id='word_1_612' title='bbox 1443 5565 1568 5636; x_wconf 89' lang='lat' dir='ltr'><strong>quia</strong></span> <span class='ocrx_word' id='word_1_613' title='bbox 1607 5563 1892 5636; x_wconf 85' lang='lat' dir='ltr'><strong>aliquando</strong></span> 
     </span>
    </p>
   </div>
   <div class='ocr_carea' id='block_1_74' title="bbox 303 5633 1890 5708">
    <p class='ocr_par' dir='ltr' id='par_1_74' title="bbox 303 5633 1890 5708">
     <span class='ocr_line' id='line_1_75' title="bbox 303 5633 1890 5708; baseline -0.001 -18"><span class='ocrx_word' id='word_1_614' title='bbox 303 5653 412 5708; x_wconf 84' lang='lat' dir='ltr'><strong>non</strong></span> <span class='ocrx_word' id='word_1_615' title='bbox 437 5647 588 5708; x_wconf 85' lang='lat' dir='ltr'><strong>curat</strong></span> <span class='ocrx_word' id='word_1_616' title='bbox 611 5633 1113 5708; x_wconf 72' lang='lat' dir='ltr'><strong>extrinsecus,solet</strong></span> <span class='ocrx_word' id='word_1_617' title='bbox 1141 5647 1315 5692; x_wconf 90' lang='lat' dir='ltr'><strong>tamen</strong></span> <span class='ocrx_word' id='word_1_618' title='bbox 1340 5633 1482 5708; x_wconf 67' lang='lat' dir='ltr'><strong>saepe</strong></span> <span class='ocrx_word' id='word_1_619' title='bbox 1499 5637 1568 5691; x_wconf 91' lang='lat' dir='ltr'><strong>de</strong></span> <span class='ocrx_word' id='word_1_620' title='bbox 1588 5650 1644 5688; x_wconf 90' lang='lat' dir='ltr'><strong>se</strong></span> <span class='ocrx_word' id='word_1_621' title='bbox 1667 5633 1890 5708; x_wconf 86' lang='lat' dir='ltr'><strong>interius</strong></span> 
     </span>
    </p>
   </div>
   <div class='ocr_carea' id='block_1_75' title="bbox 300 5706 1887 5778">
    <p class='ocr_par' dir='ltr' id='par_1_75' title="bbox 300 5706 1887 5778">
     <span class='ocr_line' id='line_1_76' title="bbox 300 5706 1887 5778; baseline -0.001 -18"><span class='ocrx_word' id='word_1_622' title='bbox 300 5707 556 5778; x_wconf 83' lang='lat' dir='ltr'><strong>gloriari;</strong></span> <span class='ocrx_word' id='word_1_623' title='bbox 589 5708 711 5762; x_wconf 89' lang='lat' dir='ltr'><strong>ideo</strong></span> <span class='ocrx_word' id='word_1_624' title='bbox 737 5710 894 5762; x_wconf 87' lang='lat' dir='ltr'><strong>datur</strong></span> <span class='ocrx_word' id='word_1_625' title='bbox 917 5706 1134 5776; x_wconf 86' lang='lat' dir='ltr'><strong>spiritus</strong></span> <span class='ocrx_word' id='word_1_626' title='bbox 1160 5706 1434 5777; x_wconf 76' lang='lat' dir='ltr'><strong>sapienti:e</strong></span> <span class='ocrx_word' id='word_1_627' title='bbox 1457 5751 1470 5770; x_wconf 89' lang='lat'><strong>,</strong></span> <span class='ocrx_word' id='word_1_628' title='bbox 1499 5721 1595 5778; x_wconf 87' lang='lat' dir='ltr'><strong>per</strong></span> <span class='ocrx_word' id='word_1_629' title='bbox 1618 5720 1775 5775; x_wconf 88' lang='lat' dir='ltr'><strong>quem</strong></span> <span class='ocrx_word' id='word_1_630' title='bbox 1805 5706 1887 5759; x_wconf 91' lang='lat' dir='ltr'><strong>in-</strong></span> 
     </span>
    </p>
   </div>
   <div class='ocr_carea' id='block_1_76' title="bbox 297 5778 1891 5849">
    <p class='ocr_par' dir='ltr' id='par_1_76' title="bbox 297 5778 1891 5849">
     <span class='ocr_line' id='line_1_77' title="bbox 297 5778 1891 5849; baseline -0.001 -16"><span class='ocrx_word' id='word_1_631' title='bbox 297 5779 431 5848; x_wconf 84' lang='lat' dir='ltr'><strong>cipit</strong></span> <span class='ocrx_word' id='word_1_632' title='bbox 480 5781 643 5834; x_wconf 74' lang='lat' dir='ltr'><strong>lieum</strong></span> <span class='ocrx_word' id='word_1_633' title='bbox 692 5794 1036 5849; x_wconf 84' lang='lat' dir='ltr'><strong>cognoscere.</strong></span> <span class='ocrx_word' id='word_1_634' title='bbox 1097 5781 1221 5848; x_wconf 83' lang='lat' dir='ltr'><strong>Ejus</strong></span> <span class='ocrx_word' id='word_1_635' title='bbox 1268 5789 1443 5834; x_wconf 86' lang='lat' dir='ltr'><strong>autem</strong></span> <span class='ocrx_word' id='word_1_636' title='bbox 1493 5778 1788 5834; x_wconf 86' lang='lat' dir='ltr'><strong>bonitatem</strong></span> <span class='ocrx_word' id='word_1_637' title='bbox 1825 5785 1891 5849; x_wconf 85' lang='lat' dir='ltr'><strong>et</strong></span> 
     </span>
    </p>
   </div>
   <div class='ocr_carea' id='block_1_77' title="bbox 297 5847 1886 5921">
    <p class='ocr_par' dir='ltr' id='par_1_77' title="bbox 297 5847 1886 5921">
     <span class='ocr_line' id='line_1_78' title="bbox 297 5847 1886 5921; baseline -0.001 -17"><span class='ocrx_word' id='word_1_638' title='bbox 297 5847 724 5906; x_wconf 87' lang='lat' dir='ltr'><strong>misericordiam</strong></span> <span class='ocrx_word' id='word_1_639' title='bbox 765 5847 891 5921; x_wconf 78' lang='lat' dir='ltr'><strong>quis</strong></span> <span class='ocrx_word' id='word_1_640' title='bbox 930 5847 1294 5921; x_wconf 80' lang='lat' dir='ltr'><strong>cognoscens.</strong></span> <span class='ocrx_word' id='word_1_641' title='bbox 1338 5851 1508 5918; x_wconf 88' lang='lat' dir='ltr'><strong>ipsum</strong></span> <span class='ocrx_word' id='word_1_642' title='bbox 1557 5859 1667 5903; x_wconf 91' lang='lat' dir='ltr'><strong>t0to</strong></span> <span class='ocrx_word' id='word_1_643' title='bbox 1709 5847 1886 5921; x_wconf 87' lang='lat' dir='ltr'><strong>cordis</strong></span> 
     </span>
    </p>
   </div>
   <div class='ocr_carea' id='block_1_78' title="bbox 295 5920 1882 5996">
    <p class='ocr_par' dir='ltr' id='par_1_78' title="bbox 295 5920 1882 5996">
     <span class='ocr_line' id='line_1_79' title="bbox 295 5920 1882 5996; baseline -0.003 -17"><span class='ocrx_word' id='word_1_644' title='bbox 295 5921 495 5980; x_wconf 73' lang='lat' dir='ltr'><strong>affectu</strong></span> <span class='ocrx_word' id='word_1_645' title='bbox 524 5922 713 5996; x_wconf 83' lang='lat' dir='ltr'><strong>diligit,</strong></span> <span class='ocrx_word' id='word_1_646' title='bbox 743 5920 800 5980; x_wconf 84' lang='lat' dir='ltr'><strong>et</strong></span> <span class='ocrx_word' id='word_1_647' title='bbox 821 5921 898 5978; x_wconf 88' lang='lat' dir='ltr'><strong>sic</strong></span> <span class='ocrx_word' id='word_1_648' title='bbox 923 5920 1178 5993; x_wconf 87' lang='lat' dir='ltr'><strong>sapientia</strong></span> <span class='ocrx_word' id='word_1_649' title='bbox 1207 5936 1300 5991; x_wconf 89' lang='lat' dir='ltr'><strong>per</strong></span> <span class='ocrx_word' id='word_1_650' title='bbox 1322 5922 1637 5978; x_wconf 82' lang='lat' dir='ltr'><strong>charitatem</strong></span> <span class='ocrx_word' id='word_1_651' title='bbox 1662 5920 1882 5992; x_wconf 80' lang='lat' dir='ltr'><strong>expellit</strong></span> 
     </span>
    </p>
   </div>
   <div class='ocr_carea' id='block_1_79' title="bbox 2029 543 3614 620">
    <p class='ocr_par' dir='ltr' id='par_1_79' title="bbox 2029 543 3614 620">
     <span class='ocr_line' id='line_1_80' title="bbox 2029 543 3614 620; baseline 0.012 -22"><span class='ocrx_word' id='word_1_652' title='bbox 2029 543 2332 620; x_wconf 74' lang='lat' dir='ltr'><strong>superbiam</strong></span> <span class='ocrx_word' id='word_1_653' title='bbox 2353 587 2368 611; x_wconf 90' lang='lat'><strong>,</strong></span> <span class='ocrx_word' id='word_1_654' title='bbox 2409 559 2524 620; x_wconf 74' lang='lat' dir='ltr'><strong>qua</strong></span> <span class='ocrx_word' id='word_1_655' title='bbox 2542 545 2764 620; x_wconf 85' lang='lat' dir='ltr'><strong>expulsa</strong></span> <span class='ocrx_word' id='word_1_656' title='bbox 2807 562 2902 620; x_wconf 88' lang='lat' dir='ltr'><strong>per</strong></span> <span class='ocrx_word' id='word_1_657' title='bbox 2927 551 3152 620; x_wconf 85' lang='lat' dir='ltr'><strong>gratiam</strong></span> <span class='ocrx_word' id='word_1_658' title='bbox 3180 554 3443 613; x_wconf 77' lang='lat' dir='ltr'><strong>efficimur</strong></span> <span class='ocrx_word' id='word_1_659' title='bbox 3473 569 3614 616; x_wconf 90' lang='lat' dir='ltr'><strong>tem-</strong></span> 
     </span>
    </p>
   </div>
   <div class='ocr_carea' id='block_1_80' title="bbox 2029 614 3472 689">
    <p class='ocr_par' dir='ltr' id='par_1_80' title="bbox 2029 614 3472 689">
     <span class='ocr_line' id='line_1_81' title="bbox 2029 614 3472 689; baseline 0.011 -20"><span class='ocrx_word' id='word_1_660' title='bbox 2029 614 2173 686; x_wconf 89' lang='lat' dir='ltr'><strong>plum</strong></span> <span class='ocrx_word' id='word_1_661' title='bbox 2205 617 2295 671; x_wconf 83' lang='lat' dir='ltr'><strong>Det</strong></span> <span class='ocrx_word' id='word_1_662' title='bbox 2324 625 2377 671; x_wconf 91' lang='lat' dir='ltr'><strong>et</strong></span> <span class='ocrx_word' id='word_1_663' title='bbox 2409 614 2765 672; x_wconf 85' lang='lat' dir='ltr'><strong>habitaculum</strong></span> <span class='ocrx_word' id='word_1_664' title='bbox 2798 614 3030 689; x_wconf 75' lang='lat' dir='ltr'><strong>Spiritus</strong></span> <span class='ocrx_word' id='word_1_665' title='bbox 3055 628 3244 680; x_wconf 88' lang='lat' dir='ltr'><strong>sancti.</strong></span> <span class='ocrx_word' id='word_1_666' title='bbox 3276 631 3472 685; x_wconf 88' lang='lat' dir='ltr'><strong>Amen.</strong></span> 
     </span>
    </p>
   </div>
   <div class='ocr_carea' id='block_1_81' title="bbox 2617 707 3026 766">
    <p class='ocr_par' dir='ltr' id='par_1_81' title="bbox 2617 707 3026 766">
     <span class='ocr_line' id='line_1_82' title="bbox 2617 707 3026 766; baseline 0.002 -2"><span class='ocrx_word' id='word_1_667' title='bbox 2617 707 2849 766; x_wconf 83' lang='lat' dir='ltr'><strong>SERMO</strong></span> <span class='ocrx_word' id='word_1_668' title='bbox 2888 710 3026 766; x_wconf 78' lang='lat' dir='ltr'><strong>XVI.</strong></span> 
     </span>
    </p>
   </div>
   <div class='ocr_carea' id='block_1_82' title="bbox 2026 803 3614 908">
    <p class='ocr_par' dir='ltr' id='par_1_82' title="bbox 2026 803 3614 908">
     <span class='ocr_line' id='line_1_83' title="bbox 2026 803 3614 908; baseline 0.013 -55"><span class='ocrx_word' id='word_1_669' title='bbox 2026 812 2095 853; x_wconf 76' lang='lat' dir='ltr'><strong>nl</strong></span> <span class='ocrx_word' id='word_1_670' title='bbox 2133 813 2503 857; x_wconf 73' lang='lat' dir='ltr'><strong>INOBEDIINTIA</strong></span> <span class='ocrx_word' id='word_1_671' title='bbox 2522 841 2538 866; x_wconf 89' lang='lat'><strong>,</strong></span> <span class='ocrx_word' id='word_1_672' title='bbox 2578 817 2924 908; x_wconf 52' lang='lat' dir='ltr'><strong>IEGLIGIN‘I&#39;I&#39;A</strong></span> <span class='ocrx_word' id='word_1_673' title='bbox 2943 845 2958 870; x_wconf 88' lang='lat'><strong>,</strong></span> <span class='ocrx_word' id='word_1_674' title='bbox 3000 821 3280 868; x_wconf 70' lang='lat' dir='ltr'><strong>PA&#39;I&#39;IIN&#39;I‘IA</strong></span> <span class='ocrx_word' id='word_1_675' title='bbox 3322 829 3392 869; x_wconf 75' lang='lat' dir='ltr'><strong>ar</strong></span> <span class='ocrx_word' id='word_1_676' title='bbox 3429 803 3614 874; x_wconf 67' lang='lat' dir='ltr'><strong>casti-</strong></span> 
     </span>
    </p>
   </div>
   <div class='ocr_carea' id='block_1_83' title="bbox 2719 890 2926 931">
    <p class='ocr_par' dir='ltr' id='par_1_83' title="bbox 2719 890 2926 931">
     <span class='ocr_line' id='line_1_84' title="bbox 2719 890 2926 931; baseline 0.005 -3"><span class='ocrx_word' id='word_1_677' title='bbox 2719 890 2857 931; x_wconf 72' lang='lat' dir='ltr'><strong>TA&#39;I&#39;E</strong></span> <span class='ocrx_word' id='word_1_678' title='bbox 2887 890 2926 929; x_wconf 83' lang='lat'><strong>&#39;.</strong></span> 
     </span>
    </p>
   </div>
   <div class='ocr_carea' id='block_1_84' title="bbox 2097 958 3616 1047">
    <p class='ocr_par' dir='ltr' id='par_1_84' title="bbox 2097 958 3616 1047">
     <span class='ocr_line' id='line_1_85' title="bbox 2097 958 3616 1047; baseline 0.014 -34"><span class='ocrx_word' id='word_1_679' title='bbox 2097 958 2312 1047; x_wconf 49' lang='lat' dir='ltr'><strong>Fratres</strong></span> <span class='ocrx_word' id='word_1_680' title='bbox 2368 962 2475 1017; x_wconf 91' lang='lat' dir='ltr'><strong>mei</strong></span> <span class='ocrx_word' id='word_1_681' title='bbox 2527 963 2894 1047; x_wconf 85' lang='lat' dir='ltr'><strong>dilectissimi,</strong></span> <span class='ocrx_word' id='word_1_682' title='bbox 2950 968 3001 1023; x_wconf 94' lang='lat' dir='ltr'><strong>in</strong></span> <span class='ocrx_word' id='word_1_683' title='bbox 3051 972 3305 1047; x_wconf 90' lang='lat' dir='ltr'><strong>_omnibus</strong></span> <span class='ocrx_word' id='word_1_684' title='bbox 3361 978 3616 1047; x_wconf 86' lang='lat' dir='ltr'><strong>operibus</strong></span> 
     </span>
    </p>
   </div>
   <div class='ocr_carea' id='block_1_85' title="bbox 2025 1040 3614 1108">
    <p class='ocr_par' dir='ltr' id='par_1_85' title="bbox 2025 1040 3614 1108">
     <span class='ocr_line' id='line_1_86' title="bbox 2025 1040 3614 1108; baseline 0.014 -25"><span class='ocrx_word' id='word_1_685' title='bbox 2025 1040 2218 1085; x_wconf 85' lang='lat' dir='ltr'><strong>vestris</strong></span> <span class='ocrx_word' id='word_1_686' title='bbox 2241 1047 2490 1108; x_wconf 65' lang='lat' dir='ltr'><strong>semper</strong></span> <span class='ocrx_word' id='word_1_687' title='bbox 2500 1045 2886 1108; x_wconf 69' lang='lat' dir='ltr'><strong>mementote,</strong></span> <span class='ocrx_word' id='word_1_688' title='bbox 2924 1040 3066 1108; x_wconf 90' lang='lat' dir='ltr'><strong>quod</strong></span> <span class='ocrx_word' id='word_1_689' title='bbox 3114 1056 3300 1098; x_wconf 91' lang='lat' dir='ltr'><strong>omnes</strong></span> <span class='ocrx_word' id='word_1_690' title='bbox 3353 1040 3614 1105; x_wconf 75' lang='lat' dir='ltr'><strong>stabimus</strong></span> 
     </span>
    </p>
   </div>
   <div class='ocr_carea' id='block_1_86' title="bbox 2025 1103 3616 1186">
    <p class='ocr_par' dir='ltr' id='par_1_86' title="bbox 2025 1103 3616 1186">
     <span class='ocr_line' id='line_1_87' title="bbox 2025 1103 3616 1186; baseline 0.014 -32"><span class='ocrx_word' id='word_1_691' title='bbox 2025 1103 2416 1186; x_wconf 35' lang='lat' dir='ltr'><strong>antehtribunal</strong></span> <span class='ocrx_word' id='word_1_692' title='bbox 2451 1104 2671 1186; x_wconf 82' lang='lat' dir='ltr'><strong>Christi,</strong></span> <span class='ocrx_word' id='word_1_693' title='bbox 2709 1117 2764 1162; x_wconf 92' lang='lat' dir='ltr'><strong>ut</strong></span> <span class='ocrx_word' id='word_1_694' title='bbox 2804 1103 3001 1186; x_wconf 77' lang='lat' dir='ltr'><strong>referat</strong></span> <span class='ocrx_word' id='word_1_695' title='bbox 3043 1116 3425 1186; x_wconf 84' lang='lat' dir='ltr'><strong>unusquisque,</strong></span> <span class='ocrx_word' id='word_1_696' title='bbox 3459 1103 3616 1186; x_wconf 79' lang='lat' dir='ltr'><strong>prout</strong></span> 
     </span>
    </p>
   </div>
   <div class='ocr_carea' id='block_1_87' title="bbox 2025 1177 3611 1248">
    <p class='ocr_par' dir='ltr' id='par_1_87' title="bbox 2025 1177 3611 1248">
     <span class='ocr_line' id='line_1_88' title="bbox 2025 1177 3611 1248; baseline 0.013 -23"><span class='ocrx_word' id='word_1_697' title='bbox 2025 1177 2190 1248; x_wconf 74' lang='lat' dir='ltr'><strong>gessit</strong></span> <span class='ocrx_word' id='word_1_698' title='bbox 2233 1177 2304 1248; x_wconf 87' lang='lat' dir='ltr'><strong>in__</strong></span> <span class='ocrx_word' id='word_1_699' title='bbox 2326 1189 2570 1248; x_wconf 87' lang='lat' dir='ltr'><strong>corpore.</strong></span> <span class='ocrx_word' id='word_1_700' title='bbox 2609 1177 2913 1234; x_wconf 85' lang='lat' dir='ltr'><strong>Cavendum</strong></span> <span class='ocrx_word' id='word_1_701' title='bbox 2944 1190 3046 1248; x_wconf 86' lang='lat' dir='ltr'><strong>est,</strong></span> <span class='ocrx_word' id='word_1_702' title='bbox 3079 1198 3147 1238; x_wconf 88' lang='lat' dir='ltr'><strong>ne</strong></span> <span class='ocrx_word' id='word_1_703' title='bbox 3180 1177 3472 1242; x_wconf 53' lang='lat' dir='ltr'><strong>aute&#39;illud&#39;</strong></span> <span class='ocrx_word' id='word_1_704' title='bbox 3499 1199 3611 1245; x_wconf 90' lang='lat' dir='ltr'><strong>ter-</strong></span> 
     </span>
    </p>
   </div>
   <div class='ocr_carea' id='block_1_88' title="bbox 2024 1244 3608 1324">
    <p class='ocr_par' dir='ltr' id='par_1_88' title="bbox 2024 1244 3608 1324">
     <span class='ocr_line' id='line_1_89' title="bbox 2024 1244 3608 1324; baseline 0.012 -27"><span class='ocrx_word' id='word_1_705' title='bbox 2024 1244 2177 1324; x_wconf 75' lang='lat' dir='ltr'><strong>ribile</strong></span> <span class='ocrx_word' id='word_1_706' title='bbox 2220 1244 2448 1299; x_wconf 90' lang='lat' dir='ltr'><strong>tribunal</strong></span> <span class='ocrx_word' id='word_1_707' title='bbox 2484 1248 2633 1324; x_wconf 74' lang='lat' dir='ltr'><strong>vacui</strong></span> <span class='ocrx_word' id='word_1_708' title='bbox 2659 1249 2758 1324; x_wconf 83' lang='lat' dir='ltr'><strong>_vel</strong></span> <span class='ocrx_word' id='word_1_709' title='bbox 2797 1244 3050 1324; x_wconf 81' lang='lat' dir='ltr'><strong>denudati</strong></span> <span class='ocrx_word' id='word_1_710' title='bbox 3089 1268 3460 1324; x_wconf 87' lang='lat' dir='ltr'><strong>appareamus.</strong></span> <span class='ocrx_word' id='word_1_711' title='bbox 3495 1244 3608 1316; x_wconf 84' lang='lat' dir='ltr'><strong>Non</strong></span> 
     </span>
    </p>
   </div>
   <div class='ocr_carea' id='block_1_89' title="bbox 2024 1316 3608 1399">
    <p class='ocr_par' dir='ltr' id='par_1_89' title="bbox 2024 1316 3608 1399">
     <span class='ocr_line' id='line_1_90' title="bbox 2024 1316 3608 1399; baseline 0.011 -31"><span class='ocrx_word' id='word_1_712' title='bbox 2024 1316 2166 1369; x_wconf 87' lang='lat' dir='ltr'><strong>enim</strong></span> <span class='ocrx_word' id='word_1_713' title='bbox 2196 1326 2322 1399; x_wconf 71' lang='lat' dir='ltr'><strong>t_imc</strong></span> <span class='ocrx_word' id='word_1_714' title='bbox 2349 1317 2521 1399; x_wconf 71' lang='lat' dir='ltr'><strong>sancti</strong></span> <span class='ocrx_word' id='word_1_715' title='bbox 2548 1319 2700 1399; x_wconf 73' lang='lat' dir='ltr'><strong>nobis</strong></span> <span class='ocrx_word' id='word_1_716' title='bbox 2729 1322 3043 1399; x_wconf 75' lang='lat' dir='ltr'><strong>subvenith</strong></span> <span class='ocrx_word' id='word_1_717' title='bbox 3063 1367 3083 1399; x_wconf 90' lang='lat'><strong>,_</strong></span> <span class='ocrx_word' id='word_1_718' title='bbox 3111 1316 3231 1396; x_wconf 80' lang='lat' dir='ltr'><strong>quia</strong></span> <span class='ocrx_word' id='word_1_719' title='bbox 3267 1338 3475 1399; x_wconf 91' lang='lat' dir='ltr'><strong>tempus</strong></span> <span class='ocrx_word' id='word_1_720' title='bbox 3507 1333 3608 1387; x_wconf 84' lang='lat' dir='ltr'><strong>Ilii-</strong></span> 
     </span>
    </p>
   </div>
   <div class='ocr_carea' id='block_1_90' title="bbox 2023 1385 3610 1471">
    <p class='ocr_par' dir='ltr' id='par_1_90' title="bbox 2023 1385 3610 1471">
     <span class='ocr_line' id='line_1_91' title="bbox 2023 1385 3610 1471; baseline 0.012 -33"><span class='ocrx_word' id='word_1_721' title='bbox 2023 1385 2238 1471; x_wconf 63' lang='lat' dir='ltr'><strong>serendi</strong></span> <span class='ocrx_word' id='word_1_722' title='bbox 2263 1395 2318 1470; x_wconf 74' lang='lat' dir='ltr'><strong>et</strong></span> <span class='ocrx_word' id='word_1_723' title='bbox 2342 1389 2762 1471; x_wconf 39' lang='lat' dir='ltr'><strong>misericordi-ain</strong></span> <span class='ocrx_word' id='word_1_724' title='bbox 2791 1385 3248 1471; x_wconf 56' lang='lat' dir='ltr'><strong>iunpeimiidi&#39;iio_ii</strong></span> <span class='ocrx_word' id='word_1_725' title='bbox 3277 1385 3395 1464; x_wconf 62' lang='lat' dir='ltr'><strong>erit&#39;,</strong></span> <span class='ocrx_word' id='word_1_726' title='bbox 3426 1411 3480 1455; x_wconf 90' lang='lat' dir='ltr'><strong>et</strong></span> <span class='ocrx_word' id='word_1_727' title='bbox 3499 1385 3610 1471; x_wconf 81' lang='lat' dir='ltr'><strong>jam</strong></span> 
     </span>
    </p>
   </div>
   <div class='ocr_carea' id='block_1_91' title="bbox 2023 1454 3613 1528">
    <p class='ocr_par' dir='ltr' id='par_1_91' title="bbox 2023 1454 3613 1528">
     <span class='ocr_line' id='line_1_92' title="bbox 2023 1454 3613 1528; baseline 0.011 -18"><span class='ocrx_word' id='word_1_728' title='bbox 2023 1454 2189 1526; x_wconf 86' lang='lat' dir='ltr'><strong>fugiet</strong></span> <span class='ocrx_word' id='word_1_729' title='bbox 2217 1473 2246 1510; x_wconf 91' lang='lat' dir='ltr'><strong>a</strong></span> <span class='ocrx_word' id='word_1_730' title='bbox 2272 1456 2430 1526; x_wconf 89' lang='lat' dir='ltr'><strong>janua</strong></span> <span class='ocrx_word' id='word_1_731' title='bbox 2459 1461 2684 1526; x_wconf 88' lang='lat' dir='ltr'><strong>paradisi</strong></span> <span class='ocrx_word' id='word_1_732' title='bbox 2710 1454 2892 1518; x_wconf 57' lang='lat' dir='ltr'><strong>Maria&#39;.</strong></span> <span class='ocrx_word' id='word_1_733' title='bbox 2916 1463 3115 1521; x_wconf 90' lang='lat' dir='ltr'><strong>Omnes</strong></span> <span class='ocrx_word' id='word_1_734' title='bbox 3137 1469 3279 1522; x_wconf 88' lang='lat' dir='ltr'><strong>enim</strong></span> <span class='ocrx_word' id='word_1_735' title='bbox 3302 1454 3487 1526; x_wconf 77' lang='lat' dir='ltr'><strong>contra</strong></span> <span class='ocrx_word' id='word_1_736' title='bbox 3499 1454 3613 1528; x_wconf 54' lang='lat' dir='ltr'><strong>iiiis</strong></span> 
     </span>
    </p>
   </div>
   <div class='ocr_carea' id='block_1_92' title="bbox 2025 1530 3612 1604">
    <p class='ocr_par' dir='ltr' id='par_1_92' title="bbox 2025 1530 3612 1604">
     <span class='ocr_line' id='line_1_93' title="bbox 2025 1530 3612 1604; baseline 0.013 -24"><span class='ocrx_word' id='word_1_737' title='bbox 2025 1535 2152 1582; x_wconf 90' lang='lat' dir='ltr'><strong>tunc</strong></span> <span class='ocrx_word' id='word_1_738' title='bbox 2188 1536 2364 1604; x_wconf 82' lang='lat' dir='ltr'><strong>erunt,</strong></span> <span class='ocrx_word' id='word_1_739' title='bbox 2408 1530 2673 1604; x_wconf 75' lang='lat' dir='ltr'><strong>Abraham</strong></span> <span class='ocrx_word' id='word_1_740' title='bbox 2717 1543 2900 1604; x_wconf 83' lang='lat' dir='ltr'><strong>contra</strong></span> <span class='ocrx_word' id='word_1_741' title='bbox 2949 1536 3336 1604; x_wconf 87' lang='lat' dir='ltr'><strong>inobedicntes,</strong></span> <span class='ocrx_word' id='word_1_742' title='bbox 3375 1551 3430 1596; x_wconf 90' lang='lat' dir='ltr'><strong>et</strong></span> <span class='ocrx_word' id='word_1_743' title='bbox 3467 1542 3612 1600; x_wconf 85' lang='lat' dir='ltr'><strong>Isaac</strong></span> 
     </span>
    </p>
   </div>
   <div class='ocr_carea' id='block_1_93' title="bbox 2022 1600 3612 1680">
    <p class='ocr_par' dir='ltr' id='par_1_93' title="bbox 2022 1600 3612 1680">
     <span class='ocr_line' id='line_1_94' title="bbox 2022 1600 3612 1680; baseline 0.013 -30"><span class='ocrx_word' id='word_1_744' title='bbox 2022 1607 2212 1680; x_wconf 73' lang='lat' dir='ltr'><strong>eontra</strong></span> <span class='ocrx_word' id='word_1_745' title='bbox 2259 1600 2616 1680; x_wconf 76' lang='lat' dir='ltr'><strong>impatientes,</strong></span> <span class='ocrx_word' id='word_1_746' title='bbox 2646 1612 2702 1680; x_wconf 88' lang='lat' dir='ltr'><strong>_et</strong></span> <span class='ocrx_word' id='word_1_747' title='bbox 2740 1603 3132 1680; x_wconf 84' lang='lat' dir='ltr'><strong>Jacob_contra</strong></span> <span class='ocrx_word' id='word_1_748' title='bbox 3177 1600 3529 1680; x_wconf 86' lang='lat' dir='ltr'><strong>negligentes,</strong></span> <span class='ocrx_word' id='word_1_749' title='bbox 3557 1625 3612 1671; x_wconf 86' lang='lat' dir='ltr'><strong>et</strong></span> 
     </span>
    </p>
   </div>
   <div class='ocr_carea' id='block_1_94' title="bbox 2021 1667 3612 1750">
    <p class='ocr_par' dir='ltr' id='par_1_94' title="bbox 2021 1667 3612 1750">
     <span class='ocr_line' id='line_1_95' title="bbox 2021 1667 3612 1750; baseline 0.013 -29"><span class='ocrx_word' id='word_1_750' title='bbox 2021 1667 2223 1750; x_wconf 76' lang='lat' dir='ltr'><strong>.ioseph</strong></span> <span class='ocrx_word' id='word_1_751' title='bbox 2243 1667 2870 1750; x_wconf 68' lang='lat' dir='ltr'><strong>contraiucontiiientes.</strong></span> <span class='ocrx_word' id='word_1_752' title='bbox 2899 1676 3126 1750; x_wconf 12' lang='lat' dir='ltr'><strong>Oiquam</strong></span> <span class='ocrx_word' id='word_1_753' title='bbox 3155 1667 3286 1735; x_wconf 65' lang='lat' dir='ltr'><strong>dure</strong></span> <span class='ocrx_word' id='word_1_754' title='bbox 3316 1667 3612 1750; x_wconf 41' lang='lat' dir='ltr'><strong>i&#39;leprehen3</strong></span> 
     </span>
    </p>
   </div>
   <div class='ocr_carea' id='block_1_95' title="bbox 2022 1739 3613 1828">
    <p class='ocr_par' dir='ltr' id='par_1_95' title="bbox 2022 1739 3613 1828">
     <span class='ocr_line' id='line_1_96' title="bbox 2022 1739 3613 1828; baseline 0.012 -37"><span class='ocrx_word' id='word_1_755' title='bbox 2022 1739 2628 1828; x_wconf 52' lang='lat' dir='ltr'><strong>denturliuebedientes,</strong></span> <span class='ocrx_word' id='word_1_756' title='bbox 2653 1743 2841 1828; x_wconf 83' lang='lat' dir='ltr'><strong>fratres</strong></span> <span class='ocrx_word' id='word_1_757' title='bbox 2863 1739 2999 1812; x_wconf 56' lang='lat' dir='ltr'><strong>mei;</strong></span> <span class='ocrx_word' id='word_1_758' title='bbox 3021 1765 3116 1828; x_wconf 81' lang='lat' dir='ltr'><strong>per</strong></span> <span class='ocrx_word' id='word_1_759' title='bbox 3137 1739 3494 1828; x_wconf 79' lang='lat' dir='ltr'><strong>venerabilem</strong></span> <span class='ocrx_word' id='word_1_760' title='bbox 3519 1739 3613 1828; x_wconf 78' lang='lat' dir='ltr'><strong>pa-</strong></span> 
     </span>
    </p>
   </div>
   <div class='ocr_carea' id='block_1_96' title="bbox 2026 1811 3600 1892">
    <p class='ocr_par' dir='ltr' id='par_1_96' title="bbox 2026 1811 3600 1892">
     <span class='ocr_line' id='line_1_97' title="bbox 2026 1811 3600 1892; baseline 0.01 -28"><span class='ocrx_word' id='word_1_761' title='bbox 2026 1818 2159 1892; x_wconf 78' lang='lat' dir='ltr'><strong>trem</strong></span> <span class='ocrx_word' id='word_1_762' title='bbox 2176 1811 2510 1892; x_wconf 64' lang='lat' dir='ltr'><strong>obedientiaa</strong></span> <span class='ocrx_word' id='word_1_763' title='bbox 2533 1814 2834 1892; x_wconf 71' lang='lat' dir='ltr'><strong>Abraham;</strong></span> <span class='ocrx_word' id='word_1_764' title='bbox 2864 1811 3032 1892; x_wconf 79' lang='lat' dir='ltr'><strong>quam</strong></span> <span class='ocrx_word' id='word_1_765' title='bbox 3051 1821 3277 1886; x_wconf 85' lang='lat' dir='ltr'><strong>fortiter,</strong></span> <span class='ocrx_word' id='word_1_766' title='bbox 3309 1839 3466 1892; x_wconf 89' lang='lat' dir='ltr'><strong>quam</strong></span> <span class='ocrx_word' id='word_1_767' title='bbox 3497 1811 3600 1880; x_wconf 71' lang='lat' dir='ltr'><strong>thr-</strong></span> 
     </span>
    </p>
   </div>
   <div class='ocr_carea' id='block_1_97' title="bbox 2022 1881 3605 1967">
    <p class='ocr_par' dir='ltr' id='par_1_97' title="bbox 2022 1881 3605 1967">
     <span class='ocr_line' id='line_1_98' title="bbox 2022 1881 3605 1967; baseline 0.013 -33"><span class='ocrx_word' id='word_1_768' title='bbox 2022 1881 2190 1967; x_wconf 76' lang='lat' dir='ltr'><strong>piier!</strong></span> <span class='ocrx_word' id='word_1_769' title='bbox 2215 1882 2367 1967; x_wconf 60' lang='lat' dir='ltr'><strong>Ideo,</strong></span> <span class='ocrx_word' id='word_1_770' title='bbox 2394 1883 2586 1967; x_wconf 64' lang='lat' dir='ltr'><strong>fratres</strong></span> <span class='ocrx_word' id='word_1_771' title='bbox 2615 1888 2739 1950; x_wconf 88' lang='lat' dir='ltr'><strong>mei,</strong></span> <span class='ocrx_word' id='word_1_772' title='bbox 2781 1881 3064 1967; x_wconf 70' lang='lat' dir='ltr'><strong>attendite,</strong></span> <span class='ocrx_word' id='word_1_773' title='bbox 3096 1900 3150 1967; x_wconf 74' lang='lat' dir='ltr'><strong>et</strong></span> <span class='ocrx_word' id='word_1_774' title='bbox 3179 1881 3354 1967; x_wconf 78' lang='lat' dir='ltr'><strong>parati</strong></span> <span class='ocrx_word' id='word_1_775' title='bbox 3398 1909 3605 1967; x_wconf 76' lang='lat' dir='ltr'><strong>semper</strong></span> 
     </span>
    </p>
   </div>
   <div class='ocr_carea' id='block_1_98' title="bbox 2023 1953 3608 2034">
    <p class='ocr_par' dir='ltr' id='par_1_98' title="bbox 2023 1953 3608 2034">
     <span class='ocr_line' id='line_1_99' title="bbox 2023 1953 3608 2034; baseline 0.011 -29"><span class='ocrx_word' id='word_1_776' title='bbox 2023 1961 2194 2034; x_wconf 78' lang='lat' dir='ltr'><strong>estote</strong></span> <span class='ocrx_word' id='word_1_777' title='bbox 2222 1953 2289 2034; x_wconf 81' lang='lat' dir='ltr'><strong>ad</strong></span> <span class='ocrx_word' id='word_1_778' title='bbox 2319 1954 2676 2010; x_wconf 88' lang='lat' dir='ltr'><strong>obedientiam</strong></span> <span class='ocrx_word' id='word_1_779' title='bbox 2711 1953 3075 2034; x_wconf 79' lang='lat' dir='ltr'><strong>mandatorum</strong></span> <span class='ocrx_word' id='word_1_780' title='bbox 3100 1953 3211 2028; x_wconf 59' lang='lat' dir='ltr'><strong>Dei&#39;,</strong></span> <span class='ocrx_word' id='word_1_781' title='bbox 3236 1974 3448 2034; x_wconf 88' lang='lat' dir='ltr'><strong>paratas</strong></span> <span class='ocrx_word' id='word_1_782' title='bbox 3471 1953 3608 2022; x_wconf 51' lang='lat' dir='ltr'><strong>se&#39;m;</strong></span> 
     </span>
    </p>
   </div>
   <div class='ocr_carea' id='block_1_99' title="bbox 2023 2023 3610 2104">
    <p class='ocr_par' dir='ltr' id='par_1_99' title="bbox 2023 2023 3610 2104">
     <span class='ocr_line' id='line_1_100' title="bbox 2023 2023 3610 2104; baseline 0.012 -28"><span class='ocrx_word' id='word_1_783' title='bbox 2023 2039 2121 2104; x_wconf 80' lang='lat' dir='ltr'><strong>per</strong></span> <span class='ocrx_word' id='word_1_784' title='bbox 2165 2023 2421 2104; x_wconf 73' lang='lat' dir='ltr'><strong>habentes</strong></span> <span class='ocrx_word' id='word_1_785' title='bbox 2461 2043 2618 2082; x_wconf 84' lang='lat' dir='ltr'><strong>aures</strong></span> <span class='ocrx_word' id='word_1_786' title='bbox 2661 2029 2896 2104; x_wconf 78' lang='lat' dir='ltr'><strong>auditui,</strong></span> <span class='ocrx_word' id='word_1_787' title='bbox 2928 2041 2982 2087; x_wconf 90' lang='lat' dir='ltr'><strong>et</strong></span> <span class='ocrx_word' id='word_1_788' title='bbox 3013 2023 3255 2104; x_wconf 73' lang='lat' dir='ltr'><strong>linguam</strong></span> <span class='ocrx_word' id='word_1_789' title='bbox 3272 2037 3408 2090; x_wconf 89' lang='lat' dir='ltr'><strong>voci.</strong></span> <span class='ocrx_word' id='word_1_790' title='bbox 3439 2036 3610 2095; x_wconf 88' lang='lat' dir='ltr'><strong>Pedes</strong></span> 
     </span>
    </p>
   </div>
   <div class='ocr_carea' id='block_1_100' title="bbox 2022 2096 3607 2176">
    <p class='ocr_par' dir='ltr' id='par_1_100' title="bbox 2022 2096 3607 2176">
     <span class='ocr_line' id='line_1_101' title="bbox 2022 2096 3607 2176; baseline 0.012 -30"><span class='ocrx_word' id='word_1_791' title='bbox 2022 2096 2498 2176; x_wconf 43' lang='lat' dir='ltr'><strong>ituros-festinate,</strong></span> <span class='ocrx_word' id='word_1_792' title='bbox 2535 2115 2735 2176; x_wconf 67' lang='lat' dir='ltr'><strong>manus</strong></span> <span class='ocrx_word' id='word_1_793' title='bbox 2751 2099 2816 2176; x_wconf 84' lang='lat' dir='ltr'><strong>ad</strong></span> <span class='ocrx_word' id='word_1_794' title='bbox 2859 2116 3019 2172; x_wconf 83' lang='lat' dir='ltr'><strong>Opera</strong></span> <span class='ocrx_word' id='word_1_795' title='bbox 3047 2096 3174 2176; x_wconf 81' lang='lat' dir='ltr'><strong>sine</strong></span> <span class='ocrx_word' id='word_1_796' title='bbox 3217 2120 3363 2160; x_wconf 91' lang='lat' dir='ltr'><strong>mora</strong></span> <span class='ocrx_word' id='word_1_797' title='bbox 3405 2118 3607 2176; x_wconf 86' lang='lat' dir='ltr'><strong>parate,</strong></span> 
     </span>
    </p>
   </div>
   <div class='ocr_carea' id='block_1_101' title="bbox 2021 2165 3604 2243">
    <p class='ocr_par' dir='ltr' id='par_1_101' title="bbox 2021 2165 3604 2243">
     <span class='ocr_line' id='line_1_102' title="bbox 2021 2165 3604 2243; baseline 0.011 -26"><span class='ocrx_word' id='word_1_798' title='bbox 2021 2165 2184 2220; x_wconf 89' lang='lat' dir='ltr'><strong>corde</strong></span> <span class='ocrx_word' id='word_1_799' title='bbox 2207 2167 2465 2243; x_wconf 77' lang='lat' dir='ltr'><strong>jucunde,</strong></span> <span class='ocrx_word' id='word_1_800' title='bbox 2493 2184 2684 2243; x_wconf 84' lang='lat' dir='ltr'><strong>serena</strong></span> <span class='ocrx_word' id='word_1_801' title='bbox 2711 2169 2865 2238; x_wconf 89' lang='lat' dir='ltr'><strong>facie,</strong></span> <span class='ocrx_word' id='word_1_802' title='bbox 2891 2165 2986 2227; x_wconf 83' lang='lat' dir='ltr'><strong>ore</strong></span> <span class='ocrx_word' id='word_1_803' title='bbox 3015 2175 3227 2243; x_wconf 90' lang='lat' dir='ltr'><strong>risorio,</strong></span> <span class='ocrx_word' id='word_1_804' title='bbox 3256 2185 3310 2231; x_wconf 91' lang='lat' dir='ltr'><strong>et</strong></span> <span class='ocrx_word' id='word_1_805' title='bbox 3335 2165 3490 2233; x_wconf 74' lang='lat' dir='ltr'><strong>oculo</strong></span> <span class='ocrx_word' id='word_1_806' title='bbox 3510 2165 3604 2235; x_wconf 41' lang='lat' dir='ltr'><strong>or-l</strong></span> 
     </span>
    </p>
   </div>
   <div class='ocr_carea' id='block_1_102' title="bbox 2022 2239 3610 2309">
    <p class='ocr_par' dir='ltr' id='par_1_102' title="bbox 2022 2239 3610 2309">
     <span class='ocr_line' id='line_1_103' title="bbox 2022 2239 3610 2309; baseline 0.012 -21"><span class='ocrx_word' id='word_1_807' title='bbox 2022 2245 2148 2309; x_wconf 91' lang='lat' dir='ltr'><strong>na_to</strong></span> <span class='ocrx_word' id='word_1_808' title='bbox 2178 2239 2474 2294; x_wconf 89' lang='lat' dir='ltr'><strong>sanctitatis</strong></span> <span class='ocrx_word' id='word_1_809' title='bbox 2502 2241 2820 2309; x_wconf 87' lang='lat' dir='ltr'><strong>splendore;</strong></span> <span class='ocrx_word' id='word_1_810' title='bbox 2854 2259 2957 2297; x_wconf 90' lang='lat' dir='ltr'><strong>non</strong></span> <span class='ocrx_word' id='word_1_811' title='bbox 2999 2253 3176 2300; x_wconf 89' lang='lat' dir='ltr'><strong>tamen</strong></span> <span class='ocrx_word' id='word_1_812' title='bbox 3214 2239 3400 2303; x_wconf 85' lang='lat' dir='ltr'><strong>amore</strong></span> <span class='ocrx_word' id='word_1_813' title='bbox 3431 2253 3610 2307; x_wconf 88' lang='lat' dir='ltr'><strong>servili</strong></span> 
     </span>
    </p>
   </div>
   <div class='ocr_carea' id='block_1_103' title="bbox 2019 2305 3612 2377">
    <p class='ocr_par' dir='ltr' id='par_1_103' title="bbox 2019 2305 3612 2377">
     <span class='ocr_line' id='line_1_104' title="bbox 2019 2305 3612 2377; baseline 0.011 -18"><span class='ocrx_word' id='word_1_814' title='bbox 2019 2305 2109 2377; x_wconf 79' lang='lat' dir='ltr'><strong>vel</strong></span> <span class='ocrx_word' id='word_1_815' title='bbox 2157 2318 2319 2371; x_wconf 89' lang='lat' dir='ltr'><strong>metu,</strong></span> <span class='ocrx_word' id='word_1_816' title='bbox 2359 2309 2452 2363; x_wconf 89' lang='lat' dir='ltr'><strong>sed</strong></span> <span class='ocrx_word' id='word_1_817' title='bbox 2494 2305 2636 2364; x_wconf 84' lang='lat' dir='ltr'><strong>omni</strong></span> <span class='ocrx_word' id='word_1_818' title='bbox 2679 2305 2953 2368; x_wconf 88' lang='lat' dir='ltr'><strong>charitatis</strong></span> <span class='ocrx_word' id='word_1_819' title='bbox 2988 2315 3180 2370; x_wconf 76' lang='lat' dir='ltr'><strong>aﬂ&#39;ectu</strong></span> <span class='ocrx_word' id='word_1_820' title='bbox 3217 2328 3456 2374; x_wconf 84' lang='lat' dir='ltr'><strong>sanctam</strong></span> <span class='ocrx_word' id='word_1_821' title='bbox 3481 2305 3612 2377; x_wconf 51' lang='lat' dir='ltr'><strong>ohe;</strong></span> 
     </span>
    </p>
   </div>
   <div class='ocr_carea' id='block_1_104' title="bbox 2022 2375 3606 2459">
    <p class='ocr_par' dir='ltr' id='par_1_104' title="bbox 2022 2375 3606 2459">
     <span class='ocr_line' id='line_1_105' title="bbox 2022 2375 3606 2459; baseline 0.012 -31"><span class='ocrx_word' id='word_1_822' title='bbox 2022 2375 2525 2459; x_wconf 76' lang='lat' dir='ltr'><strong>diei_itiam_servare</strong></span> <span class='ocrx_word' id='word_1_823' title='bbox 2549 2397 2646 2436; x_wconf 89' lang='lat' dir='ltr'><strong>vos</strong></span> <span class='ocrx_word' id='word_1_824' title='bbox 2671 2392 2818 2452; x_wconf 91' lang='lat' dir='ltr'><strong>opto.</strong></span> <span class='ocrx_word' id='word_1_825' title='bbox 2849 2384 2996 2459; x_wconf 82' lang='lat' dir='ltr'><strong>Tunc</strong></span> <span class='ocrx_word' id='word_1_826' title='bbox 3036 2387 3178 2459; x_wconf 83' lang='lat' dir='ltr'><strong>enim</strong></span> <span class='ocrx_word' id='word_1_827' title='bbox 3217 2398 3338 2443; x_wconf 89' lang='lat' dir='ltr'><strong>ante</strong></span> <span class='ocrx_word' id='word_1_828' title='bbox 3379 2375 3606 2448; x_wconf 79' lang='lat' dir='ltr'><strong>tribunal</strong></span> 
     </span>
    </p>
   </div>
   <div class='ocr_carea' id='block_1_105' title="bbox 2017 2447 3613 2528">
    <p class='ocr_par' dir='ltr' id='par_1_105' title="bbox 2017 2447 3613 2528">
     <span class='ocr_line' id='line_1_106' title="bbox 2017 2447 3613 2528; baseline 0.011 -28"><span class='ocrx_word' id='word_1_829' title='bbox 2017 2447 2213 2528; x_wconf 71' lang='lat' dir='ltr'><strong>judicis</strong></span> <span class='ocrx_word' id='word_1_830' title='bbox 2236 2449 2503 2505; x_wconf 85' lang='lat' dir='ltr'><strong>Abraham</strong></span> <span class='ocrx_word' id='word_1_831' title='bbox 2535 2465 2642 2505; x_wconf 90' lang='lat' dir='ltr'><strong>non</strong></span> <span class='ocrx_word' id='word_1_832' title='bbox 2669 2447 2764 2528; x_wconf 77' lang='lat' dir='ltr'><strong>vos</strong></span> <span class='ocrx_word' id='word_1_833' title='bbox 2777 2454 3182 2528; x_wconf 83' lang='lat' dir='ltr'><strong>condemnabit,</strong></span> <span class='ocrx_word' id='word_1_834' title='bbox 3214 2459 3310 2514; x_wconf 90' lang='lat' dir='ltr'><strong>sed</strong></span> <span class='ocrx_word' id='word_1_835' title='bbox 3339 2447 3613 2517; x_wconf 40' lang='lat' dir='ltr'><strong>columen;</strong></span> 
     </span>
    </p>
   </div>
   <div class='ocr_carea' id='block_1_106' title="bbox 2021 2516 3612 2594">
    <p class='ocr_par' dir='ltr' id='par_1_106' title="bbox 2021 2516 3612 2594">
     <span class='ocr_line' id='line_1_107' title="bbox 2021 2516 3612 2594; baseline 0.011 -24"><span class='ocrx_word' id='word_1_836' title='bbox 2021 2516 2173 2594; x_wconf 86' lang='lat' dir='ltr'><strong>dabit</strong></span> <span class='ocrx_word' id='word_1_837' title='bbox 2184 2534 2214 2594; x_wconf 92' lang='lat'><strong>_;_</strong></span> <span class='ocrx_word' id='word_1_838' title='bbox 2237 2535 2340 2572; x_wconf 90' lang='lat' dir='ltr'><strong>non</strong></span> <span class='ocrx_word' id='word_1_839' title='bbox 2369 2535 2462 2594; x_wconf 78' lang='lat' dir='ltr'><strong>vos</strong></span> <span class='ocrx_word' id='word_1_840' title='bbox 2485 2537 2512 2574; x_wconf 91' lang='lat' dir='ltr'><strong>a</strong></span> <span class='ocrx_word' id='word_1_841' title='bbox 2537 2537 2677 2594; x_wconf 79' lang='lat' dir='ltr'><strong>seex</strong></span> <span class='ocrx_word' id='word_1_842' title='bbox 2687 2523 2866 2590; x_wconf 89' lang='lat' dir='ltr'><strong>pellet,</strong></span> <span class='ocrx_word' id='word_1_843' title='bbox 2896 2526 2990 2580; x_wconf 89' lang='lat' dir='ltr'><strong>sed</strong></span> <span class='ocrx_word' id='word_1_844' title='bbox 3015 2516 3364 2594; x_wconf 84' lang='lat' dir='ltr'><strong>convocabit;</strong></span> <span class='ocrx_word' id='word_1_845' title='bbox 3390 2547 3493 2585; x_wconf 91' lang='lat' dir='ltr'><strong>non</strong></span> <span class='ocrx_word' id='word_1_846' title='bbox 3515 2516 3612 2589; x_wconf 84' lang='lat' dir='ltr'><strong>vos</strong></span> 
     </span>
    </p>
   </div>
   <div class='ocr_carea' id='block_1_107' title="bbox 2021 2589 3611 2671">
    <p class='ocr_par' dir='ltr' id='par_1_107' title="bbox 2021 2589 3611 2671">
     <span class='ocr_line' id='line_1_108' title="bbox 2021 2589 3611 2671; baseline 0.012 -30"><span class='ocrx_word' id='word_1_847' title='bbox 2021 2589 2325 2671; x_wconf 72' lang='lat' dir='ltr'><strong>maledicet,</strong></span> <span class='ocrx_word' id='word_1_848' title='bbox 2351 2591 2445 2671; x_wconf 82' lang='lat' dir='ltr'><strong>sed</strong></span> <span class='ocrx_word' id='word_1_849' title='bbox 2472 2589 2780 2648; x_wconf 86' lang='lat' dir='ltr'><strong>sublimabit</strong></span> <span class='ocrx_word' id='word_1_850' title='bbox 2807 2594 2857 2671; x_wconf 81' lang='lat' dir='ltr'><strong>in</strong></span> <span class='ocrx_word' id='word_1_851' title='bbox 2885 2604 3083 2650; x_wconf 86' lang='lat' dir='ltr'><strong>aeterna</strong></span> <span class='ocrx_word' id='word_1_852' title='bbox 3112 2601 3302 2671; x_wconf 88' lang='lat' dir='ltr'><strong>patria.</strong></span> <span class='ocrx_word' id='word_1_853' title='bbox 3329 2589 3611 2671; x_wconf 77' lang='lat' dir='ltr'><strong>Negligen-</strong></span> 
     </span>
    </p>
   </div>
   <div class='ocr_carea' id='block_1_108' title="bbox 2021 2663 3613 2734">
    <p class='ocr_par' dir='ltr' id='par_1_108' title="bbox 2021 2663 3613 2734">
     <span class='ocr_line' id='line_1_109' title="bbox 2021 2663 3613 2734; baseline 0.008 -23"><span class='ocrx_word' id='word_1_854' title='bbox 2021 2663 2149 2734; x_wconf 53' lang='lat' dir='ltr'><strong>riam</strong></span> <span class='ocrx_word' id='word_1_855' title='bbox 2171 2675 2385 2715; x_wconf 91' lang='lat' dir='ltr'><strong>omnem</strong></span> <span class='ocrx_word' id='word_1_856' title='bbox 2409 2663 2678 2730; x_wconf 89' lang='lat' dir='ltr'><strong>deponere</strong></span> <span class='ocrx_word' id='word_1_857' title='bbox 2699 2680 2794 2717; x_wconf 90' lang='lat' dir='ltr'><strong>vos</strong></span> <span class='ocrx_word' id='word_1_858' title='bbox 2820 2666 3095 2734; x_wconf 89' lang='lat' dir='ltr'><strong>deprecor,</strong></span> <span class='ocrx_word' id='word_1_859' title='bbox 3113 2663 3328 2732; x_wconf 70' lang='lat' dir='ltr'><strong>i&#39;ratres,</strong></span> <span class='ocrx_word' id='word_1_860' title='bbox 3354 2663 3613 2729; x_wconf 46' lang='lat' dir='ltr'><strong>ne&#39;A&#39;bra.</strong></span> 
     </span>
    </p>
   </div>
   <div class='ocr_carea' id='block_1_109' title="bbox 2023 2728 3613 2808">
    <p class='ocr_par' dir='ltr' id='par_1_109' title="bbox 2023 2728 3613 2808">
     <span class='ocr_line' id='line_1_110' title="bbox 2023 2728 3613 2808; baseline 0.013 -26"><span class='ocrx_word' id='word_1_861' title='bbox 2023 2728 2168 2808; x_wconf 78' lang='lat' dir='ltr'><strong>ham_</strong></span> <span class='ocrx_word' id='word_1_862' title='bbox 2189 2745 2282 2808; x_wconf 81' lang='lat' dir='ltr'><strong>vos</strong></span> <span class='ocrx_word' id='word_1_863' title='bbox 2327 2728 2738 2808; x_wconf 74' lang='lat' dir='ltr'><strong>commendante</strong></span> <span class='ocrx_word' id='word_1_864' title='bbox 2777 2728 2971 2808; x_wconf 64' lang='lat' dir='ltr'><strong>gonira</strong></span> <span class='ocrx_word' id='word_1_865' title='bbox 3025 2728 3206 2808; x_wconf 76' lang='lat' dir='ltr'><strong>surgat</strong></span> <span class='ocrx_word' id='word_1_866' title='bbox 3256 2728 3345 2795; x_wconf 84' lang='lat' dir='ltr'><strong>ille</strong></span> <span class='ocrx_word' id='word_1_867' title='bbox 3395 2728 3613 2803; x_wconf 78' lang='lat' dir='ltr'><strong>sanctus</strong></span> 
     </span>
    </p>
   </div>
   <div class='ocr_carea' id='block_1_110' title="bbox 2022 2797 3610 2886">
    <p class='ocr_par' dir='ltr' id='par_1_110' title="bbox 2022 2797 3610 2886">
     <span class='ocr_line' id='line_1_111' title="bbox 2022 2797 3610 2886; baseline 0.01 -32"><span class='ocrx_word' id='word_1_868' title='bbox 2222 2801 2275 2855; x_wconf 87' lang='lat' dir='ltr'><strong>in</strong></span> <span class='ocrx_word' id='word_1_869' title='bbox 2310 2802 2399 2856; x_wconf 91' lang='lat' dir='ltr'><strong>die</strong></span> <span class='ocrx_word' id='word_1_870' title='bbox 2438 2805 2746 2886; x_wconf 69' lang='lat' dir='ltr'><strong>novissimo.</strong></span> <span class='ocrx_word' id='word_1_871' title='bbox 2775 2803 2983 2875; x_wconf 80' lang='lat' dir='ltr'><strong>Fugite,</strong></span> <span class='ocrx_word' id='word_1_872' title='bbox 3013 2797 3221 2874; x_wconf 53' lang='lat' dir='ltr'><strong>fratres,</strong></span> <span class='ocrx_word' id='word_1_873' title='bbox 3253 2810 3417 2886; x_wconf 75' lang='lat' dir='ltr'><strong>fugite</strong></span> 
     </span>
    </p>
   </div>
   <div class='ocr_carea' id='block_1_111' title="bbox 2022 2874 3611 2947">
    <p class='ocr_par' dir='ltr' id='par_1_111' title="bbox 2022 2874 3611 2947">
     <span class='ocr_line' id='line_1_112' title="bbox 2022 2874 3611 2947; baseline 0.014 -26"><span class='ocrx_word' id='word_1_874' title='bbox 2022 2874 2254 2947; x_wconf 78' lang='lat' dir='ltr'><strong>gentiam</strong></span> <span class='ocrx_word' id='word_1_875' title='bbox 2282 2887 2296 2925; x_wconf 93' lang='lat'>:</span> <span class='ocrx_word' id='word_1_876' title='bbox 2326 2874 2693 2947; x_wconf 14' lang='lat' dir='ltr'><strong>natuisicutiin</strong></span> <span class='ocrx_word' id='word_1_877' title='bbox 2723 2874 3039 2947; x_wconf 88' lang='lat' dir='ltr'><strong>unoquoque</strong></span> <span class='ocrx_word' id='word_1_878' title='bbox 3078 2895 3240 2947; x_wconf 90' lang='lat' dir='ltr'><strong>opere</strong></span> <span class='ocrx_word' id='word_1_879' title='bbox 3271 2874 3411 2936; x_wconf 69' lang='lat' dir='ltr'><strong>bono</strong></span> <span class='ocrx_word' id='word_1_880' title='bbox 3439 2874 3611 2943; x_wconf 53' lang='lat' dir='ltr'><strong>mavter</strong></span> 
     </span>
    </p>
   </div>
   <div class='ocr_carea' id='block_1_112' title="bbox 2022 2894 3608 3022">
    <p class='ocr_par' dir='ltr' id='par_1_112' title="bbox 2022 2894 3608 3022">
     <span class='ocr_line' id='line_1_113' title="bbox 2022 2894 3608 2947; baseline 0.014 -26"><span class='ocrx_word' id='word_1_881' title='bbox 2022 2894 2254 2939; x_wconf 76' lang='lat' dir='ltr'><strong>gentiam</strong></span> <span class='ocrx_word' id='word_1_882' title='bbox 2282 2894 2296 2925; x_wconf 91' lang='lat'><strong>;</strong></span> <span class='ocrx_word' id='word_1_883' title='bbox 2326 2894 2450 2926; x_wconf 80' lang='lat' dir='ltr'><strong>natu.</strong></span> <span class='ocrx_word' id='word_1_884' title='bbox 2478 2894 2614 2927; x_wconf 69' lang='lat' dir='ltr'><strong>Sicut</strong></span> <span class='ocrx_word' id='word_1_885' title='bbox 2640 2894 2693 2927; x_wconf 86' lang='lat' dir='ltr'><strong>In</strong></span> <span class='ocrx_word' id='word_1_886' title='bbox 2723 2894 2842 2928; x_wconf 84' lang='grc' dir='ltr'><strong>ιιηο(</strong></span> <span class='ocrx_word' id='word_1_887' title='bbox 2869 2894 3039 2946; x_wconf 80' lang='lat' dir='ltr'><strong>Itaque</strong></span> <span class='ocrx_word' id='word_1_888' title='bbox 3078 2895 3240 2947; x_wconf 90' lang='lat' dir='ltr'><strong>opere</strong></span> <span class='ocrx_word' id='word_1_889' title='bbox 3271 2894 3411 2936; x_wconf 81' lang='lat' dir='ltr'><strong>Dono</strong></span> <span class='ocrx_word' id='word_1_890' title='bbox 3439 2900 3608 2943; x_wconf 88' lang='lat' dir='ltr'><strong>mater</strong></span> 
     </span>
     <span class='ocr_line' id='line_1_114' title="bbox 2022 2894 3608 3022; baseline 0.011 -29"><span class='ocrx_word' id='word_1_891' title='bbox 2022 2950 2105 2994; x_wconf 88' lang='lat' dir='ltr'><strong>est</strong></span> <span class='ocrx_word' id='word_1_892' title='bbox 2129 2940 2419 3022; x_wconf 84' lang='lat' dir='ltr'><strong>diligentia,</strong></span> <span class='ocrx_word' id='word_1_893' title='bbox 2443 2943 2518 3022; x_wconf 74' lang='lat' dir='ltr'><strong>ita</strong></span> <span class='ocrx_word' id='word_1_894' title='bbox 2549 2945 2805 3022; x_wconf 52' lang='lat' dir='ltr'><strong>universa:</strong></span> <span class='ocrx_word' id='word_1_895' title='bbox 2831 2894 3086 3022; x_wconf 66' lang='lat' dir='ltr'><strong>doctrinae</strong></span> <span class='ocrx_word' id='word_1_896' title='bbox 3115 2959 3168 3003; x_wconf 90' lang='lat' dir='ltr'><strong>et</strong></span> <span class='ocrx_word' id='word_1_897' title='bbox 3193 2953 3486 3022; x_wconf 72' lang='lat' dir='ltr'><strong>disciplima</strong></span> <span class='ocrx_word' id='word_1_898' title='bbox 3510 2973 3608 3012; x_wconf 87' lang='lat' dir='ltr'><strong>no-</strong></span> 
     </span>
    </p>
   </div>
   <div class='ocr_carea' id='block_1_113' title="bbox 2022 3014 3606 3082">
    <p class='ocr_par' dir='ltr' id='par_1_113' title="bbox 2022 3014 3606 3082">
     <span class='ocr_line' id='line_1_115' title="bbox 2022 3014 3606 3082; baseline 0.011 -17"><span class='ocrx_word' id='word_1_899' title='bbox 2022 3025 2180 3066; x_wconf 87' lang='lat' dir='ltr'><strong>verca</strong></span> <span class='ocrx_word' id='word_1_900' title='bbox 2217 3020 2300 3066; x_wconf 88' lang='lat' dir='ltr'><strong>est</strong></span> <span class='ocrx_word' id='word_1_901' title='bbox 2338 3014 2673 3081; x_wconf 83' lang='lat' dir='ltr'><strong>negligentia.</strong></span> <span class='ocrx_word' id='word_1_902' title='bbox 2697 3015 2802 3069; x_wconf 92' lang='lat' dir='ltr'><strong>Sed</strong></span> <span class='ocrx_word' id='word_1_903' title='bbox 2834 3026 2888 3071; x_wconf 93' lang='lat' dir='ltr'><strong>et</strong></span> <span class='ocrx_word' id='word_1_904' title='bbox 2916 3019 2958 3072; x_wconf 91' lang='lat' dir='ltr'><strong>si</strong></span> <span class='ocrx_word' id='word_1_905' title='bbox 2988 3014 3606 3082; x_wconf 63' lang='lat' dir='ltr'><strong>liabuerimus&#39;obedien-</strong></span> 
     </span>
    </p>
   </div>
   <div class='ocr_carea' id='block_1_114' title="bbox 2025 3082 3606 3158">
    <p class='ocr_par' dir='ltr' id='par_1_114' title="bbox 2025 3082 3606 3158">
     <span class='ocr_line' id='line_1_116' title="bbox 2025 3082 3606 3158; baseline 0.012 -23"><span class='ocrx_word' id='word_1_906' title='bbox 2025 3082 2194 3158; x_wconf 77' lang='lat' dir='ltr'><strong>tiam,_</strong></span> <span class='ocrx_word' id='word_1_907' title='bbox 2217 3094 2272 3138; x_wconf 92' lang='lat' dir='ltr'><strong>et</strong></span> <span class='ocrx_word' id='word_1_908' title='bbox 2311 3085 2645 3158; x_wconf 71' lang='lat' dir='ltr'><strong>_neglige._tia_</strong></span> <span class='ocrx_word' id='word_1_909' title='bbox 2676 3087 2894 3140; x_wconf 91' lang='lat' dir='ltr'><strong>omnino</strong></span> <span class='ocrx_word' id='word_1_910' title='bbox 2933 3091 3267 3158; x_wconf 87' lang='lat' dir='ltr'><strong>carebimus;</strong></span> <span class='ocrx_word' id='word_1_911' title='bbox 3297 3095 3470 3150; x_wconf 91' lang='lat' dir='ltr'><strong>adhuc</strong></span> <span class='ocrx_word' id='word_1_912' title='bbox 3501 3114 3606 3155; x_wconf 88' lang='lat' dir='ltr'><strong>non</strong></span> 
     </span>
    </p>
   </div>
   <div class='ocr_carea' id='block_1_115' title="bbox 2024 3153 3604 3233">
    <p class='ocr_par' dir='ltr' id='par_1_115' title="bbox 2024 3153 3604 3233">
     <span class='ocr_line' id='line_1_117' title="bbox 2024 3153 3604 3233; baseline 0.012 -27"><span class='ocrx_word' id='word_1_913' title='bbox 2024 3153 2239 3233; x_wconf 74' lang='lat' dir='ltr'><strong>sul&#39;licit,</strong></span> <span class='ocrx_word' id='word_1_914' title='bbox 2270 3155 2369 3233; x_wconf 81' lang='lat' dir='ltr'><strong>nisi</strong></span> <span class='ocrx_word' id='word_1_915' title='bbox 2395 3153 2599 3233; x_wconf 75' lang='lat' dir='ltr'><strong>etcum</strong></span> <span class='ocrx_word' id='word_1_916' title='bbox 2625 3155 2770 3212; x_wconf 86' lang='lat' dir='ltr'><strong>Isaac</strong></span> <span class='ocrx_word' id='word_1_917' title='bbox 2801 3159 3106 3233; x_wconf 75' lang='lat' dir='ltr'><strong>patientiam</strong></span> <span class='ocrx_word' id='word_1_918' title='bbox 3139 3153 3446 3220; x_wconf 78' lang='lat' dir='ltr'><strong>habeamus.</strong></span> <span class='ocrx_word' id='word_1_919' title='bbox 3472 3153 3604 3225; x_wconf 72' lang='lat' dir='ltr'><strong>Nam</strong></span> 
     </span>
    </p>
   </div>
   <div class='ocr_carea' id='block_1_116' title="bbox 2023 3225 3605 3304">
    <p class='ocr_par' dir='ltr' id='par_1_116' title="bbox 2023 3225 3605 3304">
     <span class='ocr_line' id='line_1_118' title="bbox 2023 3225 3605 3304; baseline 0.01 -26"><span class='ocrx_word' id='word_1_920' title='bbox 2023 3225 2161 3304; x_wconf 81' lang='lat' dir='ltr'><strong>sicut</strong></span> <span class='ocrx_word' id='word_1_921' title='bbox 2188 3240 2281 3293; x_wconf 89' lang='lat' dir='ltr'><strong>per</strong></span> <span class='ocrx_word' id='word_1_922' title='bbox 2309 3225 2690 3304; x_wconf 63' lang='lat' dir='ltr'><strong>impatientiam</strong></span> <span class='ocrx_word' id='word_1_923' title='bbox 2732 3225 2910 3304; x_wconf 86' lang='lat' dir='ltr'><strong>omnia</strong></span> <span class='ocrx_word' id='word_1_924' title='bbox 2929 3231 3277 3304; x_wconf 83' lang='lat' dir='ltr'><strong>destruuntur</strong></span> <span class='ocrx_word' id='word_1_925' title='bbox 3305 3235 3461 3301; x_wconf 86' lang='lat' dir='ltr'><strong>bona,</strong></span> <span class='ocrx_word' id='word_1_926' title='bbox 3490 3255 3605 3294; x_wconf 83' lang='lat' dir='ltr'><strong>om-</strong></span> 
     </span>
    </p>
   </div>
   <div class='ocr_carea' id='block_1_117' title="bbox 2024 3297 3604 3376">
    <p class='ocr_par' dir='ltr' id='par_1_117' title="bbox 2024 3297 3604 3376">
     <span class='ocr_line' id='line_1_119' title="bbox 2024 3297 3604 3376; baseline 0.012 -30"><span class='ocrx_word' id='word_1_927' title='bbox 2024 3297 2218 3375; x_wconf 84' lang='lat' dir='ltr'><strong>niaque</strong></span> <span class='ocrx_word' id='word_1_928' title='bbox 2264 3297 2589 3376; x_wconf 79' lang='lat' dir='ltr'><strong>suli&#39;ocantur</strong></span> <span class='ocrx_word' id='word_1_929' title='bbox 2641 3300 2883 3368; x_wconf 87' lang='lat' dir='ltr'><strong>optima;</strong></span> <span class='ocrx_word' id='word_1_930' title='bbox 2929 3303 3027 3376; x_wconf 11' lang='lat' dir='ltr'><strong>sic;</strong></span> <span class='ocrx_word' id='word_1_931' title='bbox 3054 3314 3108 3357; x_wconf 93' lang='lat' dir='ltr'><strong>et</strong></span> <span class='ocrx_word' id='word_1_932' title='bbox 3153 3319 3249 3372; x_wconf 91' lang='lat' dir='ltr'><strong>per</strong></span> <span class='ocrx_word' id='word_1_933' title='bbox 3296 3297 3604 3376; x_wconf 84' lang='lat' dir='ltr'><strong>patientiam</strong></span> 
     </span>
    </p>
   </div>
   <div class='ocr_carea' id='block_1_118' title="bbox 2022 3367 3604 3451">
    <p class='ocr_par' dir='ltr' id='par_1_118' title="bbox 2022 3367 3604 3451">
     <span class='ocr_line' id='line_1_120' title="bbox 2022 3367 3604 3451; baseline 0.012 -34"><span class='ocrx_word' id='word_1_934' title='bbox 2022 3367 2201 3451; x_wconf 75' lang='lat' dir='ltr'><strong>omnia</strong></span> <span class='ocrx_word' id='word_1_935' title='bbox 2223 3379 2544 3451; x_wconf 75' lang='lat' dir='ltr'><strong>generantur</strong></span> <span class='ocrx_word' id='word_1_936' title='bbox 2569 3367 2725 3451; x_wconf 55' lang='lat' dir='ltr'><strong>bona.</strong></span> <span class='ocrx_word' id='word_1_937' title='bbox 2750 3387 2936 3451; x_wconf 70' lang='lat' dir='ltr'><strong>omnes</strong></span> <span class='ocrx_word' id='word_1_938' title='bbox 2960 3367 3262 3451; x_wconf 71' lang='lat' dir='ltr'><strong>iniquitates</strong></span> <span class='ocrx_word' id='word_1_939' title='bbox 3285 3367 3604 3451; x_wconf 86' lang='lat' dir='ltr'><strong>demergun-</strong></span> 
     </span>
    </p>
   </div>
   <div class='ocr_carea' id='block_1_119' title="bbox 2027 3436 3604 3516">
    <p class='ocr_par' dir='ltr' id='par_1_119' title="bbox 2027 3436 3604 3516">
     <span class='ocr_line' id='line_1_121' title="bbox 2027 3436 3604 3516; baseline 0.013 -28"><span class='ocrx_word' id='word_1_940' title='bbox 2027 3443 2114 3516; x_wconf 88' lang='lat' dir='ltr'><strong>tur</strong></span> <span class='ocrx_word' id='word_1_941' title='bbox 2139 3436 2190 3490; x_wconf 91' lang='lat' dir='ltr'><strong>in</strong></span> <span class='ocrx_word' id='word_1_942' title='bbox 2223 3437 2560 3516; x_wconf 83' lang='lat' dir='ltr'><strong>profundum.</strong></span> <span class='ocrx_word' id='word_1_943' title='bbox 2591 3440 2690 3508; x_wconf 89' lang='lat' dir='ltr'><strong>Qui</strong></span> <span class='ocrx_word' id='word_1_944' title='bbox 2718 3457 2880 3516; x_wconf 59' lang='lat' dir='ltr'><strong>vero,</strong></span> <span class='ocrx_word' id='word_1_945' title='bbox 2896 3436 3086 3498; x_wconf 74' lang='lat' dir='ltr'><strong>fratres</strong></span> <span class='ocrx_word' id='word_1_946' title='bbox 3115 3446 3238 3512; x_wconf 92' lang='lat' dir='ltr'><strong>mei,</strong></span> <span class='ocrx_word' id='word_1_947' title='bbox 3271 3436 3604 3516; x_wconf 55' lang='lat' dir='ltr'><strong>patieusvnon</strong></span> 
     </span>
    </p>
   </div>
   <div class='ocr_carea' id='block_1_120' title="bbox 2022 3510 3606 3578">
    <p class='ocr_par' dir='ltr' id='par_1_120' title="bbox 2022 3510 3606 3578">
     <span class='ocr_line' id='line_1_122' title="bbox 2022 3510 3606 3578; baseline 0.012 -19"><span class='ocrx_word' id='word_1_948' title='bbox 2022 3515 2125 3578; x_wconf 81' lang='lat' dir='ltr'><strong>est,</strong></span> <span class='ocrx_word' id='word_1_949' title='bbox 2157 3510 2446 3563; x_wconf 67' lang='lat' dir='ltr'><strong>monachus</strong></span> <span class='ocrx_word' id='word_1_950' title='bbox 2489 3526 2592 3564; x_wconf 93' lang='lat' dir='ltr'><strong>non</strong></span> <span class='ocrx_word' id='word_1_951' title='bbox 2638 3521 2738 3565; x_wconf 89' lang='lat' dir='ltr'><strong>est.</strong></span> <span class='ocrx_word' id='word_1_952' title='bbox 2777 3514 2882 3568; x_wconf 89' lang='lat' dir='ltr'><strong>Sed</strong></span> <span class='ocrx_word' id='word_1_953' title='bbox 2922 3524 2975 3568; x_wconf 92' lang='lat' dir='ltr'><strong>et</strong></span> <span class='ocrx_word' id='word_1_954' title='bbox 3014 3516 3058 3569; x_wconf 92' lang='lat' dir='ltr'><strong>si</strong></span> <span class='ocrx_word' id='word_1_955' title='bbox 3100 3510 3440 3575; x_wconf 76' lang='lat' dir='ltr'><strong>habuerimus</strong></span> <span class='ocrx_word' id='word_1_956' title='bbox 3477 3523 3606 3578; x_wconf 88' lang='lat' dir='ltr'><strong>obe-</strong></span> 
     </span>
    </p>
   </div>
   <div class='ocr_carea' id='block_1_121' title="bbox 2023 3576 3604 3659">
    <p class='ocr_par' dir='ltr' id='par_1_121' title="bbox 2023 3576 3604 3659">
     <span class='ocr_line' id='line_1_123' title="bbox 2023 3576 3604 3659; baseline 0.011 -28"><span class='ocrx_word' id='word_1_957' title='bbox 2023 3576 2276 3659; x_wconf 72' lang='lat' dir='ltr'><strong>dientiam</strong></span> <span class='ocrx_word' id='word_1_958' title='bbox 2307 3581 2744 3659; x_wconf 76' lang='lat' dir='ltr'><strong>cum_Abraham,</strong></span> <span class='ocrx_word' id='word_1_959' title='bbox 2777 3586 3084 3659; x_wconf 80' lang='lat' dir='ltr'><strong>patientiam</strong></span> <span class='ocrx_word' id='word_1_960' title='bbox 3128 3601 3247 3642; x_wconf 87' lang='lat' dir='ltr'><strong>cum</strong></span> <span class='ocrx_word' id='word_1_961' title='bbox 3293 3587 3459 3659; x_wconf 89' lang='lat' dir='ltr'><strong>Isaac,</strong></span> <span class='ocrx_word' id='word_1_962' title='bbox 3486 3576 3604 3648; x_wconf 88' lang='lat' dir='ltr'><strong>dili-</strong></span> 
     </span>
    </p>
   </div>
   <div class='ocr_carea' id='block_1_122' title="bbox 2021 3651 3604 3719">
    <p class='ocr_par' dir='ltr' id='par_1_122' title="bbox 2021 3651 3604 3719">
     <span class='ocr_line' id='line_1_124' title="bbox 2021 3651 3604 3719; baseline 0.012 -18"><span class='ocrx_word' id='word_1_963' title='bbox 2021 3651 2252 3717; x_wconf 89' lang='lat' dir='ltr'><strong>gentiam</strong></span> <span class='ocrx_word' id='word_1_964' title='bbox 2283 3665 2403 3705; x_wconf 92' lang='lat' dir='ltr'><strong>cum</strong></span> <span class='ocrx_word' id='word_1_965' title='bbox 2434 3651 2616 3713; x_wconf 83' lang='lat' dir='ltr'><strong>Jacob,</strong></span> <span class='ocrx_word' id='word_1_966' title='bbox 2647 3663 2700 3708; x_wconf 90' lang='lat' dir='ltr'><strong>et</strong></span> <span class='ocrx_word' id='word_1_967' title='bbox 2728 3651 3026 3710; x_wconf 78' lang='lat' dir='ltr'><strong>castitatem</strong></span> <span class='ocrx_word' id='word_1_968' title='bbox 3065 3672 3169 3712; x_wconf 93' lang='lat' dir='ltr'><strong>non</strong></span> <span class='ocrx_word' id='word_1_969' title='bbox 3214 3651 3604 3719; x_wconf 77' lang='lat' dir='ltr'><strong>servaverimus</strong></span> 
     </span>
    </p>
   </div>
   <div class='ocr_carea' id='block_1_123' title="bbox 2021 3719 3604 3795">
    <p class='ocr_par' dir='ltr' id='par_1_123' title="bbox 2021 3719 3604 3795">
     <span class='ocr_line' id='line_1_125' title="bbox 2021 3719 3604 3795; baseline 0.012 -24"><span class='ocrx_word' id='word_1_970' title='bbox 2021 3732 2140 3773; x_wconf 91' lang='lat' dir='ltr'><strong>cum</strong></span> <span class='ocrx_word' id='word_1_971' title='bbox 2159 3719 2355 3790; x_wconf 46' lang='lat' dir='ltr'><strong>Josi‘ph</strong></span> <span class='ocrx_word' id='word_1_972' title='bbox 2378 3739 2392 3786; x_wconf 97' lang='lat'><strong>;</strong></span> <span class='ocrx_word' id='word_1_973' title='bbox 2416 3723 2540 3795; x_wconf 87' lang='lat' dir='ltr'><strong>quid</strong></span> <span class='ocrx_word' id='word_1_974' title='bbox 2565 3725 2677 3778; x_wconf 61' lang='lat' dir='ltr'><strong>haec</strong></span> <span class='ocrx_word' id='word_1_975' title='bbox 2695 3727 2871 3778; x_wconf 89' lang='lat' dir='ltr'><strong>omnia</strong></span> <span class='ocrx_word' id='word_1_976' title='bbox 2897 3726 3050 3780; x_wconf 90' lang='lat' dir='ltr'><strong>nobis</strong></span> <span class='ocrx_word' id='word_1_977' title='bbox 3065 3728 3390 3795; x_wconf 75' lang='lat' dir='ltr'><strong>proderunt?</strong></span> <span class='ocrx_word' id='word_1_978' title='bbox 3408 3735 3604 3791; x_wconf 86' lang='lat' dir='ltr'><strong>Amare</strong></span> 
     </span>
    </p>
   </div>
   <div class='ocr_carea' id='block_1_124' title="bbox 2021 3794 3602 3871">
    <p class='ocr_par' dir='ltr' id='par_1_124' title="bbox 2021 3794 3602 3871">
     <span class='ocr_line' id='line_1_126' title="bbox 2021 3794 3602 3871; baseline 0.009 -26"><span class='ocrx_word' id='word_1_979' title='bbox 2021 3806 2148 3862; x_wconf 87' lang='lat' dir='ltr'><strong>ergo</strong></span> <span class='ocrx_word' id='word_1_980' title='bbox 2191 3807 2396 3871; x_wconf 78' lang='lat' dir='ltr'><strong>su_i_n_i_ne</strong></span> <span class='ocrx_word' id='word_1_981' title='bbox 2439 3794 2704 3871; x_wconf 77' lang='lat' dir='ltr'><strong>debemus</strong></span> <span class='ocrx_word' id='word_1_982' title='bbox 2746 3794 3078 3871; x_wconf 76' lang='lat' dir='ltr'><strong>castitatem,</strong></span> <span class='ocrx_word' id='word_1_983' title='bbox 3114 3800 3230 3854; x_wconf 89' lang='lat' dir='ltr'><strong>sine</strong></span> <span class='ocrx_word' id='word_1_984' title='bbox 3267 3817 3368 3871; x_wconf 93' lang='lat' dir='ltr'><strong>qua</strong></span> <span class='ocrx_word' id='word_1_985' title='bbox 3420 3815 3602 3860; x_wconf 91' lang='lat' dir='ltr'><strong>nostra</strong></span> 
     </span>
    </p>
   </div>
   <div class='ocr_carea' id='block_1_125' title="bbox 2021 3861 3600 3946">
    <p class='ocr_par' dir='ltr' id='par_1_125' title="bbox 2021 3861 3600 3946">
     <span class='ocr_line' id='line_1_127' title="bbox 2021 3861 3600 3946; baseline 0.011 -30"><span class='ocrx_word' id='word_1_986' title='bbox 2021 3861 2178 3946; x_wconf 75' lang='lat' dir='ltr'><strong>opera</strong></span> <span class='ocrx_word' id='word_1_987' title='bbox 2200 3861 2341 3946; x_wconf 71' lang='lat' dir='ltr'><strong>nihil</strong></span> <span class='ocrx_word' id='word_1_988' title='bbox 2369 3865 2564 3946; x_wconf 68' lang='lat' dir='ltr'><strong>valent.</strong></span> <span class='ocrx_word' id='word_1_989' title='bbox 2592 3866 2636 3918; x_wconf 88' lang='grc'>0</span> <span class='ocrx_word' id='word_1_990' title='bbox 2659 3867 2894 3946; x_wconf 72' lang='lat' dir='ltr'><strong>castitas,</strong></span> <span class='ocrx_word' id='word_1_991' title='bbox 2910 3861 3296 3946; x_wconf 67' lang='lat' dir='ltr'><strong>ornamentum</strong></span> <span class='ocrx_word' id='word_1_992' title='bbox 3319 3875 3600 3946; x_wconf 82' lang='lat' dir='ltr'><strong>nobilium,</strong></span> 
     </span>
    </p>
   </div>
   <div class='ocr_carea' id='block_1_126' title="bbox 2020 3933 3603 4011">
    <p class='ocr_par' dir='ltr' id='par_1_126' title="bbox 2020 3933 3603 4011">
     <span class='ocr_line' id='line_1_128' title="bbox 2020 3933 3603 4011; baseline 0.011 -24"><span class='ocrx_word' id='word_1_993' title='bbox 2020 3935 2268 4011; x_wconf 60' lang='lat' dir='ltr'><strong>exaltatio</strong></span> <span class='ocrx_word' id='word_1_994' title='bbox 2296 3933 2596 4011; x_wconf 77' lang='lat' dir='ltr'><strong>humilium,</strong></span> <span class='ocrx_word' id='word_1_995' title='bbox 2629 3936 2876 3992; x_wconf 86' lang='lat' dir='ltr'><strong>nobilitas</strong></span> <span class='ocrx_word' id='word_1_996' title='bbox 2908 3937 3237 4007; x_wconf 81' lang='lat' dir='ltr'><strong>ignobilium,</strong></span> <span class='ocrx_word' id='word_1_997' title='bbox 3265 3933 3603 4011; x_wconf 69' lang='lat' dir='ltr'><strong>pulchritudo</strong></span> 
     </span>
    </p>
   </div>
   <div class='ocr_carea' id='block_1_127' title="bbox 2017 4004 3600 4082">
    <p class='ocr_par' dir='ltr' id='par_1_127' title="bbox 2017 4004 3600 4082">
     <span class='ocr_line' id='line_1_129' title="bbox 2017 4004 3600 4082; baseline 0.009 -25"><span class='ocrx_word' id='word_1_998' title='bbox 2017 4004 2221 4082; x_wconf 75' lang='lat' dir='ltr'><strong>vilium,</strong></span> <span class='ocrx_word' id='word_1_999' title='bbox 2252 4005 2491 4082; x_wconf 67' lang='lat' dir='ltr'><strong>solamen</strong></span> <span class='ocrx_word' id='word_1_1000' title='bbox 2533 4011 2890 4073; x_wconf 70' lang='lat' dir='ltr'><strong>&quot;umentium,</strong></span> <span class='ocrx_word' id='word_1_1001' title='bbox 2929 4004 3278 4082; x_wconf 76' lang='lat' dir='ltr'><strong>augmentum</strong></span> <span class='ocrx_word' id='word_1_1002' title='bbox 3305 4014 3600 4082; x_wconf 89' lang='lat' dir='ltr'><strong>pulchritu-</strong></span> 
     </span>
    </p>
   </div>
   <div class='ocr_carea' id='block_1_128' title="bbox 1985 4074 3602 4152">
    <p class='ocr_par' dir='ltr' id='par_1_128' title="bbox 1985 4074 3602 4152">
     <span class='ocr_line' id='line_1_130' title="bbox 1985 4074 3602 4152; baseline 0.014 -31"><span class='ocrx_word' id='word_1_1003' title='bbox 1985 4074 2187 4152; x_wconf 68' lang='lat' dir='ltr'><strong>dinis,</strong></span> <span class='ocrx_word' id='word_1_1004' title='bbox 2231 4076 2394 4132; x_wconf 88' lang='lat' dir='ltr'><strong>decus</strong></span> <span class='ocrx_word' id='word_1_1005' title='bbox 2445 4087 2890 4152; x_wconf 49' lang='lat' dir='ltr'><strong>sanctarnostrae</strong></span> <span class='ocrx_word' id='word_1_1006' title='bbox 2966 4074 3265 4152; x_wconf 78' lang='lat' dir='ltr'><strong>religionis,</strong></span> <span class='ocrx_word' id='word_1_1007' title='bbox 3305 4074 3602 4144; x_wconf 54' lang='lat' dir='ltr'><strong>&#39;minoratio</strong></span> 
     </span>
    </p>
   </div>
   <div class='ocr_carea' id='block_1_129' title="bbox 2017 4147 3605 4229">
    <p class='ocr_par' dir='ltr' id='par_1_129' title="bbox 2017 4147 3605 4229">
     <span class='ocr_line' id='line_1_131' title="bbox 2017 4147 3605 4229; baseline 0.009 -29"><span class='ocrx_word' id='word_1_1008' title='bbox 2017 4147 2321 4229; x_wconf 75' lang='lat' dir='ltr'><strong>criminum,</strong></span> <span class='ocrx_word' id='word_1_1009' title='bbox 2348 4149 2717 4229; x_wconf 66' lang='lat' dir='ltr'><strong>multiplicatio</strong></span> <span class='ocrx_word' id='word_1_1010' title='bbox 2738 4147 3088 4229; x_wconf 51' lang='lat' dir='ltr'><strong>meritorum;</strong></span> <span class='ocrx_word' id='word_1_1011' title='bbox 3101 4154 3187 4207; x_wconf 85' lang='lat' dir='ltr'><strong>Dei</strong></span> <span class='ocrx_word' id='word_1_1012' title='bbox 3211 4147 3399 4229; x_wconf 71' lang='lat' dir='ltr'><strong>aulica,</strong></span> <span class='ocrx_word' id='word_1_1013' title='bbox 3427 4163 3605 4229; x_wconf 81' lang='lat' dir='ltr'><strong>Ange-</strong></span> 
     </span>
    </p>
   </div>
   <div class='ocr_carea' id='block_1_130' title="bbox 2017 4216 3600 4296">
    <p class='ocr_par' dir='ltr' id='par_1_130' title="bbox 2017 4216 3600 4296">
     <span class='ocr_line' id='line_1_132' title="bbox 2017 4216 3600 4296; baseline 0.011 -26"><span class='ocrx_word' id='word_1_1014' title='bbox 2017 4216 2193 4272; x_wconf 89' lang='lat' dir='ltr'><strong>lorum</strong></span> <span class='ocrx_word' id='word_1_1015' title='bbox 2242 4216 2969 4296; x_wconf 58' lang='lat' dir='ltr'><strong>cognata,Patriarcliarum</strong></span> <span class='ocrx_word' id='word_1_1016' title='bbox 3026 4224 3163 4289; x_wconf 89' lang='lat' dir='ltr'><strong>vita,</strong></span> <span class='ocrx_word' id='word_1_1017' title='bbox 3213 4216 3600 4296; x_wconf 68' lang='lat' dir='ltr'><strong>Prophetarum</strong></span> 
     </span>
    </p>
   </div>
   <div class='ocr_carea' id='block_1_131' title="bbox 2016 4291 3597 4368">
    <p class='ocr_par' dir='ltr' id='par_1_131' title="bbox 2016 4291 3597 4368">
     <span class='ocr_line' id='line_1_133' title="bbox 2016 4291 3597 4368; baseline 0.007 -26"><span class='ocrx_word' id='word_1_1018' title='bbox 2016 4304 2245 4368; x_wconf 79' lang='lat' dir='ltr'><strong>corona,</strong></span> <span class='ocrx_word' id='word_1_1019' title='bbox 2271 4291 2646 4368; x_wconf 76' lang='lat' dir='ltr'><strong>Apostolorum</strong></span> <span class='ocrx_word' id='word_1_1020' title='bbox 2676 4292 2942 4368; x_wconf 68' lang='lat' dir='ltr'><strong>cingulum</strong></span> <span class='ocrx_word' id='word_1_1021' title='bbox 2963 4335 2975 4354; x_wconf 91' lang='lat'><strong>,</strong></span> <span class='ocrx_word' id='word_1_1022' title='bbox 3003 4305 3294 4368; x_wconf 86' lang='lat' dir='ltr'><strong>martyrum</strong></span> <span class='ocrx_word' id='word_1_1023' title='bbox 3323 4291 3597 4368; x_wconf 80' lang='lat' dir='ltr'><strong>auxilium,</strong></span> 
     </span>
    </p>
   </div>
   <div class='ocr_carea' id='block_1_132' title="bbox 2015 4361 3598 4434">
    <p class='ocr_par' dir='ltr' id='par_1_132' title="bbox 2015 4361 3598 4434">
     <span class='ocr_line' id='line_1_134' title="bbox 2015 4361 3598 4434; baseline 0.006 -19"><span class='ocrx_word' id='word_1_1024' title='bbox 2015 4361 2377 4434; x_wconf 84' lang='lat' dir='ltr'><strong>confessorum</strong></span> <span class='ocrx_word' id='word_1_1025' title='bbox 2415 4362 2738 4425; x_wconf 73' lang='lat' dir='ltr'><strong>vehiculum,</strong></span> <span class='ocrx_word' id='word_1_1026' title='bbox 2775 4365 3036 4428; x_wconf 73' lang='lat' dir='ltr'><strong>virginum</strong></span> <span class='ocrx_word' id='word_1_1027' title='bbox 3081 4361 3376 4434; x_wconf 74' lang='lat' dir='ltr'><strong>speculum,</strong></span> <span class='ocrx_word' id='word_1_1028' title='bbox 3408 4361 3598 4424; x_wconf 58' lang='lat' dir='ltr'><strong>vidua;</strong></span> 
     </span>
    </p>
   </div>
   <div class='ocr_carea' id='block_1_133' title="bbox 2015 4432 3599 4508">
    <p class='ocr_par' dir='ltr' id='par_1_133' title="bbox 2015 4432 3599 4508">
     <span class='ocr_line' id='line_1_135' title="bbox 2015 4432 3599 4508; baseline 0.008 -24"><span class='ocrx_word' id='word_1_1029' title='bbox 2015 4447 2131 4508; x_wconf 82' lang='lat' dir='ltr'><strong>rum</strong></span> <span class='ocrx_word' id='word_1_1030' title='bbox 2176 4432 2459 4508; x_wconf 76' lang='lat' dir='ltr'><strong>refugium,</strong></span> <span class='ocrx_word' id='word_1_1031' title='bbox 2495 4441 2561 4508; x_wconf 74' lang='lat' dir='ltr'><strong>et</strong></span> <span class='ocrx_word' id='word_1_1032' title='bbox 2591 4441 2900 4508; x_wconf 81' lang='lat' dir='ltr'><strong>cunctorum</strong></span> <span class='ocrx_word' id='word_1_1033' title='bbox 2948 4432 3205 4508; x_wconf 81' lang='lat' dir='ltr'><strong>bonorum</strong></span> <span class='ocrx_word' id='word_1_1034' title='bbox 3247 4441 3499 4508; x_wconf 90' lang='lat' dir='ltr'><strong>gaudium</strong></span> <span class='ocrx_word' id='word_1_1035' title='bbox 3544 4451 3599 4496; x_wconf 90' lang='lat' dir='ltr'><strong>et</strong></span> 
     </span>
    </p>
   </div>
   <div class='ocr_carea' id='block_1_134' title="bbox 2013 4503 3599 4580">
    <p class='ocr_par' dir='ltr' id='par_1_134' title="bbox 2013 4503 3599 4580">
     <span class='ocr_line' id='line_1_136' title="bbox 2013 4503 3599 4580; baseline 0.006 -24"><span class='ocrx_word' id='word_1_1036' title='bbox 2013 4503 2251 4557; x_wconf 80' lang='lat' dir='ltr'><strong>solamen</strong></span> <span class='ocrx_word' id='word_1_1037' title='bbox 2269 4505 2289 4580; x_wconf 91' lang='lat'><strong>!_</strong></span> <span class='ocrx_word' id='word_1_1038' title='bbox 2307 4504 2409 4558; x_wconf 84' lang='lat' dir='ltr'><strong>Sed</strong></span> <span class='ocrx_word' id='word_1_1039' title='bbox 2437 4503 2651 4580; x_wconf 78' lang='lat' dir='ltr'><strong>quidam</strong></span> <span class='ocrx_word' id='word_1_1040' title='bbox 2678 4512 2820 4567; x_wconf 90' lang='lat' dir='ltr'><strong>sunt,</strong></span> <span class='ocrx_word' id='word_1_1041' title='bbox 2844 4505 3034 4580; x_wconf 74' lang='lat' dir='ltr'><strong>fratres</strong></span> <span class='ocrx_word' id='word_1_1042' title='bbox 3060 4507 3184 4572; x_wconf 91' lang='lat' dir='ltr'><strong>mei,</strong></span> <span class='ocrx_word' id='word_1_1043' title='bbox 3208 4503 3297 4576; x_wconf 79' lang='lat' dir='ltr'><strong>qui</strong></span> <span class='ocrx_word' id='word_1_1044' title='bbox 3327 4512 3380 4564; x_wconf 92' lang='lat' dir='ltr'><strong>in</strong></span> <span class='ocrx_word' id='word_1_1045' title='bbox 3403 4511 3599 4580; x_wconf 89' lang='lat' dir='ltr'><strong>juven-</strong></span> 
     </span>
    </p>
   </div>
   <div class='ocr_carea' id='block_1_135' title="bbox 2015 4573 3594 4635">
    <p class='ocr_par' dir='ltr' id='par_1_135' title="bbox 2015 4573 3594 4635">
     <span class='ocr_line' id='line_1_137' title="bbox 2015 4573 3594 4635; baseline 0.006 -10"><span class='ocrx_word' id='word_1_1046' title='bbox 2015 4580 2124 4625; x_wconf 91' lang='lat' dir='ltr'><strong>tute</strong></span> <span class='ocrx_word' id='word_1_1047' title='bbox 2150 4589 2244 4626; x_wconf 90' lang='lat' dir='ltr'><strong>sua</strong></span> <span class='ocrx_word' id='word_1_1048' title='bbox 2277 4573 2546 4627; x_wconf 88' lang='lat' dir='ltr'><strong>luxuriose</strong></span> <span class='ocrx_word' id='word_1_1049' title='bbox 2572 4574 2750 4626; x_wconf 88' lang='lat' dir='ltr'><strong>vivere</strong></span> <span class='ocrx_word' id='word_1_1050' title='bbox 2779 4575 2959 4629; x_wconf 91' lang='lat' dir='ltr'><strong>volunt</strong></span> <span class='ocrx_word' id='word_1_1051' title='bbox 2985 4595 2995 4629; x_wconf 95' lang='lat'><strong>:</strong></span> <span class='ocrx_word' id='word_1_1052' title='bbox 3022 4587 3077 4632; x_wconf 89' lang='lat' dir='ltr'><strong>et</strong></span> <span class='ocrx_word' id='word_1_1053' title='bbox 3103 4580 3145 4630; x_wconf 90' lang='lat' dir='ltr'><strong>si</strong></span> <span class='ocrx_word' id='word_1_1054' title='bbox 3171 4573 3239 4631; x_wconf 86' lang='lat' dir='ltr'><strong>ad</strong></span> <span class='ocrx_word' id='word_1_1055' title='bbox 3265 4573 3594 4635; x_wconf 78' lang='lat' dir='ltr'><strong>senectutem</strong></span> 
     </span>
    </p>
   </div>
   <div class='ocr_carea' id='block_1_136' title="bbox 2014 4643 3592 4710">
    <p class='ocr_par' dir='ltr' id='par_1_136' title="bbox 2014 4643 3592 4710">
     <span class='ocr_line' id='line_1_138' title="bbox 2014 4643 3592 4710; baseline 0.008 -16"><span class='ocrx_word' id='word_1_1056' title='bbox 2014 4644 2372 4710; x_wconf 86' lang='lat' dir='ltr'><strong>pervenerint,</strong></span> <span class='ocrx_word' id='word_1_1057' title='bbox 2401 4643 2714 4710; x_wconf 87' lang='lat' dir='ltr'><strong>gloriantur,</strong></span> <span class='ocrx_word' id='word_1_1058' title='bbox 2743 4645 2980 4700; x_wconf 88' lang='lat' dir='ltr'><strong>dicentes</strong></span> <span class='ocrx_word' id='word_1_1059' title='bbox 3009 4663 3067 4702; x_wconf 91' lang='lat' dir='ltr'><strong>se</strong></span> <span class='ocrx_word' id='word_1_1060' title='bbox 3095 4650 3428 4704; x_wconf 88' lang='lat' dir='ltr'><strong>continentes</strong></span> <span class='ocrx_word' id='word_1_1061' title='bbox 3453 4666 3592 4706; x_wconf 87' lang='lat' dir='ltr'><strong>esse.</strong></span> 
     </span>
    </p>
   </div>
   <div class='ocr_carea' id='block_1_137' title="bbox 2011 4711 3595 4788">
    <p class='ocr_par' dir='ltr' id='par_1_137' title="bbox 2011 4711 3595 4788">
     <span class='ocr_line' id='line_1_139' title="bbox 2011 4711 3595 4788; baseline 0.006 -20"><span class='ocrx_word' id='word_1_1062' title='bbox 2011 4711 2158 4768; x_wconf 66' lang='lat' dir='ltr'><strong>Tunc.</strong></span> <span class='ocrx_word' id='word_1_1063' title='bbox 2181 4714 2322 4788; x_wconf 80' lang='lat' dir='ltr'><strong>enim</strong></span> <span class='ocrx_word' id='word_1_1064' title='bbox 2349 4714 2552 4784; x_wconf 76' lang='lat' dir='ltr'><strong>eligunt</strong></span> <span class='ocrx_word' id='word_1_1065' title='bbox 2574 4718 2776 4788; x_wconf 80' lang='lat' dir='ltr'><strong>servire</strong></span> <span class='ocrx_word' id='word_1_1066' title='bbox 2800 4718 3049 4788; x_wconf 89' lang='lat' dir='ltr'><strong>castitati,</strong></span> <span class='ocrx_word' id='word_1_1067' title='bbox 3073 4721 3286 4788; x_wconf 91' lang='lat' dir='ltr'><strong>quando</strong></span> <span class='ocrx_word' id='word_1_1068' title='bbox 3316 4720 3481 4775; x_wconf 88' lang='lat' dir='ltr'><strong>libido</strong></span> <span class='ocrx_word' id='word_1_1069' title='bbox 3499 4737 3595 4778; x_wconf 87' lang='lat' dir='ltr'><strong>eos</strong></span> 
     </span>
    </p>
   </div>
   <div class='ocr_carea' id='block_1_138' title="bbox 2009 4784 3594 4858">
    <p class='ocr_par' dir='ltr' id='par_1_138' title="bbox 2009 4784 3594 4858">
     <span class='ocr_line' id='line_1_140' title="bbox 2009 4784 3594 4858; baseline 0.008 -22"><span class='ocrx_word' id='word_1_1070' title='bbox 2009 4799 2214 4858; x_wconf 11' lang='lat' dir='ltr'><strong>servos,</strong></span> <span class='ocrx_word' id='word_1_1071' title='bbox 2232 4784 2427 4858; x_wconf 88' lang='lat' dir='ltr'><strong>habere</strong></span> <span class='ocrx_word' id='word_1_1072' title='bbox 2465 4787 2776 4858; x_wconf 80' lang='lat' dir='ltr'><strong>conteu&#39;init.</strong></span> <span class='ocrx_word' id='word_1_1073' title='bbox 2808 4787 3072 4858; x_wconf 88' lang='lat' dir='ltr'><strong>Numquid</strong></span> <span class='ocrx_word' id='word_1_1074' title='bbox 3091 4784 3230 4842; x_wconf 58' lang='lat' dir='ltr'><strong>&#39;tales</strong></span> <span class='ocrx_word' id='word_1_1075' title='bbox 3258 4792 3594 4848; x_wconf 84' lang='lat' dir='ltr'><strong>continentes</strong></span> 
     </span>
    </p>
   </div>
   <div class='ocr_carea' id='block_1_139' title="bbox 2009 4855 3590 4925">
    <p class='ocr_par' dir='ltr' id='par_1_139' title="bbox 2009 4855 3590 4925">
     <span class='ocr_line' id='line_1_141' title="bbox 2009 4855 3590 4925; baseline 0.006 -16"><span class='ocrx_word' id='word_1_1076' title='bbox 2009 4855 2217 4909; x_wconf 91' lang='lat' dir='ltr'><strong>dicendi</strong></span> <span class='ocrx_word' id='word_1_1077' title='bbox 2248 4857 2408 4911; x_wconf 76' lang='lat' dir='ltr'><strong>sunt?</strong></span> <span class='ocrx_word' id='word_1_1078' title='bbox 2433 4857 2603 4912; x_wconf 88' lang='lat' dir='ltr'><strong>Absit.</strong></span> <span class='ocrx_word' id='word_1_1079' title='bbox 2633 4857 2789 4912; x_wconf 88' lang='lat' dir='ltr'><strong>Tales</strong></span> <span class='ocrx_word' id='word_1_1080' title='bbox 2817 4855 3260 4925; x_wconf 65' lang='lat' dir='ltr'><strong>eninfprmmium</strong></span> <span class='ocrx_word' id='word_1_1081' title='bbox 3290 4875 3396 4914; x_wconf 60' lang='lat' dir='ltr'><strong>nitu</strong></span> <span class='ocrx_word' id='word_1_1082' title='bbox 3429 4864 3590 4918; x_wconf 87' lang='lat' dir='ltr'><strong>habe-</strong></span> 
     </span>
    </p>
   </div>
   <div class='ocr_carea' id='block_1_140' title="bbox 2007 4925 3592 4996">
    <p class='ocr_par' dir='ltr' id='par_1_140' title="bbox 2007 4925 3592 4996">
     <span class='ocr_line' id='line_1_142' title="bbox 2007 4925 3592 4996; baseline 0.006 -17"><span class='ocrx_word' id='word_1_1083' title='bbox 2007 4925 2157 4992; x_wconf 89' lang='lat' dir='ltr'><strong>bunt,</strong></span> <span class='ocrx_word' id='word_1_1084' title='bbox 2185 4929 2306 4996; x_wconf 89' lang='lat' dir='ltr'><strong>quia</strong></span> <span class='ocrx_word' id='word_1_1085' title='bbox 2339 4928 2536 4983; x_wconf 89' lang='lat' dir='ltr'><strong>laboris</strong></span> <span class='ocrx_word' id='word_1_1086' title='bbox 2559 4938 2829 4982; x_wconf 90' lang='lat' dir='ltr'><strong>certamen</strong></span> <span class='ocrx_word' id='word_1_1087' title='bbox 2862 4943 2965 4981; x_wconf 90' lang='lat' dir='ltr'><strong>non</strong></span> <span class='ocrx_word' id='word_1_1088' title='bbox 2999 4928 3315 4985; x_wconf 88' lang='lat' dir='ltr'><strong>habuerunt.</strong></span> <span class='ocrx_word' id='word_1_1089' title='bbox 3341 4931 3446 4987; x_wconf 90' lang='lat' dir='ltr'><strong>Sed</strong></span> <span class='ocrx_word' id='word_1_1090' title='bbox 3473 4934 3592 4990; x_wconf 88' lang='lat' dir='ltr'><strong>illos</strong></span> 
     </span>
    </p>
   </div>
   <div class='ocr_carea' id='block_1_141' title="bbox 2007 4999 3591 5070">
    <p class='ocr_par' dir='ltr' id='par_1_141' title="bbox 2007 4999 3591 5070">
     <span class='ocr_line' id='line_1_143' title="bbox 2007 4999 3591 5070; baseline 0.007 -20"><span class='ocrx_word' id='word_1_1091' title='bbox 2007 5012 2135 5070; x_wconf 81' lang='lat' dir='ltr'><strong>vere</strong></span> <span class='ocrx_word' id='word_1_1092' title='bbox 2168 5009 2441 5068; x_wconf 88' lang='lat' dir='ltr'><strong>exspectat</strong></span> <span class='ocrx_word' id='word_1_1093' title='bbox 2475 5000 2804 5070; x_wconf 86' lang='lat' dir='ltr'><strong>sempiterna</strong></span> <span class='ocrx_word' id='word_1_1094' title='bbox 2845 4999 3032 5068; x_wconf 84' lang='lat' dir='ltr'><strong>gloria,</strong></span> <span class='ocrx_word' id='word_1_1095' title='bbox 3065 5000 3156 5070; x_wconf 90' lang='lat' dir='ltr'><strong>qui</strong></span> <span class='ocrx_word' id='word_1_1096' title='bbox 3186 5000 3349 5058; x_wconf 86' lang='lat' dir='ltr'><strong>fortes</strong></span> <span class='ocrx_word' id='word_1_1097' title='bbox 3379 5003 3591 5060; x_wconf 90' lang='lat' dir='ltr'><strong>fuerunt</strong></span> 
     </span>
    </p>
   </div>
   <div class='ocr_carea' id='block_1_142' title="bbox 2004 5068 3136 5139">
    <p class='ocr_par' dir='ltr' id='par_1_142' title="bbox 2004 5068 3136 5139">
     <span class='ocr_line' id='line_1_144' title="bbox 2004 5068 3136 5139; baseline 0.004 -17"><span class='ocrx_word' id='word_1_1098' title='bbox 2004 5068 2236 5139; x_wconf 86' lang='lat' dir='ltr'><strong>gloriosa</strong></span> <span class='ocrx_word' id='word_1_1099' title='bbox 2265 5069 2555 5126; x_wconf 90' lang='lat' dir='ltr'><strong>certamina</strong></span> <span class='ocrx_word' id='word_1_1100' title='bbox 2585 5078 2918 5138; x_wconf 88' lang='lat' dir='ltr'><strong>supportare.</strong></span> <span class='ocrx_word' id='word_1_1101' title='bbox 2944 5068 3136 5126; x_wconf 82' lang='lat' dir='ltr'><strong>Amen.</strong></span> 
     </span>
    </p>
   </div>
   <div class='ocr_carea' id='block_1_143' title="bbox 2580 5159 3008 5216">
    <p class='ocr_par' dir='ltr' id='par_1_143' title="bbox 2580 5159 3008 5216">
     <span class='ocr_line' id='line_1_145' title="bbox 2580 5159 3008 5216; baseline -0.002 -1"><span class='ocrx_word' id='word_1_1102' title='bbox 2580 5159 2810 5216; x_wconf 82' lang='lat' dir='ltr'><strong>SERMO</strong></span> <span class='ocrx_word' id='word_1_1103' title='bbox 2847 5161 3008 5216; x_wconf 76' lang='lat' dir='ltr'><strong>XVII.</strong></span> 
     </span>
    </p>
   </div>
   <div class='ocr_carea' id='block_1_144' title="bbox 2186 5257 3426 5312">
    <p class='ocr_par' dir='ltr' id='par_1_144' title="bbox 2186 5257 3426 5312">
     <span class='ocr_line' id='line_1_146' title="bbox 2186 5257 3426 5312; baseline 0.002 -2"><span class='ocrx_word' id='word_1_1104' title='bbox 2186 5269 2255 5310; x_wconf 81' lang='lat' dir='ltr'><strong>nit</strong></span> <span class='ocrx_word' id='word_1_1105' title='bbox 2293 5269 2626 5310; x_wconf 72' lang='lat' dir='ltr'><strong>ViGlLA’l‘IO-NB</strong></span> <span class='ocrx_word' id='word_1_1106' title='bbox 2665 5269 2732 5308; x_wconf 76' lang='lat' dir='ltr'><strong>er</strong></span> <span class='ocrx_word' id='word_1_1107' title='bbox 2770 5269 3083 5310; x_wconf 74' lang='lat' dir='ltr'><strong>OTIOSI&#39;I&#39;A‘I&#39;E</strong></span> <span class='ocrx_word' id='word_1_1108' title='bbox 3121 5269 3353 5311; x_wconf 70' lang='lat' dir='ltr'><strong>unum</strong></span> <span class='ocrx_word' id='word_1_1109' title='bbox 3381 5257 3426 5312; x_wconf 78' lang='grc'><strong>³.</strong></span> 
     </span>
    </p>
   </div>
   <div class='ocr_carea' id='block_1_145' title="bbox 2074 5346 3585 5420">
    <p class='ocr_par' dir='ltr' id='par_1_145' title="bbox 2074 5346 3585 5420">
     <span class='ocr_line' id='line_1_147' title="bbox 2074 5346 3585 5420; baseline 0.001 -16"><span class='ocrx_word' id='word_1_1110' title='bbox 2074 5349 2358 5420; x_wconf 86' lang='lat' dir='ltr'><strong>Apostolus</strong></span> <span class='ocrx_word' id='word_1_1111' title='bbox 2377 5349 2583 5409; x_wconf 87' lang='lat' dir='ltr'><strong>Petrus,</strong></span> <span class='ocrx_word' id='word_1_1112' title='bbox 2610 5346 2800 5403; x_wconf 88' lang='lat' dir='ltr'><strong>fratres</strong></span> <span class='ocrx_word' id='word_1_1113' title='bbox 2819 5348 3116 5420; x_wconf 83' lang='lat' dir='ltr'><strong>charissimi</strong></span> <span class='ocrx_word' id='word_1_1114' title='bbox 3142 5363 3207 5404; x_wconf 90' lang='lat' dir='ltr'><strong>ac</strong></span> <span class='ocrx_word' id='word_1_1115' title='bbox 3225 5348 3585 5418; x_wconf 87' lang='lat' dir='ltr'><strong>dilectissimi,</strong></span> 
     </span>
    </p>
   </div>
   <div class='ocr_carea' id='block_1_146' title="bbox 2001 5419 3590 5486">
    <p class='ocr_par' dir='ltr' id='par_1_146' title="bbox 2001 5419 3590 5486">
     <span class='ocr_line' id='line_1_148' title="bbox 2001 5419 3590 5486; baseline 0.001 -10"><span class='ocrx_word' id='word_1_1116' title='bbox 2001 5420 2069 5476; x_wconf 90' lang='lat' dir='ltr'><strong>de</strong></span> <span class='ocrx_word' id='word_1_1117' title='bbox 2096 5419 2268 5475; x_wconf 85' lang='lat' dir='ltr'><strong>vestra</strong></span> <span class='ocrx_word' id='word_1_1118' title='bbox 2306 5420 2476 5475; x_wconf 82' lang='lat' dir='ltr'><strong>salute</strong></span> <span class='ocrx_word' id='word_1_1119' title='bbox 2507 5421 2786 5480; x_wconf 85' lang='lat' dir='ltr'><strong>sollicitus,</strong></span> <span class='ocrx_word' id='word_1_1120' title='bbox 2824 5434 2919 5474; x_wconf 84' lang='lat' dir='ltr'><strong>vos</strong></span> <span class='ocrx_word' id='word_1_1121' title='bbox 2955 5419 3186 5475; x_wconf 90' lang='lat' dir='ltr'><strong>dulciter</strong></span> <span class='ocrx_word' id='word_1_1122' title='bbox 3223 5421 3494 5486; x_wconf 88' lang='lat' dir='ltr'><strong>admonet,</strong></span> <span class='ocrx_word' id='word_1_1123' title='bbox 3533 5431 3590 5478; x_wconf 89' lang='lat' dir='ltr'><strong>et</strong></span> 
     </span>
    </p>
   </div>
   <div class='ocr_carea' id='block_1_147' title="bbox 2001 5489 3582 5561">
    <p class='ocr_par' dir='ltr' id='par_1_147' title="bbox 2001 5489 3582 5561">
     <span class='ocr_line' id='line_1_149' title="bbox 2001 5489 3582 5561; baseline 0.004 -19"><span class='ocrx_word' id='word_1_1124' title='bbox 2001 5493 2064 5546; x_wconf 86' lang='lat' dir='ltr'><strong>ad</strong></span> <span class='ocrx_word' id='word_1_1125' title='bbox 2098 5490 2417 5561; x_wconf 85' lang='lat' dir='ltr'><strong>vigilandum</strong></span> <span class='ocrx_word' id='word_1_1126' title='bbox 2460 5507 2554 5544; x_wconf 90' lang='lat' dir='ltr'><strong>vos</strong></span> <span class='ocrx_word' id='word_1_1127' title='bbox 2596 5489 2911 5544; x_wconf 81' lang='lat' dir='ltr'><strong>exhortatur</strong></span> <span class='ocrx_word' id='word_1_1128' title='bbox 2949 5490 3092 5546; x_wconf 91' lang='lat' dir='ltr'><strong>inter</strong></span> <span class='ocrx_word' id='word_1_1129' title='bbox 3126 5501 3320 5546; x_wconf 58' lang='lat' dir='ltr'><strong>extera</strong></span> <span class='ocrx_word' id='word_1_1130' title='bbox 3359 5491 3582 5548; x_wconf 87' lang='lat' dir='ltr'><strong>dicens:</strong></span> 
     </span>
    </p>
   </div>
   <div class='ocr_carea' id='block_1_148' title="bbox 2011 5561 3583 5634">
    <p class='ocr_par' dir='ltr' id='par_1_148' title="bbox 2011 5561 3583 5634">
     <span class='ocr_line' id='line_1_150' title="bbox 2011 5561 3583 5634; baseline 0.001 -17"><span class='ocrx_word' id='word_1_1131' title='bbox 2011 5562 2246 5634; x_wconf 81' lang='lat' dir='ltr'><strong>Vigilate,</strong></span> <span class='ocrx_word' id='word_1_1132' title='bbox 2274 5567 2476 5634; x_wconf 77' lang='lat' dir='ltr'><strong>fratres,</strong></span> <span class='ocrx_word' id='word_1_1133' title='bbox 2507 5563 2629 5632; x_wconf 84' lang='lat' dir='ltr'><strong>quia</strong></span> <span class='ocrx_word' id='word_1_1134' title='bbox 2653 5563 2972 5616; x_wconf 76' lang='lat' dir='ltr'><strong>adversarius</strong></span> <span class='ocrx_word' id='word_1_1135' title='bbox 2997 5572 3155 5616; x_wconf 81' lang='lat' dir='ltr'><strong>vester</strong></span> <span class='ocrx_word' id='word_1_1136' title='bbox 3179 5561 3412 5618; x_wconf 70' lang='lat' dir='ltr'><strong>diabolus</strong></span> <span class='ocrx_word' id='word_1_1137' title='bbox 3436 5579 3583 5632; x_wconf 72' lang='lat' dir='ltr'><strong>qua-</strong></span> 
     </span>
    </p>
   </div>
   <div class='ocr_carea' id='block_1_149' title="bbox 1999 5634 3586 5704">
    <p class='ocr_par' dir='ltr' id='par_1_149' title="bbox 1999 5634 3586 5704">
     <span class='ocr_line' id='line_1_151' title="bbox 1999 5634 3586 5704; baseline 0.001 -15"><span class='ocrx_word' id='word_1_1138' title='bbox 1999 5636 2064 5688; x_wconf 81' lang='lat' dir='ltr'><strong>rt&#39;t</strong></span> <span class='ocrx_word' id='word_1_1139' title='bbox 2117 5650 2264 5700; x_wconf 82' lang='lat' dir='ltr'><strong>quem</strong></span> <span class='ocrx_word' id='word_1_1140' title='bbox 2319 5634 2516 5704; x_wconf 76' lang='lat' dir='ltr'><strong>deuoret</strong></span> <span class='ocrx_word' id='word_1_1141' title='bbox 2540 5675 2553 5695; x_wconf 86' lang='lat'><strong>.</strong></span> <span class='ocrx_word' id='word_1_1142' title='bbox 2585 5634 2710 5704; x_wconf 70' lang='lat' dir='ltr'><strong>cui</strong></span> <span class='ocrx_word' id='word_1_1143' title='bbox 2737 5634 2967 5688; x_wconf 75' lang='lat' dir='ltr'><strong>resistere</strong></span> <span class='ocrx_word' id='word_1_1144' title='bbox 3015 5634 3250 5688; x_wconf 73' lang='lat' dir='ltr'><strong>debemus</strong></span> <span class='ocrx_word' id='word_1_1145' title='bbox 3293 5652 3384 5704; x_wconf 76' lang='lat' dir='ltr'><strong>per</strong></span> <span class='ocrx_word' id='word_1_1146' title='bbox 3431 5635 3586 5702; x_wconf 71' lang='lat' dir='ltr'><strong>ﬁdem</strong></span> 
     </span>
    </p>
   </div>
   <div class='ocr_carea' id='block_1_150' title="bbox 2003 5703 3586 5777">
    <p class='ocr_par' dir='ltr' id='par_1_150' title="bbox 2003 5703 3586 5777">
     <span class='ocr_line' id='line_1_152' title="bbox 2003 5703 3586 5777; baseline 0.002 -17"><span class='ocrx_word' id='word_1_1147' title='bbox 2003 5705 2236 5777; x_wconf 78' lang='lat' dir='ltr'><strong>(lI’eir.</strong></span> <span class='ocrx_word' id='word_1_1148' title='bbox 2272 5703 2456 5774; x_wconf 88' lang='lat' dir='ltr'><strong>v.8).</strong></span> <span class='ocrx_word' id='word_1_1149' title='bbox 2493 5703 2597 5759; x_wconf 87' lang='lat' dir='ltr'><strong>Sed</strong></span> <span class='ocrx_word' id='word_1_1150' title='bbox 2647 5703 2778 5759; x_wconf 82' lang='lat' dir='ltr'><strong>fides</strong></span> <span class='ocrx_word' id='word_1_1151' title='bbox 2819 5705 3009 5774; x_wconf 65' lang='lat' dir='ltr'><strong>quaerit</strong></span> <span class='ocrx_word' id='word_1_1152' title='bbox 3050 5703 3368 5774; x_wconf 82' lang='lat' dir='ltr'><strong>orationem,</strong></span> <span class='ocrx_word' id='word_1_1153' title='bbox 3411 5707 3586 5762; x_wconf 82' lang='lat' dir='ltr'><strong>oratio</strong></span> 
     </span>
    </p>
   </div>
   <div class='ocr_carea' id='block_1_151' title="bbox 2058 5859 3339 5925">
    <p class='ocr_par' dir='ltr' id='par_1_151' title="bbox 2058 5859 3339 5925">
     <span class='ocr_line' id='line_1_153' title="bbox 2058 5859 3339 5925; baseline 0.004 -14"><span class='ocrx_word' id='word_1_1154' title='bbox 2058 5865 2075 5895; x_wconf 78' lang='grc' dir='ltr'>ι</span> <span class='ocrx_word' id='word_1_1155' title='bbox 2099 5863 2294 5912; x_wconf 85' lang='lat' dir='ltr'><strong>Codices</strong></span> <span class='ocrx_word' id='word_1_1156' title='bbox 2311 5871 2415 5912; x_wconf 77' lang='lat' dir='ltr'><strong>Mss.</strong></span> <span class='ocrx_word' id='word_1_1157' title='bbox 2442 5876 2454 5911; x_wconf 93' lang='lat'>:</span> <span class='ocrx_word' id='word_1_1158' title='bbox 2484 5869 2552 5925; x_wconf 72' lang='lat' dir='ltr'><strong>De</strong></span> <span class='ocrx_word' id='word_1_1159' title='bbox 2567 5859 2908 5925; x_wconf 75' lang='lat' dir='ltr'><strong>memoratione</strong></span> <span class='ocrx_word' id='word_1_1160' title='bbox 2927 5861 3339 5925; x_wconf 60' lang='lat' dir='ltr'><strong>malim</strong></span> 
     </span>
    </p>
   </div>
   <div class='ocr_carea' id='block_1_152' title="bbox 2063 5923 2837 5992">
    <p class='ocr_par' dir='ltr' id='par_1_152' title="bbox 2063 5923 2837 5992">
     <span class='ocr_line' id='line_1_154' title="bbox 2063 5923 2837 5992; baseline 0.001 -20"><span class='ocrx_word' id='word_1_1161' title='bbox 2063 5927 2083 5958; x_wconf 77' lang='grc' dir='ltr'>ι</span> <span class='ocrx_word' id='word_1_1162' title='bbox 2109 5927 2254 5976; x_wconf 78' lang='lat' dir='ltr'><strong>Abest</strong></span> <span class='ocrx_word' id='word_1_1163' title='bbox 2277 5938 2306 5976; x_wconf 88' lang='lat' dir='ltr'><strong>a</strong></span> <span class='ocrx_word' id='word_1_1164' title='bbox 2328 5933 2456 5985; x_wconf 65' lang='lat' dir='ltr'><strong>Mss,</strong></span> <span class='ocrx_word' id='word_1_1165' title='bbox 2480 5923 2751 5992; x_wconf 57' lang='lat' dir='ltr'><strong>agitatione</strong></span> <span class='ocrx_word' id='word_1_1166' title='bbox 2773 5931 2837 5975; x_wconf 80' lang='lat' dir='ltr'><strong>et.</strong></span> 
     </span>
    </p>
   </div>
  </div>
