2050 3172
240 233 356 266 erigeret
374 237 428 266 nos
435 229 471 266 ad
485 236 525 258 se.
539 229 609 258 Ecce
621 229 694 266 enim
717 227 856 266 quomodo
873 235 922 256 nos
934 228 1033 256 amavit

240 263 301 303 quia
315 265 453 294 descendit
466 271 494 303 ut
507 272 556 292 nos
569 264 712 303 exaltaret,
724 263 869 303 eainanivit
883 271 925 303 se,
938 268 967 291 ut
981 271 1033 291 no-

240 299 282 330 bis
297 305 456 337 potestatem
472 300 780 337 donaret.rAccingimini
794 307 867 337 ergo,
940 304 1035 337 poten-

242 334 335 369 tesfet
350 341 438 365 estote
450 336 547 372 parati,
561 336 622 371 quia
635 335 684 372 die
691 334 811 372 crastina
822 334 947 372 videbitis
965 335 1033 372 i_rreg

241 373 380 400 verberata
391 370 520 405 acie—fidei
533 371 558 398 in
571 370 625 398 uno
635 370 782 405 eodemque
798 370 852 397 Deo
862 375 889 397 et
903 370 1014 397 Domino
1025 371 1034 386 ί

239 408 405 436 divinitatem
428 404 608 438 incantatam,
627 404 792 441 majestatcm
808 405 986 440 subjugatam,
1000 406 1034 432 li-

241 446 371 472 bertatem
384 443 554 478 captivatam,
571 443 695 469 virtutem
710 442 881 478 inﬁrmatam,
895 442 1035 478 aeternita-

242 485 295 506 tem
310 476 493 511 terminatam,
510 477 690 512 virginitatem
705 476 884 508 fecundatam.
899 477 980 504 vitam
995 478 1036 504 in-

241 513 386 544 firmatam.
399 513 574 548 Accingimini
589 520 669 547 ergo,
694 517 722 540 et
742 516 828 540 estote
844 513 926 546 parati
947 517 1037 540 meme

240 558 307 585 pura
319 571 326 582 .
349 549 401 577 [ide
419 547 520 584 integra
531 568 537 580 ,
553 549 683 576 eharitate
695 548 798 585 sincera
813 556 821 575 ι
838 551 865 585 ut
878 547 940 575 dum
951 555 1037 585 _vene-

239 583 274 613 rit
296 585 340 612 ille
356 590 463 613 sanctus
478 583 637 613 sanctorum
648 605 655 616 ,
677 588 703 611 et
717 583 879 618 pulsaverit,
894 583 1035 611 confestim

239 621 366 656 aperiatis
387 621 421 648 ei.
439 620 495 647 Non
509 619 595 656 igitur
610 619 767 656 tzcdeatﬂvos
790 618 895 656 modico
917 624 1037 656 tempore

240 654 348 684 carnem
362 660 477 683 vestram
499 655 609 683 domare
625 655 736 690 jejuniis
750 659 777 682 et
791 654 950 690 abstinentia
966 662 1036 682 esca:

240 695 268 720 et
288 696 367 728 potus
381 701 387 718 :
403 692 464 726 quia
486 698 549 728 ecce
570 695 756 718 remunerator
766 689 902 728 adveniet.
919 690 1035 728 reddens

238 725 383 762 unicuique
404 725 550 754 secundum
578 734 658 760 opera
681 734 739 753 sua.
764 725 929 753 Salvatorem
957 726 1037 761 igitur

239 761 427 798 exspectantes
441 783 446 794 ,
462 762 551 789 sobrie
561 782 568 794 ,
581 762 652 796 juste
667 766 693 788 et
707 766 780 788 caste
801 761 921 798 vivamus
934 761 960 788 in
984 762 1037 798 hoc

240 796 349 830 Iaculo,
365 802 551 832 exspectantes
571 798 673 824 beatam
688 804 761 831 spem
777 800 804 824 et
819 796 962 824 adventum
982 797 1035 824 Do-

238 832 322 897 gtini;
340 837 368 861 ut
388 834 468 869 digne
488 840 547 860 cum
570 840 602 860 eo
627 832 734 868 gloriari
757 832 889 867 possimus
909 832 935 860 iu
949 833 1036 861 caelis.

264 876 335 897 men.

264 876 335 897 men.

541 913 655 942 SERMO
673 912 733 941 XX.

472 967 505 988 DE
525 967 687 987 NATIVITATB
705 966 806 988 ΒΟΙΙΝΙ.

274 1006 383 1035 Fratres
396 1006 562 1034 dilectissimi
573 1027 581 1038 ,
598 1006 679 1033 homo
694 1013 746 1041 non
760 1005 846 1032 solum
863 1012 910 1040 per
923 1004 1037 1041 Sapien-

239 1042 303 1069 tiam
313 1042 359 1070 Dei
376 1042 459 1069 factus
472 1047 530 1069 erat
546 1046 573 1069 ut
588 1047 669 1074 esset,
680 1040 727 1068 sed
740 1042 820 1069 etiam
833 1040 865 1069 ad
879 1041 1037 1075 sapientiam

239 1077 286 1105 Dei
301 1078 387 1105 factus
408 1082 482 1109 erat,
499 1083 527 1105 ut
541 1078 633 1104 hcalus
647 1082 733 1108 esset,
751 1081 780 1104 ut
802 1077 844 1103 illa
860 1076 993 1104 frueretur
1005 1084 1038 1104 eo

238 1120 320 1140 sensu
330 1134 338 1147 ,
361 1121 414 1148 quo
429 1113 528 1148 percipi
543 1113 673 1148 sapientia
694 1116 809 1147 poterat.
819 1111 877 1148 Sed
890 1111 952 1148 quia
976 1120 1037 1146 pec-

239 1149 325 1176 cando
338 1147 446 1176 sensum
467 1148 573 1180 amisit,
597 1155 649 1183 quo
671 1147 799 1183 sapientia
815 1147 866 1174 frui
880 1147 1017 1175 debuisset
1030 1168 1037 1180 ,

239 1185 300 1219 quia
312 1184 409 1211 oblitus
423 1188 463 1211 est
471 1184 613 1211 comedere
624 1191 718 1218 panem
728 1190 817 1219 suum;
827 1187 853 1210 et
866 1183 1037 1210 refectionem

239 1218 313 1254 illam
328 1227 378 1254 qua
395 1221 485 1247 vivunt
506 1219 620 1250 animze,
636 1219 662 1245 in
677 1218 848 1254 corporalem
864 1220 1039 1254 commutavit

240 1253 454 1282 delectationem.
464 1254 589 1282 Terrenis
603 1254 682 1288 igitur
691 1258 717 1280 et
729 1253 912 1287 corporalibus
921 1261 1001 1281 sensu
1012 1258 1038 1281 et

239 1289 336 1317 affectu
351 1290 508 1321 immersus,
532 1296 584 1316 non
602 1289 686 1323 potuit
700 1296 729 1316 se
744 1288 777 1315 ad
792 1288 967 1323 spiritualium
989 1297 1037 1316 co-

239 1326 385 1361 gnitionem
401 1325 459 1352 sine
472 1323 567 1352 amore
577 1324 691 1361 erigere,
703 1323 819 1361 sed_sola
834 1331 864 1351 ea
878 1331 936 1358 qua:
949 1325 1038 1351 carnis

240 1359 302 1401 sunt
311 1368 465 1401 agnoscere,
476 1359 648 1401 spiritualium
656 1359 848 1394 jucunditatem
859 1366 910 1401 non
919 1360 1035 1401 agnovit.

240 1396 303 1423 ideo
317 1394 371 1430 ipsa
384 1396 427 1423 Dei
437 1394 570 1431 Sapientia
580 1404 640 1422 cum
649 1403 754 1422 sursum
767 1400 849 1428 esset,
859 1395 985 1431 deorsum
995 1394 1038 1431 ho.

240 1431 284 1458 die
301 1432 371 1458 venit
387 1432 428 1459 ubi
444 1429 524 1458 homo
539 1435 604 1462 erat,
617 1435 643 1457 ut
659 1438 718 1458 eum
734 1434 872 1458 revocaret
883 1429 952 1457 unde
967 1430 1037 1458 ceci-

240 1467 327 1494 derat.
338 1468 367 1494 Et
380 1475 442 1494 cccc
454 1467 568 1494 Verbum
583 1475 645 1493 caro
660 1466 756 1493 factum
769 1470 820 1498 est,
831 1470 858 1493 ut
872 1465 942 1492 Deus
954 1470 980 1493 et
990 1467 1038 1493 lio-

241 1510 285 1529 mo
295 1503 363 1530 inter
377 1503 498 1529 lmminos
507 1508 578 1529 ρςκρι
589 1512 594 1528 ;
606 1508 631 1528 et
645 1504 681 1528 sie
696 1509 841 1529 conversus
851 1504 891 1528 est
906 1501 981 1530 Danis
993 1502 1037 1530 ille

240 1538 267 1565 in
284 1539 333 1570 lac,
347 1542 374 1565 ut
385 1546 397 1564 ιι
412 1538 527 1571 parvulis
543 1537 693 1564 hominibus
707 1537 774 1563 sumi
791 1541 889 1572 posset.
901 1536 1036 1572 Sapientia

241 1573 297 1610 ipsa
312 1582 416 1610 sursum
431 1574 506 1610 panis
521 1578 588 1610 crat,
600 1572 731 1610 eteadem
746 1572 943 1610 ipsasapienlia
957 1571 1036 1600 deor-

240 1607 299 1636 sum
313 1609 351 1637 lac
363 1607 467 1636 erat.'ln
478 1609 614 1635 divinitate
629 1609 681 1643 ipsa
691 1608 825 1642 Sapientia
840 1607 916 1643 panis
925 1613 979 1635 erat
991 1615 998 1633 :
1008 1614 1036 1637 et

240 1643 266 1671 in
282 1644 444 1671 humanitate
457 1645 533 1679 panis
547 1644 579 1670 de
594 1642 662 1670 coelo
675 1642 932 1679 descendens'ltodie
946 1643 987 1677 lae
998 1644 1036 1671 fa-

240 1684 312 1706 ctmn
326 1684 375 1711 est,
388 1683 413 1705 ul
427 1678 550 1713 tanquam
566 1680 678 1706 inlanles
688 1688 733 1713 per
748 1678 788 1706 lac
800 1678 890 1706 nutriti
902 1678 1033 1713 homines,

240 1715 357 1742 roborati
373 1715 406 1742 ad
423 1723 515 1750 panem
532 1715 636 1742 (Ix-italis
651 1714 779 1741 accedere
795 1718 914 1750 possent,
926 1718 952 1741 ct
965 1714 1035 1743 idem

240 1751 298 1785 ipse
311 1748 449 1782 reticeret,
465 1755 491 1777 et
506 1750 650 1777 reficiendo
662 1748 800 1784 languidos
812 1748 844 1776 ad
859 1749 1035 1784 incorruptio-

240 1784 301 1813 nem
317 1791 461 1820 repararet.
479 1786 556 1814 Dedit
570 1794 634 1819 ergo
645 1786 800 1818 reparandis
812 1784 844 1812 ad
860 1785 1035 1819 ineorruptio—

240 1829 302 1848 nem
320 1822 473 1849 alimentum
491 1822 713 1855 incorruptionis.
730 1820 845 1855 parvulis
860 1820 967 1855 quidem
984 1821 1035 1850 itu-

239 1858 399 1884 maculatam
413 1865 520 1883 carnem
531 1863 609 1891 quam
625 1856 923 1891 sumpseratdevirgine
939 1860 1033 1887 matre.

240 1893 365 1954 perlectis
380 1901 443 1919 vero
459 1892 684 1927 iucorruptibilem
705 1891 868 1918 divinitatem
882 1898 961 1933 quam
985 1891 1032 1919 ha-

261 1929 294 1954 uit
311 1928 344 1954 de
357 1933 457 1954 :rlerno
472 1928 549 1954 Patre
568 1938 572 1954 :
591 1928 647 1954 istis
659 1948 666 1954 .
683 1935 715 1954 nc
730 1926 833 1954 interim
849 1926 994 1954 deficerent
1008 1927 1032 1954 in

261 1929 294 1954 uit
311 1928 344 1960 de
357 1933 457 1955 :rlertto
472 1928 549 1955 Patre
568 1938 572 1954 :
591 1928 647 1954 istis
659 1948 666 1960 ,
683 1935 715 1954 ne
730 1926 833 1954 interim
849 1926 994 1958 deficerent
1008 1927 1033 1954 in

239 1962 292 2002 v_ia;
304 1963 364 2002 illis,
374 1967 403 1990 ut
417 1963 629 2002 reficerentur-et
644 1963 834 2002 perficerentur
847 1962 873 1989 in
887 1962 988 2002 patria:
1000 1963 1034 1989 is-

239 1998 275 2026 tis
288 1999 320 2026 ad
333 1999 552 2029 consolationem.
566 2000 618 2033 illis
630 1997 663 2026 ad
676 1997 904 2033 glorilieatiouem.
921 1997 1035 2032 Propter

241 2034 292 2069 hoc
307 2042 371 2069 ergo
385 2034 430 2061 Dei
446 2032 527 2063 Filius
539 2042 587 2069 pro
605 2032 787 2068 redemptione
803 2033 939 2060 hominum
954 2033 1034 2062 homo

240 2068 319 2096 hodie
335 2068 419 2097 factus
438 2074 496 2101 est.
510 2068 616 2098 ut’caro
630 2078 676 2104 per
694 2076 801 2095 carnem
817 2069 990 2100 liberaretur.
1007 2074 1034 2096 et

239 2104 358 2132 humano
372 2105 462 2139 generi
477 2104 511 2132 de
522 2113 570 2131 suo
585 2103 735 2131 suun-retur
748 2104 859 2137 pretium
872 2103 1034 2138 redemptio-

239 2139 297 2172 nis;
307 2144 333 2167 et
346 2140 407 2167 inde
422 2140 570 2167 remedium
585 2139 668 2169 fieret.
678 2139 748 2166 unde
763 2139 853 2166 vitium
867 2144 1032 2168 contractum

239 2174 342 2208 fuerat;
357 2180 383 2204 et
397 2176 422 2202 ili
437 2175 530 2202 eodem
545 2179 736 2202 monstraretur
746 2195 753 2207 ,
768 2177 795 2201 et
808 2174 900 2209 peritia
915 2175 1011 2202 medici
1024 2196 1031 2208 ,

239 2216 267 2238 et
277 2211 378 2245 justitia
391 2211 540 2246 redempti;
556 2210 662 2245 quando
674 2210 708 2238 de
720 2217 768 2237 suo
782 2214 809 2237 et
823 2209 942 2246 sanando
957 2211 1032 2238 inve-

238 2246 313 2273 nitur
325 2246 471 2282 remedium
484 2244 493 2279 ζ
508 2250 534 2273 et
547 2244 659 2280 pretium
675 2246 842 2282 redimendo.
858 2244 923 2280 Quia
938 2254 1001 2282 ergo
1016 2254 1030 2274 a

238 2282 412 2317 corruptione
428 2281 591 2309 liberandum
606 2286 664 2309 erat
676 2281 746 2316 quod
770 2281 973 2317 redimendum,
990 2281 1030 2309 id-

238 2318 310 2345 circo
320 2316 432 2352 pretium
442 2317 631 2352 redemptionis
639 2317 819 2352 incorruptum
827 2324 886 2344 esse
893 2316 1029 2345 debuerat.

239 2352 383 2388 Propterea
396 2353 474 2380 Maria
485 2357 569 2380 mater
581 2353 663 2380 electa
673 2357 723 2382 est.
732 2356 760 2380 et
767 2360 848 2388 super
856 2360 948 2379 omnes
957 2361 1032 2380 crea-

239 2387 313 2416 turas
328 2390 479 2424 praeelecta.
489 2389 612 2416 omnibus
623 2387 716 2424 gratiis
731 2387 882 2420 fecundata,
892 2388 964 2424 omni
978 2389 1031 2417 vir-

239 2428 295 2451 tute
307 2423 335 2452 et
347 2425 485 2452 sanctitate
500 2425 525 2451 in
543 2430 615 2451 utero
628 2423 722 2450 inatris
735 2423 834 2457 repleta
848 2431 854 2448 :
867 2428 895 2449 ut
907 2423 940 2450 de
954 2431 1030 2450 mun-

238 2459 347 2486 dissima
362 2465 445 2487 matre
459 2460 648 2487 mundissimus
662 2459 732 2486 filius
745 2462 909 2490 nasceretur,
922 2463 949 2486 et
961 2460 1030 2487 sicut

239 2496 265 2521 in
275 2494 434 2522 cwloFilius
443 2495 533 2523 habuit
542 2495 646 2522 Patrem
662 2494 839 2521 immortalem
852 2498 879 2521 et
887 2499 1028 2526 aeternum,

237 2530 276 2557 sic
291 2535 317 2558 ct.
331 2531 356 2557 in
373 2535 442 2558 terra
458 2531 568 2557 haberet
583 2534 694 2556 matrem
711 2529 782 2556 omni
797 2529 968 2560 corruptione
982 2537 1028 2557 ca-

237 2571 350 2602 rentem.
373 2566 451 2602 Igitur
465 2566 491 2592 in
511 2566 578 2593 caelo
591 2565 677 2600 qualis
689 2569 731 2592 est
745 2565 822 2602 Pater
832 2585 838 2596 ,
855 2564 914 2591 talis
928 2565 1028 2602 estFi-

238 2601 307 2633 lius;
322 2605 349 2628 et
362 2602 470 2633 interra
484 2601 569 2636 qualis
580 2605 621 2627 est
637 2605 722 2627 mater
732 2621 738 2632 ,
755 2601 814 2627 lalis
828 2604 870 2628 est
883 2601 1028 2628 secundum

237 2643 345 2664 carnem
361 2635 438 2664 filius.
461 2635 569 2664 ln’cwlo
583 2645 641 2662 cum
657 2636 734 2664 Patre
748 2640 865 2663 aeternus
878 2640 918 2663 est
931 2641 956 2663 et
977 2637 1027 2663 iiii-

237 2679 358 2705 mcnsus;
367 2677 394 2699 et
404 2673 430 2699 in
439 2676 507 2699 terra
517 2679 576 2699 cum
585 2676 669 2698 matre
680 2671 864 2698 immaculatus
873 2676 914 2698 est
923 2676 950 2698 et
959 2680 1030 2699 man-

208 2739 213 2746 ν
237 2712 338 2746 suetus.
348 2708 375 2735 In
384 2708 453 2735 caalo
465 2715 525 2735 enm
534 2707 612 2746 Patre
627 2706 747 2746 sublimis
759 2711 799 2734 est
808 2711 840 2746 et
850 2707 1026 2746 incorruptus;

238 2747 265 2769 et
280 2743 305 2769 in
329 2748 397 2770 terra
417 2751 477 2771 cum
496 2750 578 2770 matre
595 2742 672 2768 hodie
687 2743 714 2769 in
730 2742 860 2777 pra-sepia
875 2742 980 2770 humilis
1002 2747 1029 2771 et

237 2778 418 2812 corruptibilis
430 2783 548 2812 apparet.
565 2777 592 2805 In
613 2778 681 2805 ctrlo
695 2779 781 2812 imago
795 2777 880 2804 Patris
899 2783 1027 2813 apparet;

237 2818 264 2840 et
279 2814 305 2840 in
321 2818 389 2840 terra
412 2813 500 2840 Mariae
516 2814 585 2840 lilius
599 2813 758 2840 ostenditur.
781 2815 807 2839 lu
823 2813 892 2841 cmlo
911 2814 1027 2840 siderum

237 2854 265 2877 et
279 2852 434 2876 cunctorum
445 2848 528 2876 factor
538 2849 703 2881 ostenditur;
716 2848 762 2876 sed
774 2849 799 2875 in
817 2854 886 2876 terra
903 2849 981 2876 hodie
991 2850 1029 2876 in-

236 2889 279 2913 ter
292 2885 385 2912 bovem
398 2888 426 2912 et
437 2884 539 2911 asimim
553 2884 707 2912 collocatur.
723 2884 804 2911 Mater
814 2884 888 2919 virgo
904 2885 929 2911 iu
944 2884 1029 2912 humi—

290 2950 495 2984 unum

958 170 1139 201 APPENDIX.

1816 170 1884 208 Ιῢὶδ

1088 229 1162 257 litate
1175 227 1304 260 exsultat;
1316 226 1363 256 sed
1377 227 1437 263 ejus
1449 227 1530 255 hodie
1539 227 1609 256 ﬁlios
1622 227 1798 259 humilitatem
1813 229 1882 257 facto

1086 264 1266 292 commendat.
1279 263 1330 291 Per
1343 264 1490 300 virginem}
1502 263 1583 291 hodie
1597 264 1669 292 venit
1679 264 1711 292 ad
1726 272 1785 296 nos;
1797 269 1824 293 et
1834 273 1882 300 per

1086 300 1217 335 virginem
1240 299 1377 334 prrecessit
1391 306 1450 327 nos.
1474 299 1524 326 Per
1545 299 1772 334 incorruptionem
1789 301 1882 335 venit,

1088 340 1117 363 ut
1130 334 1268 371 peccatum
1284 334 1405 371 tolleret;
1421 342 1468 369 per
1481 334 1707 371 incorruptionem
1723 337 1862 371 praecessit
1874 358 1882 370 ,

1089 377 1118 398 ut
1132 370 1254 399 virtutem
1278 370 1483 398 demonstraret.
1497 370 1577 398 Venit
1591 371 1624 398 ad
1640 379 1688 398 nos
1711 371 1789 398 hodie
1804 371 1884 400 Iesus

1088 407 1250 437 Nazarenus,
1264 412 1291 433 ut
1306 406 1442 435 conferret
1456 406 1601 433 remedium
1613 415 1620 438 ;
1637 407 1782 441 praacessit,
1796 412 1824 434 ut
1836 408 1884 434 da-

1089 447 1130 470 ret
1149 442 1312 476 exemplum.
1334 441 1393 468 Non
1414 441 1485 469 enim
1500 442 1582 475 potuit
1598 442 1677 469 arbor
1692 443 1760 470 bona
1783 444 1884 471 malum

1088 477 1202 506 fructum
1216 477 1322 509 facere;
1336 477 1461 512 quoniam
1475 477 1562 504 omnis
1584 478 1664 505 arbor
1677 486 1709 505 ex
1726 480 1812 505 lruclu
1835 487 1884 506 suo

1089 514 1266 548 cognoscitur.
1289 513 1371 540 Radix
1387 513 1488 547 integra
1499 533 1506 545 ,
1522 517 1549 540 et
1563 512 1663 541 fructus
1678 514 1736 547 ejus
1757 514 1882 541 incorru-

1090 554 1149 584 pttts
1158 555 1209 576 est.
1219 548 1364 577 Salvatoris
1379 549 1457 583 igitur
1466 549 1548 575 nostri
1560 549 1689 576 adventus
1698 549 1807 576 Gabriel
1817 558 1886 576 nuu-

1090 583 1141 613 iius
1158 585 1254 612 missus
1268 588 1325 617 est,
1349 589 1376 610 ul
1393 591 1488 611 novam
1505 583 1530 611 in
1545 592 1625 611 carne
1648 585 1813 613 nativitatem
1837 585 1884 612 lilii

1090 621 1137 648 Dei
1153 620 1307 654 praedicaret
1320 641 1326 652 ,
1343 619 1368 646 in
1391 627 1444 653 quo
1465 621 1548 647 forma
1570 620 1639 647 servi
1658 621 1769 648 Domino
1784 621 1884 648 sociata

1089 655 1193 683 hostem
1208 660 1330 690 potenter
1343 655 1450 686 devicit,
1461 654 1537 682 fortis
1551 655 1575 682 in
1590 655 1646 688 illo,
1656 663 1709 682 non
1726 661 1814 682 tamen
1826 656 1884 682 vio-

1090 691 1161 719 lenta
1175 691 1207 718 ad
1223 690 1386 718 inferendam
1401 690 1532 723 iniuriam,
1544 690 1590 717 sed
1603 691 1698 718 eflicax
1707 691 1739 718 ad
1754 691 1883 724 justitiam

1089 727 1271 755 obtinendam.
1284 727 1426 760 Propterea
1434 725 1541 754 Gabriel
1552 727 1648 753 missus
1658 731 1699 753 est
1713 734 1780 753 unus
1789 727 1823 754 de
1833 735 1882 753 ma-

1086 762 1190 798 joribus
1204 762 1332 790 cmlorum
1352 762 1461 796 Angelis
1477 761 1546 798 asoti
1569 762 1628 788 idco
1642 761 1749 798 Gabriel
1765 762 1881 795 dicitur,

1090 796 1149 833 quia
1167 798 1260 825 fortior
1274 797 1376 824 cunctis
1391 801 1458 824 erat.
1474 796 1580 824 Gabriel
1597 799 1667 824 enim
1685 797 1826 825 Fortitudo
1841 798 1882 825 itt-

1091 838 1251 868 terprctatur
1268 842 1275 861 :
1290 834 1351 868 quia
1367 833 1421 867 ipsa
1436 833 1515 868 etiam
1531 833 1670 860 inlirmitas
1681 833 1809 860 fortitudo
1824 833 1882 866 fuit,

1089 867 1213 904 queuiam
1230 869 1255 896 in
1270 867 1449 902 ea'supcratus
1463 867 1652 901 fuitinimicus,
1662 873 1689 895 et
1702 874 1780 903 capta
1795 868 1884 902 pncda

1089 912 1104 933 a
1115 904 1233 932 violento
1246 905 1354 932 reducta
1369 909 1420 932 est.
1430 904 1496 931 Tres
1510 904 1580 930 enim
1595 905 1739 939 perierant,
1749 909 1777 931 ct
1791 904 1885 932 subsc-

1089 945 1165 967 cutus
1174 945 1214 967 est
1224 944 1342 975 quartus.
1354 940 1506 974 redemptor
1516 947 1608 966 eorum
1616 939 1697 975 Deus.
1710 939 1817 966 Primus
1828 941 1885 968 sine

1089 976 1210 1003 masculo
1225 979 1251 1002 et
1264 975 1320 1003 sine
1334 975 1442 1007 femina,
1459 979 1487 1002 ut
1499 975 1593 1001 Adam.
1611 974 1750 1002 Secundus
1764 974 1799 1002 dc
1827 983 1885 1002 ma-

1089 1012 1164 1039 sculo
1177 1012 1235 1038 sine
1251 1010 1347 1038 femina
1358 1031 1365 1043 ,
1377 1015 1405 1038 ut
1420 1010 1472 1037 Eva
1487 1010 1520 1037 dc
1535 1010 1635 1042 Adam;
1649 1011 1709 1044 quia
1726 1010 1783 1038 tulit
1806 1018 1885 1038 unam

1089 1046 1123 1074 de
1137 1047 1219 1074 coslis
1231 1046 1288 1081 ejus
1298 1068 1305 1078 ,
1321 1051 1347 1073 et
1364 1046 1473 1080 replevit
1488 1054 1595 1073 carnem
1612 1053 1660 1080 pro
1674 1054 1714 1073 ea.
1731 1046 1839 1073 Tertius
1851 1046 1885 1073 dc

1089 1083 1208 1110 masculo
1223 1087 1250 1109 ct
1269 1083 1364 1109 femina
1375 1103 1381 1114 ,
1398 1087 1426 1109 ut
1442 1082 1517 1108 Abel.
1532 1081 1648 1115 Quartus
1661 1081 1695 1108 de
1714 1081 1812 1108 femina
1828 1082 1885 1110 sine

1090 1119 1220 1149 masculo,
1237 1122 1266 1145 ut
1281 1117 1403 1144 Salvator
1418 1116 1519 1148 mumli.
1536 1117 1579 1151 qui
1595 1117 1628 1144 de
1644 1117 1719 1144 beata
1735 1117 1816 1144 Maria
1830 1117 1883 1145 vir-

1088 1154 1150 1188 gine
1164 1154 1242 1181 hodie
1258 1161 1305 1188 pro
1320 1153 1396 1180 nobis
1410 1152 1482 1179 nasci
1497 1152 1684 1188 dignatusrest.
1702 1152 1735 1180 Et
1750 1153 1811 1187 quia
1828 1153 1884 1187 pri-

1089 1187 1149 1217 inus
1162 1187 1355 1223 auctor'culpa:
1369 1188 1489 1223 deiectus
1501 1192 1540 1214 csl
1557 1195 1603 1222 per
1619 1187 1755 1217 feminam.
1765 1187 1827 1215 ideo
1839 1196 1885 1215 au-

1089 1229 1190 1252 ctorem
1199 1225 1291 1258 gratia:
1304 1222 1362 1252 sine
1374 1222 1493 1252 masculo
1507 1223 1638 1257 concepit,
1649 1229 1674 1250 et
1689 1224 1791 1258 peperit
1807 1224 1885 1251 hodie

1089 1259 1185 1287 femina
1198 1260 1279 1287 Maria
1292 1260 1376 1294 virgo.
1389 1259 1451 1286 Ihcc
1464 1264 1504 1286 est
1519 1259 1614 1286 femina
1629 1259 1710 1286 totius
1724 1259 1814 1286 uitunli
1827 1268 1884 1286 ma-

1089 1299 1130 1323 ter
1142 1300 1168 1322 ct
1180 1295 1297 1330 domina,
1314 1303 1373 1330 qure
1387 1295 1460 1330 virgo
1474 1302 1634 1329 permanens
1647 1295 1749 1329 peperit
1764 1295 1844 1321 hodie
1855 1296 1883 1321 li-

1090 1330 1163 1358 lium.
1174 1329 1256 1358 Stella
1267 1329 1373 1365 prol'ulil
1383 1329 1477 1361 solam,
1488 1335 1607 1357 creatura
1617 1330 1883 1364 genuitCreatorcm.

1088 1366 1140 1393 filia
1152 1367 1275 1401 concepit
1288 1371 1390 1401 patrem
1403 1371 1427 1393 et
1443 1366 1623 1398 lilimn,simul
1638 1365 1663 1393 iu
1678 1374 1760 1392 ιιιιιιιιι
1774 1366 1884 1393 divitem

1087 1406 1114 1430 et
1129 1409 1283 1437 pauperem.
1299 1401 1356 1437 lp~a
1378 1402 1431 1428 lilia
1444 1422 1451 1433 .
1473 1401 1528 1436 ipsa
1543 1406 1583 1428 est
1597 1405 1625 1429 et
1638 1406 1742 1433 mater;
1766 1402 1820 1436 ipsa
1836 1409 1884 1428 an-

1087 1437 1146 1464 cilla
1170 1442 1197 1465 et
1219 1437 1346 1470 domina;
1362 1437 1418 1471 ipsa
1433 1437 1546 1471 genitrix
1568 1441 1594 1463 et
1616 1437 1703 1471 genita
1723 1446 1729 1463 :
1746 1437 1802 1471 ipsa
1823 1444 1884 1464 cum

1088 1472 1237 1507 integritate
1264 1473 1390 1508 peperit,
1419 1480 1479 1500 eum
1507 1472 1658 1506 virginitate
1685 1472 1807 1507 eourcpit
1824 1493 1832 1504 .
1858 1478 1885 1500 et

1088 1514 1147 1542 post
1171 1514 1273 1543 partum
1287 1528 1295 1541 ,
1312 1512 1341 1534 ιιι
1362 1515 1442 1542 supra
1464 1507 1580 1535 diximus
1592 1528 1599 1539 .
1617 1507 1691 1542 virgo
1716 1509 1883 1542 permansit;

1086 1543 1173 1577 ipsum
1197 1551 1276 1579 quem
1299 1543 1390 1578 genuit
1410 1551 1470 1571 mox
1493 1543 1620 1579 adoravit.
1642 1543 1724 1578 tlttjus
1746 1543 1882 1570 adoratio-

1087 1579 1171 1621 uisnet
1182 1578 1274 1621 gratia:
1289 1580 1431 1620 participes
1446 1587 1494 1606 nos
1509 1578 1586 1619 faciat
1602 1579 1654 1608 ille.
1670 1579 1714 1621 qui
1729 1587 1792 1621 cuni
1808 1579 1884 1606 Patre

1085 1619 1114 1678 ﬁt
1124 1614 1223 1650 Spiritu
1237 1619 1330 1643 sancto
1342 1615 1407 1642 vivit
1420 1620 1448 1643 et
1459 1619 1551 1650 regnat
1565 1615 1590 1642 in
1601 1614 1699 1642 s.ccula
1712 1615 1882 1642 δωριιιοιιιιιι.

1110 1658 1182 1678 men.

1110 1658 1182 1680 men.

1382 1694 1497 1723 SERMO
1517 1694 1587 1724 XXI.

1135 1750 1170 1770 υε
1189 1749 1301 1770 TRII'LICI
1320 1749 1425 1770 GENERE
1445 1749 1622 1778 »ιοςιιῖιιοιιωι
1643 1749 1668 1769 LV
1689 1749 1800 1770 ,εστιιτο
1811 1743 1833 1769 Ι.

1121 1787 1156 1816 Ut
1169 1788 1247 1815 nobis
1268 1795 1314 1822 per
1328 1788 1430 1815 litteras
1441 1787 1586 1814 declaravit
1600 1791 1709 1814 sanctus
1724 1792 1800 1821 pater
1820 1788 1881 1815 llic-

1086 1831 1231 1859 rouymus,
1256 1823 1351 1850 fratres
1365 1823 1549 1853 dilectissimi.
1568 1823 1616 1859 tria
1639 1828 1702 1851 sunt
1722 1823 1748 1850 in
1766 1822 1881 1859 (Egypt!)

1084 1858 1182 1894 genera
1199 1859 1389 1886 monaclun‘um
1407 1866 1413 1884 :
1431 1866 1542 1893 quorum
1557 1858 1610 1894 duo
1624 1860 1724 1893 optima
1740 1864 1800 1886 sunt
1813 1858 1880 1891 [δι-(Ι

1086 1893 1192 1922 tertium
1217 1895 1326 1921 omnino
1343 1894 1459 1928 tepidum
1482 1899 1510 1922 et
1524 1893 1596 1921 onmi
1619 1896 1714 1921 :tllt'cltt
1733 1894 1877 1921 vitandum.

1085 1930 1150 1963 Qua:
1165 1934 1227 1958 sunt
1242 1930 1284 1957 illa
1299 1930 1352 1956 duo
1367 1938 1426 1964 quae
1440 1930 1537 1964 optima
1556 1929 1744 1963 pra-dicantur,
1755 1930 1801 1957 nisi
1817 1930 1878 1957 Erc-

1085 1966 1208 1992 mitarmu
1224 1971 1303 2000 atque
1316 1965 1516 1993 (ΣαιιιυΙιίιίιι-ιιιιι
1530 1972 1613 1999 genus
1626 1970 1652 1993 el
1668 1966 1735 1992 ordo
1746 1987 1752 1997 ,
1768 1972 1878 2000 quornnt

1084 2002 1137 2028 vita
1153 2001 1300 2028 clarissima
1314 2005 1341 2027 et
1362 2006 1452 2028 sancta
1467 2001 1637 2035 congregatio
1652 2006 1772 2035 tempore
1787 2001 1880 2035 praali-

1085 2037 1196 2064 cationis
1211 2036 1363 2072 apostolicae
1385 2037 1496 2071 sumpsit
1513 2036 1673 2072 exorilitnn?
1695 2036 1738 2063 Isti
1759 2042 1821 2063 sunt
1845 2036 1879 2063 illi

1084 2072 1134 2099 viri
1154 2072 1261 2107 perlecti
1276 2072 1371 2106 quibus
1384 2072 1535 2106 frequenter
1555 2071 1653 2099 :ttlilil"l
1671 2077 1793 2106 tempore
1805 2080 1881 2100 erro-

1084 2116 1143 2134 rum
1167 2116 1286 2135 meoruin
1302 2108 1338 2142 (ii)
1350 2128 1356 2138 ,
1372 2115 1420 2142 per
1439 2115 1506 2142 quos
1517 2107 1596 2142 etiam
1619 2108 1760 2134 illuminari
1776 2108 1879 2134 tuenti:

1084 2151 1197 2178 quorum
1219 2139 1460 2170 etiain'sauc'titalis
1479 2144 1545 2169 fama
1561 2139 1593 2178 uti
1609 2150 1687 2169 aures
1701 2150 1773 2169 meas
1789 2151 1879 2177 perve-

1084 2179 1176 2211 niens,
1192 2177 1319 2212 baptizari
1335 2187 1386 2205 non
1402 2178 1446 2205 diu
1461 2178 1559 2205 distuli.
1576 2177 1607 2205 Et
1631 2178 1670 2212 pia
1687 2183 1771 2205 matre
1785 2186 1827 2205 me
1842 2180 1879 2205 iu-

1083 2214 1197 2249 stigaute
1211 2214 1279 2248 aptul
1296 2213 1482 2250 Mediolanum,
1501 2219 1527 2240 ut
1542 2213 1574 2250 ad
1592 2219 1702 2247 patriam
1720 2222 1877 2244 renn-arcm.

1082 2254 1109 2277 et
1122 2248 1231 2284 cupiens
1245 2256 1291 2276 eos
1306 2248 1403 2284 habere
1413 2248 1443 2275 ἰιι
1459 2249 1602 2276 visci-ribus
1617 2250 1763 2278 charilalis.
1780 2256 1807 2277 ct
1820 2257 1878 2276 cum

1082 2286 1122 2317 eis
1136 2285 1234 2320 pariter
1248 2286 1353 2316 vivere,
1367 2284 1399 2311 ad
1415 2285 1498 2311 virum
1514 2285 1585 2310 Illum
1602 2284 1821 2318 Simplicnnum,
1836 2294 1877 2320 qm

1082 2329 1095 2347 a
1108 2326 1247 2355 iuventute
1258 2329 1304 2347 sua
1313 2320 1484 2348 tit.‘\'(llls>ll|lt.‘
1501 2320 1553 2346 lien
1569 2326 1680 2349 ructat,
1691 2329 1716 2345 ιιι
1732 2329 1804 2347 omni
1822 2321 1876 2347 tlia~

1082 2357 1161 2384 ritate
1184 2357 1287 2391 perrexi
1298 2377 1305 2389 ,
1321 2356 1467 2390 deprecans
1483 2364 1542 2382 ι-ιιιιι
1558 2364 1617 2382 eum
1642 2357 1703 2381 lla-lu
1718 2361 1742 2382 ι·ι
1757 2362 1857 2391 ger-uta
1870 2378 1876 2385 .

1082 2396 1109 2418 ut
1126 2392 1188 2420 mihi
1203 2391 1331 2426 questlam
1355 2399 1446 2419 servus
1460 2391 1504 2417 “t'l
1521 2391 1553 2418 ulc
1567 2400 1622 2417 suis
1636 2392 1746 2418 donaret
1767 2413 1771 2417 .
1789 2397 1815 2419 ι·ι
1829 2393 1874 2417 «Iuv

1082 2428 1152 2454 navit
1167 2436 1212 2454 eos
1229 2427 1293 2454 mihi
1318 2434 1436 2461 paterna.
1453 2428 1540 2460 Quale
1556 2433 1664 2461 paterin:
1687 2435 1734 2453 eos
1749 2430 1813 2453 lllllll
1830 2429 1875 2453 dn-

1081 2464 1170 2491 navit?
1185 2463 1251 2497 Quia
1266 2463 1366 2490 sciebat
1389 2471 1431 2489 Ine
1450 2463 1517 2489 velle
1534 2468 1723 2489 nmuaslcruna
1741 2471 1765 2489 ιιι
1791 2464 1874 2490 Africa

1081 2499 1222 2526 :rdilicare.
1239 2498 1270 2526 Et
1291 2497 1433 2532 aSsmnptis
1447 2506 1550 2525 nti-cum
1566 2499 1704 2525 Λιιικιδςιιι
1715 2519 1721 2527 ,
1740 2498 1856 2525 l-abmno
1867 2519 1874 2528 ,

1080 2535 1192 2571 Severo,
1210 2533 1327 2571 t\_'icolao,
1345 2534 1489 2571 Dorotln-o,
1508 2533 1588 2571 Isaac.
1607 2533 1767 2563 )ii'ostrato,
1785 2534 1873 2567 l'aulo,

1080 2569 1197 2609 Cyrillo',
1212 2569 1363 2603 Stephano,
1379 2569 1499 2601 .IaCobo.‘
1510 2575 1536 2602 et
1552 2569 1628 2603 \fitalt
1643 2572 1805 2604 ιι.ιιιιιι·ι’‹ιιιιι
1819 2574 1854 2603 ιιι)
1866 2589 1875 2603 ,

1112 2641 1122 2675 ξ
1136 2640 1198 2665 Alias
1210 2646 1216 2664 :
1232 2644 1276 2664 Per
1284 2638 1371 2675 ique»).

1111 2672 1121 2688 ¹
1133 2675 1186 2696 Mss.
1200 2678 1206 2696 :
1221 2675 1253 2696 De
1270 2669 1345 2695 tribus
1365 2669 1491 2702 generibus
1508 2669 1688 2699 monachorum,
1700 2675 1723 2695 (ι
1743 2673 1774 2695 de
1793 2675 1875 2695 unum

1103 2710 1162 2727 tunc:
1171 2705 1225 2727 tale.

1079 2710 1162 2735 ριιιψω
1171 2710 1225 2727 tale.

1112 2735 1147 2764 (ιι)
1165 2737 1192 2758 At
1207 2737 1264 2757 ante.
1277 2733 1400 2764 I‘otititiani
1412 2733 1591 2757 sermonemde
1604 2736 1757 2757 inonasterns
1768 2734 1827 2756 nihil
1838 2740 1875 2756 no-

1079 2770 1147 2790 verat
1161 2769 1319 2793 .tugustmus;
1332 2771 1362 2788 ex
1387 2763 1429 2788 lib.
1441 2764 1457 2786 8
1467 2766 1582 2791 (tonans.
1596 2771 1648 2795 cap.
1664 2764 1688 2791 ti.
1701 2771 1741 2788 ιιιι.
1760 2764 1786 2788 lt
1800 2769 1823 2788 ιιι
1842 2765 1873 2787 lii.

1112 2796 1148 2827 (b)
1167 2796 1303 2823 Possidius.
1322 2802 1344 2827 ei.
1364 2795 1399 2827 δι
1418 2799 1451 2819 alt
1472 2797 1629 2825 Augustinum
1648 2801 1790 2825 regressum
1821 2802 1875 2819 esse

1084 2837 1095 2849 ι
1107 2828 1130 2851 in
1139 2826 1242 2851 Amicam
1254 2834 1308 2851 cum
1320 2826 1373 2850 aliis
1381 2826 1473 2850 civilius
1485 2830 1509 2850 et
1522 2827 1604 2850 amicis
1615 2832 1673 2849 suis.
1683 2834 1693 2847 ιο
1709 2829 1755 2849 .M-c
1767 2827 1828 2849 alnus
1838 2833 1875 2849 no-

1080 2858 1154 2889 minat
1168 2857 1466 2889 \ugnslinuslili.(Ioulcss.
1484 2857 1711 2889 pI'a-tt-raaviguun,
1725 2856 1874 2889 ιιιυιιιίςιιιιιιι,

1082 2886 1208 2921 Alypium,
1230 2890 1342 2913 I-Zvodium
1367 2895 1396 2912 ac
1414 2886 1559 2921 Nebridium.
1583 2888 1653 2921 piliit
1668 2888 1700 2911 de
1728 2886 1872 2921 istis_ltalis.

1085 2918 1217 2949 ciereinde,
1239 2920 1316 2954 inquit
1335 2924 1421 2954 Lupus,
1432 2919 1561 2944 comitatus
1583 2920 1630 2944 istc.
1648 2919 1712 2954 inter
1732 2918 1824 2943 tabulas
1837 2921 1874 2944 est

1087 2949 1314 2983 coomputanduia
1368 2949 1374 2951 '
1414 2949 1420 2954 ‘
1548 2954 1551 2957 ·
1611 2953 1613 2955 ‘
1670 2951 1673 2956 ‘
1745 2954 1755 2956 "
1856 2955 1858 2958 '
