4100 6344
555 430 800 504 civitates
821 430 1018 488 multas
1043 429 1440 504 desk-mium
1459 430 1584 504 quia
1610 431 1814 504 grande
1840 431 2138 503 periculum

553 511 658 570 est,
704 503 847 558 inter
885 513 1307 559 murmuratores
1349 501 1634 568 habitare;
1669 503 1791 559 ideo
1836 501 2139 574 expellendi

552 582 679 628 sunt
714 575 863 644 tales,
903 591 975 631 ne
1017 576 1197 630 caeteri
1222 583 1633 643 corrumpantur
1661 590 1758 644 per
1793 589 1907 630 eos.
1958 574 2139 631 Tertia

550 647 697 718 enim
725 643 902 718 lingua
926 646 1094 702 multa
1119 645 1258 701 mala
1274 645 1556 701 committit
1591 643 1755 715 (Eeeli
1781 646 2093 718 xxvmtifi)
2121 662 2136 704 :

551 714 674 770 ideo
702 715 749 771 si
777 714 945 773 sémel
969 719 1200 788 correpti
1226 733 1332 771 non
1371 731 1432 772 se
1477 714 1880 772 emendaverint
1904 759 1919 782 ,
1950 716 2018 773 de
2045 714 2139 774 ve-

552 794 892 859 stra_sancta
931 798 986 844 et
1021 788 1276 859 singulari
1323 788 1579 843 societate
1623 788 1977 855 expellantur.
2028 788 2139 845 Nec

552 856 770 916 Crudele
799 859 904 914 hoc
927 875 1050 915 esse
1075 856 1322 923 credatis,
1351 874 1452 914 nec
1481 859 1554 912 illi
1573 861 1662 930 qui
1685 860 1893 927 expulsi
1919 868 2044 914 sunt
2067 860 2135 916 ad

555 934 762 997 tempus
781 972 796 994 ,
846 930 914 984 de
962 932 1058 986 hac
1085 931 1394 1000 expulsione
1423 929 1608 984 dolere
1633 929 1863 996 debent;
1892 932 1983 985 sed
2014 946 2136 986 cum

553 1000 702 1071 omni
741 1001 1038 1057 humilitate
1077 1018 1192 1056 eam
1239 1001 1563 1071 suscipiant,
1595 1001 1838 1055 dolentes
1870 1011 2044 1057 tamen
2081 1012 2137 1058 et

551 1068 764 1142 ﬂentes,
793 1073 934 1141 (μιοά
961 1073 1192 1128 nondum
1215 1068 1920 1142 intelléxeruntApostolum
1949 1073 2134 1128 dicen-

551 1149 683 1216 tem,
721 1141 784 1195 Si
809 1144 922 1212 quis
953 1161 1006 1197 se
1040 1153 1181 1213 putat
1227 1145 1517 1214 religiosum
1547 1141 1703 1216 ueste,
1730 1161 1830 1216 non
1860 1147 2124 1216 refrenari:

551 1210 778 1286 tinguant
815 1210 958 1267 suam
979 1256 994 1279 ,
1025 1210 1178 1285 hujus
1204 1210 1338 1268 vana
1367 1225 1440 1268 est
1480 1215 1655 1284 religio
1688 1210 1945 1284 (Jacobi't
1966 1258 1980 1280 ,
2007 1214 2132 1286 26).

553 1282 738 1337 Melius
767 1294 847 1338 est
873 1286 1013 1339 enim
1044 1282 1512 1356 a'congregatione
1560 1282 1811 1354 praesenti
1849 1287 2040 1354 expelli
2067 1282 2134 1342 ad

554 1362 762 1422 tempus
781 1396 796 1419 ,
830 1371 987 1426 quam
1020 1372 1050 1409 a
1075 1358 1279 1412 cmlesti
1327 1373 1491 1425 regno
1515 1368 1792 1424 perpetuo.
1835 1358 1923 1412 Sic
1945 1359 2087 1412 enim
2113 1399 2129 1426 ,

549 1432 606 1476 ut
631 1439 788 1493 supra
810 1427 1060 1493 diximus,
1085 1429 1336 1495 exuulsus
1356 1439 1438 1483 est
1456 1426 1622 1480 Adam
1647 1427 1712 1482 de
1733 1428 1995 1494 paradiso,
2025 1444 2133 1484 non

546 1495 613 1547 ad
644 1495 1062 1562 damnationem,
1088 1499 1180 1554 sed
1197 1500 1262 1553 ad
1277 1500 1680 1553 correctionem.
1705 1499 1991 1554 Corrcctus
2003 1515 2132 1555 vero

547 1575 601 1640 e_t
629 1568 946 1622 emendatus
997 1569 1156 1624 frater
1193 1572 1280 1640 qui
1315 1570 1649 1639 peccaverit,
1691 1580 1746 1625 et
1770 1572 1860 1640 qui
1893 1571 2133 1637 proximo

549 1637 868 1710 detraxerit,
897 1641 1016 1694 volo
1048 1649 1105 1694 ut
1147 1637 1281 1695 inter
1307 1637 1401 1695 vos
1430 1641 1660 1696 fraterne
1686 1637 1992 1710 recipiatur.
2025 1642 2133 1697 Me-

547 1707 649 1784 lius
673 1709 946 1784 enimnest,
977 1720 1033 1766 ut
1057 1713 1438 1784 redarguamur
1463 1707 1938 1784 deimisericordia,
1967 1729 2130 1784 quam

547 1777 616 1832 de
641 1780 972 1852 crudelitate,
1000 1784 1051 1836 in
1083 1784 1169 1837 die
1192 1777 1502 1837 n'ovissimo.
1533 1782 1665 1837 Nam
1689 1784 1832 1852 pium
1854 1777 2129 1840 hominem

545 1851 758 1974 quando
788 1854 1007 1920 periisse
1038 1855 1281 1924 legimus,
1309 1855 1493 1924 ignoro
1523 1872 1534 1907 :
1564 1854 1659 1908 sed
1691 1851 1910 1924 impium
1932 1863 1987 1909 et
2009 1870 2132 1910 cru-

583 1922 718 1974 elent
763 1922 1067 1974 frequenter
1095 1927 1314 1974 neriisse
1358 1925 1535 1974 audio.
1567 1925 1730 1974 luitur
1755 1968 1768 1974 -
1801 1924 1995 1974 fratres
2025 1928 2131 1974 mei

583 1922 726 1994 ciem
763 1922 1067 1992 frequenter
1095 1922 1314 1994 periisse
1333 1922 1535 1979 iaudio.
1567 1925 1730 1994 Igitur
1755 1922 1780 1991 ,_
1799 1924 1995 1981 fratres
2025 1928 2132 1982 mei

545 2001 599 2066 et
629 1993 807 2046 laetitia
839 1996 1016 2050 cordis
1046 1993 1187 2063 mei,
1213 1997 1436 2051 obsecro
1473 2006 1532 2050 ut
1559 1993 1664 2050 nun
1709 1997 1960 2066 peccetis,
1994 2006 2052 2050 ut
2074 1998 2129 2053 in

544 2061 631 2135 die
663 2066 952 2120 novissimo
989 2083 1086 2122 nec
1111 2061 1357 2122 crudeles
1381 2110 1396 2135 ,
1442 2083 1541 2122 nec
1575 2061 1734 2122 niuiis
1755 2061 2131 2124 miseriCordes

545 2132 1043 2209 invenirihpossitis.
1087 2139 1343 2209 Deponite
1383 2132 1689 2201 murmura,
1737 2139 1966 2194 claudite
1993 2138 2130 2194 infra

543 2203 734 2279 dentes
781 2203 1007 2276 linguam
1030 2252 1045 2273 ,
1075 2203 1255 2279 ponite
1297 2210 1590 2264 custodiam
1619 2210 1700 2264 ori
1725 2218 1924 2277 vestro,
1965 2219 2020 2265 et
2057 2209 2132 2265 si-

546 2274 814 2351 lete;_non
835 2274 1008 2351 solum
1034 2274 1268 2344 a'malis,
1297 2281 1390 2335 sed
1417 2282 1578 2335 etiam
1607 2274 1928 2351 quandoque
1966 2295 1996 2334 a
2027 2279 2127 2336 bo—

544 2346 628 2420 nis
653 2348 830 2420 silere,
876 2350 1135 2404 laudabile
1170 2361 1270 2406 est.
1305 2352 1392 2405 Ait
1427 2353 1567 2405 enim
1598 2346 1814 2406 sanctus
1841 2346 2123 2420 propheta,

545 2414 681 2493 S_il_ui
711 2435 743 2470 α
785 2419 926 2493 bonis
955 2420 973 2491 (
993 2420 1136 2475 Psal.
1170 2437 1390 2493 xxxviii,
1439 2421 1525 2493 3).
1558 2421 1689 2493 Nam
1725 2414 1886 2476 omne
1927 2414 2127 2478 bonum

544 2487 736 2562 ubique
790 2487 1026 2556 proferre
1071 2506 1174 2545 non
1217 2487 1530 2562 debemus":
1563 2491 1656 2546 sed
1703 2501 1916 2562 tempus
1954 2493 2130 2560 profe-

542 2557 698 2632 rendi
735 2574 1085 2628 agnoscamus
1111 2564 1162 2616 in
1193 2563 1414 2616 cunctis.
1445 2561 1631 2616 Estote
1660 2557 1853 2632 igitur',
1896 2557 2123 2630 fratres,

542 2644 646 2682 non
688 2630 968 2697 loquaces,
1005 2633 1098 2687 sed
1124 2648 1360 2688 veraces.
1389 2632 1602 2688 Calcate
1653 2630 2124 2701 murmurationes,

541 2702 786 2774 et_t'ugite
810 2719 899 2756 eas
927 2714 983 2757 ut
1011 2715 1258 2759 mortem.
1277 2704 1408 2758 Nam
1431 2719 1786 2770 murmurare,
1814 2703 2120 2774 detrahere,

539 2771 622 2845 vel
649 2772 945 2845 despicere,
976 2774 1374 2845 hypocritarum
1404 2775 1640 2829 conditio
1661 2784 1712 2829 et
1739 2771 2118 2845 ignorantium.

538 2840 868 2917 Morinorum
884 2840 1115 2916 denique
1148 2855 1201 2901 et
1225 2845 1507 2901 detrahere
1529 2840 1803 2917 hypocrita
1825 2862 1933 2900 non
1959 2848 2123 2902 satia-

539 2920 644 2979 tur,
669 2914 740 2986 de
786 2914 1041 2972 omnibus
1074 2917 1400 2972 maledicens
1445 2925 1502 2970 ut
1545 2914 1660 2986 ipse
1691 2917 1837 2972 solus
1863 2933 1892 2970 a
1919 2917 2124 2974 cunctis

536 2985 855 3059 pr:rdicetur
898 2989 1106 3044 beatus.
1147 2989 1335 3043 Omnia
1375 2985 1598 3059 judicat,
1649 2997 1708 3043 ut
1737 3003 1894 3043 nemo
1939 2988 2124 3058 sitqui

537 3069 660 3130 eum
689 3057 880 3130 audeat
899 3059 1160 3126 judicare.
1183 3057 1640 3130 Onmialdespicit,
1667 3068 1723 3114 ut
1740 3059 1854 3130 ipse
1879 3059 2028 3115 solus
2053 3057 2124 3130 sit

535 3129 625 3196 qui
655 3127 722 3180 ah
751 3129 997 3184 onmibus
1035 3132 1342 3200 aspiciatur.
1371 3129 1416 3185 Ο
1451 3129 1726 3198 hypocrita
1751 3127 1773 3196 ζ
1798 3146 1935 3186 cave
1965 3146 2031 3185 ne
2053 3129 2122 3184 ad

536 3213 776 3253 mensam
806 3216 980 3272 meam
1012 3203 1307 3271 pervenias.
1340 3201 1471 3256 Nam
1501 3202 1569 3255 1ὺὶ
1597 3210 1881 3271 antequam
1913 3200 2119 3272 aliquid

533 3283 744 3343 sumas,
802 3271 960 3326 lectio
1008 3288 1126 3328 mea
1179 3275 1270 3327 tibi
1319 3275 1490 3343 primo
1539 3273 1763 3342 legetur.
1795 3272 1931 3340 Quid
1976 3271 2122 3328 enim

533 3341 707 3464 primo
733 3343 785 3396 in
815 3358 997 3398 mensa
1021 3360 1138 3399 mea
1166 3341 1618 3413 descripsi?Quid
1650 3343 1821 3412 primo
1851 3344 1906 3398 in
1935 3359 1996 3398 ea
2025 3345 2122 3397 ha-

571 3426 662 3464 ere
701 3413 783 3464 vel
827 3414 1012 3464 audire
1041 3415 1324 3464 desidem?
1367 3414 1506 3464 Ouid
1535 3415 1706 3464 nrimo
1732 3415 1785 3464 in
1817 3429 1880 3464 ea
1903 3429 2120 3464 servare

571 3413 783 3486 ere_vel
827 3414 1012 3471 audire
1041 3415 1324 3472 desidero?
1367 3414 1506 3484 Quid
1533 3415 1706 3486 primo
1731 3415 1786 3470 in
1817 3429 1880 3471 ea
1903 3429 2120 3471 servare

533 3483 804 3554 prmcipio,
835 3486 935 3540 nisi
963 3487 1128 3557 quod,

624 3600 852 3661 Quisquis
874 3607 1002 3651 amat
1023 3600 1165 3651 dictis
1185 3602 1442 3652 absentum
1463 3600 1643 3650 rodere
1665 3599 1858 3661 famam,

684 3667 812 3710 Hanc
833 3675 1050 3713 mensam
1072 3663 1533 3726 indignam_noverit
1555 3675 1666 3712 esse
1689 3664 1782 3713 sibi
1807 3663 1879 3727 (α)
1892 3664 1917 3713 ?

529 3763 1158 3840 Quapropter,ufratres,
1205 3769 1250 3824 si
1290 3769 1408 3840 quis
1448 3785 1779 3824 murmurare
1823 3768 2114 3833 desiderat.

528 3851 633 3890 non
662 3839 835 3892 solum
857 3839 923 3893 ad
955 3848 1189 3894 nostram
1220 3840 1235 3871 ¹
1259 3839 1725 3911 cangrcgationem
1746 3883 1760 3906 ,
1799 3841 1891 3896 sed
1925 3857 2025 3896 nec
2049 3841 2118 3896 ad

528 3922 766 3962 mensam
801 3921 1035 3965 nostram
1063 3911 1321 3968 accedere
1370 3922 1676 3982 praesumat.
1705 3912 1818 3966 Non
1857 3912 1998 3967 enim
2049 3913 2117 3967 ad

528 3993 768 4034 crennun
800 3983 1063 4046 venimus,
1094 3992 1152 4038 ut
1172 3999 1596 4049 murmuremus;
1630 3983 1722 4038 sed
1751 3992 1808 4038 nt
1833 3983 2117 4039 mundanis

528 4049 776 4124 omnibus
805 4054 1144 4124 conculcatis
1165 4095 1177 4119 ,
1211 4055 1261 4108 in
1289 4069 1474 4124 eremo
1500 4055 1585 4124 pie
1604 4095 1619 4118 ,
1669 4063 1850 4110 sancte
1893 4063 1946 4110 et
1971 4055 2117 4122 juste

531 4119 710 4174 vivere
738 4123 1028 4195 valeamus.
1067 4124 1218 4190 Quod
1253 4125 1430 4195 sinon
1460 4119 1740 4179 fecerimus
1762 4167 1778 4191 ,
1803 4125 1944 4195 quod
1971 4119 2114 4181 Deus

528 4199 752 4262 avertat,
785 4194 974 4247 melius
988 4193 1324 4262 fuissetquod
1344 4195 1452 4248 nati
1474 4211 1577 4248 non
1594 4193 1894 4250 fuissemus.
1911 4201 2110 4262 Quare,

531 4258 724 4316 fratres
749 4264 853 4318 mei
883 4304 899 4330 ,
929 4265 1121 4319 melius
1167 4258 1386 4329 fuisset;
1429 4267 1530 4319 nisi
1555 4267 1676 4335 quia
1704 4267 1896 4321 melius
1923 4258 2114 4321 fuisset

529 4347 636 4386 non
661 4348 805 4400 esse,
833 4350 990 4404 quam
1031 4337 1170 4392 male
1200 4337 1356 4392 esse?
1383 4335 1649 4406 Numquid
1679 4352 1788 4391 non
1817 4338 2009 4393 melius
2029 4344 2114 4394 est

527 4418 710 4458 carere
731 4421 848 4460 esse
878 4423 1034 4478 quam
1082 4423 1203 4463 cum
1241 4423 1362 4464 esse
1399 4417 1657 4478 perpetuo
1681 4408 1948 4463 cruciari?
1977 4407 2112 4464 Nam

529 4489 633 4528 non
663 4492 802 4540 esse,
825 4477 908 4531 cui
929 4479 1095 4550 possit
1119 4479 1339 4544 obesse,
1367 4477 1574 4550 ignoro.
1605 4479 1708 4536 Sed
1740 4479 1938 4536 habere
1965 4495 2107 4547 esse,

525 4555 580 4622 et
609 4559 866 4617 perpetuo
891 4549 1153 4622 cruciari,
1181 4550 1306 4622 quid
1335 4549 1477 4605 aliud
1517 4560 1600 4606 est
1619 4594 1633 4618 ,
1686 4566 1842 4622 quam
1881 4560 2110 4606 mortem

457 4628 463 4632 '
525 4618 641 4672 sine
669 4628 842 4675 morte
867 4635 1080 4689 semper
1107 4620 1338 4676 habere?
1384 4622 1579 4676 Verum
1606 4665 1620 4685 ,
1666 4618 1720 4678 et
1751 4623 2111 4678 indubitanter

524 4704 709 4745 verum
739 4691 908 4756 vobis,
940 4691 1130 4747 fratres
1160 4693 1286 4756 mei,
1309 4693 1487 4754 dicere
1517 4694 1686 4749 audeo
1706 4735 1718 4752 .
1751 4695 1941 4749 melius
1967 4703 2112 4750 esset

524 4775 630 4834 non
657 4777 779 4817 esse
799 4804 813 4828 ,
841 4779 999 4833 quam
1027 4778 1146 4818 cum
1174 4778 1293 4818 esse
1326 4772 1579 4832 perpetuo
1619 4764 1816 4834 afﬂigi,
1846 4766 1926 4820 vel
1953 4775 2111 4820 teter-

526 4831 729 4908 naliter
746 4831 972 4889 cruciari
993 4836 1034 4888 ¹.
1066 4831 1387 4908 Studeamus
1417 4831 1604 4906 igitur,
1638 4831 1827 4890 fratres
1847 4879 1862 4908 ,
1881 4852 2111 4908 semper

523 4900 662 4976 l_)ene
683 4903 860 4960 vivere
883 4945 898 4968 ,
929 4915 984 4958 ut
1025 4915 1080 4960 et
1126 4921 1341 4974 semper
1369 4900 1505 4962 bene
1548 4921 1670 4962 esse
1715 4900 2106 4976 possideamus.

522 4971 658 5028 Esse
707 4977 848 5030 enim
879 4976 975 5032 Dei
1003 4978 1167 5045 gratia
1194 4971 1392 5033 habere
1422 4992 1520 5032 nos
1563 4971 1763 5032 scimus
1796 4995 1807 5030 :
1841 4978 1935 5032 sed
1965 4993 2108 5034 sem-

523 5061 617 5119 per
655 5045 792 5102 bene
821 5061 940 5102 esse
980 5049 1198 5104 omnino
1239 5050 1562 5119 ignoramus.
1601 5049 1888 5118 Propterea
1932 5051 2109 5106 taliter

521 5115 755 5192 linguam
805 5126 1103 5192 moturaque
1148 5115 1390 5192 corporis
1418 5121 1655 5176 membra
1695 5115 2103 5192 restringamus,

521 5198 575 5240 ut
604 5188 872 5263 mediante
899 5189 1078 5244 divina
1099 5188 1288 5263 gratia,
1319 5190 1383 5245 ad
1405 5203 1718 5263 perpetuum
1752 5188 1950 5246 malum
1983 5208 2103 5248 esse

520 5273 626 5334 uou
660 5261 1050 5334 perveniamus.
1093 5260 1212 5334 iNcc
1260 5261 1328 5334 de
1369 5260 1799 5334 nubisidicatur,
1849 5263 1990 5334 quod
2038 5264 2106 5320 de

515 5329 646 5384 .luda
676 5332 946 5402 proditore
973 5330 1233 5405 discipulo
1262 5332 1492 5390 dicitur:
1523 5333 1708 5391 Melius
1736 5329 1792 5391 ei
1821 5329 1994 5407 fuisset
2013 5376 2028 5404 ,
2060 5336 2106 5390 si

581 5465 596 5494 ²
625 5463 741 5515 Editi
763 5465 964 5526 addunt,
981 5465 1306 5526 apostolicam.

577 5526 598 5556 ³
619 5533 732 5596 Nota
757 5526 1022 5596 prolixaad
1047 5543 1180 5580 oram
1215 5531 1515 5596 exemplaris
1541 5531 1731 5582 Jordani
1750 5533 1982 5596 apposita,
2009 5545 2107 5596 qua

515 5585 648 5658 locus
670 5585 767 5658 iste
785 5589 1009 5658 cumulio
1031 5595 1280 5658 Augustini
1302 5585 1561 5644 delibero
1581 5585 1906 5654 arbitrio','lil).
1932 5585 1981 5650 δέ
1995 5585 2101 5658 cap.

513 5650 561 5699 6.
589 5665 634 5698 ιι.
665 5650 751 5710 18,
774 5652 1075 5712 concilietur,
1099 5650 1147 5704 in
1173 5663 1275 5721 uss.
1311 5663 1457 5719 Hegio
1480 5664 1534 5706 et
1562 5650 1826 5717 Victorino,
1851 5659 1900 5707 in
1921 5650 2104 5721 ipsum-

512 5721 614 5762 met
638 5720 827 5764 textum
845 5724 1036 5766 temere
1058 5717 1284 5767 translata
1302 5717 1395 5768 est;

575 5775 648 5839 (α)
683 5783 792 5844 uase
828 5789 1012 5844 mensae
1049 5781 1298 5844 Augustini
1327 5782 1550 5844 apposita
1593 5782 1751 5836 refert
1792 5782 2030 5836 Possidius
2053 5785 2102 5837 iu

548 5838 559 5848 _
575 5793 648 5839 ut)
683 5793 792 5848 tunc
828 5793 1012 5827 mensa:
1049 5793 1298 5894 Attiittsttm
1333 5793 1550 5844 appostta

513 5849 624 5901 qus
655 5847 772 5894 Vita.
793 5839 894 5892 odo
911 5837 1069 5905 dum,
1164 5842 1234 5895 .3
1263 5840 1430 5896 acuat.
1454 5858 1506 5897 ιι.
1527 5845 1579 5898 5.

1992 314 2356 376 APPENDIX.

3706 335 3849 393 mo

2249 446 2400 525 nutus
2417 453 2526 525 non
2780 442 2930 525 homo
2955 444 3047 500 ille
3070 443 3287 525 (Matth.
3315 463 3461 515 xm,
3485 451 3606 525 24).
3658 454 3843 523 Quare

2247 507 2542 596 illimelius
2561 507 2770 594 fuisset,
2793 515 2839 570 si
2859 525 3015 572 natus
3040 507 3149 572 non
3171 516 3391 596 fuisset;
3414 507 3706 596 ⁸ιίἰείἶιιιῑέ
3716 507 3843 584 iis:

2245 577 2347 664 lius
2369 583 2628 664 estomni
2655 577 3026 664 essecarere,
3048 604 3222 664 quam
3254 591 3307 664 in
3349 577 3840 664 infernojia—cerev?

2246 648 2586 740 lbindenique
2602 655 2830 740 etsierit
2847 648 3095 740 stimulus
3137 661 3341 740 doloris
3364 675 3420 740 et
3453 648 3834 740 pteniludiuis,

2243 722 2390 777 nulla
2422 722 2599 803 tamen
2630 727 2733 803 erit
2758 727 2830 783 ibi
2850 732 3116 803 correctio
3159 722 3486 803 voluntatis:
3517 722 3577 794 ut
3601 722 3838 799 null—ate:

2245 795 2716 881 ειειεεηςιωῃηριίε
2764 801 3212 881 po_ssit_diligivel
3259 795 3555 881 desiderari
3603 795 3834 881 justas.

2245 863 2370 952 ideo
2399 866 2485 952 illi.
2516 868 2664 952 diviti
2699 863 2790 952 qui
2829 871 2883 952 ις»
2931 863 3138 928 inferno
3176 863 3554 952 cruciabatur,
3591 863 3839 952 esse;

2243 951 2426 1016 curam
2453 937 2520 1016 de
2539 937 2952 1016 vivisfratribus
2981 959 3169 1014 gerere
3187 947 3484 1016 videretur,
3515 937 3626 1006 non
3654 937 3836 1012 tamen

2243 1007 2416 1088 eidem
2447 1009 2736 1079 dejustitia
2757 1029 2885 1088 cura
2913 1007 3027 1088 erat
3051 1058 3066 1083 ,
3093 1018 3215 1087 quia
3236 1007 3498 1088 justitiam
3527 1007 3838 1083 nullatenus

2243 1077 2463 1150 diligere
2479 1077 2703 1151 possunt
2726 1087 2816 1154 qui
2840 1089 2890 1140 in
2919 1077 3128 1142 inferno
3145 1077 3288 1145 sun't.
3304 1077 3840 1152 Jacebattainenvd'i:

2241 1165 2354 1234 ves,
2382 1155 2702 1234 et.sepultus
2722 1166 2838 1234 erat
2859 1158 2910 1212 in
2935 1157 3172 1234 inferno,
3207 1163 3284 1232 (α)
3317 1174 3369 1217 et
3395 1166 3524 1234 quid
3545 1167 3614 1221 de
3651 1167 3838 1224 fratri-

2241 1219 2342 1276 bus
2374 1224 2485 1278 suis
2524 1219 2712 1294 esset,
2745 1229 3024 1298 ignorabat
3063 1239 3114 1285 et
3160 1219 3440 1289 nesciebat
3483 1219 3839 1298 omaniﬁét

2241 1301 2418 1370 tamen
2462 1311 2643 1370 curam
2683 1299 2750 1353 de
2791 1302 2870 1355 eis
2909 1300 3187 1356 videbatur
3230 1302 3460 1370 habere;
3489 1308 3631 1362 sicut
3656 1320 3713 1364 et
3741 1327 3838 1368 nos

2239 1365 2478 1446 viventes
2508 1367 2575 1450 de
2601 1372 2823 1450 mortuis
2846 1413 2861 1437 ,
2904 1373 3146 1441 quamvis
3171 1375 3298 1443 quid
3327 1365 3492 1447 agunt
3531 1381 3716 1450 utique
3741 1365 3836 1438 ne:

2239 1439 2490 1519 sciamus.
2522 1439 2723 1519 itaque,
2757 1439 2974 1505 fratres,
3003 1439 3287 1519 caveamus
3313 1439 3388 1502 ne
3411 1439 3734 1519 peccemus;
3767 1469 3834 1510 ne

2238 1505 2304 1592 ad
2355 1508 2499 1564 illam
2546 1505 2816 1592 flammam
2873 1515 3243 1592 perveniamus
3282 1519 3381 1592 (ὁ),
3411 1505 3552 1590 Ἰρεει
3602 1505 3833 1592 denique

2238 1579 2464 1653 flamma
2497 1579 2977 1640 concremationem
3029 1586 3234 1653 habet,‘
3274 1579 3368 1644 scd
3415 1579 3595 1647 hunen
3629 1579 3832 1652 nullum

2239 1648 2418 1732 habet.
2437 1651 2645 1733 Quare?
2662 1656 2704 1733 Ν
2712 1657 2772 1709 isi
2792 1659 2913 1733 quia
2935 1672 3068 1726 quos
3089 1648 3347 1728 gehennae
3369 1661 3583 1718 flamma
3606 1648 3832 1733 crucia},
3865 1669 3872 1684 '

2237 1734 2266 1772 a
2299 1722 2504 1794 visione
2535 1727 2646 1780 veri
2689 1722 2903 1782 luminis
2945 1722 3138 1794 ctecai;
3180 1739 3233 1784 et
3267 1741 3326 1785 ut
3361 1733 3492 1788 foris
3538 1751 3635 1790 eos
3678 1722 3830 1793 dolor

2236 1793 2622 1875 combustionis
2649 1800 2869 1875 cruciet,
2903 1801 3048 1875 intus
3077 1793 3231 1870 ptena
3261 1804 3518 1860 caecitatis
3547 1809 3825 1875 obscuret;

2238 1872 2295 1916 ut
2335 1866 2424 1934 qui
2473 1869 2714 1947 creatori
2751 1885 2850 1924 suo
2885 1871 3048 1947 corde
3074 1866 3148 1947 :et
3190 1887 3415 1944 corpore
3456 1866 3825 1947 deliquerant,
3887 1937 3894 1946 ,

2237 1948 2462 2005 corpore
2490 1940 2646 2019 simul
2689 1942 2933 2019 et_corde
2963 1940 3364 2019 puuianturfct
3394 1940 3684 2018 utrobique
3713 1940 3827 2019 pm;

2237 2021 2360 2084 nam
2391 2011 2642 2084 sentiant,
2675 2013 2920 2084 quidum
2949 2011 3213 2084 viverent,
3247 2019 3427 2084 pravis
3449 2011 3826 2076 delectationi-

2237 2077 2337 2134 bus
2382 2077 2706 2160 serviebant:
2744 2083 2917 2149 Ecce,
2952 2083 3143 2160 fratres
3168 2077 3496 2160 {quomodo
3539 2092 3828 2160 puniuntur

2235 2163 2564 2226 peccatores,
2585 2155 2777 2224 quibus
2794 2171 2932 2210 unus
2953 2156 3089 2226 ignis
3109 2158 3355 2212 omnilms
3375 2169 3491 2226 cst;
3517 2155 3628 2216 non
3653 2172 3825 2220 tamen

2236 2239 2342 2301 uno
2370 2225 2530 2301 modo
2559 2241 2747 2280 omnes
2776 2225 3114 2301 cruciantur,
3145 2228 3238 2282 scd
3270 2225 3621 2301 quanloquis
3654 2234 3705 2287 in
3732 2237 3826 2292 de-

2233 2295 2369 2350 liciis
2399 2297 2517 2365 plus
2546 2299 2932 2366 permanserit,
2978 2308 3127 2352 tanto
3173 2295 3362 2354 fortius
3408 2295 3743 2360 cruciabitur
3772 2308 3820 2362 in

2232 2375 2511 2446 aeternum.
2541 2367 2689 2446 Unus
2719 2370 2876 2446 igitur
2904 2371 3039 2438 ignis
3068 2371 3290 2438 singulis
3319 2383 3420 2435 est,
3449 2384 3503 2446 ct
3529 2390 3821 2446 corporeus

2233 2447 2332 2504 est,
2358 2448 2412 2493 et
2438 2440 2512 2512 uti
2542 2441 2866 2512 saavissimos
2889 2450 3198 2510 peccatores
3222 2445 3578 2511 corporaliter
3600 2440 3820 2512 cruciet.

2233 2524 2332 2586 nec
2358 2510 2533 2586 studio
2559 2510 2794 2586 humano
2822 2512 3167 2578 accenditur,
3209 2510 3504 2585 ncc’lignis
3527 2560 3542 2582 ,
3585 2519 3704 2586 pice
3745 2510 3822 2577 vel

2231 2580 2353 2654 oleo
2378 2582 2643 2654 nutritur;
2686 2583 2780 2638 sed
2831 2593 2949 2654 post
2995 2591 3270 2653 peccatum
3315 2580 3484 2642 semel
3531 2580 3819 2652 accensus,

2232 2651 2286 2706 in
2325 2661 2583 2706 :etcrnum
2614 2653 2807 2709 durare
2833 2651 3152 2709 ‘nullaienus
3181 2655 3427 2711 dubitare
3467 2658 3750 2717 debemus.
3779 2651 3823 2719 0

2230 2721 2455 2802 inferne,
2485 2732 2539 2778 tu
2564 2724 2702 2802 latus
2727 2739 2818 2802 es,
2837 2735 3215 2802 ct_mcnsur_an_t
3246 2742 3350 2781 non
3383 2728 3583 2794 habes;
3619 2734 3822 2802 profun-

2229 2793 2332 2870 d_u_s
2361 2811 2439 2870 cs,
2473 2805 2525 2850 et
2561 2796 2764 2870 nullum
2792 2796 3012 2852 fundum
3041 2809 3092 2852 te
3123 2797 3319 2854 habere
3345 2793 3644 2870 COguoscn';
3680 2807 3818 2859 insa-

2230 2866 2425 2940 tiabilis
2453 2881 2532 2932 es,
2563 2869 2686 2938 quia
2713 2883 2900 2940 omnes
2924 2880 3028 2922 tam
3060 2884 3318 2938 pauperes
3355 2866 3515 2940 quam
3554 2873 3746 2929 divites
3769 2887 3820 2933 te

2228 2937 2741 3017 libenterﬂsusCiperc
2759 2939 2956 3017 audio;
2971 2937 3204 3017 pleuus’a
3213 2937 3816 3017 rdoreiincomparahili,

2228 3010 2418 3081 plenus
2449 3013 2615 3082 fetore
2645 3011 2958 3065 intolerabili
2979 3054 2992 3076 ,
3037 3012 3222 3082 plenus
3248 3014 3392 3068 omni
3429 3010 3621 3072 dolore
3671 3010 3822 3072 imm;

2228 3080 2488 3140 merabili.
2521 3080 2597 3137 lbi
2622 3084 2796 3137 omnis
2833 3080 3082 3147 miseria,
3115 3083 3186 3139 ibi
3221 3087 3454 3142 tenebrae
3478 3126 3492 3150 ,
3527 3087 3597 3141 ibi
3646 3091 3822 3147 nullus

2227 3153 2379 3222 odor,
2426 3157 2497 3212 ibi
2541 3152 2733 3208 horror
2761 3165 3014 3218 :elernus,
3071 3155 3143 3209 ibi
3193 3159 3336 3212 nulla
3386 3171 3510 3225 spes
3543 3158 3692 3225 boni,
3749 3161 3823 3219 ibi

2227 3226 2370 3282 nulla
2396 3227 2700 3298 desperatio
2728 3227 2882 3290 mali;
2921 3226 3016 3281 sed
3041 3242 3201 3283 onmc
3241 3229 3437 3282 malum
3467 3230 3610 3298 quod
3633 3233 3818 3286 existi-

2225 3300 2360 3353 mari
2386 3297 2580 3369 potest,
2619 3297 2883 3369 damnatis
2931 3298 2984 3350 in
3022 3307 3280 3354 :etcrnum
3309 3301 3431 3354 crit.
3467 3297 3540 3355 Ibi
3567 3343 3583 3368 ,
3629 3301 3820 3360 fratres

2226 3370 2333 3426 mei
2354 3412 2368 3436 ,
2389 3368 2669 3425 'daamones
2712 3368 2841 3423 ﬂere
2867 3377 2919 3423 et
2957 3369 3192 3442 clamare
3224 3388 3328 3426 non
3353 3381 3566 3425 cessant
3590 3415 3606 3438 ,
3635 3388 3821 3442 percu-

2225 3451 2340 3498 tere
2367 3452 2678 3513 pcccatores
2707 3455 2976 3513 nunquam
3006 3440 3292 3510 desistunt,
3326 3458 3468 3498 nunc
3501 3440 3815 3512 superbum,

2225 3512 2588 3570 nunc’elatum
2612 3553 2627 3578 ,
2658 3512 2989 3585 nuncgloria
3019 3514 3202 3567 mundi
3228 3517 3462 3585 plenum.
3491 3530 3636 3569 nunc
3666 3517 3817 3570 luxu-

2224 3587 2447 3650 riosum,
2502 3598 2644 3640 nunc
2683 3582 3049 3652 proditorem,
3093 3582 3240 3642 nunc
3277 3586 3624 3651 homicidam,
3677 3603 3816 3644 nunc

2224 3657 2606 3723 feneratorem,
2632 3670 2772 3709 nunc
2794 3655 3098 3718 verbosum,
3123 3673 3262 3713 nunc
3291 3658 3648 3721 adulatorcm,
3675 3673 3814 3714 nunc

2225 3729 2557 3793 mendacem,
2588 3742 2728 3798 nunc
2748 3725 3121 3798 detractorem.
3153 3729 3290 3785 Ecce
3315 3730 3586 3798 quomodo
3611 3730 3815 3785 (lania-

2222 3802 2373 3857 bunt.
2415 3800 2521 3856 Sed
2552 3797 2676 3869 quid
2703 3797 3010 3869 clamabunt
3027 3839 3044 3863 ,
3077 3799 3175 3853 nisi
3202 3843 3216 3864 ,
3248 3797 3474 3856 Pcrcute
3494 3843 3510 3863 .
3543 3801 3770 3855 dilacera
3793 3843 3812 3868 ,

2223 3872 2483 3943 interfice,
2515 3867 2648 3943 sine
2669 3879 2841 3922 morte
2866 3867 3069 3943 occide,
3097 3871 3350 3926 velociter
3374 3873 3544 3937 Spolia
3570 3913 3583 3934 ,
3607 3867 3816 3943 depras

2222 3945 2339 3999 dari
2379 3942 2594 4008 festina,
2626 3941 2946 4012 ferprunas
2967 3982 2983 4006 ,
3016 3942 3185 4012 picem
3217 3958 3343 4012 para
3374 3985 3389 4007 ,
3421 3959 3609 3998 aurum
3641 3941 3696 3999 ci
3723 3959 3813 3998 ar-

2221 4025 2438 4088 gentum
2469 4011 2740 4086 liquesce?
2765 4013 2832 4066 Et
2859 4012 2981 4088 quia
3012 4011 3136 4066 dum
3159 4011 3426 4088 viscrunt,
3462 4015 3628 4070 Deum
3659 4015 3814 4070 intel-

2222 4084 2389 4156 ligere
2418 4084 2719 4150 noluerunt,
2755 4092 2807 4137 ct
2831 4084 2873 4138 si
2907 4085 2956 4138 in
2982 4093 3244 4156 alternum
3273 4086 3532 4150 vixissent
3553 4129 3568 4150 ,
3601 4100 3813 4155 semper

2221 4155 2360 4212 male
2382 4157 2557 4212 facere
2585 4157 2911 4217 voluissent;
2942 4155 3063 4210 ideo
3083 4156 3201 4211 sine
3222 4156 3591 4226 redemptione
3622 4159 3813 4213 merito

2220 4229 2272 4284 in
2301 4238 2557 4282 mternum
2589 4227 2986 4283 cruciahuntur.
3013 4227 3215 4297 itaque,
3241 4228 3451 4294 fratres,
3482 4229 3809 4290 obsecro,ut

2219 4316 2326 4356 non
2344 4301 2592 4368 peccetis.
2613 4297 2887 4354 Custodite
2904 4300 3135 4369 linguam
3159 4309 3413 4362 vestram,
3436 4311 3649 4354 servate
3670 4316 3807 4362 eam,

2218 4370 2447 4426 claudite
2476 4385 2592 4424 eam
2631 4379 2782 4425 vccte
2807 4369 2980 4424 ferreo
3005 4411 3020 4436 ,
3051 4371 3302 4440 quoniam
3349 4386 3529 4425 sermo
3562 4386 3731 4426 vanus
3756 4372 3812 4427 in

2218 4458 2443 4497 vacuum
2473 4457 2580 4495 non
2621 4442 2714 4496 ibit
2760 4458 2773 4494 :
2826 4441 2919 4496 sed
2949 4441 3017 4497 de
3060 4443 3205 4495 omni
3235 4444 3400 4496 verbo
3427 4442 3604 4497 otioso
3646 4444 3698 4498 in
3726 4443 3812 4499 die

2217 4514 2514 4568 novissimo
2541 4513 2796 4567 reddituri
2824 4527 3010 4567 smnus
3033 4513 3312 4569 rationem.
3339 4514 3572 4582 Adjuvct
3608 4530 3707 4569 nos
3723 4515 3810 4569 Je-

2217 4600 2308 4640 sus
2335 4584 2579 4639 Christus
2607 4585 2746 4640 Deus
2781 4596 2992 4650 noster,
3025 4585 3090 4638 ad
3124 4587 3576 4654 perseverandum
3608 4587 3661 4640 in
3692 4601 3805 4640 om-

2217 4657 2374 4712 nibus
2401 4655 2576 4722 bonis,
2605 4657 2692 4725 qui
2719 4671 2839 4710 cum
2873 4656 3028 4710 Patre
3053 4665 3107 4710 et
3136 4656 3339 4724 Spiritu
3378 4667 3570 4714 sancto
3600 4659 3728 4714 vivit
3751 4666 3805 4714 et

2217 4738 2404 4798 regnat
2432 4728 2485 4782 in
2519 4727 2716 4783 saecula
2741 4727 3080 4782 saeculorum.
3113 4729 3307 4784 Amen.
3841 4735 3852 4788 ξ

2775 4841 3006 4900 SERMO
3043 4842 3256 4901 XXVII.

2742 4975 2812 5017 DE
2858 4976 2999 5017 FILIO
3036 4975 3281 5017 PRODIGO.

2285 5077 2394 5136 Pax
2416 5077 2587 5144 vobis,
2612 5075 2804 5131 fratres
2823 5075 3176 5140 dilectissimi,
3205 5075 3294 5148 qui
3319 5075 3579 5145 optimam
3600 5084 3808 5148 partem

2213 5166 2334 5206 cum
2378 5150 2536 5202 Maria
2568 5148 2802 5215 elegistis
2826 5189 2839 5212 ,
2885 5148 3012 5202 dum
3057 5147 3310 5202 mundum
3339 5155 3394 5202 et
3431 5147 3660 5218 pompas
3697 5148 3810 5217 ejus

2214 5231 2557 5278 Contemnere
2589 5220 2846 5274 voluistis.
2883 5219 3136 5274 Voluistis
3160 5220 3301 5273 enim
3326 5229 3536 5274 terrena
3567 5220 3807 5290 despice-

2214 5310 2293 5348 re.
2347 5293 2556 5346 Saniori
2609 5291 2752 5345 enim
2799 5291 3024 5344 consilio
3075 5301 3381 5345 sanctorum
3440 5290 3710 5345 Ambrosii
3755 5297 3809 5345 et

2214 5362 2542 5434 Simpliciani
2585 5372 2794 5434 patrum
2833 5362 2995 5434 vitam
3047 5363 3298 5416 tutiorem
3338 5362 3576 5433 aggressi
3621 5375 3802 5416 sumus

2213 5432 2344 5492 cuni
2364 5435 2527 5490 Paulo
2553 5432 2811 5488 mundum
2841 5432 3094 5504 fugiente,
3119 5435 3367 5488 timentes
3385 5432 3457 5487 ne
3483 5447 3802 5502 caperemur

2213 5509 2278 5562 ab
2305 5522 2391 5562 eo.
2423 5506 2478 5560 ln
2513 5505 2954 5575 eremodenique
2984 5520 3201 5569 sumus,
3227 5504 3618 5574 jucunditatem
3649 5520 3800 5559 com-

2213 5579 2588 5636 municationis
2613 5587 2667 5632 et
2691 5574 2968 5632 fractidnis
2991 5577 3141 5648 panis
3161 5576 3537 5648 intelligentes,
3567 5577 3800 5634 claman-

2271 5717 2447 5830 (a)ifx
2492 5714 2742 5779 Augustini
2771 5712 2897 5765 libro
2937 5713 3003 5765 de
3035 5721 3156 5766 Cura
3191 5728 3280 5780 pro
3315 5714 3511 5768 Itortttis
3547 5713 3795 5779 gerenda.

2271 5796 2312 5830 1).
2404 5815 2416 5827 .

2207 5795 2312 5846 cap.
2328 5795 2416 5846 μ.

2195 5917 2198 5920 ,
2266 5838 2347 5909 '(b)
2367 5850 2591 5907 cregoru
2607 5840 2694 5893 Ill).
2709 5838 2945 5906 οιοηιη
2965 5852 3075 5907 cui.
3097 5839 3179 5894 ω.
