4100 6344
552 344 692 403 ηδτ

551 477 672 518 esse
690 504 703 527 ,
731 458 851 533 quis
874 456 1116 533 dubitare
1142 448 1513 533 poterit?_Sed
1547 448 1863 533 qui.amore
1881 487 1897 514 ,
1941 445 2139 533 9hristi

550 518 711 589 verus
738 518 880 586 filius
913 539 1015 584 est.
1048 518 1162 581 Vos
1185 525 1352 601 enim.
1385 518 1620 601 fratres,
1642 518 1868 591 quorum
1907 519 2013 572 vita
2051 518 2140 601 lux

554 604 738 660 mundi
763 612 866 666 est,
897 602 1018 656 licet
1038 597 1389 671 mundnsvos
1410 610 1516 649 non
1537 589 1729 671 videat,
1756 601 1931 671 tamen
1955 589 2138 671 mundi

551 677 725 732 lucem
766 663 863 729 vos
896 672 1105 743 appello
1134 679 1188 743 et
1213 669 1290 724 sal
1332 676 1509 743 terrae.
1547 664 1815 743 ideoquia
1857 663 1947 716 lux
1986 663 2137 743 estis,

548 749 760 804 luceant
779 732 945 815 opera
966 732 1138 815 vestra
1159 742 1318 815 bona.
1348 737 1456 791 Nos
1481 737 1573 806 qui
1602 732 1847 815 videmur
1872 732 2139 815 gerere‘in

549 819 792 886 corporis
819 804 984 870 nostri
1017 814 1197 886 habitu
1229 811 1446 886 figuram
1479 804 1673 886 crucis,
1703 816 1757 859 et
1785 820 1978 886 nomen
2007 804 2134 885 reli-

549 874 721 960 gionis
746 899 944 942 sancta:
974 874 1688 960 habeinus,'nigram‘etiani
1718 886 1920 958 vestem
1960 874 2138 960 humi-

550 947 713 1017 litatis
746 972 1049 1029 portamus,
1078 955 1225 1009 zonis
1252 947 1409 1029 etiam
1442 949 1679 1029 pelliceis
1724 947 1996 1029 prteeincti
2040 961 2138 1016 ap-

589 1019 838 1092 aremus;
864 1043 1145 1085 caveamus
1177 1040 1240 1078 ne
1261 1025 1428 1078 simus
1446 1019 1695 1089 sepulcra
1725 1019 1992 1092 dealbata,
2019 1033 2138 1092 qua:

574 1104 683 1158 ‘oris
726 1089 945 1173 pulchra
988 1109 1041 1154 ct
1084 1097 1324 1166 speciosa
1354 1099 1632 1173 apparent,
1668 1090 1763 1145 sed
1799 1090 1942 1173 intus
1984 1089 2138 1157 plena

551 1185 678 1230 sunt
720 1161 929 1228 ossibus
978 1161 1306 1223 mortuorum
1339 1164 1560 1219 occultis
1605 1203 1619 1217 .
1665 1161 2039 1226 pit‘ivideamus
2071 1175 2139 1216 ne

549 1246 707 1302 nobis
728 1245 954 1307 dicatur,
998 1241 1085 1295 Va:
1112 1239 1245 1292 vobis
1271 1236 1355 1307 qui
1382 1234 1617 1307 claudius
1644 1249 1853 1307 regnum
1893 1232 2137 1307 «ciorum

552 1327 671 1370 ante
690 1316 915 1369 homines
938 1304 1169 1385 (Matth.
1186 1304 1340 1373 xxiii,
1370 1305 1478 1385 i5).
1505 1305 1702 1385 _'l‘imeo
1726 1306 1867 1359 enim
1890 1304 2038 1385 satis,
2070 1318 2139 1358 ne

588 1388 853 1441 aratlisum
879 1376 1200 1445 intremus‘,
1226 1394 1323 1433 nec
1339 1378 1471 1431 alios
1505 1377 1702 1430 intrare
1739 1376 2133 1443 permittamus.

600 1474 663 1513 oc
689 1470 865 1511 autem
886 1470 1051 1526 quare
1076 1454 1216 1526 dico,
1234 1449 1473 1526 fratres?
1504 1447 1620 1526 [Son
1645 1447 1766 1517 quia
1800 1446 2012 1499 credam
2041 1459 2137 1526 vos

548 1532 720 1584 malos
745 1517 1023 1592 essefsed
1065 1525 1186 1595 quia
1216 1521 1377 1595 doleo
1412 1519 1478 1574 de
1512 1518 1893 1595 fratrenostro
1932 1517 2137 1585 perdito

552 1600 829 1671 Simplicio
851 1589 951 1669 (ἁ),
979 1589 1161 1666 (ιιιὶἐιά
1192 1595 1331 1648 hunc
1366 1592 1540 1671 locum
1562 1599 1613 1644 et
1635 1589 1699 1643 ad
1729 1589 2134 1671 hancsanctam

550 1659 1014 1742 congregationem
1058 1682 1178 1742 cum
1219 1673 1364 1718 tanto
1403 1662 1609 1717 fervore
1648 1659 1913 1742 pervenit,
1960 1668 2015 1742 et
2043 1674 2139 1742 au:-

549 1732 682 1798 ditov
707 1732 910 1811 patrem
956 1738 1293 1793 interfectum
1318 1750 1477 1811 esse,
1507 1748 1559 1811 _a
1609 1732 1762 1811 nobis
1793 1732 2031 1811 recessit,
2082 1737 2138 1785 et

550 1802 806 1869 mund-um
836 1812 1069 1873 intravit,
1116 1818 1171 1862 ut
1198 1806 1363 1877 patris
1399 1804 1684 1877 vindictam
1717 1802 2134 1877 vindicarepos-

550 1898 653 1940 set.
678 1886 776 1952 Qui
806 1898 932 1953 ergo
953 1897 1011 1937 se
1028 1871 1295 1953 existimat
1313 1886 1476 1953 stare,
1510 1871 2060 1953 vigilatiter_atteiidat
2082 1881 2137 1927 et

549 1944 728 2011 vide:in
748 1972 815 2010 ne
850 1944 1022 2015 cadat,
1051 1962 1104 2006 et
1138 1951 1215 2005 sic
1248 1948 1490 2002 homines
1509 1945 1751 2001 videntes
1778 1945 1898 1998 illos
1927 1944 2019 2013 qui
2046 1958 2137 1997 co-

552 2027 746 2082 lumna:
788 2023 1087 2081 sanctitatis
1125 2036 1245 2077 esse
1272 2019 1588 2073 videbantur
1630 2026 1737 2070 tam
1780 2016 2024 2082 nequiter
2048 2030 2138 2069 ca-

545 2097 697 2165 dere,
730 2112 832 2151 non
864 2097 1035 2161 solum
1064 2094 1193 2163 ipsis
1222 2106 1448 2165 regnum
1458 2086 2021 2165 etelorunrdaudtint,
2039 2085 2137 2140 sed

547 2179 602 2226 et
634 2156 911 2224 in'saaculo
957 2156 1378 2220 dembrantibits.
1428 2160 1593 2215 Nobis
1630 2158 1880 2228 denique,
1920 2156 2132 2224 fratres,

549 2242 639 2310 qui
694 2255 885 2296 nomen
921 2248 977 2292 et
1016 2237 1251 2310 habitum
1296 2241 1494 2310 sancta;
1536 2230 1809 2299 religionis
1840 2238 2132 2310 portamus,

548 2300 654 2366 vita
696 2312 831 2365 mala
881 2309 1230 2378 periculosior
1278 2303 1596 2378 ostenditur.
1643 2317 1802 2372 quam
1842 2300 1895 2354 in
1938 2300 2137 2353 saeculo

548 2374 971 2437 demorantibns.
996 2380 1272 2433 Ploremns
1292 2392 1439 2443 ergo,
1464 2374 1675 2436 fratres,
1697 2379 1909 2443 peccata
1933 2381 2132 2443 nostra,

549 2464 604 2506 et
648 2453 829 2506 fratris
859 2452 1026 2503 nostri
1074 2447 1295 2502 amissi:
1342 2445 1622 2513 diligamus
1657 2452 1713 2497 et
1758 2458 1856 2497 nos
1886 2442 2133 2513 invicem,

552 2523 675 2593 quia
702 2521 1028 2593 charitas‘ex
1060 2518 1303 2593 Deo_cst.
1349 2511 1463 2569 Non
1486 2515 1770 2593 erubescat
1808 2511 2137 2593 alteralteri

545 2583 755 2649 v'eniam
787 2591 1073 2661 postulare.
1102 2590 1222 2658 quia
1255 2602 1359 2641 non
1387 2585 1599 2661 erubuit
1626 2586 1867 2661 Christus
1896 2583 2138 2661 inimicos

546 2664 615 2719 ad
662 2651 846 2734 pace-ni
883 2664 934 2715 in
978 2651 1137 2716 cruce
1175 2656 1603 2734 Γίξνιιι’3ΓΟ.“ΝΟΙξ
1641 2655 1920 2734 erubescat
1960 2651 2138 2708 facere

547 2725 757 2801 servits,
788 2734 927 2806 quod
959 2734 1196 2806 primum
1216 2731 1335 2783 fecit
1361 2739 1414 2782 et
1451 2727 1728 2806 Dominus.
1753 2725 2015 2806 .Dominus
2041 2740 2136 2806 aut

545 2815 653 2861 lem
688 2795 776 2876 qui
806 2795 1057 2857 habitare
1076 2874 1081 2876 Α
1103 2802 1225 2876 facit
1252 2814 1347 2853 nos
1384 2800 1539 2852 nnins
1565 2799 1729 2851 moris
1753 2798 1804 2850 in
1842 2796 2023 2876 domo,
2048 2795 2137 2865 qui

543 2888 626 2933 est
669 2868 793 2931 vera
849 2890 965 2944 pax,
999 2874 1084 2941 qui
1135 2874 1258 2926 fecit
1300 2882 1520 2941 utraque
1560 2884 1744 2935 unum,
1776 2882 1876 2921 nos
1911 2868 1965 2921 in
2012 2880 2137 2921 vera

545 2963 676 3020 pace
704 2962 1045 3018 perseverare
1076 2944 1248 2999 faciat.

1106 3036 1335 3093 SERMO
1376 3034 1572 3090 XXIX.

1046 3146 1112 3187 DE
1179 3144 1367 3185 LINGUA
1431 3142 1650 3183 DOLOSA.

615 3224 784 3295 Cupio
809 3237 904 3278 vos
926 3223 1084 3288 scire,
1112 3221 1315 3295 fratres
1348 3217 1669 3295 charissimi,
1697 3232 1815 3295 quae
1854 3217 1924 3271 sit
1956 3215 2136 3295 lingua

544 3288 752 3360 dolosa,
782 3311 932 3365 aqua
962 3294 1187 3365 eximius
1227 3291 1612 3365 Prophetarum
1641 3288 1801 3365 David
1841 3289 2138 3365 postulabat

547 3382 579 3421 a
613 3359 1099 3427 Domino-liberari,
1131 3363 1492 3417 dum'dicebat
1523 3378 1534 3413 :
1566 3359 1802 3419 Domine,
1836 3359 1991 3411 libera
2017 3360 2134 3413 nni-

549 3455 686 3491 mam
728 3454 887 3490 meam
917 3454 948 3489 a
976 3435 1120 3488 labiis
1158 3435 1361 3503 iniquis,
1403 3442 1450 3485 et
1487 3448 1519 3483 a
1546 3431 1721 3503 lingua
1760 3430 1935 3484 dolosa
1961 3427 2132 3500 (Psal.

545 3524 690 3575 cxix,
722 3509 803 3578 2).
831 3508 892 3562 Et
924 3507 1043 3561 ideo
1069 3502 1277 3571 scitote,
1311 3504 1521 3578 fratres,
1539 3502 1694 3578 quod
1715 3517 1829 3578 _non
1854 3503 2025 3578 solum
2052 3510 2136 3556 est

548 3571 726 3649 lingua
766 3571 956 3637 dolosa
995 3578 1084 3630 illa
1129 3591 1245 3649 qum
1282 3574 1516 3649 seminat
1539 3571 1675 3649 inter
1710 3571 1900 3649 fratres
1930 3571 2135 3625 discor-

549 3643 687 3717 dia's,
732 3666 851 3721 qua:
902 3649 1121 3702 suscitat
1147 3643 1310 3721 lites,
1348 3643 1973 3721 qua:_inc_itat_fnrores,_
2015 3659 2133 3711 quae

547 3714 708 3776 etiam
736 3714 1029 3775 conventus
1058 3714 1377 3780 conturbatj
1400 3715 1496 3771 sed
1529 3717 1687 3771 etiam
1712 3714 1853 3767 illam
1888 3714 2131 3768 dolosam

546 3792 780 3862 linguam
809 3792 1056 3856 dicimus,
1084 3805 1202 3858 qua:
1234 3798 1284 3842 te
1310 3787 1527 3862 laudare
1558 3784 1830 3862 aduiando
1858 3795 2129 3853 procurat,

544 3856 729 3918 dicens
758 3866 809 3918 in
839 3862 976 3917 facie
1005 3871 1057 3916 te
1080 3856 1201 3917 esse
1228 3858 1373 3931 quod
1408 3874 1513 3913 non
1538 3857 1693 3931 esLA
1726 3856 1916 3910 talibus
1939 3864 2127 3931 autem

545 3935 711 3990 Deum
743 3934 1017 4005 deprecari
1045 3927 1327 4005 debemus,
1375 3941 1568 4005 mnos
1596 3929 1806 3993 liberet,
1845 3927 2133 4005 et‘libere-

546 4023 687 4061 mur.
729 3996 905 4072 Quare
943 4005 1011 4058 ab
1055 4003 1137 4057 his
1176 4003 1390 4057 liberari
1426 4001 1682 4056 debemus
1709 3996 2133 4072 petereiQnare

546 4092 641 4131 eos
670 4087 727 4130 ut
755 4070 982 4131 mortem
1011 4076 1193 4143 fugere
1223 4074 1509 4137 debemus,
1552 4072 1651 4143 nisi
1677 4072 1800 4139 quia
1818 4070 2131 4143 adulatores

548 4158 694 4213 sunt,
723 4148 842 4214 quia
873 4140 1147 4200 mendacia
1174 4145 1479 4214 diliguntet
1500 4142 1716 4207 faciunt,
1738 4141 1859 4214 quia
1888 4140 2130 4214 falsitatis

545 4212 1023 4279 sontinventores,
1074 4215 1193 4284 quia
1238 4213 1437 4267 diaboli
1487 4213 1695 4277 fratres,
1740 4213 1860 4284 quia
1895 4212 2128 4284 veritatis

546 4288 927 4351 destructores,
960 4287 1079 4356 quia
1109 4284 1354 4356 puritatis
1384 4283 1854 4356 deviatores,_qnia
1883 4283 2126 4337 odiorum

550 4353 1027 4427 inventoresaqnia
1054 4355 1249 4410 diaboli
1275 4353 1988 4427 jaeulatores,iquiasatana:
2017 4369 2132 4408 me-

546 4431 798 4492 diatores,
845 4424 966 4497 quia
995 4428 1085 4482 Dei
1116 4436 1504 4497 persecutores,
1550 4424 1671 4493 quia
1700 4424 1999 4477 animarum
2027 4426 2128 4497 _in-

548 4511 791 4556 vectores
818 4495 874 4562 ’ζ
906 4511 959 4554 et
1005 4495 1240 4554 omnium
1270 4498 1529 4551 malorum
1563 4497 1888 4561 inventores,
1937 4495 2043 4549 mel
2073 4496 2125 4550 in

544 4588 638 4628 ore
688 4579 979 4640 portantes,
1035 4578 1090 4625 et
1132 4584 1394 4623 venenum
1439 4567 1679 4640 aspidum
1732 4567 2127 4640 insanabilem

540 4637 703 4699 corde
743 4644 1013 4696 hominum
1062 4649 1437 4709 conSpuentes.
1490 4639 1627 4694 Ecce
1658 4647 1875 4708 propter
1916 4637 2057 4707 quod
2096 4654 2127 4693 a

547 4714 776 4769 Domino
808 4714 1020 4767 liberari
1060 4712 1328 4782 postulare
1354 4710 1633 4782 debemus.
1658 4709 1702 4764 Ο
1739 4711 2125 4782 iniqualingua

543 4798 596 4839 et
625 4786 843 4839 dolosa!
874 4801 906 4836 ο
936 4780 1113 4852 iniqua
1145 4783 1403 4853 proditio!
1436 4798 1468 4833 o
1498 4781 1727 4849 pessima
1754 4780 1948 4833 diaboli
1983 4791 2127 4853 astu-

542 4859 649 4911 tia!
684 4872 717 4909 ο
740 4855 953 4926 grandis
979 4852 1175 4909 malitia
1196 4856 1235 4926 li
1261 4853 1373 4926 Non
1403 4855 1574 4926 solum
1603 4866 1697 4919 per
1722 4866 1899 4905 amara
1936 4852 2122 4917 verba,

543 4928 638 4982 sed
687 4921 845 4981 etiam
889 4942 983 4996 per
1010 4926 1181 4980 dulcia
1224 4924 1471 4996 homines
1519 4921 1809 4996 illaqueare
1852 4931 2123 4996 procurat,

544 5008 603 5053 nt
629 5013 809 5054 secum
837 4992 932 5053 eos
961 4998 1215 5066 perducat
1253 4995 1318 5047 ad
1362 5002 1578 5047 tartara.
1622 4992 1754 5066 Nam
1784 5010 1827 5045 si
1873 4992 2127 5066 homoab

545 5068 764 5125 homine
808 5064 1038 5131 lazditur,
1072 5066 1376 5135 opprobria,
1418 5064 1764 5135 conttmielias
1815 5064 2126 5135 etinjurias

544 5144 763 5212 patitur,
792 5138 1037 5212 inimicus
1062 5133 1334 5205 reputatur
1354 5136 1421 5190 ab
1442 5150 1524 5189 eo.
1552 5133 1726 5212 credo
1750 5133 1889 5212 quod
1918 5150 2125 5212 menon

544 5205 759 5283 diligit,
784 5210 1013 5283 om_nino_
1051 5218 1261 5283 oportet
1300 5222 1386 5261 me
1434 5206 1704 5283 custodire
1743 5207 1809 5259 ab
1848 5220 1948 5283 eo,_
1985 5205 2127 5261 dicet

547 5277 708 5337 homo
734 5301 745 5334 :
791 5281 883 5335 sed
913 5282 954 5333 si
990 5277 1101 5334 Deo
1125 5280 1335 5349 placere
1364 5277 1486 5331 volo
1508 5320 1521 5343 ,
1555 5294 1639 5332 me
1670 5286 1879 5347 oportet
1904 5278 2125 5331 alteram

544 5354 879 5409 maxillarum
904 5352 1005 5405 sibi
1036 5352 1295 5421 prmbcre,
1318 5358 1371 5405 et
1394 5358 1562 5402 totum
1594 5349 1882 5421 portarcin
1916 5349 2126 5418 patien-

538 5424 632 5488 tia,
673 5424 755 5479 vel
799 5423 998 5480 malum
1040 5419 1140 5492 pro
1193 5421 1335 5475 malo
1376 5434 1483 5474 non
1511 5421 1769 5492 reddere.
1805 5419 1955 5492 iEcce
1995 5435 2128 5489 quo-

458 5526 470 5535 ι
542 5494 703 5549 modo
722 5494 790 5549 ad
825 5494 949 5548 talia
972 5490 1266 5547 remedium
1295 5500 1395 5546 est.
1421 5490 1525 5545 Sed
1548 5495 1591 5544 si
1622 5493 1781 5546 homo
1804 5491 2014 5544 beatum
2041 5506 2128 5545 me

541 5565 829 5635 praedicet,
877 5574 932 5619 et
956 5564 1117 5619 verba
1153 5563 1471 5619 adulationis
1499 5578 1604 5617 non
1634 5576 1956 5633 cognovero,
1986 5560 2127 5633 quod

602 5677 619 5706 ί
645 5682 803 5737 Forte,
827 5689 922 5737 non
942 5675 1189 5729 ituram“.

604 5740 624 5802 ξ
646 5735 803 5802 Forte,
825 5735 1169 5802 interfectores.

600 5800 674 5865 (α)
707 5799 1163 5868 Simpliciuinjstum
1186 5802 1408 5868 ignotum
1430 5802 1587 5856 virum
1617 5814 1674 5855 ac
1690 5801 1908 5856 fictilium
1923 5800 2025 5868 jam
2041 5800 2131 5853 ob-

537 5861 759 5916 servant
779 5861 935 5927 Lupus
955 5861 1015 5913 ad
1032 5874 1185 5914 serui.
1208 5861 1267 5917 ἶ.

2012 328 2380 389 APPENDIX.

2142 5968 2177 5975 μ’

3684 328 3837 401 nos

2247 443 2541 529 remedium
2582 443 2780 529 habere
2806 445 3034 529 potero?
3080 443 3225 529 ldeo_,
3253 443 3482 529 fratres,
3510 460 3621 529 non
3655 448 3832 505 solum

2247 518 2424 588 lingua
2458 516 2638 589 dolosa
2679 526 2761 571 est
2806 516 2914 581 illa,
2956 533 3078 589 quae
3108 517 3244 571 mala
3277 520 3415 573 inter
3457 516 3652 573 fratres
3689 534 3836 573 com-

2245 587 2427 651 mittit,
2453 587 2547 660 sed
2567 659 2570 660 ν
2591 597 2645 643 et
2682 590 2767 641 illa
2794 606 2910 659 qua:
2937 587 3201 643 adulatur.
3232 589 3287 645 Si
3314 591 3434 660 quis
3459 590 3625 644 verbo
3656 599 3832 646 tanien

2246 676 2352 715 non
2400 659 2661 725 offendit,
2695 660 2781 715 hic
2809 660 3075 730 perfectus
3104 670 3184 716 est
3218 659 3457 717 vir.’Sed
3498 663 3620 731 quia
3672 678 3831 718 nemo

2243 731 2509 804 perfectus
2557 732 2610 785 in
2656 731 2927 804 via,__ideo
2978 747 3197 788 necesse
3227 743 3306 786 est
3351 743 3406 787 ut
3452 734 3587 787 alter
3615 735 3835 790 alterius

2244 801 2406 857 onera
2445 811 2735 875 portemus.
2765 801 2932 875 Nemo
2974 814 3148 857 tamen
3176 803 3397 860 alterius
3418 820 3580 859 onera
3619 815 3834 875 portare

2244 874 2572 946 potest,inisi
2624 874 2711 944 qui
2738 874 2896 946 habet
2914 874 3245 929 charitatem.
3276 875 3382 931 Sed
3400 877 3488 946 qui
3520 875 3836 932 charitatem

2244 960 2353 999 non
2382 944 2555 1007 habet,
2585 961 2688 998 non
2711 945 2883 999 solum
2906 962 3068 1000 onera
3099 948 3324 1015 proximi
3356 944 3565 1015 portare
3596 964 3701 1001 non
3742 964 3833 1001 va-

2246 1017 2340 1090 let,
2374 1015 2469 1071 sed
2508 1030 2605 1070 nec
2643 1017 2803 1090 etiam
2834 1018 3116 1090 suaLQuid
3146 1020 3289 1074 enim
3333 1017 3508 1090 facere
3538 1018 3719 1083 debet,
3749 1019 3836 1090 qui

2243 1088 2555 1142 charitatcm
2579 1104 2682 1141 non
2716 1087 2910 1143 habet?
2933 1089 3073 1144 Ecce
3104 1092 3279 1143 statim
3306 1090 3372 1143 de
3393 1088 3594 1144 festuca
3630 1087 3834 1144 trabem

2244 1159 2388 1224 facit,
2423 1159 2640 1212 verbum
2672 1175 2767 1221 pro
2788 1159 2926 1214 facto
2959 1171 3207 1228 reputans
3230 1159 3425 1214 factum
3450 1159 3614 1216 fuisse
3646 1171 3793 1229 putat
3822 1180 3833 1215 :

2244 1240 2298 1285 et
2323 1232 2398 1283 sic
2422 1230 2586 1296 dolet,
2616 1235 2830 1295 clamat,
2856 1232 3115 1294 tristatur,
3139 1234 3368 1285 minatur
3397 1234 3557 1285 vitam
3594 1236 3836 1300 proximo

2243 1302 2571 1373 dilacerare:
2605 1309 2659 1355 et
2682 1302 2760 1357 sic
2778 1303 3108 1356 consumitur
3136 1303 3222 1355 ille
3260 1305 3348 1373 qui
3376 1301 3695 1357 charitatetn
3733 1321 3833 1357 non

2245 1371 2425 1439 habet,
2472 1382 2528 1427 et
2570 1389 2730 1444 onera
2772 1375 2991 1427 alterius
3038 1386 3249 1444 portare
3276 1371 3463 1440 nescit,
3508 1376 3647 1428 mori
3673 1375 3832 1428 etiam

2243 1444 2550 1513 frequenter
2606 1443 2941 1511 desiderans,
2982 1446 3074 1499 sed
3130 1444 3265 1498 mori
3312 1462 3414 1499 non
3467 1454 3668 1513 potest.
3724 1445 3827 1499 Nos

2241 1530 2389 1586 vero,
2417 1514 2628 1579 fratres,
2647 1531 2750 1569 ιιοιι
2769 1516 2846 1570 sic
2870 1533 2883 1568 :
2908 1517 2999 1570 sed
3028 1516 3069 1569 si
3103 1517 3453 1570 verberamini
3476 1531 3507 1569 a
3536 1520 3713 1586 lingua
3736 1515 3831 1569 do-

2243 1585 2375 1652 IOsa,
2407 1602 2512 1640 non
2551 1587 2761 1640 turbato
2793 1588 2992 1652 animo,
3025 1603 3130 1640 non
3156 1588 3318 1643 corde
3350 1586 3535 1641 inﬂato
3561 1629 3576 1652 ,
3607 1585 3701 1641 Sed
3736 1588 3828 1641 hu-

2243 1658 2352 1711 mili
2376 1666 2430 1711 et
2459 1657 2765 1725 tranquillo,
2783 1658 2964 1723 dicite,
2991 1656 3225 1720 Domine,
3246 1657 3401 1711 libera
3423 1660 3653 1712 animam
3674 1676 3830 1712 nteant

2240 1745 2273 1782 a
2300 1727 2443 1781 labiis
2464 1728 2668 1799 iniquis,
2698 1738 2744 1782 et
2773 1746 2804 1781 α
2830 1731 3003 1799 lingua
3029 1730 3223 1783 dolosa.
3254 1730 3341 1784 Sic
3377 1730 3429 1782 in
3456 1730 3678 1784 liomine
3702 1732 3823 1784 cha-

2241 1800 2452 1870 ritatem
2476 1800 2701 1853 habente
2725 1801 2985 1853 excitatur
3003 1800 3333 1870 frequentius
3355 1815 3508 1854 amor
3529 1801 3821 1855 eharitatis.

2242 1868 2608 1925 lnflammatur
2628 1872 2825 1925 etenim
2856 1887 2949 1925 cor
2988 1881 3043 1925 et
3067 1868 3237 1936 ardet,
3266 1872 3591 1925 reviviscunt
3633 1873 3826 1926 viscera

2241 1942 2455 2066 pietatis
2476 1983 2489 2005 ,
2520 1950 2574 1996 et
2616 1943 2692 1996 sic
2721 1942 2956 1997 clamare
2984 1958 3087 1996 non
3130 1952 3342 1997 cessant
3366 1944 3456 2012 qui
3486 1953 3777 2013 tanguntur
3798 1958 3824 1995 ει

2263 2013 2418 2066 ἰηιιιιιι
2439 2013 2643 2066 dolosa.
2679 2012 2856 2066 Deﬁcit
2883 2015 2933 2066 in
2962 2015 3135 2066 dolore
3153 2015 3253 2066 vita
3280 2030 3412 2066 mea.
3440 2024 3487 2066 et
3508 2015 3635 2066 anni
3656 2016 3751 2066 mei
3778 2014 3824 2066 in

2263 2013 2418 2083 ingua
2439 2013 2643 2083 dolosa,
2679 2012 2856 2082 Deﬁcit
2883 2015 2933 2067 in
2962 2015 3135 2068 dolore
3153 2015 3253 2068 vita
3280 2030 3412 2081 mea,
3440 2024 3487 2068 et
3508 2012 3635 2068 anni
3656 2016 3751 2069 mei
3778 2014 3826 2066 in

2238 2082 2503 2154 gentilibus
2529 2082 2702 2148 (Psal.
2735 2100 2871 2147 xxx,
2907 2086 3019 2154 11).

2820 2174 3047 2231 SERMO
3084 2176 3255 2231 XXX.

2610 2285 2679 2324 DE
2716 2284 3067 2326 CONFESSIONB
3106 2287 3233 2327 PECC
3240 2288 3471 2328 Ατοιιωι.

2315 2363 2501 2419 Dicere
2542 2364 2716 2419 solent
2760 2365 3023 2433 homines,
3068 2366 3258 2422 fratres
3298 2366 3638 2429 charissimi,
3695 2366 3826 2423 Deus

2241 2446 2433 2491 cuncta
2488 2436 2650 2499 novit,
2698 2437 2836 2505 apud
2884 2453 3004 2492 eum
3052 2455 3148 2492 nec
3190 2442 3513 2507 prmteritum
3556 2454 3658 2493 nec
3697 2438 3827 2491 futu-

2242 2521 2361 2579 rum
2413 2517 2495 2561 est
2543 2525 2555 2560 :
2606 2510 2783 2560 omnia
2813 2508 2958 2564 videt
3007 2520 3061 2564 et
3107 2512 3283 2563 omnia
3323 2511 3605 2579 ponderat,
3657 2511 3827 2563 omnia

2243 2578 2382 2650 nuda
2430 2588 2485 2632 et
2528 2589 2709 2647 aperta
2747 2591 2871 2634 sunt
2916 2580 2985 2635 ei.
3039 2581 3214 2649 Quare
3257 2578 3419 2650 igitur
3449 2583 3559 2635 vult
3609 2591 3667 2634 nt
3707 2597 3828 2634 con-

2241 2646 2486 2722 fiteantur
2532 2646 2835 2722 lioininilms
2892 2646 3102 2718 peccata
3155 2646 3357 2719 nostra,
3413 2669 3534 2722 qua:
3588 2653 3828 2721 nequiter

2240 2721 2545 2787 gessimus?
2572 2720 2837 2791 Numquid
2871 2739 2974 2775 non
3005 2724 3193 2777 melius
3218 2735 3322 2783 cst,
3355 2720 3546 2777 enucta
3581 2720 3718 2775 mala
3749 2735 3822 2775 ta-

2242 2804 2384 2862 cere,
2413 2808 2568 2861 quam
2616 2808 2677 2845 ea
2720 2793 3008 2861 pra-dicare
3040 2794 3090 2846 in
3133 2795 3317 2849 tectis?
3362 2795 3499 2848 Ecce
3543 2795 3688 2847 enim
3717 2793 3828 2862 quis

2241 2860 2403 2927 όίειιῑ,
2436 2860 2657 2919 Peccavi
2703 2881 2862 2931 super
2888 2881 3075 2919 omnes
3107 2865 3369 2920 homines.
3415 2864 3517 2919 Sed
3569 2867 3612 2918 si
3644 2860 3829 2919 cuncta

2242 2935 2545 2990 hominibus
2592 2935 2973 3004 prwdicavcro,
3032 2937 3278 2990 omnibus
3324 2936 3629 2989 hominibus
3687 2937 3829 3003 pejor

2242 3007 2531 3076 reputabur
2567 3022 2595 3057 a
2636 3008 2862 3073 cunctis,
2912 3007 3269 3076 exemploque
3315 3023 3435 3063 meo
3481 3008 3634 3060 multi
3670 3007 3831 3060 multa

2241 3079 2381 3132 mala
2433 3080 2787 3132 connnittent.
2854 3078 3133 3143 Quomodo
3183 3093 3312 3147 ergo
3374 3078 3621 3133 confiteri
3677 3078 3832 3132 debet

2242 3148 2404 3202 homo
2444 3148 2754 3202 alterutrum
2808 3161 3024 3218 peccata
3071 3151 3200 3203 sua?
3242 3149 3287 3204 Ο
3341 3150 3522 3215 homo,
3569 3166 3637 3203 an
3685 3150 3831 3219 igno-

2240 3236 2329 3274 ras
2357 3219 2498 3289 quod
2538 3235 2728 3275 omnes
2758 3229 3065 3290 peccatores
3094 3221 3318 3276 sumus?
3346 3221 3413 3275 Et
3442 3222 3485 3275 si
3514 3221 3828 3283 dixerimus,

2240 3292 2382 3361 quod
2451 3301 2726 3360 peccatum
2779 3307 2884 3346 non
2957 3291 3252 3359 habemus,
3323 3307 3421 3347 nos
3476 3294 3623 3362 ipsos
3673 3293 3831 3347 sedu-

2241 3364 2443 3427 cimus,
2494 3372 2548 3416 et
2596 3363 2792 3417 veritas
2836 3365 2888 3416 in
2930 3364 3084 3417 nobis
3110 3379 3215 3416 non
3255 3373 3355 3417 est.
3404 3363 3606 3418 Omnes
3638 3380 3827 3429 pecca-

2241 3450 2378 3500 mus,
2435 3447 2622 3488 omnes
2675 3449 2795 3488 cum
2845 3444 3061 3502 peccato
3088 3435 3376 3499 nascinmr,
3405 3450 3594 3488 omnes
3621 3435 3673 3488 in
3705 3449 3827 3504 pec-

2239 3516 2355 3560 cata
2386 3504 2764 3573 demergimnr,
2814 3507 2973 3558 etiam
3015 3503 3187 3558 infans
3222 3522 3377 3571 cujus
3406 3515 3489 3559 est
3525 3508 3685 3560 unius
3710 3503 3829 3560 diei

2239 3578 2344 3629 vita
2371 3592 2534 3645 super
2564 3586 2778 3629 terram.
2823 3577 2931 3629 Cur
2957 3590 3085 3641 ergo
3125 3576 3373 3631 timemus
3414 3587 3631 3646 peccata
3662 3578 3830 3632 confi-

2242 3648 2378 3702 teri?
2420 3648 2619 3701 Tamen
2670 3656 2880 3716 oportet
2918 3647 3163 3701 confiteri
3212 3649 3343 3711 Deo,
3377 3650 3630 3717 quoniam
3659 3649 3830 3703 bonus

2238 3728 2340 3781 est,
2370 3726 2424 3772 ct
2450 3720 2500 3772 in
2532 3726 2792 3772 internum
2823 3718 3186 3772 misericordia
3217 3722 3355 3788 ejus.
3380 3720 3502 3773 Vult
3522 3721 3667 3773 enim
3693 3719 3831 3774 Deus

2238 3790 2377 3858 quod
2405 3788 2784 3853 confiteamur;
2828 3805 2934 3843 non
2965 3790 3106 3859 quod
3134 3791 3341 3858 ignoret
3373 3800 3590 3859 peccata
3624 3802 3825 3856 nostra,

2238 3860 2334 3915 sed
2378 3869 2435 3913 ut
2473 3859 2716 3913 diabolus
2759 3860 2959 3925 audiat,
3000 3861 3248 3929 quoniam
3280 3862 3603 3915 confitemur
3631 3871 3684 3915 ct
3715 3876 3830 3929 pa:-

2237 3932 2370 3986 nitct
2399 3946 2496 3985 nos
2541 3945 2819 3999 peccasse;
2850 3941 2903 3985 et
2933 3932 3161 4000 peccatis
3202 3931 3461 3986 confessis
3490 3947 3614 3987 cum
3643 3931 3830 3987 dolore

2237 4013 2291 4056 et
2321 4001 2589 4073 lacrymis,
2637 4017 2744 4056 non
2790 4003 2981 4056 habeat
3026 4002 3251 4071 amplius
3294 4003 3433 4057 unde
3461 4019 3558 4057 nos
3598 4004 3825 4058 incusct.

2238 4073 2377 4129 Ecce
2401 4072 2565 4140 enim,
2597 4073 2809 4139 fratres,
2842 4072 3086 4127 diabolus
3110 4074 3220 4127 vult
3263 4081 3321 4127 ut
3346 4083 3643 4137 taceamus,
3686 4074 3825 4129 Deus

2235 4147 2348 4199 vult
2376 4156 2432 4199 nt
2457 4143 2842 4209 confiteamur;
2874 4153 2927 4198 et
2963 4145 3047 4198 cui
3096 4143 3265 4215 magis
3314 4145 3674 4200 obediendnm
3722 4146 3826 4198 sit?

2234 4215 2393 4271 Certe
2418 4226 2624 4271 constat
2653 4214 2792 4286 quod
2826 4215 2954 4283 Deo,
2993 4215 3083 4287 qui
3112 4214 3359 4270 salutaria
3392 4217 3668 4287 praecepit.
3713 4216 3824 4271 Non

2233 4288 2376 4341 enim
2408 4288 2605 4341 sufficit
2643 4302 2856 4342 cessare
2880 4302 2910 4341 τι
2950 4286 3107 4353 malo,
3140 4288 3241 4342 nisi
3286 4298 3499 4358 peccata
3530 4286 3651 4357 qua:
3697 4288 3826 4343 feci-

2234 4374 2355 4411 mus
2384 4359 2734 4412 contiteamnr
2776 4374 2897 4412 cum
2937 4359 3144 4414 dolore.
3195 4359 3305 4414 Nec
3344 4359 3444 4413 soli
3484 4359 3597 4414 Deo
3628 4359 3823 4413 sufficit

2233 4430 2497 4490 confiteri.
2539 4429 2632 4483 sed
2668 4430 2982 4482 alterutrum
3016 4438 3229 4499 peccata
3258 4439 3438 4486 nostra
3463 4429 3709 4487 confiteri
3736 4431 3825 4486 de-

2233 4501 2441 4556 bemus.
2472 4500 2588 4555 Non
2618 4502 2774 4569 igitur
2800 4500 2978 4555 tardes
3022 4503 3263 4556 confiteri
3312 4502 3441 4567 Deo,
3491 4518 3598 4555 non
3648 4503 3821 4557 tardes

2233 4572 2473 4627 converti
2510 4572 2575 4625 ad
2611 4572 2795 4637 Deum,
2830 4587 2929 4625 nec
2965 4571 3180 4625 differas
3207 4572 3274 4626 de
3304 4573 3389 4627 die
3432 4573 3483 4626 in
3512 4574 3656 4629 diem
3693 4589 3821 4627 :su-

2234 4644 2343 4697 hito
2371 4645 2509 4697 enim
2536 4644 2711 4697 veniet
2740 4642 2814 4696 ira
2841 4643 2952 4708 Dei,
2977 4652 3032 4696 et
3055 4653 3293 4711 tempore
3310 4643 3558 4698 vindicta:
3584 4647 3822 4700 destruet

2234 4724 2303 4769 te.
2337 4716 2381 4768 0
2423 4716 2611 4768 fratres
2640 4715 2765 4780 mei,
2798 4715 2885 4782 qui
2932 4730 3100 4783 usque
3130 4732 3269 4768 nunc
3289 4715 3583 4782 dormistis,
3618 4732 3821 4769 conver-

2232 4786 2395 4868 timini
2424 4785 2675 4868 (id-Deum
2699 4787 2888 4868 inﬂicta
2901 4784 3052 4837 corde
3078 4796 3270 4868 uestro,
3290 4787 3357 4868 in_
3362 4787 3585 4868 jejunio,
3622 4788 3822 4858 planctu

2232 4865 2280 4910 et
2303 4858 2425 4926 ﬂetu
2457 4855 2594 4927 (Joel
2620 4872 2675 4921 ιι,
2709 4854 2815 4927 12),
2849 4855 2987 4910 Ecce
3011 4858 3153 4910 enim
3184 4858 3304 4927 quia
3328 4854 3474 4919 dicit,
3505 4859 3556 4911 in
3588 4854 3693 4911 toto
3716 4874 3821 4910 ror-

2233 4929 2313 4989 de,
2348 4942 2444 4981 nos
2471 4926 2625 4999 docet
2657 4926 2935 4999 propheta,
2963 4928 3103 4999 quod
3136 4928 3185 4981 in
3206 4926 3377 4999 corde
3406 4937 3488 4981 est
3536 4928 3659 4983 fons
3709 4944 3817 4998 pa!-

2233 5000 2491 5059 nitcntiae,
2522 4998 2676 5052 ﬂetus
2708 5012 2832 5051 vero
2875 4998 2939 5050 ad
2986 4998 3224 5063 oculum,
3259 4998 3499 5068 planctus
3537 5009 3719 5053 autem
3759 4999 3819 5051 ad

2232 5085 2314 5136 0s,
2349 5071 2441 5125 sed
2470 5069 2725 5137 jejunium
2755 5069 2818 5122 ad
2862 5080 3029 5122 totmn
3059 5085 3252 5139 corpus
3283 5069 3529 5124 refertur.
3567 5072 3613 5124 υ
3642 5071 3819 5134 homo,

2233 5157 2301 5195 ne
2330 5140 2506 5196 tardes
2533 5140 2769 5194 converti
2797 5139 2864 5193 ad
2912 5141 3075 5194 Deum
3110 5158 3123 5192 :
3155 5141 3359 5195 discute
3390 5149 3624 5196 mentem
3658 5152 3818 5204 tuam,

2232 5214 2478 5282 prospice
2518 5211 2724 5280 singula
2766 5218 2970 5265 secreta
3001 5212 3198 5277 cordis,
3231 5211 3507 5266 considera
3538 5222 3819 5282 antequam

2233 5284 2297 5337 ad
2328 5282 2716 5337 confessionem
2743 5282 2987 5348 accedas,
3017 5283 3157 5354 quod
3182 5299 3275 5336 cor
3302 5283 3539 5353 peccavit
3563 5283 3703 5339 mala
3730 5299 3820 5354 ap-

2236 5354 2483 5425 petendo,
2520 5354 2706 5408 oculus
2737 5347 3398 5425 vanitatem—videndo,'os
3420 5355 3707 5409 falsitatem
3739 5347 3820 5409 di-

2234 5424 2427 5489 Cendo,
2475 5428 2618 5479 auris
2662 5424 2937 5480 mendacia
2975 5424 3261 5493 audiendo,
3296 5441 3485 5479 manus
3514 5440 3741 5481 verbera
3772 5437 3822 5479 et

2235 5496 2521 5551 homicidia
2569 5497 2941 5566 perpetrando,
2988 5506 3043 5551 et
3083 5498 3127 5552 si
3160 5514 3262 5550 non
3292 5512 3476 5566 opere,
3507 5499 3700 5552 saltem
3728 5512 3821 5551 vo-

2235 5568 2455 5623 luntate.
2474 5568 2603 5635 Quis
2630 5584 2688 5622 se
2705 5583 2959 5622 excusare
2982 5568 3213 5638 poterit?
3242 5569 3410 5623 Pedes
3430 5574 3592 5623 etiam
3615 5570 3821 5624 veloces

2234 5639 2299 5693 ad
2349 5640 2568 5693 malum.
2615 5638 2794 5709 Igitur,
2844 5656 2875 5693 ο
2921 5639 3110 5695 fratres
3153 5640 3280 5705 mei,
3322 5642 3460 5694 sicut
3508 5640 3821 5694 exhibuistis

2234 5711 2475 5765 membra
2510 5721 2683 5765 vestra
2717 5711 2917 5765 servire
2963 5710 3313 5766 immundititc
3356 5720 3411 5765 et
3454 5712 3719 5781 iniquitati
3753 5710 3817 5763 ad

2236 5782 2591 5853 iniquitatem,
2616 5783 2687 5836 ita
2726 5790 2782 5836 et
2806 5797 2945 5853 nunc
2969 5783 3216 5838 exhibete
3240 5782 3479 5838 membra
3506 5792 3686 5837 vestra
3712 5797 3819 5853 ser:

2236 5851 2353 5911 vite
2386 5855 2497 5911 Deo
2536 5855 2590 5911 in
2619 5852 3112 5912 sanctificationem.
3140 5853 3324 5914 Primo
3367 5854 3510 5913 enim
3551 5867 3650 5911 cor
3683 5851 3821 5925 quod
