4100 6344
536 333 677 390 1503
704 292 717 301 ’

530 445 657 500 Ideo
682 444 1147 515 reprehendendus
1191 454 1292 509 cst,
1319 444 1438 513 quia
1460 453 1698 515 ementes
1723 451 1776 496 et
1806 440 2096 515 vendentes

531 512 783 569 Dominus
811 516 953 583 ejicit
1002 515 1069 569 de
1122 515 1317 583 templo
1338 512 1351 566 ἐ
1376 513 1707 583 repellendus
1735 521 1836 574 est,
1868 512 1988 583 quia
2019 512 2096 583 Ie-

532 587 673 653 prosi
692 585 808 652 ejici
831 581 1103 654 iubentur.
1134 581 1245 637 Non
1290 581 1447 636 intrat
1474 598 1566 654 per
1599 581 1789 654 ostium
1832 581 2097 654 ad‘eccle-

531 649 686 715 siam,
709 649 796 722 qui
829 649 922 723 per
948 654 1182 708 Iaicalem
1227 662 1430 721 portam
1470 652 1651 723 intrat.
1680 649 1792 723 Non
1820 650 1960 723 enim
2000 651 2094 723 lai-

529 725 608 775 cis
630 720 917 791 spiritualia
947 724 1082 776 dona
1104 720 1290 777 tradita
1321 729 1463 782 sunt,
1501 722 1594 773 sed
1629 720 1834 791 Domini
1862 720 2093 773 vicariis.

529 790 721 845 Vicarii
744 794 949 846 Domini
976 801 1119 856 sunt,
1143 794 1232 861 qui
1260 792 1446 861 vicem
1469 790 1845 861 Apostolorum
1887 797 2089 861 tenent.

525 860 761 915 Castella
791 873 966 916 autem
996 873 1047 915 et
1078 858 1227 917 v‘l'as
1272 874 1395 913 suas
1434 859 1551 911 laici
1578 859 1887 927 dispensent
1913 876 1926 909 :
1958 858 2093 911 bona

526 941 703 986 autem
737 932 1088 999 Hipponensis
1116 930 1363 984 Ecclesia:
1394 928 1671 997 vigilanter
1711 927 2091 999 attendantne

527 1008 765 1070 tangant.
792 996 986 1056 Divites
1002 1001 1152 1070 enim
1177 1014 1297 1053 raro
1330 998 1411 1052 vel
1457 1012 1722 1065 nunquam
1746 1067 1754 1070 _
1776 996 2094 1066 pauperibus

525 1067 891 1125 sacerdotibus
912 1068 1219 1139 praebendas
1264 1075 1547 1139 procurant
1578 1085 1590 1117 :
1624 1075 1678 1119 et
1715 1067 1757 1118 si
1788 1075 2090 1139 procurant,

525 1154 633 1193 non
667 1140 756 1193 Dei
778 1134 959 1192 amore
985 1134 1413 1208 procurant—,scd
1448 1144 1648 1208 utcum
1682 1134 2093 1208 ultoreetfami-

527 1208 595 1261 lia
624 1210 691 1263 de
715 1210 864 1263 bonis
889 1203 1140 1262 Ecclesia:
1169 1206 1399 1275 gaudere
1444 1206 1677 1275 valeant.
1705 1205 1768 1257 Et
1816 1203 2092 1275 ideoseiat

524 1279 795 1343 sacerdos,
826 1279 914 1347 qui
947 1278 1137 1331 timore
1161 1274 1243 1329 vel
1264 1290 1446 1329 amore
1466 1274 1758 1347 defraudari
1788 1288 1818 1325 a
1848 1274 2009 1347 divite
2033 1288 2092 1328 se

596 1348 800 1411 rtnittit,
826 1343 1283 1428 quodintpunitus
1321 1360 1424 1426 non
1471 1343 1762 1428 remanebit
1790 1343 1948 1428 :etsi
1986 1358 2089 1428 non

546 1432 576 1468 ιι
605 1412 869 1485 przesenti,
903 1412 1087 1471 saltem
1107 1417 1157 1469 in
1172 1419 1344 1468 futuro
1372 1417 1489 1480 igne
1516 1422 1715 1485 mterno
1741 1428 1842 1465 non
1870 1412 2090 1485 carebit.

523 1481 822 1541 Redeamus
852 1488 1009 1555 igitur
1045 1485 1110 1539 ad
1156 1486 1503 1555 propositum,
1538 1481 2091 1555 fratres,_ct_sciamus

521 1557 790 1636 quomodo
812 1551 1100 1636 poterimus
1123 1551 1218 1636 nos
1235 1551 1492 1634 exhibere
1512 1553 1648 1604 sicut
1671 1551 1761 1631 Dei
1784 1552 2086 1632 tttittistres:

523 1621 716 1694 cupitis
742 1621 881 1679 enim
934 1626 1090 1679 scire.
1151 1624 1288 1677 Ecce
1338 1623 1382 1694 si
1432 1621 2086 1694 persecutionrsveninnt,

524 1690 629 1748 non
656 1695 981 1758 deficiamus,
1011 1694 1103 1748 sed
1139 1693 1440 1761 patientiam
1470 1691 1775 1761 habeamus.
1820 1690 1875 1743 Si
1904 1705 2089 1761 neces-

523 1764 653 1816 sitas
711 1765 1029 1832 paupertatis
1059 1759 1349 1829 contingat,
1399 1775 1501 1832 non
1531 1759 1892 1829 desperemus,
1921 1760 2011 1813 sed
2034 1761 2085 1813 in

525 1831 750 1887 Domino
792 1834 1139 1886 conﬁdamus.
1169 1832 1223 1886 Si
1254 1831 1697 1897 blasphemamur,
1740 1845 1843 1881 non
1869 1843 2090 1895 τεενοιιο

522 1902 761 1963 deamus,
802 1904 892 1955 sed
936 1917 1232 1971 pIII'PatllllS-
1278 1900 1333 1955 Si
1359 1899 1615 1971 colaphis,
1648 1898 1729 1951 vel
1772 1899 1937 1971 alapis
1986 1913 2090 1971 ege-

522 1971 718 2030 dimur.
743 1974 897 2025 aliam
932 1967 1130 2040 partem
1156 1985 1340 2038 parare
1366 1985 1470 2022 non
1488 1967 1814 2040 differamus.
1844 1968 2089 2040 Sirverbo

523 2041 602 2093 vel
652 2036 1321 2109 murmurepercutiuntur,
1358 2049 1643 2109 taceamus.
1696 2036 2085 2109 SiAoccidimur,

523 2113 815 2179 gaudenter
836 2111 901 2165 ad
932 2106 1155 2164 mortem
1176 2124 1475 2179 pergamus.
1492 2106 1712 2173 Quare?
1740 2106 1869 2173 Quia
1902 2123 1999 2179 non
2017 2116 2087 2159 est

521 2178 690 2235 servus
735 2183 897 2251 major
925 2180 1278 2251 domino_suo.
1310 2178 1368 2231 Si
1398 2178 1538 2251 υιιξιιι
1565 2192 1644 2251 me
1679 2178 1921 2251 persecuti
1951 2186 2086 2251 sum,

522 2259 568 2301 el
591 2266 674 2302 vos
709 2246 1061 2321 persequentur
1082 2248 1101 2319 (
1120 2247 1277 2321 Jotm.
1310 2263 1399 2321 xv,
1419 2247 1488 2300 20
1519 2247 1560 2314 ),
1585 2248 1663 2321 ait
1687 2247 1967 2321 _Domi_nu_~'_.
2004 2246 2085 2321 Ita

522 2321 663 2373 enim
707 2315 952 2389 patientia
1008 2315 1185 2371 ornari
1214 2318 1513 2389 _tlebetnus,
1549 2316 1596 2389 si
1630 2317 1851 2389 titinistri
1893 2315 2085 2389 Christi

521 2404 639 2443 esse
659 2384 922 2458 optamus.
952 2388 1055 2443 Sed
1103 2387 1226 2455 quid
1270 2387 1431 2449 aliud,
1464 2386 1562 2458 nisi
1587 2384 1725 2453 quod
1753 2386 1823 2458 in
1852 2387 2090 2458 castitate

521 2455 875 2528 nosmetipsos
898 2459 1151 2528 exhibere
1175 2458 1427 2528 debemus
1452 2460 1475 2507 ἲ
1511 2456 1634 2508 Il:rc
1671 2455 1859 2528 es_t_illa
1899 2456 2084 2528 virtus,

521 2528 636 2583 sine
664 2523 767 2598 qua
796 2530 913 2598 quis
960 2538 1041 2582 Cal.
1068 2525 1234 2580 laetus
1259 2527 1494 2598 omnium
1534 2538 1675 2577 rcus.
1722 2523 1848 2577 Haec
1886 2533 1966 2598 est
1999 2524 2084 2598 illa

521 2592 707 2663 virtus',
729 2592 845 2665 qua:
878 2612 972 2651 nos
997 2598 1103 2650 Deo
1128 2595 1481 2658 commendat,
1501 2608 1619 2665 qua:
1650 2607 1744 2646 nos
1765 2592 2083 2665 attgelos_f:i-

518 2668 612 2730 cit,
642 2662 761 2735 quae
806 2683 901 2721 nos
929 2682 1088 2733 super
1132 2665 1329 2719 aatliera
1388 2662 1613 2735 volando
1660 2662 1928 2735 conducit.
1956 2662 2084 2716 Hoc

520 2746 600 2791 est
621 2733 703 2790 illa
730 2738 915 2802 virtus,
948 2738 1062 2791 sine
1101 2752 1201 2802 qua
1250 2749 1372 2787 vasa
1406 2733 1609 2786 Domini
1661 2733 1798 2785 ferre
1828 2748 1929 2802 non
1964 2746 2087 2799 pos-

520 2821 719 2860 sumus.
757 2809 877 2860 llaec
901 2816 977 2860 est
1036 2801 1329 2858 III:tS:lﬂf'ln
1361 2806 1547 2867 virtus,
1593 2818 1751 2871 quant
1795 2801 2087 2869 astringere

518 2890 617 2930 nos
635 2876 790 2930 docet
847 2878 1146 2944 Apostolus,
1194 2874 1484 2927 Furnicatio
1505 2882 1551 2924 et
1580 2873 1740 2944 otmtt's
1771 2872 2089 2924 ittttttunditia

516 2961 617 2999 non
649 2941 929 2999 nominetur
957 2947 1008 2998 in
1055 2945 1188 2996 vobis
1215 2944 1229 3008 (
1266 2944 1453 3012 Epiros.
1484 2956 1539 3007 ν,
1585 2941 1783 3012 57),-ιιθ
1813 2955 1962 3012 mens
1997 2956 2088 2993 ve-

516 3024 625 3068 stra
654 3016 931 3083 colloquiis
962 3015 1109 3067 tnalis
1158 3008 1322 3083 possit
1369 3008 1657 3083 corrumpi.
1692 3009 1832 3073 Ideo,
1875 3008 2084 3083 fratres,

517 3079 963 3155 attenditcpquod
1010 3100 1114 3137 non
1158 3079 1335 3155 solum
1366 3096 1395 3132 a
1444 3081 1593 3155 vobis
1618 3079 1963 3155 removenda
2004 3089 2088 3132 est

515 3147 818 3218 fornicatio,
844 3147 939 3209 sed
970 3154 1128 3207 etiam
1154 3152 1325 3203 omnis
1355 3150 1588 3216 suspicio
1614 3147 1763 3201 falsa.
1796 3148 1906 3200 Non
1933 3149 2086 3202 decet

515 3224 764 3278 clericum
810 3239 929 3277 cum
973 3222 1281 3275 mulieribus
1329 3218 1538 3281 sedere,
1588 3219 1666 3270 vel
1720 3218 1956 3281 fabulari,
2005 3220 2086 3272 vel

516 3292 732 3345 domum
763 3293 877 3359 ejus
904 3292 1270 3360 frequentare;
1305 3304 1371 3341 ne
1393 3287 1620 3360 suspirio
1642 3288 1774 3339 mala
1810 3288 1941 3360 inde
1961 3303 2085 3356 pro-

516 3357 806 3429 grediatur:
837 3362 882 3415 0
906 3357 1062 3429 quam
1108 3360 1245 3421 vilis,
1279 3378 1309 3407 o
1357 3374 1513 3425 quam
1546 3357 1705 3410 ntiSer
1732 3367 1785 3409 et.
1814 3358 2085 3429 pusillani-

518 3427 619 3499 inis
648 3427 936 3499 reputatur
962 3432 1205 3490 clericus,
1239 3431 1325 3498 qui
1372 3431 1669 3499 frequenter
1694 3442 1811 3499 cum
1853 3427 2087 3481 mulieri-

516 3498 616 3557 bus
654 3496 1035 3554 conversatur!
1070 3496 1327 3567 insipiens
1373 3498 1522 3550 valde
1560 3507 1643 3567 est
1671 3496 2075 3567 etiuexpertus,

516 3571 605 3639 qui
641 3571 899 3624 amicitias
945 3566 1221 3624 mulierum
1275 3576 1536 3637 procurat.
1572 3566 1809 3639 Et_ideo
1857 3581 1950 3639 vo_s
1996 3569 2082 3636 qui

516 3635 644 3693 estis
671 3641 759 3693 lux
782 3640 984 3706 mundi,
1015 3650 1069 3694 et
1108 3635 1293 3692 civitas
1330 3639 1380 3689 in
1430 3644 1608 3689 monte
1633 3635 1844 3693 situala,
1897 3636 1974 3689 sic
2003 3635 2081 3689 fa—

516 3724 656 3762 mam
708 3720 933 3763 vestram
974 3710 1242 3764 custodire
1267 3707 1491 3768 delicis,
1522 3714 1580 3758 ut
1633 3720 1735 3757 non
1770 3705 2084 3759 erubescant

516 3779 582 3829 de
606 3778 990 3833 detractoribus
1021 3781 1339 3833 laudatores.
1375 3775 1836 3834 Attettditeetiattt,
1867 3775 2075 3838 fratres,

513 3849 768 3902 attendite
806 3850 943 3917 qttod
972 3851 1097 3902 dicit
1124 3848 1425 3917 Apostolus,
1462 3844 1747 3917 lj'ornt'ratio
1784 3854 1831 3895 et
1860 3845 2080 3917 itumitu-

514 3919 657 3970 ditia.
687 3909 986 3972 Forniealio
1005 3920 1143 3973 enim
1163 3909 1246 3972 est
1295 3915 1548 3969 naturalis
1577 3915 1855 3967 mulierum
1880 3909 2080 3966 concu-

516 3989 675 4051 bitus,
705 3989 794 4041 sed
828 3989 1058 4053 illicitos,
1111 3987 1405 4041 Fornicatin
1431 3996 1531 4045 est,
1559 3998 1676 4035 cum
1719 3984 2081 4037 meretricibus

514 4062 691 4119 ιιμυιο.
743 4057 927 4111 Mulier
968 4060 1079 4110 sive
1106 4059 1363 4113 adultera.
1394 4056 1503 4106 sive
1548 4053 1839 4105 concubina
1859 4092 1874 4115 ,
1905 4068 2077 4106 mere-

520 4126 615 4177 trix
666 4136 902 4179 vocatur.
961 4127 1258 4180 Fornieatio
1304 4125 1444 4177 enim
1478 4122 1594 4175 ideo
1621 4122 1829 4174 clericis
1858 4122 2079 4175 interdi-

513 4194 691 4257 citur,
746 4194 867 4261 quia
920 4209 1041 4248 cum
1086 4196 1251 4247 simus
1289 4192 1511 4261 ministri
1562 4191 1788 4252 Domini,
1843 4190 2076 4243 membra

516 4260 811 4315 meretricis
861 4278 966 4316 non
1016 4262 1323 4315 efficiamur.
1353 4260 1396 4313 Ο
1429 4274 1582 4325 quam
1616 4268 1767 4326 turpe
1795 4267 1895 4320 est,
1923 4260 2078 4311 cleri-

512 4345 633 4384 cum
666 4348 694 4384 a
746 4333 1023 4386 meretrice
1048 4332 1169 4385 duci
1198 4329 1495 4395 cantivuml
1526 4327 1623 4393 Qui
1666 4328 1807 4379 enim
1836 4327 2073 4381 adlneret

515 4401 801 4463 meretrici,
832 4417 992 4454 unum
1023 4414 1215 4468 corpus
1235 4398 1477 4468 efticitur.
1515 4398 1577 4468 lat
1598 4395 1889 4468 ideoscire
1917 4395 2076 4468 debe-

512 4485 650 4529 mus,
680 4470 819 4538 quod
851 4473 1045 4523 malum
1073 4465 1155 4524 est
1201 4467 1469 4521 fornicari.
1514 4466 1657 4538 Nam
1686 4466 1728 4519 si
1772 4465 2072 4538 conjugiutn

512 4536 874 4593 sacerdotibus
916 4540 1240 4608 prohibetur.
1289 4536 1690 4608 quanto_tn.'tgis
1738 4536 1937 4608 crimen
1971 4536 2074 4589 for-

512 4609 791 4663 nicationis
822 4609 872 4662 in
903 4605 1054 4663 nobis
1079 4606 1466 4662 aestimabitur?
1497 4605 1634 4658 Ecce
1672 4606 1833 4669 enim,
1867 4605 2071 4671 fratres,

511 4678 660 4732 laicis
684 4679 977 4747 coujttgatis
1020 4679 1085 4731 ad
1114 4687 1320 4747 tempus
1358 4676 1621 4729 abstinere
1663 4676 2072 4747 praecipitur,ut

510 4757 698 4805 vacent
742 4744 1003 4813 orationi;
1045 4757 1099 4802 et
1138 4745 1440 4801 sacerdotes
1463 4758 1595 4812 quos
1641 4759 1833 4811 eorpns
1866 4744 2069 4799 Domini

508 4832 824 4872 consecrare
871 4818 1013 4872 omni
1062 4818 1148 4870 die
1190 4824 1418 4883 oportet,
1468 4813 1789 4883 concubinas
1820 4816 1868 4867 in
1908 4814 2069 4868 domo

511 4897 691 4941 tenere
718 4903 822 4941 non
850 4887 1188 4941 erubescunt.
1229 4881 1379 4939 Ecce
1411 4881 1675 4947 quomodo
1722 4898 1842 4934 vasa
1891 4894 2069 4939 vestra

506 4955 782 5024 possidere
797 4957 848 5009 in
873 4956 1291 5010 sanctificatione
1337 4953 1535 5024 sciatis.
1580 4952 1738 5024 Scitis
1777 4952 2072 5024 e_u_im,fra-

508 5020 633 5086 ires,
666 5025 809 5093 quod
837 5026 924 5080 die
969 5025 1194 5093 quadam
1226 5023 1385 5076 David
1406 5022 1565 5093 venit
1596 5020 1675 5093 ad
1732 5022 2068 5093 Achimelech

503 5090 853 5159 sacerdotem,
885 5090 1024 5148 etait
1068 5093 1231 5148 David
1276 5092 1557 5147 esuriens:
1593 5092 1664 5143 Da
1702 5090 1829 5143 mihi
1874 5091 2069 5158 aliquid

504 5163 630 5217 cibi.
666 5164 731 5218 Et
756 5165 1028 5233 respondit
1052 5181 1064 5215 :
1093 5163 1208 5217 Non
1241 5162 1411 5217 habeo
1439 5174 1599 5228 panes
1625 5159 1836 5233 laicales
1865 5160 1929 5212 ad
1957 5178 2069 5233 uta-

507 5249 624 5296 nns,
658 5234 750 5287 sed
783 5228 984 5287 tantum
1011 5248 1199 5302 partem
1241 5240 1502 5294 sanctum,
1534 5239 1612 5302 et»
1642 5228 1760 5302 ideo
1789 5229 2065 5302 dichmibi,

498 5316 536 5355 ο
564 5303 743 5367 David,
776 5313 898 5358 sunt
926 5298 1103 5355 mundi
1157 5302 1303 5371 pueri
1332 5302 1404 5354 tui
1437 5298 1835 5371 amulierihtts?
1866 5300 1929 5352 Et
1973 5300 2066 5371 ait,

503 5372 717 5427 Suntab
742 5374 856 5427 heri
884 5381 940 5427 et
984 5369 1383 5426 nudiustertius.
1435 5369 1502 5423 Et
1529 5370 1606 5423 sic
1650 5369 1790 5421 dedit
1819 5370 2069 5423 sacerdos

502 5444 581 5495 eis
628 5443 1009 5496 sanctificatum
1050 5456 1237 5510 panem
1264 5446 1281 5508 (
1306 5440 1321 5493 l
1348 5438 1470 5508 Reg.
1523 5454 1626 5510 xxi,
1662 5440 1798 5510 5-6)
1853 5439 2068 5510 Sicrgo

503 5512 843 5580 interrogavit
888 5508 1156 5572 sacerdos,
1187 5518 1360 5562 utrum
1410 5509 1547 5580 servi
1578 5509 1737 5580 David
1778 5508 1955 5580 mundi
1984 5525 2068 5580 ess

503 5589 621 5633 sent
668 5577 880 5649 propter
929 5597 1091 5649 panes
1127 5577 2064 5649 propositionis!act:ipiendos;quitl

500 5647 679 5703 facere
700 5647 795 5704 nos
833 5647 1087 5711 debemus
1116 5647 1291 5703 miseri
1343 5647 1644 5701 sacerdotes
1696 5656 1907 5715 propter
1945 5663 2064 5700 cor-

505 5736 602 5789 pus
652 5719 854 5774 Domini
895 5717 1292 5792 accipiendum?
1317 5718 1361 5772 0
1392 5717 1579 5772 fratres
1627 5719 1750 5783 mei,
1777 5719 1854 5772 sic
1896 5726 1949 5773 ct
1981 5732 2063 5771 sa-

1976 324 2335 379 Al’Pl-Ifiltfx.

3636 330 3779 387 15M

2207 440 2450 496 cerdotes
2473 457 2792 512 paganorum
2818 443 2944 497 dmn
2972 442 3166 499 offerre
3193 442 3389 498 debent
3416 443 3519 499 diis
3552 447 3665 500 suis
3698 447 3783 501 in-

2202 513 2478 586 censa,_ab
2506 514 2819 586 omnimalo
2854 526 2908 567 ut
2940 523 3159 586 possunt
3193 515 3479 568 abstinent.
3508 515 3649 586 Ecce
3676 532 3781 586 ego

2197 580 2305 649 jam
2327 583 2607 654 episcopus
2636 582 2987 654 Ilipmnensis
3016 598 3184 647 eram,
3216 593 3269 636 et
3294 599 3414 637 cum
3454 580 3775 654 quibusdan

2202 652 2369 703 servis
2382 652 2703 723 Aptaristbad
2731 651 3055 720 Ethiopiam
3089 654 3295 723 perrexi
3323 654 3420 723 (ιι).
3446 651 3505 707 ut
3527 656 3607 708 eis
3650 670 3779 709 san-

2200 729 2341 794 ctum
2370 719 2564 794 Christi
2593 719 2931 794 Evangelium
2961 719 3342 794 praedicarem,
3367 719 3420 777 et
3448 724 3677 777 vidimus
3695 725 3775 794 (ιι)

2201 788 2271 841 ibi
2302 790 2495 861 multos
2521 788 2764 845 homines
2789 806 2851 845 ac
2874 788 3120 845 mulieres
3148 792 3409 861 (clcapita
3428 809 3533 846 non
3564 788 3774 847 haben;

2201 867 2300 929 tes,
2324 859 2415 912 sed
2436 861 2617 913 oculos
2641 876 2853 926 grossos
2876 861 3009 915 fixos
3033 862 3085 915 in
3112 859 3347 929 pectore,
3378 874 3568 916 cetera
3598 879 3774 916 mem-

2198 926 2291 980 bra
2334 930 2553 999 aequalia
2604 930 2759 983 nobis
2795 929 3050 984 habentes
3081 926 3256 984 :inter
3285 945 3420 999 quos
3466 933 3774 987 sacerdotes

2196 1010 2380 1051 eorum
2403 996 2629 1052 vidimus
2677 1007 3153 1063 uxoratos;tant:e
3201 996 3376 1054 tamen
3425 1001 3762 1055 abstinentia:

2197 1076 2365 1127 erant,
2395 1068 2534 1136 quod
2552 1069 2675 1121 licet
2703 1084 2893 1123 uxores
2919 1069 3223 1123 sacerdotes
3248 1084 3437 1123 ornnes
3484 1070 3764 1137 haberent,

2197 1151 2461 1207 nunquam
2489 1146 2663 1207 tamen
2693 1139 2791 1191 nisi
2820 1139 2987 1192 semel
3017 1139 3067 1190 in
3106 1152 3247 1192 anno
3269 1154 3361 1192 eas
3383 1147 3599 1207 tangere
3622 1140 3771 1194 vole-

2196 1204 2342 1266 bant,
2372 1222 2472 1266 qua
2504 1206 2590 1261 die
2618 1208 2684 1260 ab
2703 1210 2846 1261 omni
2867 1207 3134 1261 sacrificio
3152 1204 3504 1261 abstinebant.
3533 1209 3772 1264 Vidimus

2193 1283 2247 1346 et
2258 1276 2315 1328 in
2330 1276 2661 1331 inferioribus
2675 1277 2904 1343 partibus
2921 1276 3202 1346 Ethiopirn
3215 1278 3456 1331 homines
3473 1294 3633 1331 unum
3648 1295 3772 1332 ocu-

2195 1343 2301 1397 lum
2334 1354 2534 1399 tantum
2556 1348 2606 1399 in
2646 1346 2818 1399 fronte
2845 1343 3120 1409 habentes,
3148 1362 3372 1415 quorum
3414 1349 3766 1401 sacenlotesa

2193 1416 2681 1469 conversationibus
2708 1418 2976 1469 hominum
2996 1416 3279 1485 fugiebant.
3296 1417 3366 1471 ab
3377 1417 3522 1470 onmi
3552 1417 3772 1471 libidine

2192 1485 2368 1554 carnis
2409 1499 2468 1554 se
2492 1485 2847 1547 abstinebant,
2873 1497 2927 1540 et
2955 1486 3005 1537 in
3024 1487 3313 1554 septimana
3334 1488 3506 1553 inqua
3529 1487 3631 1540 diis
3658 1490 3769 1541 suis

2195 1553 2346 1605 thura
2373 1553 2565 1607 offerre
2588 1555 2869 1615 debebant,
2893 1555 2961 1607 ab
2984 1553 3126 1608 omni
3158 1556 3275 1608 labe
3315 1558 3494 1609 carnis
3519 1558 3761 1611 abstine-

2192 1622 2387 1676 bantse
2411 1641 2424 1676 :
2446 1623 2570 1676 nihil
2593 1624 2868 1677 sumebant
2891 1625 2990 1677 nisi
3007 1633 3285 1677 metretam
3307 1639 3456 1692 aqua:
3479 1625 3767 1692 perdiem;

2193 1694 2346 1762 et‘sic
2380 1694 2611 1746 contenti
2665 1703 2938 1747 manentes
2985 1694 3145 1762 digne
3180 1694 3499 1747 sacriﬁcium
3522 1695 3626 1748 diis
3648 1696 3766 1747 suis

2191 1760 2502 1815 offerebant.
2530 1762 2576 1816 0
2621 1764 2833 1832 grandis
2861 1760 3278 1817 Christianorum
3339 1764 3586 1816 miseria!
3623 1764 3767 1818 Ecce

2193 1833 2376 1900 pagani
2404 1832 2645 1885 doctores
2678 1832 2905 1886 fidelium
2936 1832 3057 1885 facti
3110 1840 3251 1894 sunt,
3280 1842 3335 1886 et
3373 1845 3685 1900 peccatores
3712 1843 3768 1887 et

2192 1902 2499 1972 meretrices
2550 1912 2934 1969 przecessermtt
2981 1902 3168 1955 ﬁdeles
3213 1903 3263 1953 in
3310 1917 3477 1971 regno
3525 1902 3615 1956 Dei
3657 1905 3762 1972 (ἀ).

2190 1968 2303 2039 Non
2326 1985 2452 2039 ergo
2473 1968 2568 2035 sic,
2595 1972 2804 2037 fratres,
2837 1987 2940 2024 non
2966 1972 3060 2035 sic,
3108 1968 3394 2024 Dominum
3424 1986 3529 2025 non
3558 1968 3765 2025 tantum

2189 2038 2468 2110 diligamus
2489 2055 2603 2105 ore,
2660 2040 2753 2096 sed
2806 2056 2967 2110 opere
2992 2050 3046 2093 et
3073 2042 3312 2094 veritate.
3340 2041 3489 2094 Tunc
3516 2041 3631 2093 veri
3648 2041 3767 2109 ejus

2190 2108 2417 2163 ministri
2446 2112 2664 2175 erimus,
2709 2111 2752 2164 si
2786 2108 2984 2173 sobrie,
3015 2111 3057 2163 si
3102 2111 3267 2178 justo,
3306 2111 3351 2163 si
3398 2120 3544 2165 caste
3570 2108 3767 2165 vixeri-

2190 2193 2309 2231 mus
2338 2197 2353 2233 :
2383 2181 2474 2249 qui
2494 2188 2577 2235 est
2603 2180 2911 2234 benedictus
2933 2181 2983 2231 in
3007 2180 3221 2232 sertula.
3256 2182 3445 2233 Amen.

2696 2269 2924 2325 SEKMU
2965 2268 3245 2323 XXXVIII.

2191 2374 2258 2413 DE
2285 2372 2462 2414 SACR£
2501 2376 2804 2415 εειιιρτωιιε
2836 2377 3143 2416 INGENTIBUS
3189 2374 3493 2423 ιιιυεοῡδιις,
3522 2378 3628 2416 CUI
3659 2378 3762 2418 EX-

2285 2444 2627 2485 HOBTATIONE
2656 2447 2724 2485 AD
2753 2447 3069 2486 DIUGENTEI
3101 2445 3264 2485 IPSIUS
3293 2447 3593 2487 LECTIONEI
3623 2435 3661 2487 ι.

2260 2519 2531 2601 Scriptum
2577 2530 2700 2584 est,
2748 2520 2938 2601 fratres
2992 2521 3313 2584 charissimi,
3361 2521 3509 2601 quod
3551 2523 3763 2601 uoyses

2189 2589 2366 2657 posuit
2390 2591 2440 2641 iu
2464 2589 2803 2644 tabernaculo
2856 2590 3059 2645 labrum
3106 2606 3335 2649 aeneum.
3381 2589 3434 2644 in
3476 2607 3586 2659 quo
3615 2589 3761 2645 lava-

2189 2668 2372 2712 rentur
2392 2659 2648 2728 Aaronet
2696 2659 2789 2713 lilii
2815 2659 2949 2728 eius,
2995 2675 3115 2713 cum
3148 2660 3550 2727 ingrederentur
3576 2672 3761 2716 sancta

2189 2736 2489 2799 sanctorum
2522 2726 2731 2799 (Ea-od.
2773 2726 2862 2788 xu.
2919 2728 3044 2799 28).
3096 2726 3253 2794 Ideo,
3299 2731 3578 2793 attendite,
3633 2733 3758 2798 quia

2189 2797 2460 2868 quidquid
2497 2797 2595 2851 sub
2622 2797 2762 2867 Lege
2796 2797 3011 2868 antiqua
3059 2801 3110 2852 in
3143 2800 3342 2866 templo
3371 2800 3461 2853 Dei
3489 2800 3756 2855 efﬁcieba»

2192 2866 2503 2949 tur,aliqu_id
2530 2866 2759 2949 futurum
2779 2866 3148 2949 praesiguabat,
3167 2869 3381 2949 quodin
3410 2870 3648 2949 Ecclesia
3664 2886 3759 2923 no-

2189 2946 2298 2990 stra
2314 2938 2413 2990 sub
2426 2938 2591 3007 figura
2609 2940 2900 3008 tegebatur,
2919 2938 3054 2992 sicut
3069 2940 3142 2991 ait
3160 2939 3442 3006 Apostolus
3464 2956 3479 2992 :
3499 2941 3758 3004 Qum

2224 3023 2284 3077 ue
2301 3008 2489 3075 scripta
2531 3019 2667 3069 sunt,
2694 3009 2761 3059 ad
2807 3018 3030 3060 nostram
3080 3009 3361 3060 doctrinam
3409 3010 3601 3077 scripta
3639 3018 3755 3062 sunt

2224 3023 2284 3060 ue
2301 3023 2489 3075 scripta
2531 3023 2667 3069 sunt,
2694 3023 2760 3059 aa
2807 3023 3030 3060 nostram
3080 3023 3361 3060 doctrinam
3409 3023 3601 3077 scripta
3639 3023 3755 3062 uti:

2188 3023 2366 3144 ἵκοντι.
2384 3078 2565 3146 “,4).
2589 3077 2703 3131 Non
2731 3078 2872 3132 enim
2912 3080 3079 3132 sancti
3108 3090 3284 3145 patres
3303 3090 3574 3132 curassent
3610 3087 3756 3134 totet

2192 3154 2334 3200 tanta
2373 3151 2568 3215 scripta
2594 3147 2866 3203 memorize
2890 3146 3285 3211 coimuendare,
3314 3147 3412 3199 nisi
3441 3157 3499 3200 ut
3516 3148 3654 3201 alios
3678 3148 3758 3201 le-

2188 3226 2402 3338 gentes,
2434 3217 2567 3270 alios
2623 3232 2717 3285 per
2755 3218 2992 3285 exempla
3034 3216 3376 3270 mdilicareut.
3405 3216 3582 3285 Legite
3606 3232 3751 3286 ergo,

2210 3294 2378 3338 ratres
2421 3287 2546 3338 mei.
2577 3286 2899 3338 Scripturam
2949 3301 3176 3338 sacram.
3199 3286 3355 3338 lenite
3382 3301 3521 3338 eam.
3565 3302 3633 3338 ne
3651 3302 3751 3338 ca!-

2210 3288 2378 3340 ‘ratres
2421 3287 2546 3349 mei,
2577 3286 2899 3355 Scripturam
2949 3301 3176 3343 sacram.
3199 3286 3355 3355 legite
3382 3301 3521 3347 eam,
3565 3302 3633 3341 ne
3651 3302 3753 3341 cae-

2188 3356 2235 3408 ci
2261 3355 2376 3409 sitis
2414 3363 2467 3408 et
2515 3356 2678 3410 duces
2709 3371 2990 3410 execorum.
3040 3355 3219 3425 Legite
3264 3370 3467 3425 sacram
3521 3356 3755 3424 Scriptu-

2188 3440 2340 3490 ram,
2392 3426 2441 3477 in
2503 3440 2604 3494 qua
2666 3425 2789 3493 quid
2844 3424 3172 3489 tenendum,
3207 3424 3333 3493 quid
3398 3424 3750 3493 fugiendum,

2188 3494 2344 3562 plane
2373 3495 2667 3549 invenietis.
2704 3495 2884 3564 Legite
2908 3509 3023 3548 eam
3053 3536 3069 3559 ,
3121 3494 3240 3563 quia
3278 3496 3422 3548 outni
3454 3497 3608 3549 melle
3640 3496 3753 3549 dul-

2186 3564 2299 3616 cior
2330 3605 2344 3628 ,
2380 3566 2521 3617 omni
2569 3578 2706 3633 pane
2746 3565 2959 3617 suavior
2988 3606 3002 3628 ,
3044 3565 3186 3617 omni
3237 3564 3361 3617 vino
3406 3565 3625 3618 hilarior
3674 3566 3755 3618 inc

2186 3634 2413 3703 venitur.
2466 3634 2859 3702 Apprebendite
2909 3649 3046 3695 eam,
3075 3642 3129 3688 et
3179 3634 3459 3688 invenietis
3488 3635 3754 3703 quomodo

2187 3702 2327 3755 Deus
2378 3702 2597 3757 deorum
2648 3705 2717 3757 sit
2768 3704 3040 3772 longitudo
3092 3713 3308 3773 propter
3357 3708 3746 3767 mternitatem,

2184 3773 2449 3842 quomodo
2498 3774 2567 3825 sit
2600 3773 2819 3827 latitudo
2861 3782 3073 3841 propter
3113 3773 3424 3826 cbaritatem
3448 3816 3461 3837 ,
3484 3774 3751 3842 qnmnodo

2184 3843 2252 3911 sit
2277 3841 2571 3911 sublimitas
2596 3854 2813 3911 propter
2851 3844 3198 3909 majestatem,
3231 3841 3592 3911 quomodoisit
3624 3859 3749 3911 pro-

2185 3909 2402 3981 fundum
2443 3909 2660 3980 propter
2691 3909 2963 3981 sapientiae
3003 3909 3413 3967 itnmensitatetti
3454 3915 3496 3965 ³.
3523 3909 3757 3980 ρυειιιὶιο

2184 3980 2512 4048 Scripturam
2543 3980 2771 4047 sacram,
2795 3992 2847 4034 et
2872 3982 3153 4036 invenietis
3179 3983 3447 4048 quomodo
3474 3984 3572 4035 iste
3615 3984 3755 4036 Deus

2182 4049 2401 4103 deorum
2429 4060 2586 4104 natus
2612 4067 2673 4104 ex
2714 4051 2875 4104 Maria
2914 4052 3116 4119 virgine
3144 4060 3197 4105 et
3236 4052 3398 4105 homo
3426 4054 3623 4114 factus,
3657 4068 3755 4106 nos

2181 4128 2324 4191 amat
2346 4128 2404 4191 ut
2426 4120 2677 4181 charitas,
2706 4121 2970 4191 quomodo
2983 4122 3135 4191 novit
3165 4129 3221 4174 ut
3248 4123 3756 4189 veritas,qtmnuulo

2182 4189 2331 4259 sedet
2361 4188 2381 4219 ³
2404 4201 2459 4242 ut
2487 4188 2739 4258 aequitas,
2764 4189 3033 4259 quomodo
3055 4190 3359 4243 dominatur
3385 4203 3441 4244 ut
3477 4193 3742 4256 maiestas.

2182 4257 2364 4328 Legite
2390 4257 2717 4325 Scripturam
2761 4257 3001 4321 sacram,
3054 4269 3107 4313 et
3162 4260 3441 4314 invenietis
3485 4262 3754 4328 quomodo

2179 4325 2481 4381 Nazarenus
2510 4328 2595 4399 ille
2624 4328 2780 4382 .Icsus
2818 4332 2955 4397 regit
2993 4338 3051 4382 ut
3097 4330 3436 4398 principimu,
3480 4325 3751 4399 quomodo

2182 4407 2359 4450 tuetur
2400 4406 2456 4450 ut
2491 4398 2667 4463 salus,
2695 4400 2962 4468 quomodo
3007 4410 3256 4467 operatur
3293 4412 3347 4453 ut
3381 4398 3547 4454 virtus
3569 4443 3583 4466 ,
3620 4416 3752 4470 quo-

2242 4506 2259 4572 ξ
2284 4512 2366 4555 Ms.
2391 4520 2402 4555 :
2428 4515 2497 4557 De
2519 4520 2659 4572 sacro
2673 4509 2917 4572 scriptura
2939 4508 3153 4572 legenda.

2241 4570 2261 4632 ξ
2285 4573 2409 4632 Mss,
2428 4568 2813 4632 profonditaten't.

2241 4631 2263 4662 ³
2284 4629 2608 4687 Αιὶθείειῡάξι.

2242 4690 2316 4752 (τι)
2350 4692 2430 4752 llic
2469 4692 2697 4741 observat
2737 4697 2915 4752 Limus,
2959 4691 3271 4752 Augustinum
3314 4690 3586 4752 profectum
3624 4707 3749 4742 nuu-

2176 4749 2319 4813 quam
2344 4749 2494 4800 fuisse
2517 4753 2563 4799 in
2588 4749 2911 4801 Mauritaniam
2934 4749 3183 4813 paginam,
3213 4749 3328 4802 sed'
3344 4760 3528 4801 tantum
3561 4756 3609 4802 iu
3631 4755 3755 4804 chri-

2175 4814 2411 4870 stianam;
2451 4824 2547 4861 non
2571 4813 2919 4883 praedimtimiis
3129 4846 3145 4870 ,
3186 4813 3276 4862 sed
3320 4813 3382 4861 ad
3424 4818 3754 4876 componenda

2175 4871 2394 4919 cumam
2435 4881 2630 4919 necom
2670 4888 2699 4919 a
2732 4880 2923 4919 Zozvmo
2987 4881 3197 4919 enatum.
3239 4882 3369 4919 Hunc
3404 4887 3523 4919 vere
3569 4885 3754 4919 anasto-

2175 4871 2394 4936 guwdam
2435 4871 2630 4936 negotia
2654 4888 2699 4936 7a
2732 4880 2923 4936 Zozyuto
2964 4871 3197 4933 legatum.
3239 4882 3369 4922 nunc
3404 4871 3547 4936 vere'
3569 4885 3754 4936 aposto-

2175 4931 2324 4998 latum
2358 4931 2793 4998 maniliastissimani
2817 4931 3311 4998 'imposttiramgesse,
3361 4941 3413 4983 ut
3448 4931 3623 4985 indicat
3657 4940 3756 4998 epi-

2173 4992 2300 5058 stola
2319 5006 2447 5043 nunc
2472 4994 2575 5058 199.
2595 5008 2645 5058 n.
2662 4995 2741 5053 46,
2767 5008 2826 5044 eo
2842 4992 3022 5044 certius
3042 4996 3170 5057 quod
3192 4992 3363 5058 a__sene
3386 4998 3654 5058 conscripta
3672 4992 3752 5049 sit.

2238 5054 2310 5125 (ὁ)
2344 5061 2491 5125 Ecce,
2506 5056 2662 5125 inquit
2696 5062 2865 5125 Lupus,
2904 5054 3203 5125 Augustinus
3226 5055 3310 5125 lib.
3346 5055 3519 5125 l6_.de_
3551 5054 3752 5125 civitate

2173 5116 2519 5177 Dei,'cap.78,
2562 5116 2612 5164 in
2647 5123 2902 5166 senectute
2949 5116 2993 5164 a’
3014 5129 3071 5165 se
3114 5120 3318 5177 scripto,
3354 5116 3468 5165 talia
3506 5117 3753 5169 hominum

2176 5182 2388 5241 monstra
2422 5176 2537 5241 dicit
2577 5189 2604 5241 a_
2642 5190 2700 5225 se
2732 5178 2853 5241 visa,
2895 5179 3073 5241 nonin
3095 5178 3345 5238 .‘Ethiopia,
3387 5177 3494 5241 sed,
3517 5179 3565 5225 in
3600 5192 3753 5241 opere

2174 5239 2362 5288 musivo
2382 5238 2761 5300 Carthagiuensi.
2794 5245 2963 5300 Neque
2985 5238 3100 5300 dicit
3143 5251 3203 5286 ea
3244 5250 3386 5300 esse;
3410 5238 3499 5286 sed
3543 5256 3565 5283 α
3590 5238 3753 5289 terunt

2173 5310 2357 5406 aaesse,
2382 5314 2405 5341 ιι
2548 5297 2803 5347 (Gentium
2821 5297 2985 5348 narrat
3005 5298 3244 5356 historia,»
3262 5298 3401 5347 solita
3423 5300 3594 5360 utique
3617 5313 3753 5348 men-

2233 5371 2320 5406 cns
2340 5371 2418 5406 sca
2444 5371 2549 5406 ere.

2233 5371 2320 5407 CIIS
2340 5371 2549 5407 scatere.

2239 5419 2309 5480 (ε)
2344 5426 2453 5483 1ἳοιέι
2492 5420 2660 5483 verba.
2700 5436 2722 5465 ι
2745 5419 2965 5469 homines
2985 5433 3044 5483 ac
3062 5418 3311 5483 mulieres.
3332 5436 3353 5463 ι
3394 5426 3457 5483 Ex
3492 5421 3551 5468 iis
3568 5422 3749 5483 quippe

2173 5479 2268 5545 pou
2279 5479 2405 5545 male
2423 5482 2532 5545 quis
2551 5480 2744 5542 colligat
2766 5489 3008 5545 auctorem
3034 5480 3173 5545 istum
3194 5480 3342 5529 fuisse
3359 5480 3543 5529 Gallum
3564 5479 3647 5531 aut
3660 5479 3750 5531 Va-

2173 5537 2335 5604 lonem
2355 5554 2367 5587 :
2389 5537 2821 5604 hifnamque'viros
2846 5540 3014 5590 vocant
3037 5541 3272 5589 homines.
3299 5547 3462 5601 huius.

2238 5601 2314 5661 (ά)
2350 5608 2411 5649 Ex
2442 5602 2574 5651 libris
2591 5601 2657 5651 de
2673 5604 2808 5651 civit.
2835 5603 2920 5650 Dei
2946 5615 2974 5650 e
2996 5608 3161 5663 contra
3182 5609 3331 5663 patet,
3352 5613 3498 5661 quam
3528 5604 3747 5661 Augusti-

2287 5674 2569 5731 persuasttm
2592 5665 2833 5723 habuerit,
2856 5661 3094 5726 gentilein
3123 5661 3267 5713 ritum
3300 5670 3451 5712 totum
3474 5664 3523 5711 iu
3548 5676 3746 5713 unum-

2208 5738 2217 5768 ι
2243 5736 2299 5768 ns
2322 5735 2519 5768 versari.

2208 5731 2299 5771 ιιιιδ
2322 5735 2519 5771 νυτδειι-ι.
