4100 6344
320 380 459 442 1509

317 514 440 553 mox
471 514 565 555 eos
590 498 829 566 iacentes
852 507 905 553 et
932 495 1261 551 dormientes
1289 494 1593 565 aggreditur
1633 508 1809 566 mors,
1829 500 1895 566 et

318 570 453 623 sicut
481 563 652 637 [avita
696 570 870 624 statim
898 568 1177 622 deliciunt.
1210 563 1427 637 Talibus
1452 574 1631 637 autem
1656 563 1895 637 quotidie

316 633 897 706 clamabatApostolns,
918 637 1040 689 dum
1063 634 1527 706 dicebat,F1;atres,
1544 634 1751 706 scientes
1779 633 1896 706 quia

318 709 444 761 hora
468 718 539 761 est
556 700 669 777 jmn
700 724 789 761 nos
809 707 871 759 de
886 700 1068 761 totnno
1094 722 1301 776 surgere
1318 703 1499 777 (Rom.
1528 720 1644 767 xm,
1673 700 1895 777 il)._'_lt_i-

318 787 400 832 ter
425 771 593 831 bonos
622 786 745 832 sunt
771 777 890 829 boni
920 771 1207 843 coniugati,
1238 771 1491 844 qui'hene
1523 780 1739 825 utuntur
1762 771 1891 844 ﬁlici-

319 849 388 901 tis
414 866 427 901 :
455 849 547 901 sed
578 848 708 901 tales
736 846 890 900 divisi
921 854 1062 903 sunt,
1086 841 1221 912 iquia
1258 841 1454 912 partim
1494 844 1733 896 serviunt
1760 841 1891 906 Deo,

316 927 371 970 et
397 918 586 986 partim
614 917 830 970 mundo.
858 917 931 972 De
958 915 1151 981 quibus
1180 915 1254 986 ait
1281 913 1589 986 Apostolus,
1609 913 1894 986 honorant

318 983 485 1040 Deum
509 987 575 1040 de
601 986 891 1039 substantia
918 1000 1010 1038 sua
1036 984 1284 1052 operibus
1313 983 1689 1039 miscricordize
1717 983 1892 1034 inten-

317 1058 355 1110 ti
388 1075 401 1109 :
428 1068 604 1110 tamen
630 1056 840 1109 solliciti
868 1064 990 1108 sunt
1019 1058 1153 1106 ultra
1196 1053 1408 1106 modum
1439 1053 1506 1105 de
1540 1068 1702 1105 uxore
1722 1092 1737 1115 ,
1768 1066 1892 1117 pos-

316 1127 667 1191 sessionibus,
702 1125 970 1189 fratribus,
1005 1124 1125 1176 [iliis
1148 1132 1200 1176 et
1228 1124 1468 1191 cognatis
1498 1121 1677 1193 (Prov.
1708 1137 1783 1184 ιιι,
1816 1121 1888 1193 9;

318 1197 335 1248 Ι
366 1194 483 1250 Cor.
510 1199 639 1265 vit).
670 1195 733 1249 Et
759 1195 881 1263 quia
914 1196 995 1249 isti
1030 1193 1216 1258 partim
1246 1190 1646 1265 delectanturin
1670 1190 1889 1253 mundo,

318 1265 440 1318 ideo
461 1262 649 1320 sedere
675 1265 1089 1333 dicuntur,quia
1118 1264 1168 1315 in
1194 1263 1558 1333 superioribus
1579 1262 1819 1333 laborant
1840 1268 1893 1313 et

318 1338 371 1387 in
405 1337 597 1388 inlimis
623 1336 922 1403 quiescunt.
944 1332 1078 1387 sum
1107 1344 1158 1387 et
1184 1332 1272 1385 alii
1302 1332 1693 1403 contemplativi
1712 1372 1725 1392 ,
1761 1345 1893 1403 quo-

314 1420 433 1459 rum
451 1448 464 1466 ,
504 1414 557 1458 ut
596 1399 824 1458 diximus
846 1419 1001 1473 supra
1023 1445 1037 1466 ,
1063 1402 1394 1473 conversatio
1422 1402 1472 1453 in
1502 1399 1651 1473 caelis
1678 1411 1757 1454 est
1782 1399 1795 1453 ὲ
1825 1399 1893 1454 de

312 1490 539 1543 quorum
573 1488 793 1527 numero
825 1470 928 1527 vos
951 1488 1070 1527 esse
1100 1472 1197 1543 Dei
1226 1470 1388 1540 gratia
1419 1472 1611 1533 credo,
1641 1482 1689 1525 ct
1713 1478 1893 1543 certus

315 1541 455 1596 sum.
484 1544 640 1598 Tales
668 1559 816 1611 spem
854 1558 1065 1596 omnem
1093 1543 1145 1595 in
1176 1541 1283 1594 Deo
1310 1551 1538 1610 ponunt,
1568 1541 1852 1609 cpprobria
1875 1580 1888 1601 ,

315 1614 532 1677 famem,
564 1613 875 1677 nuditatem,
906 1627 1179 1681 pressuras
1201 1626 1381 1664 amore
1409 1611 1600 1663 Christi
1634 1611 1892 1681 sustinere

314 1699 527 1751 semper
567 1680 917 1745 desiderant,
946 1682 1136 1751 quibus
1175 1682 1357 1751 vivere,
1375 1683 1505 1732 mori
1535 1691 1611 1733 cst
1632 1722 1646 1741 ,
1684 1690 1732 1732 et
1758 1680 1890 1732 mori

315 1749 545 1817 lucrum,
575 1753 864 1807 clamantes
885 1749 1004 1805 cuin
1033 1753 1286 1817 Apostolo
1308 1749 1563 1815 dict-otes,
1588 1751 1709 1814 Quis
1736 1765 1813 1801 me
1838 1751 1893 1800 li-

286 1824 287 1827 “
314 1824 505 1876 bet-abit
537 1824 598 1877 de
622 1838 833 1890 corpore
862 1822 1033 1874 mortis
1059 1821 1211 1889 hujus
1238 1821 1254 1888 (
1276 1820 1423 1873 Rom.
1452 1835 1543 1882 vn,
1571 1821 1639 1872 ἰαί
1657 1821 1707 1885 )?
1735 1820 1891 1871 Tales

314 1903 439 1946 sunt
481 1894 623 1945 velut
666 1893 896 1954 milites,
929 1902 981 1945 ct
1018 1892 1273 1943 cmlorum
1313 1891 1475 1943 cives.
1520 1890 1603 1941 Isti
1650 1890 1891 1942 laborant

315 1978 477 2027 super
515 1973 738 2021 terram,
779 1970 832 2015 et
870 1959 1105 2029 quotidie
1138 1961 1214 2029 ab
1254 1959 1469 2027 Angelis
1506 1968 1885 2029 sustentantur.

314 2035 450 2085 Sunt
474 2044 527 2084 ct
566 2033 652 2084 alii
683 2032 771 2100 qui
810 2031 1100 2083 ambulant.
1136 2028 1253 2082 lstis
1282 2030 1562 2100 ambulare
1603 2028 1885 2100 incumbit,

316 2118 422 2155 non
453 2110 652 2155 t:mttun
682 2098 733 2155 ut
762 2110 813 2153 et
841 2116 934 2154 nos
962 2100 1030 2153 de
1060 2101 1251 2152 virtute
1279 2098 1330 2151 in
1360 2099 1626 2161 virtutem,
1657 2099 1750 2151 sed
1777 2099 1889 2165 plus

316 2188 475 2236 quam
506 2187 601 2224 nos
630 2172 767 2225 inter
794 2171 1001 2223 diversa
1044 2167 1314 2221 hominum
1353 2182 1545 2234 genera
1584 2169 1885 2231 ambulare,

317 2243 642 2300 discurrere.
667 2250 720 2294 ct
749 2240 1054 2295 exnmiuare
1072 2239 1195 2308 quid
1222 2247 1425 2306 agatur.
1456 2238 1544 2292 Isti
1566 2247 1688 2290 sunt
1716 2248 1891 2304 pasto-

314 2328 403 2364 res
432 2321 487 2365 cl.
507 2310 729 2380 przelati,
763 2310 950 2380 quibus
982 2308 1237 2362 incumbit
1266 2322 1408 2361 nunc
1436 2308 1721 2380 exhortari.
1750 2322 1889 2380 nunc

316 2377 624 2450 increpare,
669 2396 807 2433 nunc
837 2379 1069 2442 minari,
1112 2392 1250 2431 ntmc
1290 2379 1574 2450 consolari,
1608 2392 1746 2431 nunc
1788 2377 1887 2431 do-

312 2448 479 2515 cere,
526 2465 665 2504 nunc
719 2450 1041 2517 prtedicare,
1099 2448 1501 2517 nuncilegcre,
1550 2463 1885 2512 intueorarc,

312 2520 631 2589 quibusdam
672 2516 877 2589 ridere,
910 2518 1222 2589 quibusdam
1252 2516 1409 2589 ﬂere,
1439 2517 1751 2586 quihusdam
1796 2532 1889 2589 ap-

312 2592 587 2659 plaudere,
638 2588 891 2659 quosdam
928 2588 1145 2659 fugere,
1202 2588 1455 2659 quosdam
1512 2596 1687 2659 mente
1728 2595 1780 2639 ct
1807 2588 1891 2640 lit-

314 2657 444 2714 teris
484 2657 696 2715 visitare
720 2699 735 2723 ,
771 2658 1028 2726 quosdam
1062 2657 1739 2727 praesentiaintueri.'l‘ales
1764 2666 1888 2712 sunt

312 2732 515 2801 pradati
557 2731 737 2800 utique
779 2739 1051 2801 pastores,
1082 2727 1410 2801 ambulantes
1450 2728 1590 2780 velut
1640 2727 1890 2801 niagistcr

310 2794 488 2867 Jcsus,
513 2803 600 2870 qui
622 2794 1060 2870 ambulansjuxta
1085 2811 1229 2870 mare
1250 2794 1478 2870 Galil;th
1498 2798 1706 2849 Voravit
1729 2798 1888 2870 disci-

333 2870 465 2923 ntlos
486 2913 500 2934 ,
532 2866 585 2923 et
612 2872 686 2923 ait
713 2870 816 2923 illis
844 2887 856 2921 :
885 2866 964 2920 [te
992 2866 1044 2920 in
1069 2868 1238 2921 orbem
1274 2866 1554 2934 universum
1576 2906 1590 2929 ,
1620 2866 1778 2934 prwdi
1808 2876 1890 2918 ate

333 2884 465 2923 unos
486 2913 500 2934 ,
532 2884 585 2923 et
612 2884 686 2923 att
714 2884 816 2923 IIIIS
844 2887 856 2921 :
885 2884 964 2920 ue
992 2884 1044 2920 ιη
1069 2884 1238 2921 orvem
1274 2884 1554 2918 umversmn
1576 2906 1590 2929 ,
1620 2884 1777 2934 pra’al
1808 2884 1883 2918 ate

313 2884 648 3009 kvangelium
675 2940 811 2991 οηιηί
837 2947 1079 3009 creatum
1101 2935 1345 3009 rationali
1370 2935 1387 3002 (
1414 2932 1575 2987 Marc.
1607 2936 1821 3009 xvr._15
1843 2935 1883 3005 ).

312 3006 473 3063 Tales
513 3018 639 3063 sunt
679 3023 868 3062 oumes
910 3006 1266 3061 Ecclesiarum
1314 3013 1583 3074 pastores,
1630 3006 1819 3073 quibus
1856 3021 1886 3059 a

311 3079 527 3131 (lin-isto
544 3078 756 3143 dicitur,
783 3077 875 3141 ltc,
898 3077 1018 3146 quia
1044 3076 1395 3146 perieula'isnm
1418 3083 1499 3127 est
1525 3082 1726 3129 tantum
1746 3084 1887 3146 stare

313 3149 612 3221 pastoribus
633 3158 686 3201 et
711 3145 930 3221 medicis
960 3147 1271 3199 animarum.
1295 3145 1367 3221 Ite
1388 3162 1536 3214 ergo,
1557 3146 1676 3221 quia
1707 3145 1886 3221 perui-

312 3216 517 3271 i'iosutn
547 3228 630 3271 est
667 3219 886 3281 sedere,
923 3225 977 3269 et
1008 3217 1418 3287 peremptorium
1449 3224 1529 3269 est
1550 3216 1747 3287 jacere.
1774 3216 1883 3282 Ite,

314 3289 545 3341 excitate
570 3288 807 3356 jacentcs
828 3328 841 3346 ,
882 3298 935 3357 et
962 3286 1122 3339 dicite
1147 3303 1158 3338 :
1187 3286 1302 3339 Jam
1333 3287 1401 3339 de
1429 3300 1617 3339 somno
1651 3288 1882 3357 surgite,

313 3359 437 3426 quia
469 3359 555 3410 diu
582 3358 871 3411 dormistis.
899 3356 1156 3418 Clamate,
1182 3364 1423 3425 pastores
1443 3364 1496 3408 et
1516 3356 1887 3424 praedicatores

314 3430 573 3487 veritatis,
595 3438 649 3481 et
669 3429 895 3480 exaltate
916 3441 1097 3477 vocem
1119 3436 1368 3487 vestram,
1397 3427 1523 3478 utin
1550 3441 1759 3479 omnem
1784 3436 1889 3480 ter—

315 3515 429 3552 ram
451 3498 693 3551 audiatur
713 3512 875 3550 sonus
896 3508 1084 3549 veSIra:
1104 3497 1469 3555 corrcCIionis,
1489 3496 1883 3563 increpationis,

314 3567 591 3622 charilatis
609 3578 663 3621 et
681 3566 973 3620 sanctitatis
994 3576 1201 3619 vestrze.
1221 3565 1483 3633 Numquid
1510 3582 1615 3618 non
1642 3566 1889 3634 Magister

314 3638 720 3706 (Illall‘itlllﬂlllllll
752 3648 1016 3690 inortuum
1045 3636 1226 3689 volens
1257 3637 1590 3697 resuscitare,
1624 3651 1751 3690 voce
1774 3653 1887 3689 ma-

312 3722 419 3777 gna
450 3708 732 3761 clamavit?
765 3706 985 3775 \‘igilale
1015 3721 1141 3777 ergo
1161 3747 1175 3766 ,
1204 3707 1512 3777 etrexcitate
1537 3706 1884 3777 dormientes,

318 3775 376 3831 et
404 3778 573 3830 minas
597 3793 732 3832 senm
775 3776 1063 3830 terroribus
1088 3775 1165 3829 eis
1192 3775 1455 3829 adhibete.
1484 3776 1681 3829 Deinde
1707 3776 1771 3829 ad
1800 3790 1887 3829 se-

316 3848 505 3901 dentes
534 3848 773 3907 transite,
801 3856 855 3899 ct
879 3847 1217 3899 exhortantes
1239 3861 1331 3898 eos
1357 3855 1412 3897 ut
1438 3845 1501 3898 ad
1524 3847 1741 3898 meliora
1771 3862 1889 3911 pro-

319 3917 518 3981 ficiant,
541 3918 717 3978 dicite,
741 3918 909 3983 Super
928 3916 1140 3968 llununa
1167 3916 1444 3985 Bahylmiis
1470 3916 1649 3969 sedete
1672 3927 1719 3967 ct
1745 3915 1884 3978 lletc,

316 3986 445 4040 dum
476 3987 822 4041 recordamini
853 3986 1011 4039 Sion:
1041 3986 1290 4053 porrigite
1314 3999 1526 4037 manum
1559 3986 1796 4053 pauperi,
1823 4002 1888 4037 ne

316 4057 569 4109 oblivioni
613 4057 769 4107 detur
794 4056 1009 4108 dextera
1040 4066 1234 4107 vestra.
1281 4053 1492 4107 Frustra
1533 4054 1672 4106 cnim
1703 4069 1888 4106 manus

317 4125 491 4180 tendit
517 4126 582 4178 ad
616 4127 815 4187 ficum,
848 4126 932 4190 qui
966 4139 1059 4191 pro
1087 4138 1239 4192 posse
1268 4138 1365 4175 suo
1395 4139 1580 4175 manus
1602 4124 1665 4175 ad
1696 4140 1891 4193 paupe-

316 4210 406 4249 res
437 4209 538 4248 non
568 4195 824 4247 extendit.
855 4195 909 4248 Si
942 4209 1068 4247 vero
1097 4193 1186 4262 qui
1216 4194 1393 4252 sedet.
1426 4194 1709 4261 aliqumdo
1748 4204 1890 4249 stare

316 4266 566 4325 voluerit,
594 4265 842 4332 apponite
865 4280 1099 4325 manum,
1122 4276 1174 4316 et
1202 4262 1360 4317 dicite
1383 4281 1394 4315 :
1426 4265 1592 4333 Surge
1616 4274 1887 4332 postquam

317 4335 546 4399 sederis,
574 4336 660 4401 qui
686 4334 1011 4387 tnandu'casti
1041 4350 1228 4401 panem
1257 4334 1474 4387 doloris.
1506 4333 1775 4387 Stantibus
1797 4350 1891 4387 an-

319 4416 426 4457 tem
471 4405 629 4457 dicite
675 4405 811 4471 quod
858 4405 1171 4472 promissum
1215 4414 1322 4467 est,
1349 4404 1595 4458 Scrlebitis
1616 4421 1699 4456 vos
1742 4421 1892 4472 super

318 4476 463 4528 sedes
515 4475 816 4535 duodecim,
858 4475 1150 4542 judicantes
1204 4474 1463 4526 duodecim
1513 4476 1671 4525 tribus
1725 4472 1892 4527 farm!

319 4543 543 4611 (Matth.
574 4560 683 4605 XIX,
709 4544 779 4597 28
800 4544 840 4611 ).
873 4546 987 4595 Istis
1013 4553 1186 4595 autem
1220 4545 1517 4596 necessaria
1546 4553 1627 4595 est
1652 4545 1894 4594 consola-

321 4618 425 4673 tio,
455 4616 575 4683 quia
608 4614 828 4667 multum
876 4614 1135 4666 laborant.
1178 4612 1466 4666 Dicoudum
1513 4628 1640 4678 ergo
1667 4613 1744 4664 eis
1772 4622 1888 4675 est,

324 4684 469 4737 licati
500 4698 760 4753 pauperes
791 4683 999 4750 Spiritu,
1032 4685 1279 4753 quoniam
1310 4689 1543 4753 vestrum
1568 4691 1889 4753 estrcgtiunt

320 4750 618 4807 (αξιοι-ιιιῃᾷ
646 4753 789 4805 Beati
825 4753 913 4821 qui
944 4767 1083 4804 nunc
1120 4752 1277 4812 lictis,
1310 4751 1427 4818 quia
1461 4750 1715 4821 ridcliitis.
1748 4750 1893 4821 Beati

320 4825 411 4891 qui
442 4839 580 4877 nunc
611 4819 916 4887 faincscitis,
942 4822 1060 4890 quia
1088 4820 1481 4891 saturabintini.
1508 4819 1654 4891 Bruti
1674 4819 1894 4891 quiho-

305 4889 493 4947 ‘inincs
525 4893 699 4961 fngitis
723 4934 737 4953 ,
768 4894 888 4958 quia
918 4889 1133 4960 Angelis
1158 4889 1682 4961 sociabimiui;Bcati
1710 4890 1894 4942 solita-

323 4964 424 5026 rii,
473 4958 605 5031 quia
639 4963 893 5015 mulorum
948 4958 1090 5015 cives
1134 4959 1454 5015 eilicieuiini.
1496 4958 1728 5012 Viriliter
1770 4975 1896 5028 ergo

323 5035 500 5100 agite,
544 5031 734 5086 fratres
782 5032 916 5093 mei,
962 5040 1017 5086 et
1059 5031 1388 5084 confortetttr
1424 5045 1517 5082 cor
1551 5038 1815 5093 vestrum,
1846 5039 1899 5083 et

323 5111 629 5171 exspectate
660 5103 935 5154 ltoininum
961 5116 976 5163 ;
1006 5102 1126 5164 quia
1155 5102 1361 5163 veniet,
1406 5109 1459 5153 et
1503 5117 1605 5152 non
1650 5100 1894 5171 tradabit.

325 5169 588 5225 Modicum
634 5171 766 5235 crit,
807 5182 860 5225 et
904 5171 1150 5223 videbitis
1199 5180 1653 5223 remuneratorem
1701 5169 1899 5222 militia:

326 5250 546 5302 vrstrae,
577 5257 672 5309 pro
698 5256 799 5307 qua
842 5243 1090 5308 pcnurias
1133 5250 1186 5291 et
1227 5240 1523 5294 anxietates
1552 5239 1894 5292 sustinuistis.

325 5310 567 5379 ltcgnum
603 5312 742 5364 enim
771 5312 1026 5364 caelorum
1055 5311 1157 5362 vim
1191 5311 1402 5377 patitur,
1433 5318 1486 5361 ct
1515 5309 1726 5361 violenti
1752 5310 1898 5379 multi

331 5378 679 5448 possidebunt
709 5380 853 5431 illud.
880 5381 974 5451 Hic
999 5390 1078 5431 est
1104 5380 1243 5451 enim
1269 5379 1591 5451 laborgol‘ficii
1620 5381 1782 5431 nostri
1802 5378 1897 5451 (η).

332 5452 434 5502 Isle
460 5451 602 5503 enim
634 5451 858 5502 mundus
877 5492 890 5511 ,
924 5450 1115 5503 fratres
1141 5449 1276 5513 mei,
1303 5449 1432 5501 mari
1459 5464 1486 5501 s
1504 5463 1602 5572 ripe
1622 5449 1903 5517 compara—

332 5530 437 5572 tur.
475 5536 568 5572 uer
595 5520 734 5572 nuod
780 5521 1056 5572 ninltinlex
1089 5528 1171 5571 est
1199 5520 1471 5572 transitus.
1563 5535 1645 5569 am
1689 5518 1900 5572 quidam

329 5530 437 5582 tur,
475 5536 568 5587 per
595 5520 734 5587 quad
780 5521 1056 5587 multiplex
1089 5528 1171 5571 est
1199 5520 1471 5572 transitus.
1515 5518 1645 5585 Nam
1689 5518 1900 5584 quidam

333 5586 621 5643 transi-unt
644 5591 796 5649 vado,
825 5586 1035 5659 quidam
1067 5588 1273 5659 navigio
1293 5588 1552 5659 ,Aqnidam
1588 5597 1763 5659 pontu,
1790 5588 1905 5654 qui-

330 5662 451 5714 dam
497 5660 755 5719 suluncrsi
801 5657 984 5713 natant
1025 5659 1075 5711 in
1108 5658 1284 5711 ﬂuctu.
1317 5657 1403 5710 Isti
1430 5669 1555 5711 sunt
1583 5658 1652 5709 illi
1684 5669 1907 5727 quatuor

393 5792 469 5856 (ο)
505 5794 603 5842 vid.
630 5794 935 5854 Bernardum,
951 5806 1099 5843 serui.
1115 5794 1272 5852 3.3,dc
1286 5794 1493 5842 diversis
1516 5794 1739 5843 editionis
1754 5806 1903 5842 novre.

1257 385 1349 441 AD
1386 383 1705 439 FRATRES
1737 380 1802 436 IN
1842 374 2080 435 EREMO
2114 380 2343 436 SERMO
2382 348 2632 437 Χχιξιχ.

3428 386 3573 448 {Sic

2007 500 2331 573 statusquos
2352 492 3042 573 nominavimus._Jac_entes
3060 499 3201 573 enim
3226 500 3577 573 Stlbmcl'gnn.

2007 570 2115 640 tur,
2146 570 2201 615 et
2229 562 2561 640 descendunt
2589 565 2639 616 in
2668 564 2982 632 profundum
3010 570 3159 640 quasi
3188 571 3340 639 lapis.
3371 562 3573 640 Coiiju-

2000 633 2105 699 gati
2153 632 2292 685 vado
2333 648 2480 687 mare
2524 641 2828 698 transeunt,
2872 646 2927 689 et
2968 632 3165 691 mediis.
3192 632 3437 694 ﬂuctibus
3483 632 3572 698 isti

2001 700 2344 755 salvabuntur
2371 702 2491 771 igne
2514 704 2737 777 purgati.
2764 701 3168 777 Contemplativi
3195 718 3384 777 aquam
3405 714 3571 767 maris

2004 779 2165 847 ponte
2194 779 2500 834 transeunt,
2535 775 2859 847 securiorem
2892 775 3029 828 viam
3062 775 3351 847 eligentes,
3380 782 3574 847 quibus

1999 839 2230 916 mundus
2256 852 2493 916 mortuus
2520 852 2619 894 cst.
2651 843 2739 916 Isti
2769 853 2889 897 sunt
2916 839 3170 899 mundum
3198 839 3566 916 despicientcs,

1998 911 2120 988 quia
2142 910 2449 988 .sic_c_o_.p_ede
2478 920 2529 963 et
2558 913 2779 988 vestigio
2798 928 2957 988 mare
2988 928 3234 988 magnum
3258 958 3273 981 ,
3297 910 3371 970 ἰιι
3400 910 3565 988 expc;

1998 979 2185 1052 ricmia
2202 979 2481 1052 didicimus
2501 990 2553 1033 et
2569 983 2772 1035 oculata
2792 983 2891 1035 lide
2909 979 3267 1052 probavimus.
3295 979 3569 1043 transeunt

1999 1048 2050 1099 in
2078 1048 2222 1122 fame
2247 1049 2417 1122 et_siti
2441 1092 2456 1114 ,
2482 1052 2806 1122 nuditateet
2836 1048 3028 1121 frigore
3047 1094 3061 1116 ,
3093 1055 3145 1107 in
3172 1056 3361 1122 vigiliis
3390 1060 3566 1111 multis

1998 1127 2051 1170 et
2078 1118 2130 1172 iu
2158 1117 2424 1172 laboribus
2445 1120 2702 1188 plurimis.
2724 1120 2832 1175 Vos
2854 1117 3049 1184 autem,
3076 1117 3264 1178 fratres
3287 1126 3410 1184 mei,
3435 1131 3566 1182 estis

1998 1188 2087 1256 qui
2134 1203 2341 1241 mecum
2388 1191 2754 1257 permansistis
2800 1193 2853 1245 in
2900 1194 3275 1247 tentatiunibus
3319 1197 3482 1259 meis,
3514 1208 3569 1249 et

1997 1272 2144 1311 mare
2174 1273 2418 1327 magnum
2451 1271 2611 1328 ponte
2639 1261 2943 1314 transimus.
2968 1262 3127 1316 Nobis
3153 1280 3278 1319 vore
3308 1265 3565 1319 incumbit

1997 1328 2205 1402 ett-teris
2223 1329 2527 1402 subvenire,
2552 1346 2617 1384 ne
2639 1331 2963 1402 descendant
2990 1331 3042 1384 in
3071 1333 3386 1400 profundum
3414 1335 3564 1402 quasi

1998 1396 2151 1465 lapis.
2172 1398 2461 1452 Subvenite
2489 1413 2583 1454 vos
2601 1415 2785 1453 omnes
2806 1396 3131 1453 orationibus
3147 1404 3357 1466 vestris,
3378 1396 3566 1458 omnes

1993 1465 2378 1547 jejunatc,_boc
2405 1484 2551 1547 mare
2581 1485 2827 1539 magnum
2853 1479 3205 1547 transeuntes,
3232 1465 3350 1540 quia
3373 1489 3565 1547 oniues

1997 1538 2050 1588 in
2079 1538 2311 1603 periculo
2334 1538 2490 1609 positi
2512 1548 2652 1610 sunt,
2678 1538 2790 1593 tam
2820 1542 3122 1609 navigantes
3140 1538 3293 1610 quam
3324 1543 3563 1597 submer-

1997 1614 2285 1680 gentes_._et
2305 1608 2567 1680 tamvado
2596 1625 2741 1663 mare
2768 1612 2867 1663 hoc
2896 1608 3226 1665 transeuntes
3253 1613 3302 1664 in
3324 1614 3560 1680 periculo

1996 1676 2458 1749 sunt._Nt_tmquid
2480 1678 2638 1730 etiam
2670 1688 2724 1731 et
2760 1693 2856 1731 nos
2888 1680 2975 1745 qui
3015 1695 3111 1749 per
3140 1676 3351 1749 pontem
3386 1690 3560 1735 trans-

1998 1745 2171 1817 imus?
2196 1745 2459 1815 Numquid
2492 1762 2594 1801 non
2625 1758 2675 1801 et
2712 1763 2844 1815 pons
2870 1745 3155 1817 aliquando
3187 1751 3359 1803 cadit?
3384 1749 3557 1804 Oran-

1995 1813 2121 1884 dum
2164 1824 2246 1870 est
2288 1813 2540 1878 omnino,
2590 1813 2811 1883 fratres,
2860 1834 2926 1871 ne
2959 1813 3037 1871 de
3090 1829 3247 1884 ponte
3287 1819 3561 1875 cudamus.

1992 1880 2130 1955 Nam
2172 1885 2216 1936 si
2265 1884 2335 1939 de
2377 1896 2537 1954 ponte
2583 1880 2927 1951 cadet-emus,
2959 1880 3100 1955 quod
3144 1889 3279 1942 Deus
3322 1899 3527 1942 avertat

1994 1953 2150 2024 citius
2171 1953 2524 2017 morerentur;
2547 1958 2668 2024 quia
2685 1956 2751 2009 de
2778 1958 2893 2010 loco
2913 1953 3202 2011 sublimiori
3228 1958 3557 2013 caderemus.

1999 2022 2332 2091 Porrigamus
2383 2039 2511 2093 ergo
2556 2022 2745 2080 manus
2781 2027 2846 2079 de
2903 2036 3058 2093 ponte
3106 2027 3172 2079 ad
3218 2028 3563 2095 submergen-

1997 2100 2111 2165 tes,
2156 2109 2223 2165 ne
2268 2095 2596 2165 moriantur:
2630 2104 2681 2148 et
2727 2096 3023 2149 laboremus
3070 2113 3135 2150 ne
3171 2098 3330 2150 etiam
3372 2108 3561 2165 puteus

1994 2161 2187 2232 inferni
2233 2164 2520 2231 aperiatur,
2565 2175 2614 2216 et
2664 2165 2873 2218 claudat
2912 2180 3071 2232 super
3122 2181 3218 2220 nos
3263 2182 3324 2220 os
3373 2161 3555 2223 suum.

1993 2229 2143 2285 Nunc
2163 2229 2307 2292 vero,
2334 2233 2544 2295 fratres,
2570 2235 2635 2287 de
2655 2236 2860 2288 cautela
2883 2229 3178 2299 audiamus,
3208 2247 3258 2288 et
3285 2236 3562 2291 audientes

1992 2300 2312 2372 advertatis,
2360 2313 2411 2355 ct
2465 2304 2685 2356 videatis
2740 2305 3006 2372 quomodo
3054 2314 3205 2357 caute
3256 2306 3557 2359 amlmletis.

1993 2368 2155 2424 Caute
2184 2381 2358 2425 autem
2398 2368 2773 2426 amlntlauduui
2810 2383 2922 2435 est,
2958 2383 3013 2425 ut
3044 2374 3266 2427 fructum
3306 2374 3558 2430 efferatis.

1994 2438 2126 2521 Tres
2153 2442 2293 2521 enim
2326 2442 2525 2495 fructus
2558 2441 2807 2522 Dominus
2851 2452 3109 2495 memorat
3132 2444 3189 2522 in
3235 2443 3520 2528 Evangelia
3542 2486 3560 2509 ,

1995 2511 2351 2578 trigesimum,
2382 2512 2765 2579 sexagesimum
2791 2553 2805 2570 ,
2850 2521 2903 2564 et
2945 2513 3312 2565 centesimum.
3366 2511 3561 2568 Cente-

1991 2579 2159 2649 simus
2183 2590 2264 2632 est
2290 2581 2544 2647 virginum
2567 2620 2582 2644 ,
2616 2580 2921 2649 trigesimus
2946 2582 3273 2634 subditorum
3298 2622 3312 2645 ,
3338 2596 3559 2646 sexage-

1993 2648 2159 2702 simus
2205 2652 2570 2715 pr:elatorum,
2612 2650 2663 2703 id
2698 2648 2786 2703 est
2832 2650 3031 2703 fructus
3070 2650 3386 2717 duplicatus.
3444 2651 3559 2705 Non

1992 2718 2134 2787 enim
2155 2720 2368 2785 pra-lato
2397 2720 2608 2779 sufficit,
2629 2735 2687 2773 se
2715 2721 2882 2787 ipsmn
2902 2720 3291 2773 immaculatum
3314 2735 3559 2775 servare:

1991 2786 2085 2839 sed
2115 2788 2347 2857 expedit,
2373 2797 2430 2841 ut
2457 2790 2657 2852 bonos,
2686 2786 2935 2856 quantum
2966 2790 3015 2842 in
3046 2804 3103 2841 se
3133 2799 3243 2850 est,
3275 2787 3427 2843 faciat
3454 2789 3559 2843 vita

1991 2866 2043 2909 et
2070 2857 2315 2924 exemplo
2340 2860 2594 2910 relucere.
2623 2858 2700 2910 Ad
2726 2857 2827 2910 hoc
2853 2859 2992 2910 enim
3015 2857 3413 2925 signiﬁcandum
3435 2859 3557 2913 data

1990 2934 2070 2976 est
2096 2927 2245 2978 nobis
2272 2927 2443 2979 tunica
2477 2927 2654 2980 talaris
2678 2968 2692 2989 ,
2722 2938 2777 2979 ut
2806 2928 2939 2981 bene
2968 2926 3220 2981 facientes
3244 2937 3294 2980 et
3318 2929 3560 2983 lucernas

1990 2995 2248 3047 bonorum
2290 3010 2509 3063 operum
2549 3006 2820 3059 tenentes,
2867 3010 3266 3064 perseveremus
3301 3013 3467 3064 usque
3506 3000 3558 3051 in

1990 3064 2130 3117 diem
2169 3066 2455 3118 vocationis
2488 3074 2713 3130 nostrae,
2737 3081 2803 3120 ne
2823 3067 3028 3120 dicatur
3058 3066 3207 3119 nobis
3236 3083 3249 3118 :
3286 3065 3379 3117 flio
3406 3067 3555 3119 homo

1991 3134 2137 3206 {cepit
2169 3136 2422 3206 cedi/icore
2444 3176 2457 3199 ,
2487 3145 2533 3188 et
2568 3151 2666 3187 non
2693 3137 2853 3206 potuit
2888 3151 3232 3206 consummare
3261 3134 3411 3204 (Luc.
3434 3152 3522 3189 xiv
3540 3177 3555 3200 ,

1991 3204 2105 3274 59).
2124 3204 2424 3271 Advertere
2455 3220 2679 3274 namque
2696 3204 2898 3258 debent
2921 3204 3157 3258 canonici
3181 3207 3343 3258 nostri
3366 3215 3418 3258 et
3440 3223 3560 3271 pro-

1991 3268 2189 3345 εῐιριῡικί
2217 3313 2233 3339 ,
2259 3275 2397 3342 quod
2420 3268 2616 3345 quanto
2646 3275 2893 3345 prmaliis
2924 3275 3093 3345 major
3120 3274 3345 3345 dignitas
3374 3275 3423 3345 in
3442 3268 3555 3327 lio-

1991 3344 2156 3406 nore,
2187 3353 2333 3398 tanto
2376 3344 2544 3413 major
2591 3344 2642 3397 in
2687 3344 2949 3398 reddenda
2992 3344 3193 3397 ratione
3232 3344 3555 3397 difﬁcultas:

1991 3414 2109 3483 quia
2140 3425 2267 3484 quot
2288 3415 2545 3484 graduum
2579 3414 2787 3469 culmen
2831 3414 3148 3471 ascendunt,
3179 3422 3257 3484 tot
3294 3413 3557 3484 ratiomtm

1990 3482 2213 3543 vinculis
2234 3482 2388 3537 erunt
2413 3484 2629 3553 alligati.
2651 3483 2780 3549 Quis
2795 3500 2933 3537 enim
2958 3493 3034 3537 tot
3061 3482 3276 3536 vinculis
3297 3483 3557 3552 alligatur,

1990 3563 2120 3620 quot
2146 3554 2395 3607 sacerdos
2416 3595 2429 3615 ,
2463 3552 2555 3606 bus
2583 3554 2661 3606 vel
2700 3554 2908 3618 asinus,
2942 3553 3075 3606 latro
3102 3552 3182 3606 vel
3224 3553 3305 3605 leo
3334 3561 3516 3620 captus
3535 3554 3560 3605 ’ἔ

1991 3624 2036 3677 Ο
2060 3623 2337 3688 sacerdos,
2370 3638 2489 3676 cum
2518 3632 2568 3677 te
2608 3625 2639 3687 ιδ
2660 3639 2775 3676 sum
2808 3623 3013 3687 induis,
3046 3624 3213 3691 primo
3238 3622 3429 3675 amictu
3450 3621 3562 3675 fau-

1991 3694 2143 3746 cibus
2186 3694 2523 3747 circumdatis
2554 3693 2730 3761 ligaris
2750 3735 2763 3759 ,
2792 3694 2962 3745 albam
3004 3692 3333 3760 postmodum
3372 3692 3522 3759 ponis
3542 3733 3558 3757 ,

1991 3764 2346 3816 subcinctorio
2376 3764 2455 3815 vel
2483 3764 2693 3831 cingulo
2721 3779 2874 3815 renes
2903 3764 3168 3829 astringis.
3200 3776 3260 3813 ac
3287 3762 3329 3813 si
3363 3761 3453 3813 tibi
3481 3761 3562 3813 di-

1992 3843 2161 3893 catur,
2191 3834 2434 3901 Astringe
2476 3831 2653 3886 ίὶιιιρυιιι
2698 3832 2940 3900 ponendo
2982 3831 3274 3884 custodiam
3309 3832 3385 3883 ori
3430 3840 3560 3901 tuo,

1992 3903 2224 3969 astringe
2251 3903 2535 3955 fttniculnm
2567 3903 2781 3955 admixti
2814 3911 2965 3968 potus
2984 3943 2997 3962 ,
3022 3916 3117 3953 nec
3138 3917 3230 3955 cur
3253 3910 3399 3952 ttttun
3426 3900 3562 3953 mala

1993 3972 2277 4024 meditetur
2303 3989 2316 4023 :
2342 3973 2542 4041 stringe
2572 3987 2726 4025 rencs
2746 4013 2762 4031 ,
2789 3972 3039 4039 crucilige
3062 3986 3275 4023 carnem
3306 3979 3444 4023 tuam
3467 3970 3566 4041 ab-

1992 4042 2238 4095 stinentia
2268 4057 2403 4095 esca!
2432 4038 2499 4095 ιι
2524 4051 2676 4109 potus
2695 4084 2706 4099 ,
2730 4038 2993 4109 quantum
3016 4041 3261 4093 valetudo
3290 4039 3563 4106 permittit.

1995 4110 2154 4171 "me,
2184 4111 2373 4164 fratres
2418 4114 2520 4166 mei
2565 4111 2929 4170 dilectissimi,
2965 4110 3214 4162 facientes
3258 4109 3444 4161 vivetis
3469 4149 3483 4171 ,
3513 4118 3567 4160 et

1994 4179 2129 4234 lxanc
2158 4181 2335 4244 eritis,
2366 4190 2416 4233 ct
2456 4182 2590 4233 bene
2633 4181 2783 4233 vobis
2825 4182 2944 4232 crit.
2995 4179 3369 4231 Verumtamen
3417 4188 3570 4233 orato

1994 4250 2141 4304 illum
2167 4252 2282 4304 sine
2303 4266 2408 4320 quo
2429 4251 2554 4304 nihil
2587 4250 2807 4317 potestis
2828 4250 3021 4320 facere,
3053 4259 3107 4302 ut
3132 4250 3266 4320 sicut
3296 4249 3451 4317 clcgit
3475 4263 3571 4300 vos

1994 4320 2060 4374 de
2088 4320 2318 4382 mundo,
2346 4330 2398 4374 et
2426 4321 2677 4374 conduxit
2717 4335 2810 4372 vos
2835 4320 2898 4373 ad
2929 4319 3065 4372 hanc
3098 4319 3414 4382 singularem
3446 4331 3574 4385 apo-

1995 4393 2237 4445 stolicam
2266 4393 2425 4443 vitam
2456 4401 2511 4444 et
2536 4392 2863 4450 societatem;
2900 4389 2976 4442 sic
3001 4404 3094 4441 vos
3124 4389 3289 4455 iuvet,
3322 4396 3377 4437 ut
3403 4386 3573 4438 cdatis

1995 4476 2158 4527 Super
2183 4476 2418 4513 mensam
2461 4461 2510 4511 in
2554 4473 2718 4524 regno
2763 4459 2930 4510 Patris
2960 4459 3059 4511 sui.
3093 4458 3313 4510 l‘ensate
3355 4466 3529 4527 tamen
3554 4494 3571 4517 ,

1998 4525 2188 4582 fratres
2227 4531 2363 4587 mei,
2393 4527 2531 4595 quod
2576 4528 2825 4593 quamdiu
2874 4529 3189 4585 vixerimus,
3238 4528 3288 4579 in
3338 4525 3571 4591 periculo

1996 4599 2179 4666 grandi
2211 4599 2366 4665 positi
2394 4612 2596 4649 sumus.
2629 4596 2750 4649 Ideo
2776 4598 2841 4649 de
2874 4598 3025 4651 huius
3064 4599 3175 4649 suis
3215 4610 3371 4650 acino
3394 4595 3573 4666 conti-

1998 4663 2121 4728 dat;
2164 4663 2255 4719 sed
2302 4668 2529 4735 cogitet,
2562 4666 2697 4719 sicut
2738 4667 2863 4720 dicit
2920 4663 3405 4736 Apostolus,quod
3458 4678 3571 4736 runt

1998 4737 2107 4804 quis
2134 4729 2393 4789 existimaf
2419 4754 2470 4789 se
2507 4745 2638 4789 stare
2659 4777 2672 4797 ,
2705 4746 2873 4789 cureut
2904 4729 3135 4787 nomith
3164 4734 3202 4802 (Ι
3232 4729 3348 4784 cor.
3381 4746 3432 4791 κ,
3463 4729 3573 4799 1‘2).

1998 4805 2297 4873 Numquid,
2329 4806 2521 4860 fratres
2549 4807 2671 4864 mei,
2705 4822 2808 4859 non
2840 4805 3046 4859 Lucifer
3074 4804 3152 4856 sic.
3174 4806 3454 4873 decoratus
3479 4816 3573 4873 ce-

1999 4871 2168 4930 cidit?
2188 4875 2448 4944 Numquid
2470 4880 2581 4930 non
2611 4878 2765 4928 etiam
2796 4876 3117 4944 Potrus;_aut
3142 4875 3230 4938 qui
3252 4874 3400 4944 inter
3424 4871 3580 4944 disci-

2004 4946 2154 5008 pulos
2185 4939 2395 5000 Christo
2424 4947 2729 4998 familiarior
2748 4943 2950 4997 ludas?
2983 4942 3050 4995 Et
3080 4943 3200 5009 quia
3233 4942 3298 4995 de
3320 4956 3376 4992 se
3405 4939 3577 4993 eonfi-

2005 5016 2161 5068 tcndn
2182 5059 2195 5077 ,
2224 5033 2319 5069 nec
2348 5020 2396 5068 in
2426 5018 2565 5069 bono
2592 5015 2977 5082 perseverando
3001 5015 3315 5080 permansit;
3344 5011 3535 5063 cecidit
3561 5051 3578 5075 ,

2003 5095 2055 5137 ct
2084 5088 2316 5155 crepuit,
2344 5096 2398 5138 ct
2441 5096 2679 5136 mortuus
2720 5092 2841 5155 est._
2868 5083 3069 5155 Rogale
3094 5154 3097 5155 ν
3125 5086 3310 5151 igitur,
3345 5083 3534 5134 fratres
3563 5120 3576 5142 ,

2006 5155 2151 5209 illum
2178 5153 2299 5208 sine
2328 5155 2478 5221 cujus
2510 5156 2779 5206 voluntate
2818 5153 2998 5205 folium
3027 5154 3232 5205 arboris
3263 5166 3365 5203 non
3394 5166 3574 5221 move-

2008 5236 2122 5288 tur,
2152 5235 2209 5278 ut
2251 5220 2416 5288 usque
2455 5226 2505 5276 in
2549 5224 2703 5275 liuent
2738 5224 2915 5276 taliter
2942 5238 3033 5275 vos
3077 5224 3127 5275 in
3172 5224 3266 5273 hac
3298 5220 3580 5272 solitudine

2008 5307 2185 5361 regat,
2210 5306 2259 5347 et
2280 5295 2499 5359 dirigat,
2538 5304 2593 5346 ut
2619 5293 2753 5347 eatis
2777 5303 2829 5344 et
2857 5294 3079 5345 fructum
3109 5291 3362 5352 alfcratis,
3390 5300 3443 5361 et
3474 5288 3585 5340 fru-

2008 5359 2125 5420 ctus
2164 5375 2340 5417 vester
2382 5372 2611 5416 maneat.
2658 5366 2842 5416 Amen.
2880 5364 2991 5415 Non
3033 5362 3315 5415 tnrliemiui
3343 5402 3354 5418 ,
3390 5359 3582 5412 fratres

2008 5434 2357 5495 dilectissimi,
2390 5433 2431 5485 si
2461 5434 2724 5500 compello
2752 5448 2846 5486 vos
2877 5435 3054 5485 vinum
3080 5433 3257 5484 bibere
3279 5472 3292 5490 ,
3318 5440 3371 5484 ct
3397 5444 3584 5500 panem

2012 5506 2167 5559 tritici
2190 5518 2309 5557 cum
2344 5505 2477 5556 lictis
2504 5499 2692 5573 butyro
2722 5504 2905 5573 mixtis
2930 5502 3088 5573 simul
3125 5501 3423 5555 comedere.
3452 5499 3584 5573 Nam

2013 5575 2263 5626 hodierna
2304 5574 2387 5626 die
2416 5570 2680 5626 credimus
2722 5571 2908 5625 Filium
2957 5572 3185 5626 hominis
3229 5570 3589 5624 resurrexisse

2011 5659 2041 5696 a
2087 5643 2347 5704 mortuis;
2397 5644 2513 5696 ideo
2552 5644 2781 5711 gaudere
2827 5653 2880 5696 et
2919 5644 3120 5711 cpulari
3163 5652 3407 5708 oportet,
3463 5642 3586 5706 quia
3638 5704 3639 5707 η

2015 5714 2179 5765 frater
2218 5724 2397 5766 nostcr
2441 5726 2680 5765 mortuus
2725 5714 2892 5766 fuerat
2938 5723 2990 5767 ct
3043 5711 3269 5769 revixit;
3319 5711 3587 5779 perierat,

2013 5792 2066 5837 ει
2103 5783 2344 5838 intentus
2381 5792 2480 5837 cst.
2528 5783 2606 5837 Ad
2651 5798 2887 5839 utcusmi
2936 5800 3064 5853 ergo
3108 5783 3420 5837 accedentes
3468 5793 3585 5832 cum

4089 1328 4091 1393 l

4090 1434 4091 1487 l
