4100 6344
562 363 703 420 1315

563 473 845 543 nuptiales.
862 470 916 526 in
945 470 1135 540 quibus
1155 461 1485 543 vestimentis
1511 463 1681 519 ornati
1713 476 1833 543 esse
1858 460 2135 543 debemus.

562 539 804 611 cymbala
825 551 881 596 et
905 539 1076 605 tubas,
1105 554 1406 609 organaque
1433 539 1567 591 bene
1593 539 1849 611 sonantia
1862 542 2135 611 sonantes.

614 600 691 668 inc
718 614 859 667 enim
902 623 1025 665 sunt
1055 600 1405 663 instrumenta
1444 620 1563 670 qua:
1602 603 1653 655 in
1685 602 1881 670 nuptiis
1910 600 2138 669 quadra-

562 682 913 753 gesimalibus
932 694 1121 753 sonare
1146 679 1419 753 debemus.
1445 671 1577 729 Nam
1606 673 1797 753 primo.
1819 671 2015 753 vestire
2039 685 2138 753 nos

565 740 822 808 debemus
867 750 1150 805 virtutibus
1194 746 1431 811 sanctis,
1482 740 1792 811 exspoliatis
1832 740 1995 807 vitiis.
2039 741 2141 795 Se-

565 824 763 887 cundo,
793 820 1091 892 cymbalum
1125 815 1468 892 percutienda
1494 822 1705 883 pectora
1741 828 1836 879 per
1858 812 2141 892 contritio-

569 911 690 948 nent
717 881 909 945 sonare
948 881 1221 945 debemus.
1265 886 1446 941 Tertio
1471 881 1571 947 .Vut
1612 896 1882 952 prazeones
1910 881 2143 952 clamare

566 965 822 1017 debemus
847 1002 862 1022 .
892 968 1138 1030 sugentes
1187 957 1359 1030 ubera
1379 950 1621 1030 vocando
1657 952 1901 1021 parvulos
1929 959 1987 1030 ut
2010 950 2148 1019 jeju-

572 1048 702 1087 nare
731 1032 936 1085 discant
957 1022 983 1094 ξ
1006 1045 1158 1083 senes
1202 1034 1255 1079 ut
1290 1026 1531 1095 jejnuare
1575 1022 1801 1095 doceant
1831 1037 1843 1072 :
1874 1022 2147 1095 quiaccce

570 1117 711 1156 nunc
742 1090 966 1165 tempus
996 1090 1317 1167 acceptabile
1342 1090 1359 1159 ζ
1380 1108 1523 1167 ecce
1551 1106 1693 1167 nunc
1729 1090 1843 1167 dies
1881 1092 2151 1167 gratiasct

572 1173 778 1234 salutis.
803 1161 927 1223 ecce
952 1168 1067 1222 dies
1091 1161 1438 1228 remissionis,
1464 1178 1590 1217 cccc
1613 1161 1727 1234 dies
1747 1161 2141 1234 satisfactiouis.

573 1242 655 1297 Tu
685 1231 832 1309 ergo,
866 1239 1063 1309 inique.
1097 1236 1371 1309 quilongo
1403 1245 1642 1302 tempore
1671 1231 1931 1309 dormisti,
1965 1245 2144 1309 surge,

574 1301 843 1365 memento
885 1301 1025 1362 unde
1053 1301 1330 1361 cecideris
1348 1348 1364 1371 ,
1394 1313 1449 1358 et
1489 1301 1583 1372 age
1630 1301 1991 1371 pmuitentiam
2021 1302 2146 1353 dum

583 1392 792 1449 tempus
817 1379 999 1440 habes,
1033 1378 1157 1430 dum
1186 1390 1346 1449 sanus
1369 1389 1445 1437 es,
1472 1372 1596 1427 dum
1623 1386 1847 1449 peccare
1877 1379 2061 1449 potes;
2095 1379 2151 1422 ut

573 1440 792 1505 non-ex
846 1449 1056 1510 timore.
1109 1444 1203 1502 sed
1251 1461 1315 1498 ex
1361 1459 1543 1497 amore
1588 1442 1816 1495 videaris
1869 1440 2147 1508 ptenitcre.

577 1520 763 1575 Omnis
786 1520 926 1571 enim
949 1558 962 1575 .
991 1516 1179 1569 fratres
1221 1514 1344 1580 mei,
1377 1514 1465 1583 qui
1497 1511 1980 1583 perprteuitentiam
2007 1510 2150 1583 delc-

575 1591 713 1643 verit
739 1597 949 1657 peccata
981 1601 1075 1639 sua
1101 1628 1115 1651 ,
1142 1586 1250 1657 jam
1288 1580 1539 1657 angelicie
1578 1580 1847 1657 felicitatis
1890 1580 2153 1657 particeps

575 1669 677 1713 est.
710 1650 823 1728 Ipsa
856 1672 1082 1728 namque
1103 1650 1415 1728 jxeuitentia
1456 1662 1539 1708 est
1563 1650 2005 1728 medicamentum
2036 1650 2154 1701 vul-

578 1719 760 1791 neris',
788 1741 911 1797 Spes
955 1719 1181 1797 salutis,
1214 1739 1307 1797 per
1331 1730 1835 1797 quamupeecatores
1862 1719 2151 1797 salvantur,

579 1814 676 1870 per
711 1789 867 1867 quam
917 1796 1071 1870 Deus
1098 1789 1176 1849 ad
1199 1789 1617 1870 misericordiam
1648 1791 1966 1870 inclinatur.
2020 1789 2153 1842 Dum

577 1858 753 1922 autem
798 1865 1163 1939 paenitentiam
1191 1906 1205 1927 .
1238 1864 1426 1939 fratres
1452 1905 1465 1927 ,
1500 1858 2010 1939 feceritis‘._fundi.te
2060 1874 2155 1928 pro

602 1928 812 1992 ieccatis
853 1939 1114 2001 lacrymas
1154 1934 1330 1989 cordis
1373 1941 1424 1987 et
1450 1930 1711 2001 corporis.
1742 1928 2027 2001 Numquid
2052 1945 2154 1981 non

602 1956 812 1992 )eCC'JllS
853 1956 963 1990 tacr
1002 1956 1114 1989 tuas
1154 1956 1330 1989 curtus
1373 1956 1424 1987 Ct
1450 1956 1711 2001 CUI'IH'I'ID.
1743 1956 2015 1998 uuutqmu.
2054 1956 2154 1981 null

581 1956 945 2077 iacrymando.
966 1956 1161 2077 irptres
1190 2003 1319 2077 mei,
1344 2002 1532 2057 Petrus
1557 2018 1583 2053 a
1612 2000 1821 2077 Christo
1845 2000 2157 2077 respicitur?

580 2067 833 2145 nuniquid
863 2092 967 2129 non
1014 2073 1171 2129 Maria
1204 2074 1412 2145 veniam
1461 2068 1740 2145 meretur?
1770 2067 2023 2145 numquid
2053 2083 2156 2120 non

580 2138 780 2201 Martha
826 2145 1074 2210 laerymis
1121 2143 1372 2198 sanatur?
1416 2139 1669 2210 numquid
1704 2154 1813 2210 non
1858 2138 2155 2195 Chaunum.)

580 2216 901 2271 exauditur?
940 2207 1203 2281 Numquid
1249 2226 1355 2266 non
1393 2207 1625 2281 Lazarus
1653 2207 1718 2263 ad
1747 2210 1908 2281 vitam
1933 2223 2157 2281 revoca-

581 2286 708 2340 tur?
732 2286 874 2340 Lava
899 2300 1027 2354 ergo
1058 2278 1243 2339 faciem
1270 2290 1324 2335 tu
1364 2284 1452 2351 qui
1482 2280 1638 2354 hodie
1666 2278 1854 2348 incipis
1873 2278 2156 2354 jejunare,

582 2357 832 2423 lacrymis
866 2350 1087 2423 percute
1131 2362 1347 2423 pectus,
1386 2350 1567 2423 exulta
1598 2364 1780 2402 vocem
1820 2360 1960 2423 tuam
1991 2350 2161 2423 conli-

583 2416 764 2489 tentlo.
796 2434 849 2478 et
868 2416 1233 2476 annuntiando
1259 2420 1520 2475 sacerdoti
1546 2426 1761 2488 peccata
1789 2427 1898 2472 tua.
1930 2416 2121 2472 Audite
2144 2459 2159 2482 ,

582 2494 794 2553 fratres.
826 2493 950 2561 qttid
983 2493 1144 2561 David
1175 2506 1269 2561 per
1296 2489 2157 2561 confessionentcopseeutuscst.

581 2562 715 2629 Quid
747 2562 820 2615 ait
845 2555 1014 2626 .nisi,
1040 2555 1250 2614 Peccavi
1296 2557 1554 2629 Domina?
1583 2557 1647 2611 Et
1672 2555 1876 2610 Nathau
1908 2555 2162 2625 propheta

581 2627 693 2696 ait,
743 2630 789 2684 0
840 2630 1022 2690 David,
1071 2629 1322 2684 transtulit
1379 2627 1515 2681 Dens
1569 2635 1825 2694 peccatum
1867 2635 2080 2696 tuumAa
2119 2636 2165 2680 te

584 2702 604 2767 (
625 2694 819 2771 ιιιιρρ.
848 2716 943 2764 xtt,
974 2701 1099 2765 15).
1121 2699 1314 2755 Cavete
1341 2706 1538 2771 tamen,
1558 2697 1880 2771 _fratres._ne
1900 2694 2164 2771 confessio

581 2764 652 2825 Sit
676 2764 822 2835 Safll,
850 2771 936 2839 qui
968 2764 1276 2839 redargulus
1299 2782 1330 2839 ξι
1361 2768 1607 2821 Samttele
1633 2764 1990 2839 superbiendo
2009 2766 2161 2839 dixit.

584 2834 817 2895 Peccavi.
850 2834 947 2907 Qui
992 2834 1167 2894 statim
1211 2836 1396 2892 audire
1443 2834 1983 2907 meruitLTranstulit
2028 2834 2165 2907 Dens

583 2928 790 2981 regnum
810 2904 957 2981 tuam
985 2928 1016 2962 (ι
1050 2910 1145 2981 ις(
1172 2908 1193 2962 ι
1217 2908 1349 2981 Reg.
1395 2922 1466 2960 xv
1489 2947 1505 2973 ,
1535 2907 1605 2981 24
1628 2946 1642 2968 .
1668 2906 1738 2959 28
1756 2905 1799 2981 )ἶ
1829 2905 1919 2981 Sic
1944 2917 1997 2981 et
2034 2904 2167 2981 dixit

582 2974 765 3045 .lu'das,
800 2979 1007 3033 Peccavi
1037 2974 1259 3043 (nam.
1296 2974 1474 3040 xxvu.
1504 2979 1568 3046 t)
1594 3017 1607 3039 .
1636 2992 1741 3030 non
1768 2974 2000 3030 dolendo
2022 3017 2037 3040 ,
2071 2976 2163 3028 sed

570 3050 895 3107 .diliidendo.
922 3051 1011 3104 Sic
1036 3059 1091 3104 et
1114 3048 1263 3113 Cain,
1297 3046 1466 3117 Major
1490 3056 1563 3117 est
1589 3046 1831 3117 iniquitas
1856 3060 1987 3111 mea,
2014 3061 2166 3113 quant

582 3130 639 3172 ut
668 3120 861 3173 veniam
888 3136 1079 3173 merear
1104 3117 1269 3187 (Gen.
1310 3115 1390 3179 tv.
1427 3115 1550 3239 l5).
1577 3115 1715 3184 Ergo
1739 3156 1754 3178 ,
1788 3117 1978 3170 fratres
2001 3155 2017 3179 ,
2043 3130 2165 3169 cum

594 3190 861 3239 ieiunatis.
894 3188 1053 3239 facies
1082 3198 1286 3239 vestras
1307 3188 1478 3239 lavate
1525 3186 1773 3239 acrvmis.
1800 3194 1959 3239 caput
1988 3186 2165 3239 unaite

589 3190 861 3255 jejunatis.
894 3188 1053 3243 facies
1082 3186 1286 3241 vestras
1307 3188 1478 3240 lavate
1505 3186 1773 3257 lacrymis,
1800 3194 1959 3257 caput
1988 3186 2167 3253 ungite

585 3259 854 3321 Clu-istum
884 3300 897 3318 .
944 3260 1031 3327 qui
1084 3267 1242 3324 caput
1290 3256 1751 3327 cunctorum’est.
1813 3256 1995 3327 Ipsum
2037 3268 2167 3327 ergo

587 3340 786 3396 ungue,
806 3324 1009 3383 scilicct
1029 3330 1147 3380 oleo
1166 3326 1562 3387 misericordiae,
1582 3327 1949 3396 electttosyuas,
1966 3324 2164 3390 dando,

583 3407 638 3451 ct
665 3395 820 3451 verba
849 3398 1184 3451 contritionis
1197 3395 1494 3459 clamando,
1518 3395 1879 3458 Peccavimus,
1920 3396 2161 3456 Domine.

586 3470 681 3522 sed
710 3471 980 3522 miserere.
1017 3468 1081 3521 Et
1109 3469 1188 3519 sic
1234 3467 1373 3519 uncti
1396 3468 1604 3523 critnns
1630 3482 1658 3517 a
1688 3463 1898 3517 Christo
1926 3464 2044 3516 oleo
2073 3464 2167 3517 la:-

586 3540 736 3593 titiw.
764 3539 850 3592 Sic
878 3548 1088 3590 unctum
1125 3536 1285 3590 David
1316 3535 1536 3604 legimus
1558 3574 1573 3599 ,
1603 3537 1681 3588 sic
1706 3543 1919 3587 unctum
1953 3534 2165 3588 Petrum

584 3619 639 3661 et
681 3610 893 3661 Mariam
945 3607 1334 3676 prospicimus.
1367 3606 1444 3658 sic
1474 3614 1660 3676 unctos
1691 3606 1928 3676 volentes
1957 3620 2169 3667 semper

585 3674 951 3746 spectavimus
968 3674 1178 3731 fratres.
1203 3674 1305 3730 Sed
1330 3676 1447 3747 qttis
1475 3675 1632 3747 dicet.
1659 3675 1938 3747 Quomodo
1953 3690 2133 3747 tinget:
2151 3704 2166 3714 υ

582 3744 683 3801 dus
711 3758 792 3799 cst
842 3749 1014 3801 Deus?
1057 3748 1101 3801 Ο
1152 3744 1395 3814 peccatur
1422 3786 1434 3804 .
1468 3746 1598 3798 vade
1648 3746 1818 3813 primo
1856 3744 1921 3796 ad
1952 3744 2165 3797 Mariam

514 3830 519 3835 ‘
589 3819 956 3885 peccatricem.
991 3816 1104 3882 Ipsa
1134 3816 1276 3870 enim
1304 3815 1448 3867 unxit
1477 3816 1657 3885 pedes.
1689 3823 1742 3866 et
1773 3826 1953 3885 postea
1984 3822 2162 3880 caput,

585 3882 789 3941 scilicet
838 3889 1089 3949 animam,
1122 3896 1175 3940 et
1204 3894 1381 3954 postea
1410 3883 1664 3938 accedere
1695 3883 1863 3954 potuit
1892 3882 1956 3954 ad
1984 3894 2165 3954 caput.

581 3956 713 4011 Nam
739 3962 780 4009 si
812 3964 979 4025 prium
1013 3952 1260 4027 lacrymis
1289 3954 1484 4008 Christi
1520 3954 1679 4027 pedes
1706 3967 1809 4007 non
1842 3952 2076 4027 lavisset,
2102 3953 2167 4006 ad

583 4038 742 4094 caput
784 4020 981 4081 Christi
1027 4020 1283 4082 accedere
1333 4024 1576 4093 tingendo
1626 4038 1751 4094 :tttSa
1807 4040 1909 4076 non
1958 4020 2164 4094 fuisset.

583 4092 725 4164 Ergo
753 4112 967 4150 nece~se
995 4107 1077 4149 est
1121 4099 1291 4164 primo
1317 4094 1383 4147 ad
1414 4092 1589 4164 pedes
1635 4093 1895 4163 lacrymas
1922 4092 2164 4159 fundere,

582 4176 637 4217 et
662 4162 843 4233 postea
881 4168 945 4217 ad
974 4162 1169 4217 Christi
1210 4176 1369 4233 caput
1404 4162 1679 4216 accedere.
1714 4162 1914 4233 Scitote
1949 4172 2123 4215 tamen
2148 4203 2165 4228 ,

584 4231 776 4287 fratres
799 4236 921 4295 mei,
952 4234 1091 4302 quod
1120 4235 1217 4286 nisi
1252 4231 1475 4302 inimicis
1494 4232 1693 4302 vestris
1720 4231 1882 4285 corde
1912 4248 2168 4300 peperce-

583 4305 721 4365 ritis,
746 4305 920 4356 omnia
947 4301 1063 4371 quzc
1090 4303 1265 4372 agilis,
1298 4301 1410 4354 sive
1433 4301 1704 4372 jejunetis.
1728 4302 1839 4353 sive
1866 4302 2169 4372 electuosy-

583 4389 704 4427 nam
734 4374 870 4427 detis
894 4413 908 4438 ,
942 4370 1053 4427 sive
1080 4370 1255 4425 «nantia
1286 4387 1405 4440 qua:
1433 4371 1564 4422 bona
1598 4380 1721 4440 sunt
1747 4370 1914 4440 agatis
1940 4411 1953 4434 ,
1984 4370 2167 4425 omnia

583 4459 713 4497 vana
743 4453 883 4501 sunt.
915 4453 965 4495 et
994 4444 1130 4495 servi
1159 4439 1371 4495 inutiles
1399 4444 1548 4501 estis.
1580 4439 1677 4493 nisi
1711 4439 1950 4507 proximo
1976 4456 2169 4510 peper-

581 4514 786 4567 ceritis.
809 4513 911 4566 Sed
936 4513 1141 4570 dicetis.
1173 4513 1281 4580 Ego
1308 4526 1523 4580 parcere
1546 4510 1759 4563 inimico
1781 4526 1882 4563 non
1913 4525 2123 4579 possunt
2151 4530 2162 4564 :

581 4599 647 4636 ex
677 4600 779 4650 quo
809 4598 937 4650 ergo
965 4584 1089 4635 mihi
1124 4584 1258 4635 bona
1288 4598 1389 4635 nou
1418 4583 1592 4633 valent
1621 4581 1735 4633 sine
1766 4582 1883 4641 hoc.
1912 4598 1998 4636 me
2026 4581 2167 4634 aflli-

581 4668 705 4719 [tere
729 4653 1042 4721 jejunando.
1073 4653 1207 4706 bona
1229 4651 1617 4713 distribuendo,
1645 4666 1749 4704 non
1777 4653 2004 4722 amplius
2020 4654 2162 4705 Volo.

582 4723 694 4789 ligo
722 4735 896 4776 autem
924 4724 1043 4776 dico
1068 4724 1239 4786 vobis.
1269 4722 1523 4775 Dimittite
1543 4763 1556 4785 .
1585 4730 1640 4774 ut
1665 4722 1961 4775 dimittatur
1992 4724 2161 4776 vobis.

582 4792 790 4845 Nullqu
816 4804 987 4846 tamen
1018 4794 1213 4847 malum
1240 4791 1577 4861 impunitum.
1608 4806 1704 4844 nec
1726 4792 1935 4860 aliquod
1967 4794 2161 4846 bonum

583 4864 1022 4916 irremuneratum
1052 4862 1345 4916 remanebit
1373 4861 1510 4931 apud
1543 4861 1731 4925 Deum,
1754 4864 1843 4930 qui
1871 4864 2017 4916 novit
2040 4865 2165 4917 abs-

581 4934 792 4984 condtta
824 4934 1002 4986 cordis
1027 4942 1368 4987 cunctorum.

1166 5021 1395 5078 SEliMO
1422 5018 1578 5075 XLII.

900 5132 967 5171 DE
994 5130 1115 5169 \‘lTA
1139 5130 1207 5169 ΕΤ
1237 5126 1457 5169 ιιοιιιιιυς
1484 5127 1840 5167 ειειιιεοιιυιι.

650 5204 866 5261 Fratres
893 5206 1216 5270 charissitui,
1246 5213 1463 5258 sanctus
1490 5204 1576 5258 ille
1612 5204 1871 5258 Jeremias
1906 5205 2159 5259 conside-

576 5291 703 5330 rans
732 5277 1068 5331 sacerdotum
1093 5287 1146 5330 et
1174 5276 1512 5345 pra-latorum
1530 5276 1936 5345 negligentiam,
1957 5276 2159 5330 lamen-

580 5348 765 5401 tabiles
794 5362 951 5403 voces
978 5342 1226 5403 eminens
1254 5345 1487 5409 dicebat,
1523 5342 1733 5398 Parvuli
1768 5347 2017 5415 petierunt
2061 5364 2155 5415 pa-

576 5433 710 5480 rtem,
733 5428 779 5471 et
804 5434 904 5472 non
930 5427 1020 5481 est,
1052 5433 1143 5471 nec
1159 5426 1263 5470 erat
1277 5416 1362 5485 qui
1380 5417 1629 5485 frangeret
1646 5415 1716 5469 eis
1744 5414 1956 5486 (Thren.
1981 5414 2151 5485 mit).

575 5487 850 5542 Clamabat
891 5503 1017 5557 ergo
1079 5487 1372 5551 Jeretnias,
1418 5486 1684 5557 aspiciens
1738 5488 2150 5541 destructionetn

575 5569 771 5609 saucue
801 5556 1059 5621 Civitatis,
1097 5559 1362 5625 plorat'et
1416 5556 1733 5609 lamentatur
1782 5558 2150 5612 crudelitatem

576 5635 822 5697 matrum.
868 5640 1070 5697 patrum
1096 5638 1148 5683 et
1179 5636 1469 5697 pastorum,
1504 5627 1589 5694 qui
1616 5627 1872 5681 devorant
1920 5630 2054 5682 lilios
2097 5631 2147 5680 in

577 5696 892 5762 perditione.
931 5699 1017 5750 V.e
1045 5696 1192 5752 vobis
1214 5697 1511 5765 pastoribus
1542 5697 1719 5758 lsrat-l.
1749 5699 1837 5764 qui
1870 5699 2007 5765 quod
2032 5700 2149 5765 piu-

574 5782 675 5835 gue
701 5778 814 5821 erat
835 5770 1158 5835 coutcdistis,
1182 5768 1320 5838 quod
1348 5766 1674 5821 confractum
1720 5778 1833 5822 erat
1864 5786 1964 5821 non
2009 5788 2140 5822 con-

2011 348 2374 405 APPENDiX.
2396 390 2411 395 ..

3688 350 3825 407 im

2250 463 2536 530 solidastis,
2564 464 2704 534 quod
2731 478 3014 521 erroneum
3037 472 3154 520 erat
3183 480 3287 519 non
3322 464 3635 530 revocastis.
3683 466 3825 534 quod

2251 536 2515 588 infirmum
2558 545 2673 590 erat
2709 553 2812 589 non
2857 534 3103 596 sanastis.
3135 536 3275 605 quod
3305 536 3501 590 nudum
3557 546 3673 590 erat
3722 555 3825 590 non

2248 606 2598 673 coeperuistis
2644 605 2851 674 (Ezech.
2881 622 3061 670 xxxiv,
3089 605 3126 659 2
3144 636 3170 646 -
3190 606 3264 675 ι).
3294 606 3338 660 0
3366 606 3575 671 fratres,
3608 606 3718 675 lupi
3741 622 3826 661 ra-

2252 691 2408 747 paces
2437 675 2594 729 hodie
2624 675 2745 747 facti
2774 690 2977 747 sumus,
3004 676 3263 747 justitiam
3295 687 3696 747 postponentes,
3729 692 3823 732 ve-

2252 745 2458 799 ritatem
2488 757 2539 799 et
2567 745 2980 817 misericordiam
3010 746 3332 817 ignorantes.
3364 746 3563 800 Cavete
3590 761 3722 814 ergo
3763 764 3828 802 ne

2250 817 2400 867 vobis
2436 817 2689 869 Dominus
2712 815 2866 870 hodie
2891 815 3053 882 dicat,
3096 816 3527 884 Dispensatorem
3576 826 3628 869 te
3678 818 3829 884 posui

2250 900 2410 951 super
2448 887 2697 940 familiam
2743 901 2936 951 meam,
2967 894 3021 940 et
3049 895 3102 938 tu
3133 901 3320 952 panem
3360 886 3441 941 eis
3467 902 3573 940 nou
3602 887 3827 954 fregisti.

2250 956 2367 1011 Non
2388 971 2515 1025 ergo
2536 956 2889 1023 dispensator,
2909 956 3002 1009 sed
3022 956 3339 1024 dissipator;
3364 972 3469 1010 non
3498 958 3824 1024 speculator,

2252 1026 2344 1081 sed
2376 1027 2681 1094 spiculator.
2709 1025 2752 1080 Ο
2781 1042 2934 1080 serve
2967 1040 3213 1094 nequam.
3244 1026 3447 1081 mittam
3493 1037 3544 1080 te
3572 1027 3628 1080 in
3677 1034 3830 1080 tene-

2253 1096 2376 1151 bras
2403 1098 2716 1161 exteriores,
2746 1094 2993 1164 quoniam
3028 1096 3173 1162 pueri
3208 1096 3282 1149 tui
3321 1096 3591 1163 petierunt
3612 1095 3705 1151 tibi
3739 1111 3831 1163 pa-

2255 1182 2395 1227 nem.
2428 1182 2526 1221 nec
2550 1166 2642 1219 fuit
2664 1166 2751 1234 qui
2796 1165 3063 1234 frangeret
3095 1166 3193 1219 eis.
3222 1166 3422 1234 Itaque.
3454 1164 3668 1230 fratres,
3723 1167 3833 1221 dis-

2256 1237 2563 1291 tribuendos
2592 1247 2673 1291 est
2692 1236 2844 1305 panis
2864 1244 2916 1290 et
2934 1234 3253 1304 frangendus
3282 1235 3528 1301 subditis,
3546 1247 3831 1303 antequam

2254 1305 2394 1361 laute
2425 1316 2643 1388 pereant
2671 1325 2683 1358 :
2715 1323 2834 1359 nam
2874 1306 2917 1387 si
2950 1306 3282 1388 morientur,
3329 1305 3396 1359 de
3421 1307 3679 1388 inanibus
3733 1307 3835 1360 tuis

2256 1375 2470 1446 Sanguis
2514 1391 2697 1429 eorum
2739 1377 3064 1443 exquiretur.
3099 1375 3503 1430 Distribuendus
3535 1378 3714 1445 itaque
3752 1385 3835 1431 est

2259 1450 2408 1514 panis
2434 1447 2605 1500 omnis
2630 1446 2925 1499 sanctitatis
2962 1447 3339 1500 esurientibus.
3371 1446 3466 1500 Est
3505 1447 3673 1512 enim,
3726 1446 3835 1501 fra-

2256 1517 2842 1593 trestpanislautulus.
2871 1516 2959 1581 qui
2985 1514 3484 1593 distribuendus_est
3508 1527 3562 1570 et
3589 1516 3838 1593 [tangen-

2256 1585 2356 1640 dus
2385 1584 2532 1639 liliis.’
2575 1584 2667 1639 Est
2701 1595 2756 1639 et
2795 1586 2930 1656 alter
2970 1588 3120 1655 panis
3163 1585 3487 1651 immundus,
3522 1588 3613 1656 qui
3653 1584 3835 1643 distri-

2259 1656 2500 1710 burudus
2520 1666 2596 1727 est
2626 1656 2815 1709 servis.
2844 1654 3000 1727 fSunt
3031 1657 3191 1711 etiam
3238 1657 3322 1711 isti
3366 1654 3835 1727 panesﬁwnjuncti

2261 1727 2311 1780 in
2340 1727 2499 1780 domo
2528 1726 2642 1787 Dei.
2675 1727 2811 1778 sicut
2842 1726 2907 1796 iu,
2935 1741 3056 1796 area
3086 1726 3253 1796 paleae
3294 1726 3414 1781 cum
3457 1728 3661 1795 granis.
3702 1728 3838 1783 Tres

2261 1806 2436 1850 tamen
2464 1812 2625 1864 panes
2647 1796 2871 1864 legimus
2900 1795 2953 1849 in
2974 1795 3265 1866 Scriptura.
3314 1812 3478 1866 panes
3523 1796 3837 1858 Pharaonis.

2260 1866 2562 1929 oblationis,
2584 1875 2645 1937 et
2674 1866 3069 1934 propositionis.
3103 1867 3261 1920 Primi
3282 1880 3405 1920 sunt
3438 1867 3579 1932 laici,
3616 1867 3838 1923 secundi

2261 1945 2386 1989 sunt
2413 1936 2737 2002 sacerdotes,
2774 1936 2911 1989 tertii
2942 1952 3067 1992 vero
3110 1947 3366 2005 pastores.
3400 1937 3570 1990 Panes
3598 1937 3837 1993 Pharao-

2264 2007 2345 2060 nis
2391 2006 2695 2060 dividuntur
2753 2008 2804 2060 in
2852 2017 2958 2059 tres
3008 2016 3202 2074 partes.
3254 2008 3304 2059 iu
3348 2009 3836 2073 concupiscentiam

2262 2077 2459 2139 carnis.
2513 2086 2564 2129 rt
2596 2076 3087 2144 concupiscentiam
3123 2078 3420 2137 oculorum.
3448 2084 3503 2129 et
3528 2079 3836 2144 superbiant

2265 2148 2402 2199 vitae.
2438 2147 2608 2201 Prima
2657 2158 2739 2199 est
2778 2147 3001 2202 luxuria.
3044 2163 3163 2216 qua:
3205 2156 3425 2201 enervat
3456 2163 3470 2198 :
3497 2147 3840 2203 secundaest

2264 2218 2502 2280 avaritia.
2529 2233 2646 2284 qua:
2672 2218 2871 2270 cruciat
2899 2236 2913 2271 :
2939 2218 3091 2270 tertia
3115 2227 3194 2270 est
3224 2217 3492 2283 superbia,
3524 2232 3647 2284 qua:
3695 2218 3838 2272 velut

2264 2289 2438 2341 vesica
2485 2288 2647 2340 inllat.
2706 2286 2930 2339 Luxuria
2970 2295 3052 2339 est
3102 2290 3373 2353 proferens
3424 2286 3839 2350 immunditiam.

2265 2358 2485 2412 avaritia
2526 2368 2609 2410 est
2655 2371 2915 2426 generous
2952 2356 3223 2426 invidiam,
3261 2357 3505 2423 Superbia
3536 2358 3678 2425 parit
3708 2357 3842 2425 inju-

2266 2428 2485 2480 stitiam.
2513 2425 2741 2489 Luxuria
2773 2436 2853 2479 est
2882 2440 3126 2495 premens
3157 2425 3422 2481 hominem
3463 2428 3600 2480 intra
3647 2442 3709 2482 se
3748 2442 3842 2496 per

2270 2498 2633 2563 pollutionem,
2664 2497 2881 2549 avaritia
2915 2506 3062 2551 extra
3106 2511 3165 2550 se
3207 2511 3301 2562 per
3353 2497 3708 2561 vacationem,
3755 2514 3841 2549 su-

2267 2567 2447 2636 perbia
2480 2584 2636 2636 supra
2663 2582 2721 2620 se
2752 2582 2844 2636 per
2866 2567 3165 2620 elationem.
3195 2565 3422 2620 Luxuria
3466 2567 3719 2634 deprimit
3751 2568 3844 2620 lio-

2268 2639 2462 2690 miucm
2513 2638 2647 2690 intra
2684 2652 2763 2701 se,
2796 2638 2915 2703 quia
2957 2651 3076 2688 eum
3131 2637 3298 2688 factus
3349 2636 3517 2689 sit-ad
3559 2637 3841 2705 imaginem

2272 2707 2383 2771 Dei,
2418 2707 2556 2761 velut
2589 2722 2780 2776 porcus
2810 2708 2859 2759 iu
2886 2708 2993 2760 luto
3021 2706 3198 2760 vivere
3224 2707 3434 2774 quaerit.
3466 2707 3705 2760 Avaritia
3734 2719 3841 2761 tra-

2269 2776 2349 2829 hit
2377 2777 2641 2831 hominem
2668 2787 2814 2830 extra
2838 2791 2917 2841 se,
2945 2778 3063 2846 quia
3116 2788 3330 2845 propter
3372 2788 3581 2830 terrena
3628 2777 3845 2830 dimittit

2269 2849 2529 2901 rtelestia.
2559 2848 2815 2915 Superbia
2846 2848 3050 2900 extollit
3073 2862 3233 2915 supra
3276 2862 3354 2909 se.
3384 2856 3442 2900 ut
3465 2858 3627 2915 ponat
3652 2848 3703 2900 iu
3730 2862 3843 2900 (‘0'.-

2270 2917 2375 2970 lum
2406 2935 2467 2972 os
2505 2935 2680 2971 sumn.
2716 2917 2781 2970 Et
2825 2919 2921 2982 sic,
2954 2927 3127 2984 patres
3182 2928 3234 2971 et
3284 2918 3492 2977 fratres.
3548 2918 3710 2971 homo
3750 2935 3845 2985 per

2272 2987 2527 3042 luxuriam
2570 2988 2619 3041 in
2659 2989 2809 3041 vanis
2849 2988 2993 3057 eupit
3020 2986 3292 3049 delectari,
3326 3004 3420 3056 per
3469 2990 3747 3057 avaritiam
3792 2989 3842 3042 in

2272 3059 2592 3111 transitoriis
2643 3056 2929 3120 crmsnlari,
2982 3074 3075 3125 per
3106 3058 3406 3127 superbiam
3450 3056 3518 3109 de
3574 3057 3846 3126 impietate

2268 3128 2502 3196 gloriari.
2532 3128 2618 3182 Isti
2661 3136 2785 3183 sttnt
2834 3138 3091 3196 pastores.
3115 3144 3248 3197 quos
3277 3127 3533 3181 Dominus
3575 3129 3737 3194 ejet-it
3778 3131 3843 3182 de

2270 3200 2465 3266 templo
2513 3198 2802 3252 vendeutt-s
2849 3209 2901 3252 et
2946 3209 3203 3253 ementes.
3238 3198 3324 3251 Isti
3364 3209 3487 3251 sunt
3517 3199 3845 3267 quinquage-

2271 3270 2424 3330 narii.
2454 3270 2541 3338 qui
2570 3284 2665 3336 per
2690 3269 2855 3322 Elian:
2887 3269 3291 3321 comburuntur.
3322 3267 3411 3321 lsli
3455 3278 3577 3321 sunt
3609 3269 3684 3323 illi
3728 3267 3841 3321 falsi

2270 3341 2543 3410 propinene
2569 3340 2742 3393 vestiti
2772 3339 2996 3407 pellibus
3020 3340 3268 3407 caprinis,
3299 3338 3567 3410 quietiam
3598 3339 3843 3392 intrinseo

2270 3409 2513 3462 cus'suut
2544 3410 2649 3477 lupi
2683 3424 2920 3472 rapaces.
2958 3409 3097 3476 Ergo
3125 3423 3220 3461 nos
3261 3409 3348 3475 qui
3378 3418 3622 3475 pastores
3665 3425 3843 3461 sumus

2269 3480 2545 3537 nominati.
2575 3481 2836 3532 luxuriam
2860 3480 3160 3547 fmugamus
3183 3494 3276 3547 per
3299 3477 3697 3540 abstinentiam,
3723 3495 3844 3530 ava-

2272 3549 2444 3602 ritiam
2489 3549 2892 3619 submergainus
2942 3564 3038 3617 per
3082 3549 3496 3618 clcemosynam.
3540 3548 3843 3619 superbiam

2273 3618 2529 3686 fugiamus
2560 3635 2652 3686 per
2676 3616 3023 3671 humilitatem
3037 3628 3088 3671 ct
3107 3633 3200 3686 per
3226 3616 3551 3686 patientiam.
3581 3616 3715 3671 Nam
3744 3622 3844 3673 sic.

2273 3697 2328 3741 ιιι
2357 3690 2680 3757 impossibile
2707 3699 2787 3742 est
2814 3691 3107 3741 dauuoucm
3150 3690 3198 3740 in
3227 3689 3366 3740 malo
3410 3689 3735 3740 obstinatum
3760 3705 3845 3755 pa-

2273 3760 2504 3813 radisum
2532 3763 2749 3822 intrare;
2790 3761 2867 3812 sic
2898 3758 3223 3829 ἰιιιροεδίιιιιιι
3245 3770 3323 3810 est
3355 3759 3644 3811 luxuriosis
3673 3770 3846 3826 pasto.

2272 3830 2438 3894 ribus,
2466 3831 2638 3883 avaris
2666 3839 2721 3883 ct
2762 3827 3006 3896 superbis
3042 3827 3279 3881 subditos
3322 3839 3498 3881 castos
3536 3840 3590 3882 et
3620 3829 3844 3882 humiles

2270 3909 2325 3954 et
2376 3901 2542 3953 bonos
2586 3900 2781 3965 facere,
2813 3900 2934 3968 quia
2986 3913 3201 3951 necesse
3224 3908 3305 3951 cst
3334 3907 3390 3951 ιιι
3419 3900 3538 3951 talis
3577 3901 3649 3952 sit
3691 3914 3843 3968 grex.

2272 3971 2440 4037 qualis
2466 3972 2535 4023 sit
2558 3982 2611 4025 et
2641 3985 2755 4025 rex.
2782 3966 2876 4023 ESI
2915 3979 2969 4023 et
2991 3970 3126 4023 alius
3159 3970 3305 4035 panis
3335 3970 3642 4031 oblationis,
3688 3966 3845 4037 quem

2271 4040 2484 4108 quidem
2510 4057 2613 4096 non
2636 4042 2807 4095 solum
2831 4041 3091 4108 frangere,
3125 4039 3215 4092 sed
3246 4047 3300 4091 et
3327 4039 3434 4092 Deo
3459 4040 3656 4093 offerre
3680 4040 3842 4092 debe-

2272 4127 2410 4163 mus.
2442 4111 2604 4164 David
2634 4112 2863 4175 diccbat.
2898 4108 3058 4162 Intret
3102 4110 3262 4161 oratio
3302 4125 3411 4162 mea
3440 4110 3566 4161 sicut
3587 4110 3843 4162 incensum

2270 4198 2322 4233 in
2349 4191 2614 4252 conspectu
2642 4192 2726 4234 tuo
2748 4181 2915 4252 (Paul.
2947 4195 3071 4237 οη.
3099 4178 3184 4252 9.).-
3211 4178 3313 4233 lste
3343 4189 3423 4232 cst
3455 4180 3605 4247 panis
3636 4180 3841 4252 triplex.

2271 4252 2391 4319 quia
2414 4248 2584 4303 oratio
2607 4248 2765 4306 debet
2784 4267 2903 4304 esse
2928 4248 3344 4318 ampla,dcvcta
3374 4258 3427 4302 et
3458 4266 3605 4317 pura.
3634 4251 3842 4317 Ampla.

2273 4330 2329 4373 ut
2360 4336 2455 4389 pro
2477 4321 2724 4374 omnibus
2754 4322 2968 4391 rogetis,
2993 4323 3151 4374 etiam
3184 4335 3277 4388 pro
3317 4319 3767 4374 calumniantibus
3794 4331 3844 4372 et

2274 4392 2715 4459 persequentibus
2756 4408 2869 4446 vos:
2902 4391 3113 4451 devota.
3147 4401 3206 4443 ut
3250 4405 3352 4443 non
3382 4391 3603 4445 remisse
3634 4392 3841 4458 petatis.

2272 4461 2363 4515 sed
2412 4462 2622 4517 devnte.
2676 4473 2728 4515 et
2776 4462 2985 4515 dabitur
3032 4461 3181 4513 vobis
3231 4461 3713 4528 perseverantibus.
3744 4461 3842 4514 Sed

2271 4531 2410 4586 dicet
2430 4532 2568 4601 quis,
2592 4533 2773 4596 Qualis
2798 4533 2951 4584 debet
2973 4546 3091 4583 esse
3116 4531 3204 4599 qui
3234 4531 3386 4599 petit.
3411 4531 3535 4598 quid
3560 4541 3725 4599 petat.
3751 4546 3844 4600 pro

2270 4618 2377 4668 quo
2410 4613 2569 4669 petat,
2599 4612 2652 4655 ct
2680 4618 2707 4654 a
2738 4620 2840 4671 quo
2868 4601 3114 4670 petatur?
3151 4601 3203 4654 Si
3231 4601 3367 4669 petis
3385 4602 3555 4669 qualis
3589 4617 3719 4671 esse,
3748 4604 3816 4654 de

2270 4671 2417 4733 beas.
2450 4673 2673 4725 dicimus
2711 4670 2849 4741 quod
2897 4672 3064 4725 bonus
3099 4690 3112 4725 :
3141 4672 3262 4739 quia
3291 4671 3488 4741 scimus
3516 4672 3659 4739 quod
3708 4670 3844 4724 Deus

2271 4751 2576 4810 peccatores
2610 4759 2713 4795 non
2760 4741 2906 4795 audit
2935 4741 3029 4864 (ηε.
3058 4742 3160 4795 Sed
3205 4740 3337 4793 dicis
3365 4740 3489 4809 quid
3518 4750 3702 4805 petere
3750 4742 3841 4793 de-

2271 4811 2417 4864 beas.
2436 4812 2710 4864 dicounod
2736 4814 2890 4864 vitam
2919 4827 2981 4864 ve
3031 4814 3275 4864 meritum
3301 4811 3440 4864 vine.
3456 4810 3539 4863 vel
3553 4811 3841 4864 annrebcn-

2271 4811 2417 4874 beas.
2436 4812 2710 4880 dicoquotl
2736 4814 2890 4864 vitam
2919 4810 2998 4865 vel
3031 4814 3275 4865 meritqu
3301 4811 3440 4874 vitm,
3456 4810 3539 4863 vel
3553 4811 3842 4879 apprehcn~

2269 4883 2500 4936 dentiam
2531 4887 2835 4937 meritorum
2868 4888 3004 4936 vttzc.
3040 4882 3143 4935 Sed
3168 4882 3211 4933 si
3234 4881 3365 4933 dicis
3387 4896 3483 4950 pro
3527 4897 3635 4950 quo
3667 4896 3844 4949 petere

2268 4953 2482 5017 debeas,
2507 4953 2626 5006 dico
2654 4955 2791 5020 quod
2828 4967 2925 5021 pro
2955 4952 3089 5006 bene
3127 4960 3181 5005 et
3228 4952 3365 5004 male
3410 4951 3735 5014 viventibus,
3792 4961 3845 5001 ut

2270 5022 2438 5077 bonus
2493 5035 2813 5091 perseveret.
2870 5033 2924 5076 et
2971 5024 3140 5091 malus
3177 5032 3559 5075 convertatur:
3591 5037 3699 5074 non
3752 5036 3844 5089 pro

2267 5090 2607 5150 Sanctis.uon
2633 5110 2727 5162 pro
2748 5094 3029 5146 damnatis.
3057 5090 3185 5145 Nam
3212 5093 3299 5161 qtti
3327 5103 3442 5144 ora:
3463 5107 3557 5159 pro
3587 5101 3843 5162 martyre.

2267 5164 2512 5232 injuriam
2548 5163 2676 5217 facit
2720 5165 2935 5235 martyri
2962 5178 2984 5235 7:
3012 5172 3067 5216 et
3096 5164 3180 5231 qui
3230 5172 3357 5214 orat
3403 5178 3515 5235 pr0_
3554 5162 3842 5235 damnatis,

2266 5235 2566 5288 nullatenus
2602 5232 2923 5303 impetrabit.
2958 5234 3152 5288 Potens
3197 5244 3370 5303 tamen
3392 5242 3474 5303 est
3496 5233 3657 5296 Deus,
3692 5245 3747 5284 ut
3780 5232 3845 5284 de

2266 5304 2525 5374 lapidibus
2571 5302 2689 5358 istis
2730 5306 2855 5358 liaut
2879 5319 3059 5373 panes.
3085 5303 3188 5358 Sed
3216 5303 3258 5356 si
3287 5302 3511 5374 ulterius
3545 5303 3844 5374 adhucpc;

2266 5372 2331 5427 tis
2358 5391 2385 5428 a
2417 5391 2543 5443 quo,
2577 5376 2770 5429 dicitur
2794 5372 2932 5443 quod
2954 5390 2983 5426 a
3012 5374 3166 5427 Patre
3192 5373 3370 5426 omnia
3415 5381 3599 5440 petere
3624 5373 3687 5443 iu
3728 5372 3844 5425 Filii

2265 5442 2477 5498 nomine
2503 5446 2776 5505 debemus;
2805 5442 2858 5499 ct
2886 5445 2963 5497 sic
2989 5446 3098 5496 veri
3149 5453 3387 5510 pastores
3420 5444 3642 5496 erimus.
3673 5442 3770 5496 Est
3793 5452 3845 5493 et

2261 5518 2397 5569 altus
2428 5517 2596 5583 lanis,
2629 5518 2829 5569 scilicet
2860 5514 3267 5584 propitiationis.
3299 5514 3362 5565 Et
3383 5514 3481 5566 iste
3502 5522 3586 5566 est
3629 5514 3843 5583 triplex.

2320 5651 2397 5716 (α)
2429 5651 2716 5716 Adversatur
2740 5649 3207 5716 Augustinus,_traz~t.
3236 5646 3297 5716 ιι
3320 5647 3367 5694 in
3390 5653 3523 5695 Joan.
3558 5660 3611 5716 n_.
3653 5647 3729 5703 15,
3761 5646 3840 5716 ubi

2257 5709 2360 5762 lucc
2380 5709 2531 5761 verba
2569 5713 2636 5760 ait
2668 5723 2778 5759 esse
2815 5710 3023 5757 nondum
3052 5709 3299 5758 illuminati
3326 5723 3337 5756 ε
3382 5728 3403 5753 σι
3426 5716 3555 5765 Μαι,
3582 5709 3757 5772 inquit,
3792 5714 3840 5758 et

2263 5795 2287 5825 ι
2309 5782 2591 5838 prccawres
2613 5772 2809 5822 exaudit
2831 5780 2973 5820 Deus.
3003 5788 3023 5814 ιι
3358 5804 3364 5809 .
