4100 6344
500 305 638 363 1519

501 432 560 477 ιιι
586 435 683 475 nos
707 414 997 473 absolveret
1022 431 1036 477 ;
1066 414 1152 484 qui
1184 426 1280 482 pro
1324 411 1479 468 nobis
1530 409 1855 473 humiliatur,
1879 416 1939 461 ut
1984 422 2082 461 nos

440 522 453 527 ε
499 492 788 550 exaltaret;
819 488 909 555 qui
952 501 1046 552 pro
1076 486 1225 538 uohis
1249 484 1593 547 exSpoliatur,
1629 491 1685 533 ut
1727 494 1824 533 nos
1851 487 2078 555 tegeret;

450 613 453 617 .
500 562 589 629 qui
624 574 718 627 pro
742 548 891 610 nobis
917 548 1223 629 coronatur,
1249 564 1307 629 ut
1348 568 1446 606 nos
1476 559 1794 629 euroo-aret;
1822 550 1911 617 qui
1960 548 2082 629 felle

445 662 451 672 ι
501 619 554 683 et
580 619 729 683 aceto
761 637 990 697 potatur,
1024 634 1075 677 ιιι
1104 626 1261 697 nohis
1284 623 1457 697 fontes
1507 621 1786 674 mellilluos
1828 619 2078 697 aperiret.

432 696 441 738 Γ
501 700 719 754 Mortem
763 688 1011 765 sust-epit,
1041 706 1093 747 ιιι
1143 694 1293 747 nohis
1341 692 1499 745 vitam
1539 702 1791 765 aeternam
1836 688 2078 765 donaret,

503 771 742 834 sepultus
796 758 1003 825 est.'ut
1054 765 1377 831 sepulturam
1419 777 1653 834 suorum
1705 758 2077 834 benedice-ret;

503 830 743 893 ascendit
774 840 824 891 in
844 836 1057 897 ccelum,
1085 843 1140 887 ut
1161 834 1312 886 nobis
1332 833 1588 885 oculorum
1620 839 1799 898 portas
1818 830 2077 897 aperiret;

504 912 654 965 sedet
679 908 744 961 ad
770 908 1039 959 dexteram
1082 898 1169 956 Dei
1214 904 1404 965 Patris,
1438 910 1493 953 ut
1521 901 1848 954 credentium
1898 913 2082 966 preces

448 974 467 992 ’“
501 988 557 1033 et
585 988 703 1032 vota
748 977 1038 1031 exaudiret.
1068 975 1202 1026 Ecce
1230 987 1356 1040 ergo
1394 970 1460 1025 ad
1490 971 1614 1038 quid
1645 982 1795 1024 natus
1822 978 1904 1040 est
1930 968 2083 1022 Chri-

505 1058 643 1115 stus,
668 1063 792 1101 ecce
822 1057 1034 1115 propter
1062 1044 1185 1111 quid
1232 1039 1312 1095 adi
1346 1055 1443 1115 nos
1494 1039 2078 1115 discendit‘Christus.

462 1140 468 1187 ς
505 1109 641 1185 Quid
670 1109 1019 1187 igitur'agi'tis,
1048 1109 1202 1187 oivos
1230 1112 1409 1165 mundi
1438 1111 1743 1187 munitores?
1767 1109 1901 1187 Quid
1918 1110 2081 1187 _vobi_s

501 1178 624 1244 cum
651 1178 830 1250 carne,
859 1178 903 1239 6
924 1184 1253 1237 venerabiles
1280 1182 1473 1234 senes?
1502 1182 1545 1234 0
1586 1182 1808 1246 juvenes
1847 1178 2077 1243 delicati,

502 1258 627 1329 quid
658 1254 1077 1329 agerercreditis,
1100 1268 1232 1329 cum.
1267 1251 1396 1329 nihil
1449 1252 1564 1304 sine
1592 1251 1807 1329 Christo
1838 1252 2081 1329 potestis

420 1352 454 1395 ;,
502 1319 718 1392 facere:
745 1326 1166 1395 quibuscumque
1220 1321 1643 1395 bonisterrenis
1695 1321 1866 1395 ornati
1921 1319 2080 1373 silis?

412 1389 451 1466 ί
500 1389 732 1466 Quaerite
752 1389 900 1465 ergo,
928 1410 961 1447 ο
986 1389 1243 1461 juvenes,
1271 1391 1561 1466 Christum,
1594 1399 1653 1443 ιιι
1696 1389 1917 1458 juvenes
1964 1405 2079 1466 una:

501 1458 693 1523 tieatis.
725 1458 1097 1532 Quasritefvos
1133 1476 1310 1526 senes,
1340 1460 1646 1525 Christum,
1691 1469 1743 1532 ut
1772 1475 1891 1532 eum
1934 1458 2080 1512 omni

407 1536 415 1555 ‘
500 1530 854 1607 prosperitate
907 1532 1379 1607 vivcr«_2__valea_t_is._
1415 1531 1645 1607 Quaerite
1684 1530 1950 1607 Christum
1978 1571 1994 1595 ,
2026 1537 2081 1607 et

500 1599 665 1662 nolite
716 1606 988 1675 quiescere
1013 1644 1028 1669 ,
1060 1603 1207 1657 illum
1256 1601 1560 1675 Christum,
1581 1601 1722 1675 illum
1761 1599 1940 1675 Jesum
1988 1599 2079 1675 qui

499 1669 841 1730 Centurionis
882 1688 1091 1728 servum
1142 1670 1365 1737 sanavit,
1423 1671 1760 1741 paralyticum
1809 1669 2075 1735 solidavit,

499 1745 758 1801 Lazarum
785 1742 1146 1809 resuscitavit,
1177 1756 1351 1796 calces
1372 1740 1707 1805 illuminavit,
1741 1741 2076 1794 meretricem

502 1816 842 1877 beatificavit,
874 1814 1228 1869 Chauauaaam
1258 1811 1543 1875 exaudivit,
1584 1811 1775 1864 latroni
1821 1811 2075 1878 pepercit,

499 1893 553 1941 et
576 1887 624 1941 ei
643 1885 942 1955 paradisum
964 1883 1207 1955 donavit.
1234 1881 1385 1955 Hunc
1410 1879 1673 1955 Christum
1701 1880 1922 1955 quaerite
1954 1881 2073 1955 fide,

502 1971 598 2025 spe
623 1948 675 2009 et
713 1956 1011 2025 charitate.
1036 1952 1267 2020 Quzerite
1304 1948 1593 2025 Christum,
1626 1958 1682 2004 et
1723 1948 1884 2025 nolite
1913 1951 2076 2025 quie-

500 2019 669 2080 scere.
701 2026 930 2092 Quarrite
956 2019 1247 2085 Christum,
1278 2029 1331 2074 et
1372 2022 1534 2073 nolite
1572 2035 1788 2092 sperare
1816 2021 1864 2073 in
1912 2019 2080 2092 longi-

499 2095 682 2150 tudine
709 2089 828 2149 vitae
876 2103 1083 2157 vestrze,
1117 2092 1236 2160 qttia
1272 2092 1503 2144 incertus
1529 2089 1614 2142 est
1633 2090 1824 2144 exitus.
1857 2089 1961 2144 Sed
1999 2100 2078 2143 at-

499 2166 701 2220 tendite
732 2182 799 2219 ne
841 2163 1199 2232 decipiamini,
1224 2162 1345 2231 quia
1389 2161 1487 2232 sub
1517 2161 1704 2232 specie
1749 2160 1873 2232 boni.
1915 2160 2076 2214 multa

497 2236 637 2289 mala
662 2238 811 2289 fiunt.
842 2229 1130 2289 Non'enim
1158 2229 1349 2285 desinit
1390 2231 1556 2284 hostis
1581 2229 1830 2298 antiquus
1859 2230 2076 2298 figuram

499 2319 776 2359 assumere
806 2305 1140 2375 Angelorutu
1165 2303 1315 2375 locis,
1350 2301 1563 2375 laqueos
1591 2299 1922 2375 deceptionis
1960 2300 2078 2375 ubi-

497 2390 603 2443 que
625 2369 1170 2444 praetetidensaNovit
1199 2373 1339 2444 enim
1381 2370 1640 2444 malignus
1668 2380 1881 2444 naturas
1910 2369 2079 2424 homi-

502 2440 652 2506 num',
683 2454 739 2498 et
764 2444 849 2498 cui
879 2443 1130 2496 adhibeat
1149 2440 1451 2508 cupiditatis
1479 2441 1732 2501 calorem,
1760 2440 1897 2507 gulae
1921 2456 2078 2493 vora-

500 2514 735 2580 citatem,
785 2514 1009 2568 luxuria:
1056 2511 1391 2574 fceditatem,
1445 2510 1656 2563 invidia:
1702 2510 2077 2567 calamitatem.

500 2582 714 2654 Optime
763 2584 907 2637 novit
935 2597 1091 2650 quem
1137 2592 1369 2654 mmrore
1408 2580 1708 2654 conturbet,
1732 2595 1896 2654 quem
1938 2581 2082 2636 fallat

497 2649 900 2723 ga’udio,quem
928 2649 1071 2706 metu
1098 2649 1396 2723 opprimat,
1424 2664 1580 2717 quem
1604 2649 1951 2723 admiratione
1991 2667 2079 2705 se-

499 2720 676 2778 ducat.
709 2720 1034 2778 cunctorum
1079 2720 1292 2774 discutit
1322 2727 1554 2790 naturas,
1582 2721 1836 2774 ventilare
1879 2731 1933 2774 et
1972 2736 2083 2790 per-

499 2794 721 2848 scrutari
746 2801 1057 2847 cunctorum
1097 2790 1314 2845 affectus
1351 2789 1401 2843 iu
1450 2789 1596 2844 nullo
1623 2790 1831 2843 desistit
1856 2807 1868 2843 :
1897 2800 1949 2844 et
1975 2789 2080 2848 ubi

498 2862 970 2934 cognoveritgquod
995 2861 1244 2925 delectet,
1273 2860 1340 2913 ibi
1363 2875 1514 2934 suum
1532 2860 1841 2914 exercitium
1864 2862 1879 2934 ξ
1910 2862 2078 2928 ponit.

500 2932 591 2988 Tu
626 2948 754 3002 ergo
802 2932 994 2998 fidelis,
1045 2947 1165 2987 cum
1192 2932 1538 3002 Διειιιειιὶοιιεε
1585 2932 1928 2997 perseuseris,
1958 2947 2081 3002 mox

502 3000 771 3058 Christum
798 3018 998 3071 quaare,
1027 3016 1150 3055 mox
1178 3000 1443 3071 Christum
1486 3002 1670 3054 invoca
1695 3015 1711 3064 ;
1736 3009 1791 3053 et
1833 3016 1954 3054 mox
1989 3001 2082 3055 tibi

501 3074 617 3142 ipse
642 3070 993 3138 auxiliabitur,
1023 3073 1144 3142 quia
1169 3070 1338 3125 ﬁdelis
1368 3078 1450 3125 est
1476 3081 1529 3124 ct
1557 3085 1659 3123 non
1693 3071 1947 3142 permittit
1984 3086 2082 3142 nos

503 3140 697 3197 tentari
728 3156 887 3212 supra
916 3142 966 3196 id
992 3140 1140 3213 quod
1185 3154 1464 3209 possumus
1495 3151 1724 3210 portare.
1754 3140 1853 3207 Qui
1883 3149 1966 3196 est
1989 3141 2083 3197 be-

500 3213 743 3268 nedictus
766 3211 818 3266 in
846 3211 1061 3268 saecula.
1086 3211 1274 3264 Amen.

1066 3300 1292 3357 SERMO
1329 3298 1514 3355 XLIV.

502 3408 572 3448 D8
609 3408 856 3458 ΡΙΕΤΔΤΕ,
896 3407 1192 3447 CHABITA'I'E
1232 3407 1300 3445 ετ
1340 3404 1641 3466 ψεκλοιιε
1678 3405 2081 3447 υεγιικετοιιυιι.

575 3485 792 3539 Fratres
832 3483 1153 3546 charissimi,
1189 3498 1458 3550 nunquam
1502 3482 1756 3536 recordor
1782 3498 1866 3537 me
1897 3484 2084 3552 legisse

503 3557 639 3611 mala
665 3565 839 3609 morte
886 3555 1108 3624 perisse,
1138 3554 1225 3622 qui
1253 3554 1480 3607 libenter
1522 3552 1573 3605 in
1622 3552 1875 3624 hachvita
1921 3570 2083 3622 opera

503 3625 779 3679 eluit-italis
800 3622 1121 3692 vel'pietatis
1153 3624 1379 3677 voluerit
1404 3637 1674 3677 exercere.
1729 3622 1897 3675 Habet
1942 3625 2082 3678 enim

504 3697 703 3751 multos
734 3696 1115 3748 intercessores
1137 3694 1251 3761 pius
1277 3695 1456 3754 homo,
1474 3703 1527 3748 et
1559 3693 1643 3746 ille
1669 3694 1755 3761 qui
1778 3708 1938 3760 Opera
1967 3697 2086 3747 cha.

504 3767 676 3820 litatis
703 3774 917 3820 exercet
931 3763 1340 3831 hilariter.Quid
1366 3765 1505 3816 enim
1528 3764 1669 3817 aliud
1689 3764 1756 3816 de
1788 3763 1887 3831 piis
1916 3764 2086 3818 homi-

505 3837 662 3890 nibus
673 3836 851 3890 dicere
867 3833 1283 3903 poterimus,nisi
1300 3835 1348 3887 id
1368 3835 1505 3904 quod
1523 3834 1824 3904 frequenter
1838 3833 2081 3903 legimus,

510 3905 677 3975 Opera
721 3904 1083 3975 enimillorum
1132 3915 1408 3972 sequuntur
1453 3904 1568 3958 illos
1615 3905 1791 3974 (Apoc.
1826 3906 2086 3974 xw,13)?

507 3974 722 4044 Quare?
765 3974 876 4028 Nisi
902 3975 1024 4042 quia
1071 3975 1267 4029 multos
1294 3976 1490 4029 habent
1528 3976 1933 4037 intercessores,
1966 3975 2085 4029 ideo

506 4044 835 4113 impossibile
863 4052 966 4110 est,
987 4051 1044 4097 ut
1066 4060 1247 4109 preces
1278 4047 1561 4098 multorum
1585 4060 1688 4097 non
1712 4045 2083 4101 exaudiantnr.

505 4113 799 4168 Considera
835 4127 984 4181 ergo,
1010 4127 1044 4165 ο
1074 4115 1251 4178 homo,
1280 4115 1399 4181 quis
1426 4122 1508 4166 est
1557 4114 1645 4168 ille
1673 4115 1760 4182 qui
1792 4115 1884 4168 tibi
1924 4116 1974 4167 in
2002 4116 2084 4169 via

509 4183 743 4252 occurrit
778 4183 1180 4235 :animadverte
1218 4185 1357 4249 quod
1401 4185 1672 4252 homoest
1705 4184 1771 4235 ad
1803 4184 2085 4252 imaginem

441 4251 465 4281 "
508 4253 602 4308 Dei
628 4251 819 4318 factus,
842 4259 896 4304 et
925 4259 1100 4305 tamen
1122 4265 1317 4320 pauper
1343 4260 1444 4315 est,
1473 4251 1643 4305 nudus
1670 4261 1770 4315 est,
1796 4251 1959 4307 miser
1979 4262 2081 4318 est,

509 4322 788 4378 mendicus
815 4331 917 4381 est.
936 4321 1206 4389 orphanus
1237 4328 1290 4374 et
1321 4322 1548 4392 pupillus
1573 4321 1788 4375 forsitan
1819 4330 1921 4376 est.
1947 4323 2086 4378 Cave

508 4405 710 4458 tamen,
734 4407 803 4463 ne
823 4393 983 4445 talem
1000 4391 1279 4463 despicias,
1296 4410 1361 4447 ue
1380 4391 1499 4446 éum
1521 4392 1803 4462 percutias,
1820 4407 1884 4446 ne
1899 4394 2088 4461 expel-

509 4465 609 4519 las.
627 4463 754 4517 Nam
775 4462 899 4516 licet
925 4462 1142 4530 pauper,
1162 4463 1286 4516 licet
1304 4463 1492 4527 nudus,
1512 4463 1632 4516 licet
1656 4463 1947 4528 famelicus,
1965 4464 2089 4519 licet

508 4536 674 4591 miser
699 4541 971 4603 appareat,
1001 4531 1123 4587 licet
1157 4532 1354 4598 doleat,
1387 4535 1509 4588 licet
1535 4534 1833 4595 erubescat,
1867 4548 1970 4586 non
2018 4544 2089 4589 ta-

507 4620 632 4659 men
683 4603 1028 4673 eXpellendus
1077 4610 1159 4657 est
1214 4618 1431 4673 pauper.
1486 4603 1690 4667 Nolite,
1725 4603 1943 4668 fratres,
1994 4620 2087 4659 eos

509 4690 797 4744 spernere,
838 4687 968 4739 nec,
996 4673 1204 4727 etiamsi
1254 4674 1553 4742 importune
1599 4676 1865 4744 petierint.
1895 4674 1963 4729 de
2009 4674 2087 4728 eis

511 4744 794 4814 aliquando
820 4759 1171 4814 murmurare,
1205 4744 1325 4814 quia
1361 4758 1627 4814 pauperes
1657 4753 1708 4796 et
1752 4744 1938 4812 inopes
1983 4761 2087 4798 non

511 4813 725 4870 cessant
753 4813 967 4867 laudare
991 4814 1178 4868 Deum.
1210 4813 1519 4878 Considera,
1546 4823 1598 4867 tu
1629 4814 1796 4879 dives,
1824 4815 1943 4883 quia
1978 4816 2089 4867 vias

513 4883 852 4954 perambulas
880 4892 932 4937 et
966 4884 1164 4950 plateas
1194 4894 1373 4937 erceto
1400 4883 1573 4954 capite
1600 4892 1654 4936 et
1681 4883 1841 4948 collo,
1874 4885 2013 4951 quod
2033 4893 2088 4937 tu

513 4953 671 5007 simul
694 4968 813 5007 cum
845 4967 1072 5020 paupere
1097 4962 1249 5007 natus
1270 4967 1328 5008 es
1344 4954 1409 5007 de
1436 4953 1677 5019 muliere,
1700 4962 1754 5007 ct
1775 4954 1918 5007 brevi
1945 4955 2091 5009 vives

514 5033 774 5093 tempore.
805 5022 866 5076 Et
888 5024 1020 5093 licet
1039 5024 1186 5077 dives
1208 5025 1300 5088 sis,
1325 5038 1467 5092 διξερε
1500 5034 1673 5077 tamen
1701 5024 1924 5093 repleris
1945 5040 2092 5077 ama-

513 5094 744 5148 ritudine
779 5101 833 5147 et
871 5092 1164 5164 doloribus.
1220 5095 1296 5164 In!
1325 5093 1572 5147 sordibus
1616 5106 1897 5164 generatus
1935 5109 2014 5160 es,
2039 5097 2091 5147 in

517 5165 751 5219 tenebris
798 5161 1134 5229 confoveris,
1168 5164 1218 5217 in
1267 5162 1539 5220 doloribus
1576 5161 1734 5219 etiam
1784 5166 1987 5233 peperit
2041 5173 2093 5217 te

515 5244 687 5291 mater
713 5244 821 5287 tua.
862 5234 1000 5304 Ante
1029 5236 1226 5287 exitum
1252 5244 1472 5289 matrem
1502 5236 1731 5304 graviter
1752 5236 2004 5299 onerasti,
2040 5236 2091 5288 iu

516 5304 661 5359 exitu
689 5312 912 5357 matrem
934 5303 1234 5374 dilacerasti
1258 5303 1517 5374 turpiterr
1536 5305 1749 5360 Flevisti
1790 5306 1945 5358 simul
1972 5320 2093 5359 cum

520 5389 752 5442 paupere
784 5383 838 5427 et
862 5373 1129 5446 mendico,
1158 5373 1370 5446 quando
1416 5377 1607 5431 vallem
1656 5377 1965 5446 plorationis
2016 5376 2096 5428 in-

460 5462 479 5479 ο
518 5457 732 5516 gressus
757 5457 837 5497 es.
868 5444 1028 5498 Pares
1054 5444 1190 5516 ergo
1205 5446 1366 5513 geniti
1392 5462 1595 5516 sumus.
1623 5444 1819 5516 pariter
1848 5448 2093 5511 vivimus,

519 5513 717 5585 pariter
742 5518 1033 5568 moriemur
1062 5513 1348 5571 et'onmes.
1378 5513 1664 5569 Considera
1687 5533 1831 5585 ergo,
1867 5532 1900 5570 ο
1925 5518 2095 5579 dives,

521 5583 663 5657 quod
689 5598 884 5653 pauper
915 5596 966 5639 et
994 5586 1145 5641 dives
1174 5589 1286 5656 pari
1315 5588 1475 5641 modo
1504 5601 1688 5640 omnes
1713 5583 2021 5653 nascuntur,
2045 5595 2100 5642 et

586 5740 603 5771 ³
630 5745 734 5799 85.,
759 5741 1020 5805 exercitum

1953 289 2319 349 APPlﬂNDlX.

3640 295 3785 354 1390

2192 405 2511 477 moriuntur.
2538 404 2679 477 Noli
2736 421 2866 475 ergo
2913 421 3012 462 eos
3061 405 3358 477 deSpiccre,
3409 408 3517 463 noli
3556 426 3777 465 manum

2192 474 2580 531 benedictionis
2622 474 2865 532 avertere
2906 479 2975 531 ab
2999 478 3108 530 eis:
3144 474 3237 531 sed
3268 494 3366 535 eos
3402 480 3537 534 facie
3582 495 3775 535 serena

2189 546 2420 613 suscipe,
2452 561 2546 599 eos
2586 547 2751 601 verbo
2795 557 2850 602 et
2899 548 3147 616 exemplo
3186 549 3368 603 refice.
3410 550 3776 605 Miseriwrdia

2190 617 2366 684 igitur,
2397 631 2430 669 ο
2461 616 2648 671 fratres
2675 617 2798 689 mei,
2828 627 2996 670 mater
3025 628 3205 689 nostra
3232 621 3320 672 sit.
3352 619 3483 673 Nam
3518 621 3606 689 qui
3654 636 3779 673 csu-

2189 688 2422 758 rientem
2441 702 2575 755 pane
2602 686 2747 741 verbi
2775 688 2963 752 reiicit,
2996 690 3082 755 qtti
3107 688 3372 742 sitientem
3402 686 3773 758 potu—sapien-

2190 758 2275 827 tite
2305 756 2596 826 refrigerat,
2617 758 2704 827 qui
2734 767 2997 810 errantem
3025 774 3074 809 tu
3097 758 3314 811 domum
3345 756 3510 827 patris
3533 756 3775 825 revocat,

2188 826 2277 897 qui
2303 827 2642 880 innocentem
2674 829 2919 895 protegit,
2949 827 3039 894 qui
3071 826 3469 883 infirniumifide
3497 839 3553 883 et
3569 832 3777 897 patien-

2190 896 2258 948 tia
2290 897 2518 950 instruit.
2545 899 2632 965 qui
2682 898 2733 949 in
2771 898 3112 952 tribulatione
3138 913 3399 966 oppresso
3443 896 3777 954 consolando

2190 965 2274 1039 vel
2304 966 2678 1039 compatiendo
2700 968 2964 1039 subvenit.
2987 967 3079 1039 hic
3113 965 3274 1022 verus
3301 970 3418 1034 pius
3461 981 3545 1022 est
3565 1012 3578 1031 ,
3609 986 3769 1023 verus

2188 1035 2493 1089 misericors
2522 1044 2622 1096 est.
2652 1052 2811 1090 verus
2831 1038 3033 1090 amicus
3063 1038 3150 1091 Dei
3180 1048 3265 1091 est
3298 1057 3311 1092 :
3347 1054 3445 1093 nec
3475 1055 3598 1092 eum
3632 1042 3771 1093 mala

2187 1115 2359 1160 morte
2386 1108 2676 1173 periturum
2703 1108 2894 1175 aliquis
2922 1106 3102 1160 dicere
3137 1107 3351 1163 audeat.
3381 1108 3426 1163 Ο
3463 1109 3774 1163 misericor-

2187 1177 2272 1229 dia
2298 1175 2487 1229 salutis
2514 1177 2840 1247 przesidium,
2873 1177 2993 1230 fidei
3021 1187 3413 1243 ornamentum,
3459 1176 3769 1247 propitiatio

2188 1257 2525 1314 peccatorum
2552 1248 2564 1298 ι
2594 1245 2671 1299 Tu
2705 1246 2878 1313 justos
2917 1246 3132 1314 probas,
3161 1257 3215 1301 tu
3268 1245 3484 1302 sanctos
3521 1245 3770 1315 roboras,

2186 1317 2356 1368 malos
2384 1315 2449 1369 ad
2474 1316 2669 1370 bonum
2695 1316 2941 1383 perducis
2967 1333 2979 1367 :
3012 1326 3063 1370 et
3084 1319 3173 1385 qui
3202 1319 3319 1371 sine
3360 1328 3412 1372 te
3441 1320 3651 1372 cunctis
3673 1320 3771 1373 bo.

2187 1386 2270 1438 nis
2297 1385 2567 1440 abundare
2590 1386 2818 1451 videtur,
2848 1387 2928 1439 vel
2950 1387 3190 1441 castitate
3218 1398 3438 1455 apparet
3463 1388 3769 1450 decoratus,

2186 1456 2404 1509 omnino
2432 1455 2612 1510 dicere
2641 1470 2745 1509 non
2776 1456 3017 1519 desistat,
3042 1455 3244 1510 Servus
3276 1459 3476 1512 inutilis
3495 1474 3640 1513 sum.
3666 1457 3773 1513 Sed

2184 1525 2440 1596 attendite
2461 1528 2641 1589 etiam,
2678 1525 2869 1596 fratres
2916 1527 3056 1588 mei;
3090 1527 3347 1581 attendite
3375 1529 3497 1596 quia
3547 1545 3654 1582 non
3680 1544 3774 1581 so-

2184 1594 2293 1647 ltun
2318 1596 2633 1662 pauperibus
2652 1596 2701 1648 in
2726 1595 2805 1647 via
2862 1597 3100 1650 misereri
3130 1594 3420 1659 debemus,
3464 1599 3561 1652 sed
3589 1609 3646 1652 et
3673 1599 3770 1652 de-

2184 1664 2380 1718 functis
2420 1681 2539 1718 cum
2594 1665 2741 1717 omni
2780 1665 3049 1734 diligentia
3104 1668 3343 1720 misereri
3386 1677 3440 1722 et
3481 1669 3772 1722 subvenire

2184 1734 2510 1804 studt-amns,
2541 1735 2877 1789 attendentes
2930 1745 2984 1789 et
3030 1736 3155 1804 quid
3221 1736 3376 1791 ludas
3434 1738 3772 1791 Machameus

2183 1803 2401 1876 fecerit.
2433 1805 2575 1857 Dixit
2620 1807 2799 1870 enim,
2830 1805 2969 1874 quod
3004 1803 3179 1876 sancta
3220 1817 3363 1860 esset
3402 1809 3641 1876 cogitatio
3679 1823 3772 1874 pro

2183 1875 2429 1947 defunctis
2447 1890 2682 1947 exorare,
2703 1883 2754 1947 ut
2774 1890 2805 1925 α
2823 1876 3034 1947 peccatis
3055 1875 3387 1947 solvantur-(ll
3415 1875 3654 1929 Muciano.
3676 1892 3769 1938 xu,

2182 1945 2295 2011 46).
2323 1944 2534 1998 Sciebat
2554 1944 2699 2015 enim
2724 1944 2837 2012 ipse
2861 1944 3051 2007 .ludas,
3072 1945 3209 2013 quod
3243 1944 3398 1998 nemo
3422 1947 3640 2014 gloriari
3672 1961 3769 2015 po-

2184 2023 2319 2069 terat
2351 2022 2555 2068 castum
2580 2029 2638 2067 se
2666 2014 2860 2085 habere
2883 2030 3007 2067 cor:
3036 2015 3379 2069 considerans
3406 2017 3566 2085 etiam
3592 2057 3606 2075 .
3631 2014 3771 2085 quod

2182 2096 2323 2137 astra
2368 2099 2471 2137 non
2501 2093 2653 2137 erant
2681 2084 2874 2137 munda
2906 2085 2956 2137 in
2997 2094 3284 2152 conspectu
3316 2085 3426 2139 Dei.
3451 2084 3775 2140 Ceciderunt

2181 2155 2324 2208 enim
2350 2154 2520 2223 angeli
2551 2154 2616 2208 de
2636 2153 2803 2216 c0310,
2827 2153 2946 2207 ideo
2976 2156 3170 2208 nntnda
3207 2165 3350 2208 astra
3382 2170 3484 2208 non
3514 2155 3723 2209 fuerant
3753 2173 3768 2208 :

2182 2239 2281 2280 nec
2307 2225 2466 2296 etiam
2496 2223 2669 2277 infans
2689 2264 2703 2285 ,
2734 2223 3016 2296 cujusvita
3046 2233 3128 2278 est
3154 2224 3309 2296 unius
3333 2226 3436 2279 diei
3468 2239 3630 2296 super
3668 2235 3774 2296 ten-

2182 2309 2294 2347 ram
2315 2334 2329 2357 ,
2360 2294 2477 2349 sine
2507 2303 2723 2363 peccato
2746 2304 2848 2348 est.
2872 2293 3007 2361 Quid
3049 2310 3176 2363 ergo
3199 2295 3268 2347 de
3296 2297 3448 2349 nobis
3488 2293 3770 2349 dicentes?

2181 2363 2445 2434 Numquid
2470 2363 2692 2434 gloriari
2708 2365 2996 2432 poterimus
3015 2374 3218 2418 castum
3244 2364 3439 2420 habere
3458 2366 3594 2419 cor?
3618 2366 3771 2419 Absit

2183 2433 2421 2488 omnino.
2451 2434 2624 2501 Quid?
2651 2433 2761 2488 Nisi
2802 2435 2923 2502 quia
2969 2448 3155 2487 omnes
3198 2445 3505 2502 peccatores
3552 2450 3771 2497 sumus,

2184 2519 2373 2559 omnes
2396 2506 2555 2559 etiam
2585 2504 2638 2557 in
2665 2504 2897 2573 peccatis
2919 2505 3159 2572 concepti
3189 2519 3373 2558 sumus
3398 2516 3452 2559 et
3481 2506 3619 2569 nati,
3647 2520 3770 2569 om-

2184 2590 2281 2645 nes
2308 2574 2466 2645 etiam
2496 2573 2655 2627 vitam
2698 2574 3018 2645 peccabileni
3047 2575 3325 2638 ducimus,
3346 2591 3533 2630 omnes
3569 2576 3619 2629 in
3655 2591 3777 2645 pec-

2184 2643 2317 2717 catis
2341 2644 2601 2717 vivimus,
2626 2652 2684 2717 et
2706 2645 2920 2698 forsitan
2949 2643 3315 2717 in‘venialihtts
3337 2648 3614 2717 morimur.
3639 2643 3778 2717 Ergo

2184 2713 2550 2767 misericordia
2580 2713 2909 2783 indigemus,
2936 2714 3057 2782 quia
3087 2716 3154 2768 de
3180 2714 3278 2769 hac
3308 2716 3411 2769 vita
3437 2732 3626 2771 omnes
3670 2713 3775 2772 ιιιῖ-

2184 2785 2381 2856 gratari
2408 2798 2610 2856 sumus.
2641 2784 2705 2837 Et
2726 2784 3077 2856 licetcarnem
3114 2785 3245 2856 dure
3280 2801 3611 2841 maceremus
3634 2788 3774 2856 jeju-

2188 2854 2305 2925 uiis
2335 2863 2387 2925 et
2428 2854 2795 2917 abstinentits,
2833 2853 2955 2907 licet
2999 2855 3178 2908 omnia
3218 2856 3354 2919 mala
3398 2853 3661 2925 patienter
3687 2853 3774 2910 ’σὺ

2187 2923 2385 2977 Christi
2422 2939 2659 2977 amorem
2702 2925 3055 2977 sustineamns
3081 2941 3094 2987 ;
3122 2940 3229 2980 non
3280 2923 3452 2981 tamen
3498 2927 3775 2993 condigna:

2188 3002 2310 3048 sunt
2342 2993 2614 3065 passiones
2652 2993 2806 3065 hujus
2836 2996 3087 3065 temporis
3129 2995 3196 3049 ad
3240 2995 3466 3048 futuram
3506 2997 3729 3065 gloriam
3754 3036 3772 3061 ,

2188 3009 2310 3048 sunt
2342 3009 2614 3062 passuones
2652 3009 2806 3061 uiuus
2836 3009 2938 3048 tem
3015 3010 3087 3048 I'IS
3129 3009 3196 3049 au
3240 3009 3466 3048 tutumm
3506 3009 3729 3065 gloriam
3754 3036 3772 3061 ,

2187 3079 2305 3136 quae
2331 3063 2650 3136 revelabitur
2678 3064 2730 3117 in
2762 3063 2913 3136 nobis
2941 3009 3115 3136 manu.
3148 3081 3259 3129 vttt,
3286 3068 3398 3132 l8).
3441 3066 3583 3134 Ergo
3611 3067 3772 3120 mise-

2187 3133 2417 3188 ricordia
2454 3133 2781 3202 indigemus;
2809 3134 2929 3201 quia
2952 3133 3065 3203 per
3100 3144 3278 3188 nostra
3307 3137 3494 3189 merita
3519 3133 3771 3189 teteruatu

2188 3205 2349 3257 vitam
2378 3204 2652 3271 acquirere
2687 3218 2792 3257 non
2821 3205 3078 3257 valemus.
3100 3204 3262 3273 Cupis
3289 3214 3463 3258 autem
3483 3245 3499 3271 ,
3526 3221 3561 3259 ο
3591 3205 3769 3272 homo,

2189 3282 2249 3328 ut
2273 3274 2346 3328 tui
2376 3274 2692 3327 misereatur
2733 3274 2913 3327 Deus?
2938 3272 3045 3327 Fac
3083 3283 3140 3328 ut
3168 3272 3409 3342 proximo
3442 3275 3766 3329 miserearis.

2187 3341 2319 3397 Nam
2365 3352 2565 3397 tantum
2612 3343 2703 3398 tibi
2744 3343 3080 3397 miserebitur
3128 3341 3298 3407 Déus,
3338 3354 3594 3414 quantum
3636 3354 3689 3398 et
3718 3352 3773 3398 ιιι

2188 3413 2528 3468 misereberis
2560 3414 2802 3481 proximo
2829 3431 2842 3466 :
2873 3423 3076 3468 tantum
3123 3413 3443 3482 recipies'in
3489 3416 3592 3468 alia
3638 3417 3771 3478 vita,

2189 3492 2442 3554 quantum
2465 3483 2630 3554 facies
2657 3483 2709 3554 in
2746 3484 2989 3548 praesenti
3011 3485 3133 3537 vita.
3167 3485 3271 3537 Ora
3300 3500 3428 3554 ergo
3456 3500 3555 3554 pro
3581 3484 3774 3540 defun-

2189 3553 2289 3607 etis
2308 3595 2323 3617 ,
2347 3564 2399 3607 ut
2431 3554 2557 3607 dum
2586 3553 2778 3605 fut-rint
2802 3554 2853 3605 in
2882 3563 3079 3607 auerna
3106 3554 3210 3607 vita
3231 3595 3243 3616 ,
3284 3553 3384 3622 pro
3414 3553 3466 3610 te
3489 3570 3647 3610 orare
3671 3570 3773 3609 non

2190 3624 2482 3692 negligant.
2515 3622 2840 3691 Exspectant
2864 3623 3003 3677 enim
3027 3640 3123 3678 nos
3146 3666 3161 3689 ,
3188 3625 3506 3691 utjuvcutur
3533 3641 3629 3692 per
3649 3641 3770 3679 nos:

2192 3703 2399 3762 tempus
2427 3694 2567 3763 enim
2597 3693 2850 3761 operandi
2893 3694 3002 3761 jam
3035 3695 3259 3763 profugit
3297 3696 3365 3748 ab
3404 3696 3502 3748 eis.
3535 3697 3773 3749 Clamant

2192 3764 2350 3834 igitur
2387 3762 2620 3834 quotidie
2657 3764 2747 3831 qui
2776 3763 2953 3831 iacent
2978 3762 3358 3818 intormentis.
3414 3766 3698 3831 Clamant,
3724 3775 3775 3819 et

2192 3833 2342 3903 pauci
2368 3841 2490 3887 sunt
2517 3833 2604 3901 qui
2644 3833 2998 3904 respondeant
3031 3852 3044 3887 :
3074 3835 3307 3904 ululant,
3340 3844 3393 3887 et
3434 3849 3653 3890 nonest
3689 3836 3774 3904 qui

2190 3904 2497 3959 conSoletur
2538 3917 2651 3957 eos.
2700 3902 2744 3956 Ο
2776 3919 2931 3971 quam
2971 3903 3186 3973 grandis
3225 3905 3547 3967 crudelitas,
3593 3902 3776 3960 fratres

2192 3976 2294 4029 mei
2326 3976 2342 4029 Ξ
2370 3990 2403 4026 o
2427 3989 2583 4044 quam
2622 3974 2838 4041 grandis
2886 3973 3276 4027 inhumanitas!
3308 3975 3551 4029 Clamant
3586 3979 3654 4030 ad
3683 3990 3775 4030 nos

2190 4044 2447 4114 quotidie,
2477 4044 2581 4113 qui
2609 4046 2733 4096 dum
2785 4045 3062 4105 vixerunt,
3105 4045 3266 4097 multa
3306 4047 3442 4098 mala
3489 4061 3587 4114 pro
3626 4047 3774 4100 nobis

2191 4116 2453 4168 Sustinere
2501 4114 2936 4177 voluerunt;nec
2986 4115 3065 4167 eis
3113 4114 3396 4168 subvenire
3437 4116 3776 4170 curatnus.0

2192 4199 2315 4237 vere
2350 4200 2532 4252 magna
2564 4183 2959 4238 i;.hutuanitas!
2993 4183 3130 4238 Ecce
3160 4188 3301 4239 enim
3357 4187 3599 4239 illlit'lltlls
3637 4190 3773 4254 jacet

2191 4265 2244 4307 et
2273 4253 2495 4320 clamat,
2526 4262 2579 4307 et
2615 4269 2645 4306 a
2689 4254 2908 4308 medicis
2947 4255 3279 4320 consolatur;
3306 4257 3499 4308 clamat
3549 4253 3773 4325 parcns,

2192 4334 2246 4378 et
2274 4339 2461 4378 onmes
2488 4338 2606 4377 cum
2631 4338 2698 4377 eo
2721 4325 2955 4379 clamare
2982 4340 3086 4378 non
3131 4335 3377 4390 cessant;
3405 4327 3549 4380 cadit
3573 4328 3774 4391 asinus,

2192 4406 2247 4449 et
2270 4410 2454 4449 omnes
2478 4410 2599 4447 eum
2628 4396 2905 4448 sublevare
2933 4393 3187 4450 festinant
3213 4412 3225 4446 :
3260 4396 3349 4448 sed
3368 4396 3568 4451 clamat
3592 4398 3646 4451 in
3674 4407 3780 4450 tor-

2193 4466 2387 4519 mentis
2417 4464 2585 4518 lidehs
2604 4502 2635 4535 ,ί
2649 4474 2703 4516 ει
2726 4480 2826 4517 non
2849 4478 2931 4519 est
2954 4466 3043 4535 qui
3073 4466 3411 4533 respondeat.
3436 4466 3574 4521 Ecce
3603 4478 3779 4521 nmtra

2194 4535 2586 4599 inhumanitas,
2616 4534 2824 4589 fratres.
2859 4535 2952 4588 Eia
2974 4549 3102 4605 ergo
3132 4551 3236 4589 nou
3266 4535 3344 4589 sic
3374 4555 3388 4589 :
3416 4537 3511 4591 sed
3542 4553 3783 4592 memen-

2195 4613 2303 4659 tote
2327 4644 2341 4668 ,
2370 4605 2559 4676 fratres
2580 4646 2595 4668 ,
2627 4605 2767 4672 quod
2807 4614 2987 4676 uincta
3024 4616 3079 4660 et
3122 4606 3369 4672 salubris,
3397 4607 3481 4676 pia
3501 4650 3515 4671 ,
3542 4618 3597 4660 et
3627 4609 3777 4670 felix,

2193 4685 2245 4730 et
2274 4675 2449 4729 suavis
2478 4675 2585 4728 Deo
2616 4686 2672 4729 et
2710 4675 2923 4743 Angelis
2963 4683 3045 4730 est
3084 4677 3332 4745 cogitatio
3376 4675 3472 4746 pro
3520 4677 3785 4732 defunctis

2195 4761 2417 4799 exorare
2438 4786 2453 4805 ,
2484 4755 2540 4797 ut
2564 4760 2592 4796 a
2627 4747 2798 4810 pinnis
2822 4762 2952 4813 quas
2980 4762 3073 4814 pro
3104 4747 3332 4814 peccatis
3361 4749 3653 4814 patiuntur,
3680 4749 3781 4801 solo

2195 4826 2406 4887 vantur.
2429 4815 2533 4870 Sed
2565 4814 2848 4887 dicetqnis
2879 4833 2890 4868 :
2924 4816 3063 4870 Ecce
3102 4826 3302 4887 patrem
3328 4820 3471 4887 pium
3501 4831 3555 4871 et
3587 4820 3782 4873 bonum

2199 4886 2387 4950 habui,
2413 4884 2807 4939 misericordem
2829 4896 2883 4937 et
2906 4896 3109 4940 castum
3128 4926 3143 4946 ,
3171 4884 3422 4940 humilem
3453 4896 3508 4940 et
3536 4891 3780 4941 omnibus

2196 4957 2480 5010 virtutibus
2502 4967 2744 5026 ornatum
2768 4969 2921 5026 :_uam
2950 4955 2994 5026 s_i
3022 4970 3146 5009 vera
3185 4968 3307 5009 sunt
3332 4973 3451 5025 qua:
3477 4958 3598 5026 lego
3625 5000 3640 5022 ,
3665 4973 3779 5011 ειιιιι

2198 5042 2317 5080 esse
2349 5025 2556 5079 beatum
2582 5041 2687 5077 non
2714 5024 2917 5097 dubito.
2946 5024 3062 5097 Cur
3078 5040 3208 5094 ergo
3226 5024 3386 5079 orare
3411 5042 3510 5097 pro
3537 5024 3606 5082 eo
3638 5029 3779 5091 volo,

2197 5112 2295 5150 cur
2318 5097 2707 5165 eleemosyuam
2735 5095 2863 5165 dare
2885 5136 2899 5157 ,
2932 5110 3026 5149 cur
3046 5095 3287 5163 jejuuare
3307 5136 3321 5159 ,
3352 5095 3448 5150 cur
3475 5108 3779 5151 sanctorum

2200 5182 2422 5237 corpora
2451 5164 2701 5237 visitare?
2728 5164 2840 5218 Non
2867 5176 2949 5220 est
2977 5181 3104 5233 ergo
3130 5182 3345 5220 necesse
3372 5182 3468 5237 pro
3494 5180 3565 5221 eo
3592 5183 3750 5221 orare
3768 5208 3783 5227 .

2201 5238 2324 5306 quia
2355 5236 2526 5290 fidelis
2578 5235 2707 5295 fuit,
2734 5238 2853 5305 pius
2873 5275 2889 5299 ,
2912 5247 3090 5289 castus
3110 5278 3126 5302 ,
3162 5235 3409 5301 humilis,
3441 5240 3649 5305 patiens
3670 5281 3684 5299 ,
3734 5245 3790 5291 et

2201 5309 2406 5362 cunctis
2434 5306 2585 5360 bonis
2611 5316 2828 5361 ornatus
2853 5347 2867 5370 ,
2887 5316 2941 5359 et
2960 5315 3078 5374 post
3103 5321 3287 5361 aurum
3312 5310 3470 5360 etiam
3499 5324 3606 5360 nou
3637 5311 3784 5367 abiit.

2204 5392 2303 5431 nec
2331 5378 2380 5429 iu
2417 5379 2654 5444 pecunize
2685 5376 2943 5429 thesauris
2964 5387 3196 5445 Speravit
3221 5396 3234 5429 :
3265 5378 3432 5445 potuit
3454 5380 3599 5431 enim
3619 5389 3789 5432 trans-

2204 5449 2373 5517 gredi,
2424 5457 2478 5499 et
2529 5464 2631 5499 non
2671 5456 3184 5517 estitransgresms;
3229 5446 3504 5517 etfacere
3555 5452 3786 5509 malum,

2206 5516 2262 5571 et
2306 5534 2408 5569 non
2455 5517 2594 5570 fecit.
2646 5516 2780 5587 Quid
2822 5531 2949 5586 ergo
3000 5518 3219 5571 credere
3259 5516 3469 5581 debeo,
3499 5519 3600 5572 nisi
3649 5520 3785 5587 quod

2207 5589 2369 5656 lego?
2408 5588 2541 5651 Quid
2594 5589 2734 5641 enim
2772 5586 2922 5655 lego,
2957 5589 3039 5640 vel
3089 5588 3213 5655 quid
3266 5588 3539 5654 prmdit'ari
3611 5586 3785 5650 audio,

2209 5658 2309 5711 nisi
2358 5660 2496 5726 quod
2538 5660 2623 5725 qui
2682 5658 2815 5711 bene
2876 5659 3210 5725 operabitur,
3250 5657 3385 5711 bene
3423 5661 3789 5713 remuneratu-

2213 5739 2297 5783 tur
2315 5728 2337 5780 ’ἰ
2367 5731 2411 5782 0
2460 5726 2617 5782 ITomo
2643 5729 2755 5782 haec
2795 5745 2914 5795 qtae
2939 5727 3073 5782 dicis
3101 5744 3199 5798 ego
3225 5730 3368 5782 nullo
3397 5728 3558 5782 modo
3579 5730 3673 5784 tibi
3699 5744 3788 5783 ue-
