  <div class='ocr_page' id='page_1' title='image "/cluster/home/n/w/nwhite01/storage/ocr_20150623/40/hvd.32044024147290/670.png"; bbox 0 0 4100 6344; ppageno 0'>
   <div class='ocr_carea' id='block_1_1' title="bbox 394 442 1914 515">
    <p class='ocr_par' dir='ltr' id='par_1_1' title="bbox 394 442 1914 515">
     <span class='ocr_line' id='line_1_1' title="bbox 394 442 1914 515; baseline -0.005 -10"><span class='ocrx_word' id='word_1_1' title='bbox 394 463 453 505; x_wconf 85' lang='lat' dir='ltr'><strong>re</strong></span> <span class='ocrx_word' id='word_1_2' title='bbox 492 445 687 504; x_wconf 84' lang='lat' dir='ltr'><strong>audeo.</strong></span> <span class='ocrx_word' id='word_1_3' title='bbox 723 446 853 515; x_wconf 85' lang='lat' dir='ltr'><strong>Quis</strong></span> <span class='ocrx_word' id='word_1_4' title='bbox 888 445 1031 503; x_wconf 90' lang='lat' dir='ltr'><strong>enim</strong></span> <span class='ocrx_word' id='word_1_5' title='bbox 1080 443 1314 501; x_wconf 85' lang='lat' dir='ltr'><strong>fidelium</strong></span> <span class='ocrx_word' id='word_1_6' title='bbox 1360 444 1597 511; x_wconf 91' lang='lat' dir='ltr'><strong>dubitat,</strong></span> <span class='ocrx_word' id='word_1_7' title='bbox 1636 442 1779 515; x_wconf 87' lang='lat' dir='ltr'><strong>quod</strong></span> <span class='ocrx_word' id='word_1_8' title='bbox 1825 442 1914 513; x_wconf 88' lang='lat' dir='ltr'><strong>qui</strong></span> 
     </span>
    </p>
   </div>
   <div class='ocr_carea' id='block_1_2' title="bbox 402 514 1916 589">
    <p class='ocr_par' dir='ltr' id='par_1_2' title="bbox 402 514 1916 589">
     <span class='ocr_line' id='line_1_2' title="bbox 402 514 1916 589; baseline -0.006 -13"><span class='ocrx_word' id='word_1_9' title='bbox 402 534 465 576; x_wconf 87' lang='lat' dir='ltr'><strong>ne</strong></span> <span class='ocrx_word' id='word_1_10' title='bbox 488 518 714 583; x_wconf 87' lang='lat' dir='ltr'><strong>fecerit,</strong></span> <span class='ocrx_word' id='word_1_11' title='bbox 752 514 896 575; x_wconf 88' lang='lat' dir='ltr'><strong>bene</strong></span> <span class='ocrx_word' id='word_1_12' title='bbox 920 518 1142 589; x_wconf 87' lang='lat' dir='ltr'><strong>recipiet</strong></span> <span class='ocrx_word' id='word_1_13' title='bbox 1161 516 1201 589; x_wconf 15' lang='lat' dir='ltr'><strong>?A</strong></span> <span class='ocrx_word' id='word_1_14' title='bbox 1220 514 1455 589; x_wconf 79' lang='lat' dir='ltr'><strong>Consule</strong></span> <span class='ocrx_word' id='word_1_15' title='bbox 1492 514 1669 589; x_wconf 78' lang='lat' dir='ltr'><strong>tamen</strong></span> <span class='ocrx_word' id='word_1_16' title='bbox 1714 525 1772 569; x_wconf 90' lang='lat' dir='ltr'><strong>ut</strong></span> <span class='ocrx_word' id='word_1_17' title='bbox 1818 528 1916 583; x_wconf 90' lang='lat' dir='ltr'><strong>pro</strong></span> 
     </span>
    </p>
   </div>
   <div class='ocr_carea' id='block_1_3' title="bbox 322 586 1912 654">
    <p class='ocr_par' dir='ltr' id='par_1_3' title="bbox 322 586 1912 654">
     <span class='ocr_line' id='line_1_3' title="bbox 322 586 1912 654; baseline -0.006 -5"><span class='ocrx_word' id='word_1_18' title='bbox 322 590 596 649; x_wconf 72' lang='lat' dir='ltr'><strong>defunctis</strong></span> <span class='ocrx_word' id='word_1_19' title='bbox 651 604 875 645; x_wconf 76' lang='lat' dir='ltr'><strong>exorare</strong></span> <span class='ocrx_word' id='word_1_20' title='bbox 934 586 1051 645; x_wconf 60' lang='lat' dir='ltr'><strong>non&#39;</strong></span> <span class='ocrx_word' id='word_1_21' title='bbox 1092 587 1337 644; x_wconf 74' lang='lat' dir='ltr'><strong>desistas.</strong></span> <span class='ocrx_word' id='word_1_22' title='bbox 1390 587 1506 643; x_wconf 81' lang='lat' dir='ltr'><strong>Dixi</strong></span> <span class='ocrx_word' id='word_1_23' title='bbox 1553 586 1695 641; x_wconf 91' lang='lat' dir='ltr'><strong>enim</strong></span> <span class='ocrx_word' id='word_1_24' title='bbox 1732 601 1912 654; x_wconf 85' lang='lat' dir='ltr'><strong>supra,</strong></span> 
     </span>
    </p>
   </div>
   <div class='ocr_carea' id='block_1_4' title="bbox 328 657 1915 732">
    <p class='ocr_par' dir='ltr' id='par_1_4' title="bbox 328 657 1915 732">
     <span class='ocr_line' id='line_1_4' title="bbox 328 657 1915 732; baseline -0.004 -15"><span class='ocrx_word' id='word_1_25' title='bbox 328 661 471 732; x_wconf 78' lang='lat' dir='ltr'><strong>quod</strong></span> <span class='ocrx_word' id='word_1_26' title='bbox 504 674 666 732; x_wconf 86' lang='lat' dir='ltr'><strong>nemo</strong></span> <span class='ocrx_word' id='word_1_27' title='bbox 686 660 803 715; x_wconf 87' lang='lat' dir='ltr'><strong>sine</strong></span> <span class='ocrx_word' id='word_1_28' title='bbox 826 660 1070 732; x_wconf 79' lang='lat' dir='ltr'><strong>crimine</strong></span> <span class='ocrx_word' id='word_1_29' title='bbox 1097 659 1266 724; x_wconf 76' lang='lat' dir='ltr'><strong>vivit,</strong></span> <span class='ocrx_word' id='word_1_30' title='bbox 1294 672 1456 732; x_wconf 77' lang='lat' dir='ltr'><strong>nemo</strong></span> <span class='ocrx_word' id='word_1_31' title='bbox 1480 657 1697 732; x_wconf 82' lang='lat' dir='ltr'><strong>gloriari</strong></span> <span class='ocrx_word' id='word_1_32' title='bbox 1740 665 1915 732; x_wconf 85' lang='lat' dir='ltr'><strong>potest</strong></span> 
     </span>
    </p>
   </div>
   <div class='ocr_carea' id='block_1_5' title="bbox 330 727 1917 797">
    <p class='ocr_par' dir='ltr' id='par_1_5' title="bbox 330 727 1917 797">
     <span class='ocr_line' id='line_1_5' title="bbox 330 727 1917 797; baseline -0.004 -10"><span class='ocrx_word' id='word_1_33' title='bbox 330 727 538 787; x_wconf 74' lang='lat' dir='ltr'><strong>castum</strong></span> <span class='ocrx_word' id='word_1_34' title='bbox 566 731 655 786; x_wconf 91' lang='lat' dir='ltr'><strong>vel</strong></span> <span class='ocrx_word' id='word_1_35' title='bbox 680 730 936 787; x_wconf 91' lang='lat' dir='ltr'><strong>mundum</strong></span> <span class='ocrx_word' id='word_1_36' title='bbox 965 746 1025 787; x_wconf 91' lang='lat' dir='ltr'><strong>se</strong></span> <span class='ocrx_word' id='word_1_37' title='bbox 1056 729 1259 786; x_wconf 80' lang='lat' dir='ltr'><strong>habere</strong></span> <span class='ocrx_word' id='word_1_38' title='bbox 1279 744 1392 784; x_wconf 90' lang='lat' dir='ltr'><strong>cor.</strong></span> <span class='ocrx_word' id='word_1_39' title='bbox 1425 728 1561 796; x_wconf 87' lang='lat' dir='ltr'><strong>Quid</strong></span> <span class='ocrx_word' id='word_1_40' title='bbox 1583 742 1710 797; x_wconf 88' lang='lat' dir='ltr'><strong>ergo</strong></span> <span class='ocrx_word' id='word_1_41' title='bbox 1740 727 1917 782; x_wconf 87' lang='lat' dir='ltr'><strong>facere</strong></span> 
     </span>
    </p>
   </div>
   <div class='ocr_carea' id='block_1_6' title="bbox 326 796 1917 871">
    <p class='ocr_par' dir='ltr' id='par_1_6' title="bbox 326 796 1917 871">
     <span class='ocr_line' id='line_1_6' title="bbox 326 796 1917 871; baseline -0.004 -14"><span class='ocrx_word' id='word_1_42' title='bbox 326 802 559 857; x_wconf 85' lang='lat' dir='ltr'><strong>consulo</strong></span> <span class='ocrx_word' id='word_1_43' title='bbox 582 844 598 868; x_wconf 90' lang='lat'><strong>,</strong></span> <span class='ocrx_word' id='word_1_44' title='bbox 647 802 772 871; x_wconf 89' lang='lat' dir='ltr'><strong>quid</strong></span> <span class='ocrx_word' id='word_1_45' title='bbox 799 804 923 858; x_wconf 91' lang='lat' dir='ltr'><strong>volo</strong></span> <span class='ocrx_word' id='word_1_46' title='bbox 946 842 960 866; x_wconf 93' lang='lat'><strong>,</strong></span> <span class='ocrx_word' id='word_1_47' title='bbox 1007 800 1109 856; x_wconf 81' lang='lat' dir='ltr'><strong>vel&#39;</strong></span> <span class='ocrx_word' id='word_1_48' title='bbox 1132 799 1257 870; x_wconf 90' lang='lat' dir='ltr'><strong>quid</strong></span> <span class='ocrx_word' id='word_1_49' title='bbox 1286 799 1549 870; x_wconf 82' lang='lat' dir='ltr'><strong>deprecor</strong></span> <span class='ocrx_word' id='word_1_50' title='bbox 1569 840 1586 864; x_wconf 89' lang='lat'><strong>,</strong></span> <span class='ocrx_word' id='word_1_51' title='bbox 1610 796 1730 871; x_wconf 71' lang='lat' dir='ltr'><strong>nisi</strong></span> <span class='ocrx_word' id='word_1_52' title='bbox 1774 796 1917 871; x_wconf 82' lang='lat' dir='ltr'><strong>quod</strong></span> 
     </span>
    </p>
   </div>
   <div class='ocr_carea' id='block_1_7' title="bbox 328 868 1915 940">
    <p class='ocr_par' dir='ltr' id='par_1_7' title="bbox 328 868 1915 940">
     <span class='ocr_line' id='line_1_7' title="bbox 328 868 1915 940; baseline -0.003 -13"><span class='ocrx_word' id='word_1_53' title='bbox 328 872 569 927; x_wconf 79' lang='lat' dir='ltr'><strong>dimittas</strong></span> <span class='ocrx_word' id='word_1_54' title='bbox 597 868 855 933; x_wconf 78' lang='lat' dir='ltr'><strong>incertum</strong></span> <span class='ocrx_word' id='word_1_55' title='bbox 880 915 895 940; x_wconf 92' lang='lat'><strong>,</strong></span> <span class='ocrx_word' id='word_1_56' title='bbox 943 882 999 928; x_wconf 88' lang='lat' dir='ltr'><strong>et</strong></span> <span class='ocrx_word' id='word_1_57' title='bbox 1040 868 1270 940; x_wconf 83' lang='lat' dir='ltr'><strong>accipias</strong></span> <span class='ocrx_word' id='word_1_58' title='bbox 1315 868 1554 926; x_wconf 83' lang='lat' dir='ltr'><strong>certum?</strong></span> <span class='ocrx_word' id='word_1_59' title='bbox 1596 869 1734 937; x_wconf 84' lang='lat' dir='ltr'><strong>Quid</strong></span> <span class='ocrx_word' id='word_1_60' title='bbox 1773 868 1915 923; x_wconf 90' lang='lat' dir='ltr'><strong>enim</strong></span> 
     </span>
    </p>
   </div>
   <div class='ocr_carea' id='block_1_8' title="bbox 328 941 1916 1014">
    <p class='ocr_par' dir='ltr' id='par_1_8' title="bbox 328 941 1916 1014">
     <span class='ocr_line' id='line_1_8' title="bbox 328 941 1916 1014; baseline -0.004 -16"><span class='ocrx_word' id='word_1_61' title='bbox 328 951 418 998; x_wconf 81' lang='lat' dir='ltr'><strong>est</strong></span> <span class='ocrx_word' id='word_1_62' title='bbox 442 944 702 998; x_wconf 90' lang='lat' dir='ltr'><strong>incertum</strong></span> <span class='ocrx_word' id='word_1_63' title='bbox 727 985 743 1012; x_wconf 92' lang='lat'><strong>,</strong></span> <span class='ocrx_word' id='word_1_64' title='bbox 771 945 872 999; x_wconf 88' lang='lat' dir='ltr'><strong>nisi</strong></span> <span class='ocrx_word' id='word_1_65' title='bbox 898 942 1040 1014; x_wconf 91' lang='lat' dir='ltr'><strong>quod</strong></span> <span class='ocrx_word' id='word_1_66' title='bbox 1067 941 1239 1014; x_wconf 85' lang='lat' dir='ltr'><strong>nescis</strong></span> <span class='ocrx_word' id='word_1_67' title='bbox 1278 952 1453 1014; x_wconf 87' lang='lat' dir='ltr'><strong>utrum</strong></span> <span class='ocrx_word' id='word_1_68' title='bbox 1481 949 1631 1010; x_wconf 91' lang='lat' dir='ltr'><strong>pater</strong></span> <span class='ocrx_word' id='word_1_69' title='bbox 1650 948 1916 1014; x_wconf 78' lang='lat' dir='ltr'><strong>tuus_eru-_</strong></span> 
     </span>
    </p>
   </div>
   <div class='ocr_carea' id='block_1_9' title="bbox 327 1010 1915 1085">
    <p class='ocr_par' dir='ltr' id='par_1_9' title="bbox 327 1010 1915 1085">
     <span class='ocr_line' id='line_1_9' title="bbox 327 1010 1915 1085; baseline -0.002 -17"><span class='ocrx_word' id='word_1_70' title='bbox 327 1014 524 1078; x_wconf 87' lang='lat' dir='ltr'><strong>cietur,</strong></span> <span class='ocrx_word' id='word_1_71' title='bbox 555 1015 639 1069; x_wconf 93' lang='lat' dir='ltr'><strong>vel</strong></span> <span class='ocrx_word' id='word_1_72' title='bbox 663 1010 839 1069; x_wconf 86' lang='lat' dir='ltr'><strong>utrum</strong></span> <span class='ocrx_word' id='word_1_73' title='bbox 870 1010 1064 1085; x_wconf 85' lang='lat' dir='ltr'><strong>dignus</strong></span> <span class='ocrx_word' id='word_1_74' title='bbox 1082 1012 1244 1085; x_wconf 88' lang='lat' dir='ltr'><strong>fuerit</strong></span> <span class='ocrx_word' id='word_1_75' title='bbox 1268 1012 1393 1067; x_wconf 91' lang='lat' dir='ltr'><strong>odio</strong></span> <span class='ocrx_word' id='word_1_76' title='bbox 1410 1015 1494 1067; x_wconf 86' lang='lat' dir='ltr'><strong>vel</strong></span> <span class='ocrx_word' id='word_1_77' title='bbox 1515 1011 1736 1085; x_wconf 85' lang='lat' dir='ltr'><strong>amore?</strong></span> <span class='ocrx_word' id='word_1_78' title='bbox 1764 1010 1915 1065; x_wconf 82' lang='lat' dir='ltr'><strong>Multi</strong></span> 
     </span>
    </p>
   </div>
   <div class='ocr_carea' id='block_1_10' title="bbox 329 1084 1917 1155">
    <p class='ocr_par' dir='ltr' id='par_1_10' title="bbox 329 1084 1917 1155">
     <span class='ocr_line' id='line_1_10' title="bbox 329 1084 1917 1155; baseline -0.001 -17"><span class='ocrx_word' id='word_1_79' title='bbox 329 1085 478 1155; x_wconf 81' lang='lat' dir='ltr'><strong>enim</strong></span> <span class='ocrx_word' id='word_1_80' title='bbox 514 1085 728 1140; x_wconf 86' lang='lat' dir='ltr'><strong>fuerunt</strong></span> <span class='ocrx_word' id='word_1_81' title='bbox 770 1086 859 1155; x_wconf 88' lang='lat' dir='ltr'><strong>qui</strong></span> <span class='ocrx_word' id='word_1_82' title='bbox 884 1084 1113 1155; x_wconf 88' lang='lat' dir='ltr'><strong>reputati</strong></span> <span class='ocrx_word' id='word_1_83' title='bbox 1156 1084 1371 1155; x_wconf 87' lang='lat' dir='ltr'><strong>fuerunt</strong></span> <span class='ocrx_word' id='word_1_84' title='bbox 1397 1084 1605 1148; x_wconf 90' lang='lat' dir='ltr'><strong>sancti,</strong></span> <span class='ocrx_word' id='word_1_85' title='bbox 1646 1091 1702 1137; x_wconf 91' lang='lat' dir='ltr'><strong>et</strong></span> <span class='ocrx_word' id='word_1_86' title='bbox 1728 1089 1917 1155; x_wconf 88' lang='lat' dir='ltr'><strong>tamen</strong></span> 
     </span>
    </p>
   </div>
   <div class='ocr_carea' id='block_1_11' title="bbox 328 1153 1916 1225">
    <p class='ocr_par' dir='ltr' id='par_1_11' title="bbox 328 1153 1916 1225">
     <span class='ocr_line' id='line_1_11' title="bbox 328 1153 1916 1225; baseline -0.003 -13"><span class='ocrx_word' id='word_1_87' title='bbox 328 1154 389 1212; x_wconf 82' lang='lat' dir='ltr'><strong>in</strong></span> <span class='ocrx_word' id='word_1_88' title='bbox 427 1164 719 1225; x_wconf 89' lang='lat' dir='ltr'><strong>conspectu</strong></span> <span class='ocrx_word' id='word_1_89' title='bbox 747 1153 992 1225; x_wconf 62' lang='lat' dir='ltr'><strong>nam</strong></span> <span class='ocrx_word' id='word_1_90' title='bbox 1022 1155 1187 1221; x_wconf 89' lang='lat' dir='ltr'><strong>boni,</strong></span> <span class='ocrx_word' id='word_1_91' title='bbox 1236 1153 1332 1210; x_wconf 92' lang='lat' dir='ltr'><strong>sed</strong></span> <span class='ocrx_word' id='word_1_92' title='bbox 1370 1155 1497 1209; x_wconf 91' lang='lat' dir='ltr'><strong>mali</strong></span> <span class='ocrx_word' id='word_1_93' title='bbox 1536 1154 1739 1208; x_wconf 85' lang='lat' dir='ltr'><strong>inventi</strong></span> <span class='ocrx_word' id='word_1_94' title='bbox 1769 1161 1916 1225; x_wconf 88' lang='lat' dir='ltr'><strong>sunt.</strong></span> 
     </span>
    </p>
   </div>
   <div class='ocr_carea' id='block_1_12' title="bbox 326 1223 1920 1296">
    <p class='ocr_par' dir='ltr' id='par_1_12' title="bbox 326 1223 1920 1296">
     <span class='ocr_line' id='line_1_12' title="bbox 326 1223 1920 1296; baseline -0.001 -17"><span class='ocrx_word' id='word_1_95' title='bbox 326 1225 532 1296; x_wconf 57' lang='lat' dir='ltr'><strong>Accipe</strong></span> <span class='ocrx_word' id='word_1_96' title='bbox 565 1223 707 1296; x_wconf 17' lang='lat' dir='ltr'><strong>ergo,</strong></span> <span class='ocrx_word' id='word_1_97' title='bbox 736 1224 879 1296; x_wconf 89' lang='lat' dir='ltr'><strong>quod</strong></span> <span class='ocrx_word' id='word_1_98' title='bbox 904 1236 988 1282; x_wconf 88' lang='lat' dir='ltr'><strong>est</strong></span> <span class='ocrx_word' id='word_1_99' title='bbox 1031 1234 1271 1291; x_wconf 90' lang='lat' dir='ltr'><strong>certum,</strong></span> <span class='ocrx_word' id='word_1_100' title='bbox 1321 1235 1376 1281; x_wconf 90' lang='lat' dir='ltr'><strong>et</strong></span> <span class='ocrx_word' id='word_1_101' title='bbox 1418 1225 1625 1280; x_wconf 90' lang='lat' dir='ltr'><strong>dimitte</strong></span> <span class='ocrx_word' id='word_1_102' title='bbox 1667 1223 1805 1296; x_wconf 85' lang='lat' dir='ltr'><strong>quod</strong></span> <span class='ocrx_word' id='word_1_103' title='bbox 1838 1232 1920 1278; x_wconf 90' lang='lat' dir='ltr'><strong>est</strong></span> 
     </span>
    </p>
   </div>
   <div class='ocr_carea' id='block_1_13' title="bbox 323 1293 1921 1366">
    <p class='ocr_par' dir='ltr' id='par_1_13' title="bbox 323 1293 1921 1366">
     <span class='ocr_line' id='line_1_13' title="bbox 323 1293 1921 1366; baseline -0.001 -17"><span class='ocrx_word' id='word_1_104' title='bbox 323 1293 651 1366; x_wconf 57' lang='lat' dir='ltr'><strong>incertum.&#39;</strong></span> <span class='ocrx_word' id='word_1_105' title='bbox 678 1293 893 1353; x_wconf 77' lang='lat' dir='ltr'><strong>Certum</strong></span> <span class='ocrx_word' id='word_1_106' title='bbox 921 1297 1062 1353; x_wconf 90' lang='lat' dir='ltr'><strong>enim</strong></span> <span class='ocrx_word' id='word_1_107' title='bbox 1088 1305 1171 1352; x_wconf 89' lang='lat' dir='ltr'><strong>est</strong></span> <span class='ocrx_word' id='word_1_108' title='bbox 1193 1336 1208 1366; x_wconf 88' lang='lat'><strong>,</strong></span> <span class='ocrx_word' id='word_1_109' title='bbox 1248 1296 1390 1365; x_wconf 89' lang='lat' dir='ltr'><strong>quod</strong></span> <span class='ocrx_word' id='word_1_110' title='bbox 1418 1302 1671 1366; x_wconf 85' lang='lat' dir='ltr'><strong>peccator</strong></span> <span class='ocrx_word' id='word_1_111' title='bbox 1693 1293 1792 1349; x_wconf 85' lang='lat' dir='ltr'><strong>fuit</strong></span> <span class='ocrx_word' id='word_1_112' title='bbox 1819 1312 1833 1349; x_wconf 89' lang='lat'><strong>:</strong></span> <span class='ocrx_word' id='word_1_113' title='bbox 1865 1302 1921 1349; x_wconf 91' lang='lat' dir='ltr'><strong>et</strong></span> 
     </span>
    </p>
   </div>
   <div class='ocr_carea' id='block_1_14' title="bbox 328 1362 1918 1437">
    <p class='ocr_par' dir='ltr' id='par_1_14' title="bbox 328 1362 1918 1437">
     <span class='ocr_line' id='line_1_14' title="bbox 328 1362 1918 1437; baseline -0.001 -17"><span class='ocrx_word' id='word_1_114' title='bbox 328 1362 462 1421; x_wconf 77' lang='lat' dir='ltr'><strong>licet</strong></span> <span class='ocrx_word' id='word_1_115' title='bbox 484 1366 639 1423; x_wconf 87' lang='lat' dir='ltr'><strong>bonis</strong></span> <span class='ocrx_word' id='word_1_116' title='bbox 665 1369 916 1437; x_wconf 89' lang='lat' dir='ltr'><strong>operibus</strong></span> <span class='ocrx_word' id='word_1_117' title='bbox 941 1376 1162 1422; x_wconf 90' lang='lat' dir='ltr'><strong>ornatus</strong></span> <span class='ocrx_word' id='word_1_118' title='bbox 1188 1362 1369 1433; x_wconf 76' lang='lat' dir='ltr'><strong>fuerit,</strong></span> <span class='ocrx_word' id='word_1_119' title='bbox 1402 1362 1707 1437; x_wconf 88' lang='lat' dir='ltr'><strong>ignoramus</strong></span> <span class='ocrx_word' id='word_1_120' title='bbox 1740 1373 1918 1437; x_wconf 75' lang='lat' dir='ltr'><strong>tamen</strong></span> 
     </span>
    </p>
   </div>
   <div class='ocr_carea' id='block_1_15' title="bbox 326 1435 1920 1509">
    <p class='ocr_par' dir='ltr' id='par_1_15' title="bbox 326 1435 1920 1509">
     <span class='ocr_line' id='line_1_15' title="bbox 326 1435 1920 1509; baseline 0.001 -20"><span class='ocrx_word' id='word_1_121' title='bbox 326 1444 515 1491; x_wconf 83' lang='lat' dir='ltr'><strong>utrum</strong></span> <span class='ocrx_word' id='word_1_122' title='bbox 557 1435 816 1503; x_wconf 73' lang='lat' dir='ltr'><strong>mternam</strong></span> <span class='ocrx_word' id='word_1_123' title='bbox 856 1439 1083 1509; x_wconf 79' lang='lat' dir='ltr'><strong>gloriam</strong></span> <span class='ocrx_word' id='word_1_124' title='bbox 1129 1439 1390 1509; x_wconf 85' lang='lat' dir='ltr'><strong>meruerit</strong></span> <span class='ocrx_word' id='word_1_125' title='bbox 1426 1435 1724 1509; x_wconf 71' lang='lat' dir='ltr'><strong>possidere.</strong></span> <span class='ocrx_word' id='word_1_126' title='bbox 1777 1435 1920 1505; x_wconf 88' lang='lat' dir='ltr'><strong>Lege</strong></span> 
     </span>
    </p>
   </div>
   <div class='ocr_carea' id='block_1_16' title="bbox 322 1505 1920 1592">
    <p class='ocr_par' dir='ltr' id='par_1_16' title="bbox 322 1505 1920 1592">
     <span class='ocr_line' id='line_1_16' title="bbox 322 1505 1920 1592; baseline 0 -31"><span class='ocrx_word' id='word_1_127' title='bbox 322 1521 494 1592; x_wconf 35' lang='lat' dir='ltr'><strong>ergo,“</strong></span> <span class='ocrx_word' id='word_1_128' title='bbox 513 1522 552 1592; x_wconf 58' lang='grc' dir='ltr'><strong>(ξ</strong></span> <span class='ocrx_word' id='word_1_129' title='bbox 563 1509 748 1592; x_wconf 75' lang='lat' dir='ltr'><strong>humo,</strong></span> <span class='ocrx_word' id='word_1_130' title='bbox 776 1518 830 1564; x_wconf 90' lang='lat' dir='ltr'><strong>et</strong></span> <span class='ocrx_word' id='word_1_131' title='bbox 849 1505 1320 1592; x_wconf 64' lang='lat' dir='ltr'><strong>opereadimplere</strong></span> <span class='ocrx_word' id='word_1_132' title='bbox 1344 1505 1557 1592; x_wconf 75' lang='lat' dir='ltr'><strong>festina,</strong></span> <span class='ocrx_word' id='word_1_133' title='bbox 1576 1505 1717 1577; x_wconf 87' lang='lat' dir='ltr'><strong>quod</strong></span> <span class='ocrx_word' id='word_1_134' title='bbox 1736 1515 1920 1592; x_wconf 77' lang='lat' dir='ltr'><strong>sancta</strong></span> 
     </span>
    </p>
   </div>
   <div class='ocr_carea' id='block_1_17' title="bbox 322 1577 1922 1651">
    <p class='ocr_par' dir='ltr' id='par_1_17' title="bbox 322 1577 1922 1651">
     <span class='ocr_line' id='line_1_17' title="bbox 322 1577 1922 1651; baseline 0.001 -20"><span class='ocrx_word' id='word_1_135' title='bbox 322 1585 385 1631; x_wconf 83' lang='lat' dir='ltr'><strong>et</strong></span> <span class='ocrx_word' id='word_1_136' title='bbox 414 1578 757 1651; x_wconf 18' lang='lat' dir='ltr'><strong>salubrisgest</strong></span> <span class='ocrx_word' id='word_1_137' title='bbox 781 1577 1033 1651; x_wconf 74' lang='lat' dir='ltr'><strong>cogitatio</strong></span> <span class='ocrx_word' id='word_1_138' title='bbox 1070 1577 1458 1651; x_wconf 48' lang='lat' dir='ltr'><strong>pro&#39;defunctis</strong></span> <span class='ocrx_word' id='word_1_139' title='bbox 1484 1592 1748 1651; x_wconf 78' lang='lat' dir='ltr'><strong>exorare,</strong></span> <span class='ocrx_word' id='word_1_140' title='bbox 1780 1577 1922 1632; x_wconf 82' lang='lat' dir='ltr'><strong>elec-</strong></span> 
     </span>
    </p>
   </div>
   <div class='ocr_carea' id='block_1_18' title="bbox 324 1648 1921 1720">
    <p class='ocr_par' dir='ltr' id='par_1_18' title="bbox 324 1648 1921 1720">
     <span class='ocr_line' id='line_1_18' title="bbox 324 1648 1921 1720; baseline 0.001 -20"><span class='ocrx_word' id='word_1_141' title='bbox 324 1662 613 1719; x_wconf 86' lang='lat' dir='ltr'><strong>mosynam</strong></span> <span class='ocrx_word' id='word_1_142' title='bbox 639 1649 789 1716; x_wconf 90' lang='lat' dir='ltr'><strong>dare,</strong></span> <span class='ocrx_word' id='word_1_143' title='bbox 817 1648 1035 1706; x_wconf 80' lang='lat' dir='ltr'><strong>carnem</strong></span> <span class='ocrx_word' id='word_1_144' title='bbox 1061 1648 1319 1719; x_wconf 85' lang='lat' dir='ltr'><strong>affligere,</strong></span> <span class='ocrx_word' id='word_1_145' title='bbox 1350 1664 1513 1720; x_wconf 83' lang='lat' dir='ltr'><strong>opera</strong></span> <span class='ocrx_word' id='word_1_146' title='bbox 1542 1648 1751 1720; x_wconf 80' lang='lat' dir='ltr'><strong>pietatis</strong></span> <span class='ocrx_word' id='word_1_147' title='bbox 1768 1662 1921 1720; x_wconf 81' lang='lat' dir='ltr'><strong>exer-</strong></span> 
     </span>
    </p>
   </div>
   <div class='ocr_carea' id='block_1_19' title="bbox 322 1718 1921 1791">
    <p class='ocr_par' dir='ltr' id='par_1_19' title="bbox 322 1718 1921 1791">
     <span class='ocr_line' id='line_1_19' title="bbox 322 1718 1921 1791; baseline 0 -20"><span class='ocrx_word' id='word_1_148' title='bbox 322 1718 480 1784; x_wconf 89' lang='lat' dir='ltr'><strong>cere,</strong></span> <span class='ocrx_word' id='word_1_149' title='bbox 496 1728 570 1791; x_wconf 80' lang='lat' dir='ltr'><strong>_et</strong></span> <span class='ocrx_word' id='word_1_150' title='bbox 598 1720 1055 1791; x_wconf 79' lang='lat' dir='ltr'><strong>peregrinationes</strong></span> <span class='ocrx_word' id='word_1_151' title='bbox 1081 1718 1277 1787; x_wconf 84' lang='lat' dir='ltr'><strong>facere,</strong></span> <span class='ocrx_word' id='word_1_152' title='bbox 1302 1730 1362 1775; x_wconf 92' lang='lat' dir='ltr'><strong>ut</strong></span> <span class='ocrx_word' id='word_1_153' title='bbox 1387 1718 1418 1775; x_wconf 80' lang='lat' dir='ltr'><strong>a</strong></span> <span class='ocrx_word' id='word_1_154' title='bbox 1447 1718 1681 1790; x_wconf 89' lang='lat' dir='ltr'><strong>peccatis</strong></span> <span class='ocrx_word' id='word_1_155' title='bbox 1704 1718 1921 1791; x_wconf 83' lang='lat' dir='ltr'><strong>solvan-</strong></span> 
     </span>
    </p>
   </div>
   <div class='ocr_carea' id='block_1_20' title="bbox 322 1787 1922 1860">
    <p class='ocr_par' dir='ltr' id='par_1_20' title="bbox 322 1787 1922 1860">
     <span class='ocr_line' id='line_1_20' title="bbox 322 1787 1922 1860; baseline 0.002 -20"><span class='ocrx_word' id='word_1_156' title='bbox 322 1795 436 1842; x_wconf 73' lang='lat' dir='ltr'><strong>tur.</strong></span> <span class='ocrx_word' id='word_1_157' title='bbox 494 1787 629 1844; x_wconf 81' lang='lat' dir='ltr'><strong>Nam</strong></span> <span class='ocrx_word' id='word_1_158' title='bbox 662 1787 787 1846; x_wconf 56' lang='lat' dir='ltr'><strong>et&#39;si</strong></span> <span class='ocrx_word' id='word_1_159' title='bbox 824 1799 947 1847; x_wconf 89' lang='lat' dir='ltr'><strong>sunt</strong></span> <span class='ocrx_word' id='word_1_160' title='bbox 988 1792 1130 1846; x_wconf 86' lang='lat' dir='ltr'><strong>beati</strong></span> <span class='ocrx_word' id='word_1_161' title='bbox 1174 1791 1262 1847; x_wconf 92' lang='lat' dir='ltr'><strong>vel</strong></span> <span class='ocrx_word' id='word_1_162' title='bbox 1304 1787 1540 1845; x_wconf 81' lang='lat' dir='ltr'><strong>damnati</strong></span> <span class='ocrx_word' id='word_1_163' title='bbox 1585 1803 1685 1860; x_wconf 91' lang='lat' dir='ltr'><strong>pro</strong></span> <span class='ocrx_word' id='word_1_164' title='bbox 1729 1789 1922 1860; x_wconf 82' lang='lat' dir='ltr'><strong>quibus</strong></span> 
     </span>
    </p>
   </div>
   <div class='ocr_carea' id='block_1_21' title="bbox 322 1859 1919 1927">
    <p class='ocr_par' dir='ltr' id='par_1_21' title="bbox 322 1859 1919 1927">
     <span class='ocr_line' id='line_1_21' title="bbox 322 1859 1919 1927; baseline 0.003 -16"><span class='ocrx_word' id='word_1_165' title='bbox 322 1873 509 1927; x_wconf 85' lang='lat' dir='ltr'><strong>rogas,</strong></span> <span class='ocrx_word' id='word_1_166' title='bbox 544 1860 835 1916; x_wconf 86' lang='lat' dir='ltr'><strong>dummodo</strong></span> <span class='ocrx_word' id='word_1_167' title='bbox 857 1862 1085 1927; x_wconf 86' lang='lat' dir='ltr'><strong>nescias,</strong></span> <span class='ocrx_word' id='word_1_168' title='bbox 1117 1872 1173 1917; x_wconf 91' lang='lat' dir='ltr'><strong>et</strong></span> <span class='ocrx_word' id='word_1_169' title='bbox 1196 1876 1225 1914; x_wconf 91' lang='lat' dir='ltr'><strong>a</strong></span> <span class='ocrx_word' id='word_1_170' title='bbox 1254 1861 1362 1916; x_wconf 90' lang='lat' dir='ltr'><strong>Deo</strong></span> <span class='ocrx_word' id='word_1_171' title='bbox 1386 1861 1676 1917; x_wconf 83' lang='lat' dir='ltr'><strong>revelatum</strong></span> <span class='ocrx_word' id='word_1_172' title='bbox 1702 1859 1796 1915; x_wconf 88' lang='lat' dir='ltr'><strong>tibi</strong></span> <span class='ocrx_word' id='word_1_173' title='bbox 1813 1875 1919 1915; x_wconf 92' lang='lat' dir='ltr'><strong>non</strong></span> 
     </span>
    </p>
   </div>
   <div class='ocr_carea' id='block_1_22' title="bbox 320 1928 1919 2001">
    <p class='ocr_par' dir='ltr' id='par_1_22' title="bbox 320 1928 1919 2001">
     <span class='ocr_line' id='line_1_22' title="bbox 320 1928 1919 2001; baseline 0.002 -20"><span class='ocrx_word' id='word_1_174' title='bbox 320 1928 510 2001; x_wconf 72' lang='lat' dir='ltr'><strong>fuerit,</strong></span> <span class='ocrx_word' id='word_1_175' title='bbox 546 1945 651 1985; x_wconf 92' lang='lat' dir='ltr'><strong>non</strong></span> <span class='ocrx_word' id='word_1_176' title='bbox 677 1932 848 1989; x_wconf 88' lang='lat' dir='ltr'><strong>beatis</strong></span> <span class='ocrx_word' id='word_1_177' title='bbox 876 1934 959 1989; x_wconf 90' lang='lat' dir='ltr'><strong>vel</strong></span> <span class='ocrx_word' id='word_1_178' title='bbox 986 1932 1251 1987; x_wconf 88' lang='lat' dir='ltr'><strong>damnatis</strong></span> <span class='ocrx_word' id='word_1_179' title='bbox 1274 1932 1523 2001; x_wconf 88' lang='lat' dir='ltr'><strong>injuriam</strong></span> <span class='ocrx_word' id='word_1_180' title='bbox 1550 1930 1723 1985; x_wconf 86' lang='lat' dir='ltr'><strong>facere</strong></span> <span class='ocrx_word' id='word_1_181' title='bbox 1745 1939 1919 1999; x_wconf 88' lang='lat' dir='ltr'><strong>potes,</strong></span> 
     </span>
    </p>
   </div>
   <div class='ocr_carea' id='block_1_23' title="bbox 319 1999 1920 2074">
    <p class='ocr_par' dir='ltr' id='par_1_23' title="bbox 319 1999 1920 2074">
     <span class='ocr_line' id='line_1_23' title="bbox 319 1999 1920 2074; baseline 0.003 -23"><span class='ocrx_word' id='word_1_182' title='bbox 319 1999 607 2074; x_wconf 71' lang='lat' dir='ltr'><strong>velDeum</strong></span> <span class='ocrx_word' id='word_1_183' title='bbox 636 2002 909 2058; x_wconf 82' lang='lat' dir='ltr'><strong>offendere</strong></span> <span class='ocrx_word' id='word_1_184' title='bbox 937 2021 951 2057; x_wconf 89' lang='lat'><strong>:</strong></span> <span class='ocrx_word' id='word_1_185' title='bbox 978 2004 1102 2074; x_wconf 89' lang='lat' dir='ltr'><strong>quia</strong></span> <span class='ocrx_word' id='word_1_186' title='bbox 1127 2003 1171 2058; x_wconf 91' lang='lat' dir='ltr'><strong>si</strong></span> <span class='ocrx_word' id='word_1_187' title='bbox 1198 1999 1342 2059; x_wconf 80' lang='lat' dir='ltr'><strong>beati</strong></span> <span class='ocrx_word' id='word_1_188' title='bbox 1369 2012 1512 2069; x_wconf 91' lang='lat' dir='ltr'><strong>sunt,</strong></span> <span class='ocrx_word' id='word_1_189' title='bbox 1545 2002 1687 2056; x_wconf 91' lang='lat' dir='ltr'><strong>bono</strong></span> <span class='ocrx_word' id='word_1_190' title='bbox 1709 2011 1800 2074; x_wconf 79' lang='lat' dir='ltr'><strong>tuo</strong></span> <span class='ocrx_word' id='word_1_191' title='bbox 1816 2016 1920 2056; x_wconf 92' lang='lat' dir='ltr'><strong>non</strong></span> 
     </span>
    </p>
   </div>
   <div class='ocr_carea' id='block_1_24' title="bbox 318 2068 1919 2140">
    <p class='ocr_par' dir='ltr' id='par_1_24' title="bbox 318 2068 1919 2140">
     <span class='ocr_line' id='line_1_24' title="bbox 318 2068 1919 2140; baseline 0.001 -17"><span class='ocrx_word' id='word_1_192' title='bbox 318 2068 611 2140; x_wconf 68' lang='lat' dir='ltr'><strong>indigent;</strong></span> <span class='ocrx_word' id='word_1_193' title='bbox 658 2080 715 2127; x_wconf 89' lang='lat' dir='ltr'><strong>et</strong></span> <span class='ocrx_word' id='word_1_194' title='bbox 745 2075 791 2129; x_wconf 90' lang='lat' dir='ltr'><strong>si</strong></span> <span class='ocrx_word' id='word_1_195' title='bbox 820 2068 1057 2130; x_wconf 76' lang='lat' dir='ltr'><strong>damnati</strong></span> <span class='ocrx_word' id='word_1_196' title='bbox 1097 2082 1261 2140; x_wconf 90' lang='lat' dir='ltr'><strong>sunt,</strong></span> <span class='ocrx_word' id='word_1_197' title='bbox 1306 2068 1553 2128; x_wconf 89' lang='lat' dir='ltr'><strong>obtinere</strong></span> <span class='ocrx_word' id='word_1_198' title='bbox 1585 2086 1692 2127; x_wconf 93' lang='lat' dir='ltr'><strong>non</strong></span> <span class='ocrx_word' id='word_1_199' title='bbox 1718 2071 1919 2126; x_wconf 87' lang='lat' dir='ltr'><strong>valent.</strong></span> 
     </span>
    </p>
   </div>
   <div class='ocr_carea' id='block_1_25' title="bbox 320 2138 1920 2211">
    <p class='ocr_par' dir='ltr' id='par_1_25' title="bbox 320 2138 1920 2211">
     <span class='ocr_line' id='line_1_25' title="bbox 320 2138 1920 2211; baseline 0.001 -17"><span class='ocrx_word' id='word_1_200' title='bbox 320 2138 471 2211; x_wconf 82' lang='lat' dir='ltr'><strong>Ergo</strong></span> <span class='ocrx_word' id='word_1_201' title='bbox 500 2142 633 2197; x_wconf 90' lang='lat' dir='ltr'><strong>dum</strong></span> <span class='ocrx_word' id='word_1_202' title='bbox 660 2153 842 2199; x_wconf 89' lang='lat' dir='ltr'><strong>certus</strong></span> <span class='ocrx_word' id='word_1_203' title='bbox 867 2160 976 2200; x_wconf 89' lang='lat' dir='ltr'><strong>non</strong></span> <span class='ocrx_word' id='word_1_204' title='bbox 1001 2145 1077 2200; x_wconf 87' lang='lat' dir='ltr'><strong>sis</strong></span> <span class='ocrx_word' id='word_1_205' title='bbox 1100 2138 1253 2211; x_wconf 88' lang='lat' dir='ltr'><strong>quod</strong></span> <span class='ocrx_word' id='word_1_206' title='bbox 1271 2158 1369 2198; x_wconf 89' lang='lat' dir='ltr'><strong>nec</strong></span> <span class='ocrx_word' id='word_1_207' title='bbox 1394 2144 1629 2198; x_wconf 88' lang='lat' dir='ltr'><strong>damnati</strong></span> <span class='ocrx_word' id='word_1_208' title='bbox 1659 2157 1760 2197; x_wconf 91' lang='lat' dir='ltr'><strong>nec</strong></span> <span class='ocrx_word' id='word_1_209' title='bbox 1780 2142 1920 2198; x_wconf 88' lang='lat' dir='ltr'><strong>beati</strong></span> 
     </span>
    </p>
   </div>
   <div class='ocr_carea' id='block_1_26' title="bbox 317 2211 1924 2283">
    <p class='ocr_par' dir='ltr' id='par_1_26' title="bbox 317 2211 1924 2283">
     <span class='ocr_line' id='line_1_26' title="bbox 317 2211 1924 2283; baseline 0.002 -20"><span class='ocrx_word' id='word_1_210' title='bbox 317 2211 432 2264; x_wconf 86' lang='lat' dir='ltr'><strong>sint</strong></span> <span class='ocrx_word' id='word_1_211' title='bbox 451 2253 468 2278; x_wconf 92' lang='lat'><strong>,</strong></span> <span class='ocrx_word' id='word_1_212' title='bbox 492 2227 655 2269; x_wconf 85' lang='lat' dir='ltr'><strong>orare</strong></span> <span class='ocrx_word' id='word_1_213' title='bbox 677 2228 775 2282; x_wconf 91' lang='lat' dir='ltr'><strong>pro</strong></span> <span class='ocrx_word' id='word_1_214' title='bbox 800 2216 879 2271; x_wconf 86' lang='lat' dir='ltr'><strong>eis</strong></span> <span class='ocrx_word' id='word_1_215' title='bbox 903 2230 1011 2271; x_wconf 91' lang='lat' dir='ltr'><strong>non</strong></span> <span class='ocrx_word' id='word_1_216' title='bbox 1052 2211 1265 2270; x_wconf 80' lang='lat' dir='ltr'><strong>differas</strong></span> <span class='ocrx_word' id='word_1_217' title='bbox 1297 2232 1310 2267; x_wconf 88' lang='lat'><strong>:</strong></span> <span class='ocrx_word' id='word_1_218' title='bbox 1343 2216 1488 2283; x_wconf 90' lang='lat' dir='ltr'><strong>quia,</strong></span> <span class='ocrx_word' id='word_1_219' title='bbox 1515 2221 1576 2269; x_wconf 92' lang='lat' dir='ltr'><strong>ut</strong></span> <span class='ocrx_word' id='word_1_220' title='bbox 1603 2228 1763 2283; x_wconf 87' lang='lat' dir='ltr'><strong>supra</strong></span> <span class='ocrx_word' id='word_1_221' title='bbox 1787 2213 1924 2267; x_wconf 87' lang='lat' dir='ltr'><strong>dixi-</strong></span> 
     </span>
    </p>
   </div>
   <div class='ocr_carea' id='block_1_27' title="bbox 316 2283 1921 2356">
    <p class='ocr_par' dir='ltr' id='par_1_27' title="bbox 316 2283 1921 2356">
     <span class='ocr_line' id='line_1_27' title="bbox 316 2283 1921 2356; baseline 0.001 -21"><span class='ocrx_word' id='word_1_222' title='bbox 316 2295 467 2347; x_wconf 89' lang='lat' dir='ltr'><strong>mus,</strong></span> <span class='ocrx_word' id='word_1_223' title='bbox 496 2284 669 2356; x_wconf 79' lang='lat' dir='ltr'><strong>_bo‘uis</strong></span> <span class='ocrx_word' id='word_1_224' title='bbox 699 2286 804 2340; x_wconf 91' lang='lat' dir='ltr'><strong>tuis</strong></span> <span class='ocrx_word' id='word_1_225' title='bbox 826 2301 931 2341; x_wconf 91' lang='lat' dir='ltr'><strong>non</strong></span> <span class='ocrx_word' id='word_1_226' title='bbox 971 2286 1210 2356; x_wconf 90' lang='lat' dir='ltr'><strong>indigent</strong></span> <span class='ocrx_word' id='word_1_227' title='bbox 1233 2285 1325 2354; x_wconf 88' lang='lat' dir='ltr'><strong>qui</strong></span> <span class='ocrx_word' id='word_1_228' title='bbox 1353 2285 1497 2340; x_wconf 90' lang='lat' dir='ltr'><strong>beati</strong></span> <span class='ocrx_word' id='word_1_229' title='bbox 1524 2293 1686 2349; x_wconf 90' lang='lat' dir='ltr'><strong>sunt;</strong></span> <span class='ocrx_word' id='word_1_230' title='bbox 1718 2293 1773 2338; x_wconf 90' lang='lat' dir='ltr'><strong>et</strong></span> <span class='ocrx_word' id='word_1_231' title='bbox 1797 2283 1921 2356; x_wconf 84' lang='lat' dir='ltr'><strong>mali</strong></span> 
     </span>
    </p>
   </div>
   <div class='ocr_carea' id='block_1_28' title="bbox 314 2353 1925 2424">
    <p class='ocr_par' dir='ltr' id='par_1_28' title="bbox 314 2353 1925 2424">
     <span class='ocr_line' id='line_1_28' title="bbox 314 2353 1925 2424; baseline 0.001 -17"><span class='ocrx_word' id='word_1_232' title='bbox 314 2366 431 2424; x_wconf 70' lang='lat' dir='ltr'><strong>non</strong></span> <span class='ocrx_word' id='word_1_233' title='bbox 458 2353 731 2422; x_wconf 73' lang='lat' dir='ltr'><strong>obtinent,</strong></span> <span class='ocrx_word' id='word_1_234' title='bbox 759 2358 883 2424; x_wconf 85' lang='lat' dir='ltr'><strong>quia</strong></span> <span class='ocrx_word' id='word_1_235' title='bbox 911 2353 1149 2412; x_wconf 77' lang='lat' dir='ltr'><strong>damnati</strong></span> <span class='ocrx_word' id='word_1_236' title='bbox 1172 2353 1317 2411; x_wconf 89' lang='lat' dir='ltr'><strong>sunt.</strong></span> <span class='ocrx_word' id='word_1_237' title='bbox 1357 2357 1507 2410; x_wconf 81' lang='lat' dir='ltr'><strong>Scias</strong></span> <span class='ocrx_word' id='word_1_238' title='bbox 1530 2364 1729 2419; x_wconf 85' lang='lat' dir='ltr'><strong>tamen,</strong></span> <span class='ocrx_word' id='word_1_239' title='bbox 1764 2362 1820 2408; x_wconf 91' lang='lat' dir='ltr'><strong>et</strong></span> <span class='ocrx_word' id='word_1_240' title='bbox 1842 2354 1925 2408; x_wconf 85' lang='lat' dir='ltr'><strong>in-</strong></span> 
     </span>
    </p>
   </div>
   <div class='ocr_carea' id='block_1_29' title="bbox 317 2421 1923 2497">
    <p class='ocr_par' dir='ltr' id='par_1_29' title="bbox 317 2421 1923 2497">
     <span class='ocr_line' id='line_1_29' title="bbox 317 2421 1923 2497; baseline 0.002 -21"><span class='ocrx_word' id='word_1_241' title='bbox 317 2421 642 2497; x_wconf 73' lang='lat' dir='ltr'><strong>dubitanter</strong></span> <span class='ocrx_word' id='word_1_242' title='bbox 668 2421 877 2497; x_wconf 87' lang='lat' dir='ltr'><strong>credas,</strong></span> <span class='ocrx_word' id='word_1_243' title='bbox 910 2426 1050 2497; x_wconf 89' lang='lat' dir='ltr'><strong>quod</strong></span> <span class='ocrx_word' id='word_1_244' title='bbox 1077 2427 1204 2482; x_wconf 90' lang='lat' dir='ltr'><strong>licet</strong></span> <span class='ocrx_word' id='word_1_245' title='bbox 1224 2440 1321 2495; x_wconf 90' lang='lat' dir='ltr'><strong>pro</strong></span> <span class='ocrx_word' id='word_1_246' title='bbox 1347 2425 1614 2497; x_wconf 79' lang='lat' dir='ltr'><strong>defunctis</strong></span> <span class='ocrx_word' id='word_1_247' title='bbox 1644 2424 1812 2497; x_wconf 82' lang='lat' dir='ltr'><strong>beatis</strong></span> <span class='ocrx_word' id='word_1_248' title='bbox 1837 2426 1923 2480; x_wconf 92' lang='lat' dir='ltr'><strong>vel</strong></span> 
     </span>
    </p>
   </div>
   <div class='ocr_carea' id='block_1_30' title="bbox 316 2493 1923 2578">
    <p class='ocr_par' dir='ltr' id='par_1_30' title="bbox 316 2493 1923 2578">
     <span class='ocr_line' id='line_1_30' title="bbox 316 2493 1923 2578; baseline 0.002 -32"><span class='ocrx_word' id='word_1_249' title='bbox 316 2493 603 2578; x_wconf 73' lang='lat' dir='ltr'><strong>damnatis</strong></span> <span class='ocrx_word' id='word_1_250' title='bbox 639 2496 892 2578; x_wconf 61' lang='lat' dir='ltr'><strong>obgecres</strong></span> <span class='ocrx_word' id='word_1_251' title='bbox 914 2493 1121 2578; x_wconf 56' lang='lat' dir='ltr'><strong>{bona</strong></span> <span class='ocrx_word' id='word_1_252' title='bbox 1169 2493 1290 2578; x_wconf 80' lang='lat' dir='ltr'><strong>quae</strong></span> <span class='ocrx_word' id='word_1_253' title='bbox 1322 2511 1424 2578; x_wconf 84' lang='lat' dir='ltr'><strong>pro</strong></span> <span class='ocrx_word' id='word_1_254' title='bbox 1460 2496 1616 2578; x_wconf 82' lang='lat' dir='ltr'><strong>bonis</strong></span> <span class='ocrx_word' id='word_1_255' title='bbox 1654 2496 1798 2576; x_wconf 41' lang='lat' dir='ltr'><strong>fiunt.</strong></span> <span class='ocrx_word' id='word_1_256' title='bbox 1814 2509 1923 2578; x_wconf 83' lang='lat' dir='ltr'><strong>non</strong></span> 
     </span>
    </p>
   </div>
   <div class='ocr_carea' id='block_1_31' title="bbox 316 2565 1925 2637">
    <p class='ocr_par' dir='ltr' id='par_1_31' title="bbox 316 2565 1925 2637">
     <span class='ocr_line' id='line_1_31' title="bbox 316 2565 1925 2637; baseline 0.002 -21"><span class='ocrx_word' id='word_1_257' title='bbox 316 2565 668 2637; x_wconf 77' lang='lat' dir='ltr'><strong>amittuntur.</strong></span> <span class='ocrx_word' id='word_1_258' title='bbox 700 2565 856 2637; x_wconf 77' lang='lat' dir='ltr'><strong>Saepe</strong></span> <span class='ocrx_word' id='word_1_259' title='bbox 880 2567 1023 2623; x_wconf 90' lang='lat' dir='ltr'><strong>enim</strong></span> <span class='ocrx_word' id='word_1_260' title='bbox 1052 2565 1459 2637; x_wconf 78' lang='lat' dir='ltr'><strong>praedicavimus</strong></span> <span class='ocrx_word' id='word_1_261' title='bbox 1478 2607 1493 2631; x_wconf 91' lang='lat'><strong>,</strong></span> <span class='ocrx_word' id='word_1_262' title='bbox 1536 2573 1592 2637; x_wconf 86' lang='lat' dir='ltr'><strong>et</strong></span> <span class='ocrx_word' id='word_1_263' title='bbox 1616 2565 1925 2637; x_wconf 8' lang='lat' dir='ltr'><strong>saepeginte-</strong></span> 
     </span>
    </p>
   </div>
   <div class='ocr_carea' id='block_1_32' title="bbox 315 2584 1918 2707">
    <p class='ocr_par' dir='ltr' id='par_1_32' title="bbox 315 2584 1918 2707">
     <span class='ocr_line' id='line_1_32' title="bbox 316 2584 1918 2637; baseline 0.002 -21"><span class='ocrx_word' id='word_1_264' title='bbox 316 2584 668 2620; x_wconf 73' lang='lat' dir='ltr'><strong>aunuuntur.</strong></span> <span class='ocrx_word' id='word_1_265' title='bbox 701 2584 856 2637; x_wconf 69' lang='lat' dir='ltr'><strong>Stepe</strong></span> <span class='ocrx_word' id='word_1_266' title='bbox 880 2584 1023 2623; x_wconf 78' lang='lat' dir='ltr'><strong>enim</strong></span> <span class='ocrx_word' id='word_1_267' title='bbox 1089 2584 1459 2621; x_wconf 72' lang='lat' dir='ltr'><strong>matcawmus</strong></span> <span class='ocrx_word' id='word_1_268' title='bbox 1478 2607 1493 2631; x_wconf 87' lang='lat'><strong>,</strong></span> <span class='ocrx_word' id='word_1_269' title='bbox 1536 2584 1592 2621; x_wconf 76' lang='grc' dir='ltr'><strong>ει</strong></span> <span class='ocrx_word' id='word_1_270' title='bbox 1616 2584 1759 2635; x_wconf 60' lang='lat' dir='ltr'><strong>saepe</strong></span> <span class='ocrx_word' id='word_1_271' title='bbox 1786 2584 1918 2620; x_wconf 72' lang='grc' dir='ltr'><strong>ιηιθ-</strong></span> 
     </span>
     <span class='ocr_line' id='line_1_33' title="bbox 315 2584 1918 2707; baseline 0.001 -19"><span class='ocrx_word' id='word_1_272' title='bbox 315 2649 419 2702; x_wconf 81' lang='lat' dir='ltr'><strong>gra</strong></span> <span class='ocrx_word' id='word_1_273' title='bbox 451 2635 562 2690; x_wconf 91' lang='lat' dir='ltr'><strong>fide</strong></span> <span class='ocrx_word' id='word_1_274' title='bbox 584 2635 865 2693; x_wconf 89' lang='lat' dir='ltr'><strong>docuimus</strong></span> <span class='ocrx_word' id='word_1_275' title='bbox 888 2677 905 2705; x_wconf 94' lang='lat'><strong>,</strong></span> <span class='ocrx_word' id='word_1_276' title='bbox 932 2584 1088 2707; x_wconf 57' lang='lat' dir='ltr'><strong>quod)</strong></span> <span class='ocrx_word' id='word_1_277' title='bbox 1103 2639 1306 2692; x_wconf 90' lang='lat' dir='ltr'><strong>nullum</strong></span> <span class='ocrx_word' id='word_1_278' title='bbox 1336 2637 1536 2692; x_wconf 90' lang='lat' dir='ltr'><strong>malum</strong></span> <span class='ocrx_word' id='word_1_279' title='bbox 1580 2635 1918 2707; x_wconf 87' lang='lat' dir='ltr'><strong>impunitum,</strong></span> 
     </span>
    </p>
   </div>
   <div class='ocr_carea' id='block_1_33' title="bbox 316 2706 1922 2776">
    <p class='ocr_par' dir='ltr' id='par_1_33' title="bbox 316 2706 1922 2776">
     <span class='ocr_line' id='line_1_34' title="bbox 316 2706 1922 2776; baseline 0.003 -19"><span class='ocrx_word' id='word_1_280' title='bbox 316 2714 379 2757; x_wconf 83' lang='lat' dir='ltr'><strong>et</strong></span> <span class='ocrx_word' id='word_1_281' title='bbox 434 2707 648 2760; x_wconf 90' lang='lat' dir='ltr'><strong>nullum</strong></span> <span class='ocrx_word' id='word_1_282' title='bbox 694 2708 895 2762; x_wconf 91' lang='lat' dir='ltr'><strong>bonum</strong></span> <span class='ocrx_word' id='word_1_283' title='bbox 939 2706 1388 2763; x_wconf 87' lang='lat' dir='ltr'><strong>irremuneratum</strong></span> <span class='ocrx_word' id='word_1_284' title='bbox 1432 2708 1537 2763; x_wconf 92' lang='lat' dir='ltr'><strong>erit</strong></span> <span class='ocrx_word' id='word_1_285' title='bbox 1574 2706 1716 2775; x_wconf 88' lang='lat' dir='ltr'><strong>apud</strong></span> <span class='ocrx_word' id='word_1_286' title='bbox 1759 2721 1922 2776; x_wconf 89' lang='lat' dir='ltr'><strong>quem</strong></span> 
     </span>
    </p>
   </div>
   <div class='ocr_carea' id='block_1_34' title="bbox 316 2776 1923 2847">
    <p class='ocr_par' dir='ltr' id='par_1_34' title="bbox 316 2776 1923 2847">
     <span class='ocr_line' id='line_1_35' title="bbox 316 2776 1923 2847; baseline 0.001 -18"><span class='ocrx_word' id='word_1_287' title='bbox 316 2790 431 2839; x_wconf 77' lang='lat' dir='ltr'><strong>non</strong></span> <span class='ocrx_word' id='word_1_288' title='bbox 463 2785 554 2830; x_wconf 90' lang='lat' dir='ltr'><strong>est</strong></span> <span class='ocrx_word' id='word_1_289' title='bbox 590 2779 828 2846; x_wconf 88' lang='lat' dir='ltr'><strong>acceptio</strong></span> <span class='ocrx_word' id='word_1_290' title='bbox 844 2793 1216 2847; x_wconf 89' lang='lat' dir='ltr'><strong>personarum.</strong></span> <span class='ocrx_word' id='word_1_291' title='bbox 1240 2778 1424 2833; x_wconf 86' lang='lat' dir='ltr'><strong>Oratio</strong></span> <span class='ocrx_word' id='word_1_292' title='bbox 1442 2778 1585 2831; x_wconf 92' lang='lat' dir='ltr'><strong>enim</strong></span> <span class='ocrx_word' id='word_1_293' title='bbox 1612 2785 1700 2830; x_wconf 89' lang='lat' dir='ltr'><strong>tua</strong></span> <span class='ocrx_word' id='word_1_294' title='bbox 1729 2776 1782 2830; x_wconf 88' lang='lat' dir='ltr'><strong>in</strong></span> <span class='ocrx_word' id='word_1_295' title='bbox 1803 2778 1923 2831; x_wconf 84' lang='lat' dir='ltr'><strong>sinu</strong></span> 
     </span>
    </p>
   </div>
   <div class='ocr_carea' id='block_1_35' title="bbox 316 2847 1925 2918">
    <p class='ocr_par' dir='ltr' id='par_1_35' title="bbox 316 2847 1925 2918">
     <span class='ocr_line' id='line_1_36' title="bbox 316 2847 1925 2918; baseline 0.001 -19"><span class='ocrx_word' id='word_1_296' title='bbox 316 2854 417 2918; x_wconf 83' lang='lat' dir='ltr'><strong>tuo</strong></span> <span class='ocrx_word' id='word_1_297' title='bbox 461 2858 830 2902; x_wconf 88' lang='lat' dir='ltr'><strong>convertetur.</strong></span> <span class='ocrx_word' id='word_1_298' title='bbox 886 2848 1053 2918; x_wconf 90' lang='lat' dir='ltr'><strong>Igitur</strong></span> <span class='ocrx_word' id='word_1_299' title='bbox 1088 2862 1188 2918; x_wconf 91' lang='lat' dir='ltr'><strong>pro</strong></span> <span class='ocrx_word' id='word_1_300' title='bbox 1234 2847 1498 2918; x_wconf 80' lang='lat' dir='ltr'><strong>defunctis</strong></span> <span class='ocrx_word' id='word_1_301' title='bbox 1526 2860 1740 2918; x_wconf 79' lang='lat' dir='ltr'><strong>semper</strong></span> <span class='ocrx_word' id='word_1_302' title='bbox 1762 2860 1925 2918; x_wconf 79' lang='lat' dir='ltr'><strong>oran-</strong></span> 
     </span>
    </p>
   </div>
   <div class='ocr_carea' id='block_1_36' title="bbox 315 2915 1924 2988">
    <p class='ocr_par' dir='ltr' id='par_1_36' title="bbox 315 2915 1924 2988">
     <span class='ocr_line' id='line_1_37' title="bbox 315 2915 1924 2988; baseline -0.001 -17"><span class='ocrx_word' id='word_1_303' title='bbox 315 2915 452 2971; x_wconf 90' lang='lat' dir='ltr'><strong>dum</strong></span> <span class='ocrx_word' id='word_1_304' title='bbox 482 2924 579 2988; x_wconf 83' lang='lat' dir='ltr'><strong>est</strong></span> <span class='ocrx_word' id='word_1_305' title='bbox 610 2934 623 2968; x_wconf 89' lang='lat'><strong>:</strong></span> <span class='ocrx_word' id='word_1_306' title='bbox 655 2926 710 2971; x_wconf 90' lang='lat' dir='ltr'><strong>et</strong></span> <span class='ocrx_word' id='word_1_307' title='bbox 744 2918 791 2971; x_wconf 90' lang='lat' dir='ltr'><strong>si</strong></span> <span class='ocrx_word' id='word_1_308' title='bbox 818 2915 931 2973; x_wconf 77' lang='lat' dir='ltr'><strong>non</strong></span> <span class='ocrx_word' id='word_1_309' title='bbox 973 2915 1217 2988; x_wconf 85' lang='lat' dir='ltr'><strong>proficiet</strong></span> <span class='ocrx_word' id='word_1_310' title='bbox 1250 2918 1331 2971; x_wconf 90' lang='lat' dir='ltr'><strong>eis</strong></span> <span class='ocrx_word' id='word_1_311' title='bbox 1370 2917 1494 2988; x_wconf 89' lang='lat' dir='ltr'><strong>quia</strong></span> <span class='ocrx_word' id='word_1_312' title='bbox 1538 2916 1680 2971; x_wconf 84' lang='lat' dir='ltr'><strong>beati</strong></span> <span class='ocrx_word' id='word_1_313' title='bbox 1705 2916 1792 2970; x_wconf 86' lang='lat' dir='ltr'><strong>vel</strong></span> <span class='ocrx_word' id='word_1_314' title='bbox 1831 2915 1924 2988; x_wconf 76' lang='lat' dir='ltr'><strong>da-</strong></span> 
     </span>
    </p>
   </div>
   <div class='ocr_carea' id='block_1_37' title="bbox 313 2984 1924 3051">
    <p class='ocr_par' dir='ltr' id='par_1_37' title="bbox 313 2984 1924 3051">
     <span class='ocr_line' id='line_1_38' title="bbox 313 2984 1924 3051; baseline 0.002 -12"><span class='ocrx_word' id='word_1_315' title='bbox 313 2986 494 3040; x_wconf 89' lang='lat' dir='ltr'><strong>mnati</strong></span> <span class='ocrx_word' id='word_1_316' title='bbox 522 2996 688 3051; x_wconf 90' lang='lat' dir='ltr'><strong>sunt,</strong></span> <span class='ocrx_word' id='word_1_317' title='bbox 740 2988 911 3043; x_wconf 90' lang='lat' dir='ltr'><strong>oratio</strong></span> <span class='ocrx_word' id='word_1_318' title='bbox 940 2984 999 3043; x_wconf 80' lang='lat' dir='ltr'><strong>in</strong></span> <span class='ocrx_word' id='word_1_319' title='bbox 1042 2988 1164 3044; x_wconf 88' lang='lat' dir='ltr'><strong>sinu</strong></span> <span class='ocrx_word' id='word_1_320' title='bbox 1211 2984 1404 3043; x_wconf 70' lang='lat' dir='ltr'><strong>nostro</strong></span> <span class='ocrx_word' id='word_1_321' title='bbox 1423 2993 1784 3043; x_wconf 86' lang='lat' dir='ltr'><strong>convertetur.</strong></span> <span class='ocrx_word' id='word_1_322' title='bbox 1834 2984 1924 3043; x_wconf 90' lang='lat' dir='ltr'><strong>Sic</strong></span> 
     </span>
    </p>
   </div>
   <div class='ocr_carea' id='block_1_38' title="bbox 314 3056 1924 3129">
    <p class='ocr_par' dir='ltr' id='par_1_38' title="bbox 314 3056 1924 3129">
     <span class='ocr_line' id='line_1_39' title="bbox 314 3056 1924 3129; baseline 0.002 -19"><span class='ocrx_word' id='word_1_323' title='bbox 314 3056 468 3110; x_wconf 83' lang='lat' dir='ltr'><strong>enim</strong></span> <span class='ocrx_word' id='word_1_324' title='bbox 493 3056 637 3129; x_wconf 85' lang='lat' dir='ltr'><strong>boni</strong></span> <span class='ocrx_word' id='word_1_325' title='bbox 655 3057 857 3113; x_wconf 88' lang='lat' dir='ltr'><strong>erimus</strong></span> <span class='ocrx_word' id='word_1_326' title='bbox 880 3097 899 3125; x_wconf 91' lang='lat'><strong>,</strong></span> <span class='ocrx_word' id='word_1_327' title='bbox 943 3060 1023 3114; x_wconf 90' lang='lat' dir='ltr'><strong>sic</strong></span> <span class='ocrx_word' id='word_1_328' title='bbox 1046 3059 1121 3129; x_wconf 89' lang='lat' dir='ltr'><strong>pii</strong></span> <span class='ocrx_word' id='word_1_329' title='bbox 1147 3066 1202 3114; x_wconf 90' lang='lat' dir='ltr'><strong>et</strong></span> <span class='ocrx_word' id='word_1_330' title='bbox 1227 3056 1602 3114; x_wconf 83' lang='lat' dir='ltr'><strong>misericordes</strong></span> <span class='ocrx_word' id='word_1_331' title='bbox 1624 3097 1640 3121; x_wconf 91' lang='lat'><strong>,</strong></span> <span class='ocrx_word' id='word_1_332' title='bbox 1680 3057 1759 3112; x_wconf 91' lang='lat' dir='ltr'><strong>sic</strong></span> <span class='ocrx_word' id='word_1_333' title='bbox 1784 3058 1924 3129; x_wconf 83' lang='lat' dir='ltr'><strong>mala</strong></span> 
     </span>
    </p>
   </div>
   <div class='ocr_carea' id='block_1_39' title="bbox 312 3127 1925 3200">
    <p class='ocr_par' dir='ltr' id='par_1_39' title="bbox 312 3127 1925 3200">
     <span class='ocr_line' id='line_1_40' title="bbox 312 3127 1925 3200; baseline 0.002 -21"><span class='ocrx_word' id='word_1_334' title='bbox 312 3136 502 3200; x_wconf 76' lang='lat' dir='ltr'><strong>morte</strong></span> <span class='ocrx_word' id='word_1_335' title='bbox 524 3127 706 3196; x_wconf 86' lang='lat' dir='ltr'><strong>perire</strong></span> <span class='ocrx_word' id='word_1_336' title='bbox 732 3144 843 3183; x_wconf 91' lang='lat' dir='ltr'><strong>non</strong></span> <span class='ocrx_word' id='word_1_337' title='bbox 872 3127 1195 3199; x_wconf 83' lang='lat' dir='ltr'><strong>poterimus,</strong></span> <span class='ocrx_word' id='word_1_338' title='bbox 1225 3130 1349 3200; x_wconf 89' lang='lat' dir='ltr'><strong>quia</strong></span> <span class='ocrx_word' id='word_1_339' title='bbox 1376 3129 1633 3200; x_wconf 81' lang='lat' dir='ltr'><strong>Dominus</strong></span> <span class='ocrx_word' id='word_1_340' title='bbox 1655 3127 1925 3200; x_wconf 79' lang='lat' dir='ltr'><strong>custodiet</strong></span> 
     </span>
    </p>
   </div>
   <div class='ocr_carea' id='block_1_40' title="bbox 313 3196 1924 3271">
    <p class='ocr_par' dir='ltr' id='par_1_40' title="bbox 313 3196 1924 3271">
     <span class='ocr_line' id='line_1_41' title="bbox 313 3196 1924 3271; baseline 0.002 -21"><span class='ocrx_word' id='word_1_341' title='bbox 313 3210 424 3271; x_wconf 67' lang='lat' dir='ltr'><strong>uos</strong></span> <span class='ocrx_word' id='word_1_342' title='bbox 446 3196 524 3271; x_wconf 55' lang='lat' dir='ltr'><strong>iu</strong></span> <span class='ocrx_word' id='word_1_343' title='bbox 556 3205 667 3251; x_wconf 89' lang='lat' dir='ltr'><strong>tota</strong></span> <span class='ocrx_word' id='word_1_344' title='bbox 687 3200 796 3253; x_wconf 86' lang='lat' dir='ltr'><strong>vita</strong></span> <span class='ocrx_word' id='word_1_345' title='bbox 821 3196 1005 3256; x_wconf 78' lang='lat' dir='ltr'><strong>nostra</strong></span> <span class='ocrx_word' id='word_1_346' title='bbox 1021 3241 1038 3268; x_wconf 92' lang='lat'><strong>,</strong></span> <span class='ocrx_word' id='word_1_347' title='bbox 1080 3196 1456 3271; x_wconf 61' lang='lat' dir='ltr'><strong>quam&#39;postea</strong></span> <span class='ocrx_word' id='word_1_348' title='bbox 1482 3196 1801 3271; x_wconf 69' lang='lat' dir='ltr'><strong>deserendo,</strong></span> <span class='ocrx_word' id='word_1_349' title='bbox 1829 3198 1924 3271; x_wconf 86' lang='lat' dir='ltr'><strong>da-</strong></span> 
     </span>
    </p>
   </div>
   <div class='ocr_carea' id='block_1_41' title="bbox 312 3264 1920 3338">
    <p class='ocr_par' dir='ltr' id='par_1_41' title="bbox 312 3264 1920 3338">
     <span class='ocr_line' id='line_1_42' title="bbox 312 3264 1920 3338; baseline 0.002 -18"><span class='ocrx_word' id='word_1_350' title='bbox 312 3264 401 3320; x_wconf 77' lang='lat' dir='ltr'><strong>bit</strong></span> <span class='ocrx_word' id='word_1_351' title='bbox 444 3264 603 3338; x_wconf 84' lang='lat' dir='ltr'><strong>illam</strong></span> <span class='ocrx_word' id='word_1_352' title='bbox 633 3283 794 3338; x_wconf 87' lang='lat' dir='ltr'><strong>quam</strong></span> <span class='ocrx_word' id='word_1_353' title='bbox 837 3285 941 3326; x_wconf 90' lang='lat' dir='ltr'><strong>nec</strong></span> <span class='ocrx_word' id='word_1_354' title='bbox 976 3264 1164 3327; x_wconf 80' lang='lat' dir='ltr'><strong>oculus</strong></span> <span class='ocrx_word' id='word_1_355' title='bbox 1192 3264 1322 3326; x_wconf 71' lang='lat' dir='ltr'><strong>vidit</strong></span> <span class='ocrx_word' id='word_1_356' title='bbox 1343 3311 1360 3336; x_wconf 92' lang='lat'><strong>,</strong></span> <span class='ocrx_word' id='word_1_357' title='bbox 1403 3282 1506 3325; x_wconf 89' lang='lat' dir='ltr'><strong>nec</strong></span> <span class='ocrx_word' id='word_1_358' title='bbox 1528 3271 1674 3324; x_wconf 88' lang='lat' dir='ltr'><strong>auris</strong></span> <span class='ocrx_word' id='word_1_359' title='bbox 1698 3268 1920 3335; x_wconf 89' lang='lat' dir='ltr'><strong>audivit,</strong></span> 
     </span>
    </p>
   </div>
   <div class='ocr_carea' id='block_1_42' title="bbox 312 3335 1924 3397">
    <p class='ocr_par' dir='ltr' id='par_1_42' title="bbox 312 3335 1924 3397">
     <span class='ocr_line' id='line_1_43' title="bbox 312 3335 1924 3397; baseline 0.004 -7"><span class='ocrx_word' id='word_1_360' title='bbox 312 3351 424 3391; x_wconf 86' lang='lat' dir='ltr'><strong>nec</strong></span> <span class='ocrx_word' id='word_1_361' title='bbox 474 3335 535 3390; x_wconf 92' lang='lat' dir='ltr'><strong>in</strong></span> <span class='ocrx_word' id='word_1_362' title='bbox 578 3335 673 3393; x_wconf 72' lang='lat' dir='ltr'><strong>eor</strong></span> <span class='ocrx_word' id='word_1_363' title='bbox 718 3340 951 3396; x_wconf 88' lang='lat' dir='ltr'><strong>hominis</strong></span> <span class='ocrx_word' id='word_1_364' title='bbox 1002 3340 1244 3397; x_wconf 88' lang='lat' dir='ltr'><strong>ascendit</strong></span> <span class='ocrx_word' id='word_1_365' title='bbox 1283 3335 1534 3396; x_wconf 84' lang='lat' dir='ltr'><strong>viventis.</strong></span> <span class='ocrx_word' id='word_1_366' title='bbox 1583 3338 1924 3396; x_wconf 88' lang='lat' dir='ltr'><strong>Festinemus</strong></span> 
     </span>
    </p>
   </div>
   <div class='ocr_carea' id='block_1_43' title="bbox 278 3407 1922 3481">
    <p class='ocr_par' dir='ltr' id='par_1_43' title="bbox 278 3407 1922 3481">
     <span class='ocr_line' id='line_1_44' title="bbox 278 3407 1922 3481; baseline 0.002 -20"><span class='ocrx_word' id='word_1_367' title='bbox 278 3444 283 3449; x_wconf 85' lang='grc'><strong><em>-</em></strong></span> <span class='ocrx_word' id='word_1_368' title='bbox 312 3422 476 3481; x_wconf 83' lang='lat' dir='ltr'><strong>ergo,</strong></span> <span class='ocrx_word' id='word_1_369' title='bbox 510 3421 547 3459; x_wconf 87' lang='grc' dir='ltr'>ο</span> <span class='ocrx_word' id='word_1_370' title='bbox 574 3407 795 3475; x_wconf 78' lang='lat' dir='ltr'><strong>fratres,</strong></span> <span class='ocrx_word' id='word_1_371' title='bbox 827 3426 925 3481; x_wconf 92' lang='lat' dir='ltr'><strong>pro</strong></span> <span class='ocrx_word' id='word_1_372' title='bbox 946 3411 1210 3468; x_wconf 82' lang='lat' dir='ltr'><strong>defunctis</strong></span> <span class='ocrx_word' id='word_1_373' title='bbox 1238 3426 1473 3467; x_wconf 80' lang='lat' dir='ltr'><strong>exorare</strong></span> <span class='ocrx_word' id='word_1_374' title='bbox 1496 3450 1512 3477; x_wconf 92' lang='lat'><strong>,</strong></span> <span class='ocrx_word' id='word_1_375' title='bbox 1543 3419 1604 3465; x_wconf 94' lang='lat' dir='ltr'><strong>ut</strong></span> <span class='ocrx_word' id='word_1_376' title='bbox 1631 3420 1686 3464; x_wconf 89' lang='lat' dir='ltr'><strong>et</strong></span> <span class='ocrx_word' id='word_1_377' title='bbox 1714 3410 1815 3480; x_wconf 88' lang='lat' dir='ltr'><strong>ipsi</strong></span> <span class='ocrx_word' id='word_1_378' title='bbox 1843 3411 1922 3466; x_wconf 82' lang='lat' dir='ltr'><strong>fe—</strong></span> 
     </span>
    </p>
   </div>
   <div class='ocr_carea' id='block_1_44' title="bbox 312 3479 1926 3546">
    <p class='ocr_par' dir='ltr' id='par_1_44' title="bbox 312 3479 1926 3546">
     <span class='ocr_line' id='line_1_45' title="bbox 312 3479 1926 3546; baseline 0.004 -16"><span class='ocrx_word' id='word_1_379' title='bbox 312 3479 532 3546; x_wconf 81' lang='lat' dir='ltr'><strong>stinent</strong></span> <span class='ocrx_word' id='word_1_380' title='bbox 563 3494 662 3534; x_wconf 91' lang='lat' dir='ltr'><strong>nos</strong></span> <span class='ocrx_word' id='word_1_381' title='bbox 701 3481 770 3535; x_wconf 83' lang='lat' dir='ltr'><strong>ad</strong></span> <span class='ocrx_word' id='word_1_382' title='bbox 793 3479 853 3537; x_wconf 79' lang='lat' dir='ltr'><strong>se</strong></span> <span class='ocrx_word' id='word_1_383' title='bbox 875 3496 1070 3539; x_wconf 88' lang='lat' dir='ltr'><strong>vocare</strong></span> <span class='ocrx_word' id='word_1_384' title='bbox 1098 3500 1112 3537; x_wconf 86' lang='lat'><strong>:</strong></span> <span class='ocrx_word' id='word_1_385' title='bbox 1142 3483 1325 3537; x_wconf 89' lang='lat' dir='ltr'><strong>vident</strong></span> <span class='ocrx_word' id='word_1_386' title='bbox 1359 3483 1503 3537; x_wconf 91' lang='lat' dir='ltr'><strong>enim</strong></span> <span class='ocrx_word' id='word_1_387' title='bbox 1539 3479 1777 3536; x_wconf 88' lang='lat' dir='ltr'><strong>sanctam</strong></span> <span class='ocrx_word' id='word_1_388' title='bbox 1807 3481 1926 3536; x_wconf 91' lang='lat' dir='ltr'><strong>Tri-</strong></span> 
     </span>
    </p>
   </div>
   <div class='ocr_carea' id='block_1_45' title="bbox 312 3548 1917 3623">
    <p class='ocr_par' dir='ltr' id='par_1_45' title="bbox 312 3548 1917 3623">
     <span class='ocr_line' id='line_1_46' title="bbox 312 3548 1917 3623; baseline 0.004 -23"><span class='ocrx_word' id='word_1_389' title='bbox 312 3548 556 3623; x_wconf 74' lang='lat' dir='ltr'><strong>nitatem</strong></span> <span class='ocrx_word' id='word_1_390' title='bbox 588 3558 793 3623; x_wconf 85' lang='lat' dir='ltr'><strong>tantum</strong></span> <span class='ocrx_word' id='word_1_391' title='bbox 820 3568 942 3609; x_wconf 87' lang='lat' dir='ltr'><strong>esse</strong></span> <span class='ocrx_word' id='word_1_392' title='bbox 969 3568 1152 3621; x_wconf 91' lang='lat' dir='ltr'><strong>unam,</strong></span> <span class='ocrx_word' id='word_1_393' title='bbox 1181 3561 1435 3623; x_wconf 88' lang='lat' dir='ltr'><strong>quantum</strong></span> <span class='ocrx_word' id='word_1_394' title='bbox 1456 3562 1567 3607; x_wconf 91' lang='lat' dir='ltr'><strong>tres</strong></span> <span class='ocrx_word' id='word_1_395' title='bbox 1589 3553 1748 3607; x_wconf 88' lang='lat' dir='ltr'><strong>simul</strong></span> <span class='ocrx_word' id='word_1_396' title='bbox 1776 3560 1917 3617; x_wconf 87' lang='lat' dir='ltr'><strong>sunt,</strong></span> 
     </span>
    </p>
   </div>
   <div class='ocr_carea' id='block_1_46' title="bbox 313 3619 1916 3698">
    <p class='ocr_par' dir='ltr' id='par_1_46' title="bbox 313 3619 1916 3698">
     <span class='ocr_line' id='line_1_47' title="bbox 313 3619 1916 3698; baseline 0.004 -28"><span class='ocrx_word' id='word_1_397' title='bbox 313 3632 428 3698; x_wconf 56' lang='lat' dir='ltr'><strong>pec</strong></span> <span class='ocrx_word' id='word_1_398' title='bbox 459 3619 587 3698; x_wconf 79' lang='lat' dir='ltr'><strong>plus</strong></span> <span class='ocrx_word' id='word_1_399' title='bbox 612 3620 817 3698; x_wconf 88' lang='lat' dir='ltr'><strong>aliquid</strong></span> <span class='ocrx_word' id='word_1_400' title='bbox 860 3619 1144 3698; x_wconf 60' lang='lat' dir='ltr'><strong>suntduaé</strong></span> <span class='ocrx_word' id='word_1_401' title='bbox 1184 3619 1345 3698; x_wconf 75' lang='lat' dir='ltr'><strong>quam</strong></span> <span class='ocrx_word' id='word_1_402' title='bbox 1382 3638 1489 3677; x_wconf 90' lang='lat' dir='ltr'><strong>una</strong></span> <span class='ocrx_word' id='word_1_403' title='bbox 1518 3637 1606 3678; x_wconf 90' lang='lat' dir='ltr'><strong>res</strong></span> <span class='ocrx_word' id='word_1_404' title='bbox 1626 3664 1640 3689; x_wconf 94' lang='lat'><strong>,</strong></span> <span class='ocrx_word' id='word_1_405' title='bbox 1663 3632 1748 3698; x_wconf 80' lang='lat' dir='ltr'><strong>_et</strong></span> <span class='ocrx_word' id='word_1_406' title='bbox 1772 3623 1916 3698; x_wconf 79' lang='lat' dir='ltr'><strong>inse</strong></span> 
     </span>
    </p>
   </div>
   <div class='ocr_carea' id='block_1_47' title="bbox 311 3688 1924 3765">
    <p class='ocr_par' dir='ltr' id='par_1_47' title="bbox 311 3688 1924 3765">
     <span class='ocr_line' id='line_1_48' title="bbox 311 3688 1924 3765; baseline 0.003 -23"><span class='ocrx_word' id='word_1_407' title='bbox 311 3688 539 3765; x_wconf 59' lang='lat' dir='ltr'><strong>infinita</strong></span> <span class='ocrx_word' id='word_1_408' title='bbox 566 3688 733 3765; x_wconf 64' lang='lat' dir='ltr'><strong>sunt,</strong></span> <span class='ocrx_word' id='word_1_409' title='bbox 762 3702 816 3765; x_wconf 81' lang='lat' dir='ltr'><strong>et</strong></span> <span class='ocrx_word' id='word_1_410' title='bbox 838 3694 1049 3765; x_wconf 78' lang='lat' dir='ltr'><strong>singula</strong></span> <span class='ocrx_word' id='word_1_411' title='bbox 1076 3694 1130 3748; x_wconf 90' lang='lat' dir='ltr'><strong>in</strong></span> <span class='ocrx_word' id='word_1_412' title='bbox 1155 3688 1379 3765; x_wconf 83' lang='lat' dir='ltr'><strong>singulis</strong></span> <span class='ocrx_word' id='word_1_413' title='bbox 1403 3736 1419 3761; x_wconf 94' lang='lat'><strong>,</strong></span> <span class='ocrx_word' id='word_1_414' title='bbox 1450 3703 1505 3747; x_wconf 92' lang='lat' dir='ltr'><strong>et</strong></span> <span class='ocrx_word' id='word_1_415' title='bbox 1531 3693 1708 3747; x_wconf 88' lang='lat' dir='ltr'><strong>omnia</strong></span> <span class='ocrx_word' id='word_1_416' title='bbox 1731 3693 1924 3765; x_wconf 77' lang='lat' dir='ltr'><strong>insin-</strong></span> 
     </span>
    </p>
   </div>
   <div class='ocr_carea' id='block_1_48' title="bbox 311 3759 1919 3829">
    <p class='ocr_par' dir='ltr' id='par_1_48' title="bbox 311 3759 1919 3829">
     <span class='ocr_line' id='line_1_49' title="bbox 311 3759 1919 3829; baseline 0.003 -17"><span class='ocrx_word' id='word_1_417' title='bbox 311 3759 468 3828; x_wconf 88' lang='lat' dir='ltr'><strong>gulis</strong></span> <span class='ocrx_word' id='word_1_418' title='bbox 488 3799 505 3824; x_wconf 96' lang='lat'><strong>,</strong></span> <span class='ocrx_word' id='word_1_419' title='bbox 538 3767 595 3813; x_wconf 89' lang='lat' dir='ltr'><strong>et</strong></span> <span class='ocrx_word' id='word_1_420' title='bbox 620 3760 828 3829; x_wconf 87' lang='lat' dir='ltr'><strong>singula</strong></span> <span class='ocrx_word' id='word_1_421' title='bbox 866 3761 922 3815; x_wconf 93' lang='lat' dir='ltr'><strong>in</strong></span> <span class='ocrx_word' id='word_1_422' title='bbox 946 3759 1196 3815; x_wconf 74' lang='lat' dir='ltr'><strong>omnibus</strong></span> <span class='ocrx_word' id='word_1_423' title='bbox 1222 3759 1337 3827; x_wconf 50' lang='lat' dir='ltr'><strong>fet</strong></span> <span class='ocrx_word' id='word_1_424' title='bbox 1364 3759 1544 3818; x_wconf 83' lang='lat' dir='ltr'><strong>omnia</strong></span> <span class='ocrx_word' id='word_1_425' title='bbox 1571 3766 1624 3817; x_wconf 91' lang='lat' dir='ltr'><strong>in</strong></span> <span class='ocrx_word' id='word_1_426' title='bbox 1650 3763 1919 3829; x_wconf 85' lang='lat' dir='ltr'><strong>omnibus,</strong></span> 
     </span>
    </p>
   </div>
   <div class='ocr_carea' id='block_1_49' title="bbox 312 3831 1920 3900">
    <p class='ocr_par' dir='ltr' id='par_1_49' title="bbox 312 3831 1920 3900">
     <span class='ocr_line' id='line_1_50' title="bbox 312 3831 1920 3900; baseline 0.002 -17"><span class='ocrx_word' id='word_1_427' title='bbox 312 3838 371 3884; x_wconf 87' lang='lat' dir='ltr'><strong>et</strong></span> <span class='ocrx_word' id='word_1_428' title='bbox 401 3844 582 3883; x_wconf 86' lang='lat' dir='ltr'><strong>unum</strong></span> <span class='ocrx_word' id='word_1_429' title='bbox 608 3832 787 3885; x_wconf 83' lang='lat' dir='ltr'><strong>omnia</strong></span> <span class='ocrx_word' id='word_1_430' title='bbox 817 3840 961 3885; x_wconf 89' lang='lat' dir='ltr'><strong>sunt.</strong></span> <span class='ocrx_word' id='word_1_431' title='bbox 1008 3832 1078 3885; x_wconf 83' lang='lat' dir='ltr'><strong>Et</strong></span> <span class='ocrx_word' id='word_1_432' title='bbox 1105 3831 1151 3885; x_wconf 91' lang='lat' dir='ltr'><strong>si</strong></span> <span class='ocrx_word' id='word_1_433' title='bbox 1178 3844 1371 3900; x_wconf 88' lang='lat' dir='ltr'><strong>capere</strong></span> <span class='ocrx_word' id='word_1_434' title='bbox 1396 3845 1503 3885; x_wconf 89' lang='lat' dir='ltr'><strong>non</strong></span> <span class='ocrx_word' id='word_1_435' title='bbox 1535 3834 1756 3900; x_wconf 82' lang='lat' dir='ltr'><strong>potestis</strong></span> <span class='ocrx_word' id='word_1_436' title='bbox 1782 3847 1920 3900; x_wconf 86' lang='lat' dir='ltr'><strong>quo-</strong></span> 
     </span>
    </p>
   </div>
   <div class='ocr_carea' id='block_1_50' title="bbox 309 3900 1919 3971">
    <p class='ocr_par' dir='ltr' id='par_1_50' title="bbox 309 3900 1919 3971">
     <span class='ocr_line' id='line_1_51' title="bbox 309 3900 1919 3971; baseline 0.002 -18"><span class='ocrx_word' id='word_1_437' title='bbox 309 3900 492 3969; x_wconf 84' lang='lat' dir='ltr'><strong>modo</strong></span> <span class='ocrx_word' id='word_1_438' title='bbox 519 3914 707 3956; x_wconf 86' lang='lat' dir='ltr'><strong>saneta</strong></span> <span class='ocrx_word' id='word_1_439' title='bbox 731 3901 965 3956; x_wconf 87' lang='lat' dir='ltr'><strong>Trinitas</strong></span> <span class='ocrx_word' id='word_1_440' title='bbox 985 3942 1000 3967; x_wconf 91' lang='lat'><strong>,</strong></span> <span class='ocrx_word' id='word_1_441' title='bbox 1031 3912 1138 3955; x_wconf 91' lang='lat' dir='ltr'><strong>tres</strong></span> <span class='ocrx_word' id='word_1_442' title='bbox 1162 3910 1218 3955; x_wconf 92' lang='lat' dir='ltr'><strong>et</strong></span> <span class='ocrx_word' id='word_1_443' title='bbox 1241 3916 1402 3955; x_wconf 91' lang='lat' dir='ltr'><strong>unum</strong></span> <span class='ocrx_word' id='word_1_444' title='bbox 1430 3910 1556 3955; x_wconf 86' lang='lat' dir='ltr'><strong>sunt</strong></span> <span class='ocrx_word' id='word_1_445' title='bbox 1572 3943 1586 3967; x_wconf 90' lang='lat'><strong>,</strong></span> <span class='ocrx_word' id='word_1_446' title='bbox 1616 3904 1919 3971; x_wconf 82' lang='lat' dir='ltr'><strong>exemplum</strong></span> 
     </span>
    </p>
   </div>
   <div class='ocr_carea' id='block_1_51' title="bbox 310 3971 1915 4040">
    <p class='ocr_par' dir='ltr' id='par_1_51' title="bbox 310 3971 1915 4040">
     <span class='ocr_line' id='line_1_52' title="bbox 310 3971 1915 4040; baseline 0.001 -13"><span class='ocrx_word' id='word_1_447' title='bbox 310 3972 583 4040; x_wconf 80' lang='lat' dir='ltr'><strong>accipite.</strong></span> <span class='ocrx_word' id='word_1_448' title='bbox 597 3971 747 4027; x_wconf 88' lang='lat' dir='ltr'><strong>Unus</strong></span> <span class='ocrx_word' id='word_1_449' title='bbox 767 3972 907 4025; x_wconf 90' lang='lat' dir='ltr'><strong>enim</strong></span> <span class='ocrx_word' id='word_1_450' title='bbox 931 3981 1013 4025; x_wconf 88' lang='lat' dir='ltr'><strong>est</strong></span> <span class='ocrx_word' id='word_1_451' title='bbox 1036 3972 1115 4025; x_wconf 91' lang='lat' dir='ltr'><strong>sol</strong></span> <span class='ocrx_word' id='word_1_452' title='bbox 1135 3972 1190 4025; x_wconf 91' lang='lat' dir='ltr'><strong>in</strong></span> <span class='ocrx_word' id='word_1_453' title='bbox 1209 3972 1348 4026; x_wconf 73' lang='lat' dir='ltr'><strong>coelo</strong></span> <span class='ocrx_word' id='word_1_454' title='bbox 1367 3986 1608 4038; x_wconf 90' lang='lat' dir='ltr'><strong>currens,</strong></span> <span class='ocrx_word' id='word_1_455' title='bbox 1622 3972 1915 4039; x_wconf 81' lang='lat' dir='ltr'><strong>calescens,</strong></span> 
     </span>
    </p>
   </div>
   <div class='ocr_carea' id='block_1_52' title="bbox 310 4041 1919 4113">
    <p class='ocr_par' dir='ltr' id='par_1_52' title="bbox 310 4041 1919 4113">
     <span class='ocr_line' id='line_1_53' title="bbox 310 4041 1919 4113; baseline 0.001 -17"><span class='ocrx_word' id='word_1_456' title='bbox 310 4051 376 4113; x_wconf 69' lang='lat' dir='ltr'><strong>ut</strong></span> <span class='ocrx_word' id='word_1_457' title='bbox 408 4041 654 4113; x_wconf 85' lang='lat' dir='ltr'><strong>fulgens.</strong></span> <span class='ocrx_word' id='word_1_458' title='bbox 705 4041 852 4113; x_wconf 89' lang='lat' dir='ltr'><strong>Unus</strong></span> <span class='ocrx_word' id='word_1_459' title='bbox 876 4048 961 4095; x_wconf 91' lang='lat' dir='ltr'><strong>est</strong></span> <span class='ocrx_word' id='word_1_460' title='bbox 986 4042 1040 4095; x_wconf 93' lang='lat' dir='ltr'><strong>in</strong></span> <span class='ocrx_word' id='word_1_461' title='bbox 1070 4050 1212 4113; x_wconf 78' lang='lat' dir='ltr'><strong>terra</strong></span> <span class='ocrx_word' id='word_1_462' title='bbox 1258 4041 1397 4111; x_wconf 84' lang='lat' dir='ltr'><strong>ignis</strong></span> <span class='ocrx_word' id='word_1_463' title='bbox 1423 4043 1523 4095; x_wconf 89' lang='lat' dir='ltr'><strong>tria</strong></span> <span class='ocrx_word' id='word_1_464' title='bbox 1553 4042 1800 4095; x_wconf 87' lang='lat' dir='ltr'><strong>similiter</strong></span> <span class='ocrx_word' id='word_1_465' title='bbox 1826 4045 1919 4098; x_wconf 90' lang='lat' dir='ltr'><strong>ha-</strong></span> 
     </span>
    </p>
   </div>
   <div class='ocr_carea' id='block_1_53' title="bbox 309 4110 1918 4179">
    <p class='ocr_par' dir='ltr' id='par_1_53' title="bbox 309 4110 1918 4179">
     <span class='ocr_line' id='line_1_54' title="bbox 309 4110 1918 4179; baseline 0 -10"><span class='ocrx_word' id='word_1_466' title='bbox 309 4112 487 4179; x_wconf 75' lang='lat' dir='ltr'><strong>bens,</strong></span> <span class='ocrx_word' id='word_1_467' title='bbox 506 4110 745 4173; x_wconf 47' lang='lat' dir='ltr'><strong>&#39;motum,</strong></span> <span class='ocrx_word' id='word_1_468' title='bbox 776 4112 963 4176; x_wconf 88' lang='lat' dir='ltr'><strong>lucem,</strong></span> <span class='ocrx_word' id='word_1_469' title='bbox 994 4119 1048 4165; x_wconf 92' lang='lat' dir='ltr'><strong>et</strong></span> <span class='ocrx_word' id='word_1_470' title='bbox 1069 4110 1335 4166; x_wconf 82' lang='lat' dir='ltr'><strong>fervorem</strong></span> <span class='ocrx_word' id='word_1_471' title='bbox 1361 4130 1374 4166; x_wconf 91' lang='lat'><strong>:</strong></span> <span class='ocrx_word' id='word_1_472' title='bbox 1398 4126 1498 4166; x_wconf 91' lang='lat' dir='ltr'><strong>nec</strong></span> <span class='ocrx_word' id='word_1_473' title='bbox 1525 4113 1695 4167; x_wconf 89' lang='lat' dir='ltr'><strong>lucem</strong></span> <span class='ocrx_word' id='word_1_474' title='bbox 1718 4127 1747 4165; x_wconf 90' lang='lat' dir='ltr'><strong>a</strong></span> <span class='ocrx_word' id='word_1_475' title='bbox 1771 4125 1918 4169; x_wconf 92' lang='lat' dir='ltr'><strong>motu</strong></span> 
     </span>
    </p>
   </div>
   <div class='ocr_carea' id='block_1_54' title="bbox 310 4181 1915 4251">
    <p class='ocr_par' dir='ltr' id='par_1_54' title="bbox 310 4181 1915 4251">
     <span class='ocr_line' id='line_1_55' title="bbox 310 4181 1915 4251; baseline 0.001 -13"><span class='ocrx_word' id='word_1_476' title='bbox 310 4195 373 4243; x_wconf 83' lang='lat' dir='ltr'><strong>et</strong></span> <span class='ocrx_word' id='word_1_477' title='bbox 403 4185 627 4236; x_wconf 82' lang='lat' dir='ltr'><strong>fervore</strong></span> <span class='ocrx_word' id='word_1_478' title='bbox 652 4181 892 4236; x_wconf 91' lang='lat' dir='ltr'><strong>dividere</strong></span> <span class='ocrx_word' id='word_1_479' title='bbox 916 4190 1087 4251; x_wconf 91' lang='lat' dir='ltr'><strong>potes.</strong></span> <span class='ocrx_word' id='word_1_480' title='bbox 1112 4181 1201 4238; x_wconf 90' lang='lat' dir='ltr'><strong>Sic</strong></span> <span class='ocrx_word' id='word_1_481' title='bbox 1223 4194 1307 4237; x_wconf 90' lang='lat' dir='ltr'><strong>est</strong></span> <span class='ocrx_word' id='word_1_482' title='bbox 1331 4192 1513 4237; x_wconf 90' lang='lat' dir='ltr'><strong>sancta</strong></span> <span class='ocrx_word' id='word_1_483' title='bbox 1540 4184 1633 4239; x_wconf 89' lang='lat' dir='ltr'><strong>Dei</strong></span> <span class='ocrx_word' id='word_1_484' title='bbox 1660 4182 1915 4240; x_wconf 87' lang='lat' dir='ltr'><strong>Trinitas.</strong></span> 
     </span>
    </p>
   </div>
   <div class='ocr_carea' id='block_1_55' title="bbox 307 4252 1920 4324">
    <p class='ocr_par' dir='ltr' id='par_1_55' title="bbox 307 4252 1920 4324">
     <span class='ocr_line' id='line_1_56' title="bbox 307 4252 1920 4324; baseline 0.001 -17"><span class='ocrx_word' id='word_1_485' title='bbox 307 4253 391 4319; x_wconf 83' lang='lat' dir='ltr'><strong>Et</strong></span> <span class='ocrx_word' id='word_1_486' title='bbox 420 4252 492 4324; x_wconf 15' lang='lat' dir='ltr'><strong>si“</strong></span> <span class='ocrx_word' id='word_1_487' title='bbox 509 4252 628 4321; x_wconf 88' lang='lat' dir='ltr'><strong>ejus</strong></span> <span class='ocrx_word' id='word_1_488' title='bbox 650 4253 964 4322; x_wconf 85' lang='lat' dir='ltr'><strong>mysterium</strong></span> <span class='ocrx_word' id='word_1_489' title='bbox 989 4267 1180 4321; x_wconf 85' lang='lat' dir='ltr'><strong>capere</strong></span> <span class='ocrx_word' id='word_1_490' title='bbox 1206 4268 1311 4307; x_wconf 92' lang='lat' dir='ltr'><strong>non</strong></span> <span class='ocrx_word' id='word_1_491' title='bbox 1338 4255 1600 4319; x_wconf 90' lang='lat' dir='ltr'><strong>valemus,</strong></span> <span class='ocrx_word' id='word_1_492' title='bbox 1625 4253 1769 4324; x_wconf 89' lang='lat' dir='ltr'><strong>bene</strong></span> <span class='ocrx_word' id='word_1_493' title='bbox 1790 4270 1920 4324; x_wconf 84' lang='lat' dir='ltr'><strong>ope-</strong></span> 
     </span>
    </p>
   </div>
   <div class='ocr_carea' id='block_1_56' title="bbox 307 4322 1917 4391">
    <p class='ocr_par' dir='ltr' id='par_1_56' title="bbox 307 4322 1917 4391">
     <span class='ocr_line' id='line_1_57' title="bbox 307 4322 1917 4391; baseline 0.002 -13"><span class='ocrx_word' id='word_1_494' title='bbox 307 4323 432 4378; x_wconf 82' lang='lat' dir='ltr'><strong>rari</strong></span> <span class='ocrx_word' id='word_1_495' title='bbox 464 4322 817 4388; x_wconf 85' lang='lat' dir='ltr'><strong>festinemus,</strong></span> <span class='ocrx_word' id='word_1_496' title='bbox 860 4332 946 4390; x_wconf 90' lang='lat' dir='ltr'><strong>ut,</strong></span> <span class='ocrx_word' id='word_1_497' title='bbox 987 4324 1141 4376; x_wconf 86' lang='lat' dir='ltr'><strong>sicuti</strong></span> <span class='ocrx_word' id='word_1_498' title='bbox 1180 4333 1299 4391; x_wconf 89' lang='lat' dir='ltr'><strong>est,</strong></span> <span class='ocrx_word' id='word_1_499' title='bbox 1339 4335 1575 4378; x_wconf 89' lang='lat' dir='ltr'><strong>sanctam</strong></span> <span class='ocrx_word' id='word_1_500' title='bbox 1602 4322 1917 4381; x_wconf 76' lang='lat' dir='ltr'><strong>Trinitatem</strong></span> 
     </span>
    </p>
   </div>
   <div class='ocr_carea' id='block_1_57' title="bbox 309 4393 1919 4464">
    <p class='ocr_par' dir='ltr' id='par_1_57' title="bbox 309 4393 1919 4464">
     <span class='ocr_line' id='line_1_58' title="bbox 309 4393 1919 4464; baseline 0.001 -15"><span class='ocrx_word' id='word_1_501' title='bbox 309 4409 421 4464; x_wconf 83' lang='lat' dir='ltr'><strong>per</strong></span> <span class='ocrx_word' id='word_1_502' title='bbox 448 4393 682 4463; x_wconf 83' lang='lat' dir='ltr'><strong>gratiam</strong></span> <span class='ocrx_word' id='word_1_503' title='bbox 714 4393 899 4448; x_wconf 89' lang='lat' dir='ltr'><strong>videre</strong></span> <span class='ocrx_word' id='word_1_504' title='bbox 925 4408 1244 4449; x_wconf 88' lang='lat' dir='ltr'><strong>mereamur.</strong></span> <span class='ocrx_word' id='word_1_505' title='bbox 1296 4393 1645 4449; x_wconf 86' lang='lat' dir='ltr'><strong>Inhumanum</strong></span> <span class='ocrx_word' id='word_1_506' title='bbox 1672 4403 1755 4450; x_wconf 92' lang='lat' dir='ltr'><strong>est</strong></span> <span class='ocrx_word' id='word_1_507' title='bbox 1777 4412 1919 4451; x_wconf 87' lang='lat' dir='ltr'><strong>nam-</strong></span> 
     </span>
    </p>
   </div>
   <div class='ocr_carea' id='block_1_58' title="bbox 308 4463 1916 4535">
    <p class='ocr_par' dir='ltr' id='par_1_58' title="bbox 308 4463 1916 4535">
     <span class='ocr_line' id='line_1_59' title="bbox 308 4463 1916 4535; baseline 0.006 -23"><span class='ocrx_word' id='word_1_508' title='bbox 455 4505 472 4530; x_wconf 87' lang='lat'><strong>,</strong></span> <span class='ocrx_word' id='word_1_509' title='bbox 508 4463 734 4535; x_wconf 77' lang='lat' dir='ltr'><strong>patriam</strong></span> <span class='ocrx_word' id='word_1_510' title='bbox 764 4464 1013 4519; x_wconf 89' lang='lat' dir='ltr'><strong>deserere</strong></span> <span class='ocrx_word' id='word_1_511' title='bbox 1036 4506 1051 4528; x_wconf 92' lang='lat'><strong>,</strong></span> <span class='ocrx_word' id='word_1_512' title='bbox 1080 4466 1304 4533; x_wconf 89' lang='lat' dir='ltr'><strong>patriam</strong></span> <span class='ocrx_word' id='word_1_513' title='bbox 1330 4465 1607 4535; x_wconf 88' lang='lat' dir='ltr'><strong>despicere</strong></span> <span class='ocrx_word' id='word_1_514' title='bbox 1624 4506 1639 4531; x_wconf 92' lang='lat'><strong>,</strong></span> <span class='ocrx_word' id='word_1_515' title='bbox 1666 4467 1749 4520; x_wconf 91' lang='lat' dir='ltr'><strong>vel</strong></span> <span class='ocrx_word' id='word_1_516' title='bbox 1774 4467 1826 4521; x_wconf 92' lang='lat' dir='ltr'><strong>in</strong></span> <span class='ocrx_word' id='word_1_517' title='bbox 1853 4482 1916 4522; x_wconf 90' lang='lat' dir='ltr'><strong>ea</strong></span> 
     </span>
    </p>
   </div>
   <div class='ocr_carea' id='block_1_59' title="bbox 309 4533 1917 4605">
    <p class='ocr_par' dir='ltr' id='par_1_59' title="bbox 309 4533 1917 4605">
     <span class='ocr_line' id='line_1_60' title="bbox 309 4533 1917 4605; baseline 0.002 -17"><span class='ocrx_word' id='word_1_518' title='bbox 309 4533 479 4599; x_wconf 77' lang='lat' dir='ltr'><strong>nolle</strong></span> <span class='ocrx_word' id='word_1_519' title='bbox 508 4533 770 4590; x_wconf 88' lang='lat' dir='ltr'><strong>habitare.</strong></span> <span class='ocrx_word' id='word_1_520' title='bbox 800 4535 943 4589; x_wconf 81' lang='lat' dir='ltr'><strong>Bene</strong></span> <span class='ocrx_word' id='word_1_521' title='bbox 964 4549 1092 4602; x_wconf 86' lang='lat' dir='ltr'><strong>ergo</strong></span> <span class='ocrx_word' id='word_1_522' title='bbox 1121 4536 1333 4605; x_wconf 86' lang='lat' dir='ltr'><strong>Operari</strong></span> <span class='ocrx_word' id='word_1_523' title='bbox 1363 4533 1467 4588; x_wconf 85' lang='lat' dir='ltr'><strong>non</strong></span> <span class='ocrx_word' id='word_1_524' title='bbox 1495 4535 1673 4605; x_wconf 84' lang='lat' dir='ltr'><strong>pigeat</strong></span> <span class='ocrx_word' id='word_1_525' title='bbox 1692 4576 1707 4601; x_wconf 92' lang='lat'><strong>,</strong></span> <span class='ocrx_word' id='word_1_526' title='bbox 1737 4546 1794 4589; x_wconf 92' lang='lat' dir='ltr'><strong>ut</strong></span> <span class='ocrx_word' id='word_1_527' title='bbox 1820 4553 1917 4605; x_wconf 87' lang='lat' dir='ltr'><strong>pa-</strong></span> 
     </span>
    </p>
   </div>
   <div class='ocr_carea' id='block_1_60' title="bbox 309 4604 1917 4673">
    <p class='ocr_par' dir='ltr' id='par_1_60' title="bbox 309 4604 1917 4673">
     <span class='ocr_line' id='line_1_61' title="bbox 309 4604 1917 4673; baseline 0.001 -15"><span class='ocrx_word' id='word_1_528' title='bbox 309 4606 491 4660; x_wconf 87' lang='lat' dir='ltr'><strong>triam</strong></span> <span class='ocrx_word' id='word_1_529' title='bbox 541 4606 781 4660; x_wconf 88' lang='lat' dir='ltr'><strong>habitare</strong></span> <span class='ocrx_word' id='word_1_530' title='bbox 828 4605 1092 4673; x_wconf 88' lang='lat' dir='ltr'><strong>possimus</strong></span> <span class='ocrx_word' id='word_1_531' title='bbox 1115 4644 1130 4667; x_wconf 96' lang='lat'><strong>,</strong></span> <span class='ocrx_word' id='word_1_532' title='bbox 1179 4614 1234 4658; x_wconf 90' lang='lat' dir='ltr'><strong>et</strong></span> <span class='ocrx_word' id='word_1_533' title='bbox 1274 4604 1340 4657; x_wconf 89' lang='lat' dir='ltr'><strong>ad</strong></span> <span class='ocrx_word' id='word_1_534' title='bbox 1374 4619 1494 4658; x_wconf 90' lang='lat' dir='ltr'><strong>eam</strong></span> <span class='ocrx_word' id='word_1_535' title='bbox 1532 4604 1709 4659; x_wconf 89' lang='lat' dir='ltr'><strong>redire</strong></span> <span class='ocrx_word' id='word_1_536' title='bbox 1741 4604 1917 4661; x_wconf 85' lang='lat' dir='ltr'><strong>valea-</strong></span> 
     </span>
    </p>
   </div>
   <div class='ocr_carea' id='block_1_61' title="bbox 305 4673 1916 4755">
    <p class='ocr_par' dir='ltr' id='par_1_61' title="bbox 305 4673 1916 4755">
     <span class='ocr_line' id='line_1_62' title="bbox 305 4673 1916 4755; baseline 0.001 -25"><span class='ocrx_word' id='word_1_537' title='bbox 305 4692 468 4755; x_wconf 63' lang='lat' dir='ltr'><strong>rhus.</strong></span> <span class='ocrx_word' id='word_1_538' title='bbox 517 4674 596 4755; x_wconf 69' lang='lat' dir='ltr'><strong>_(u)</strong></span> <span class='ocrx_word' id='word_1_539' title='bbox 629 4675 796 4755; x_wconf 81' lang='lat' dir='ltr'><strong>Tanta</strong></span> <span class='ocrx_word' id='word_1_540' title='bbox 825 4684 908 4730; x_wconf 89' lang='lat' dir='ltr'><strong>cst</strong></span> <span class='ocrx_word' id='word_1_541' title='bbox 932 4676 1074 4729; x_wconf 89' lang='lat' dir='ltr'><strong>enim</strong></span> <span class='ocrx_word' id='word_1_542' title='bbox 1104 4674 1444 4755; x_wconf 75' lang='lat' dir='ltr'><strong>pulchritudo</strong></span> <span class='ocrx_word' id='word_1_543' title='bbox 1466 4673 1689 4755; x_wconf 75' lang='lat' dir='ltr'><strong>justitia:</strong></span> <span class='ocrx_word' id='word_1_544' title='bbox 1709 4714 1725 4741; x_wconf 93' lang='lat'><strong>,</strong></span> <span class='ocrx_word' id='word_1_545' title='bbox 1748 4684 1916 4755; x_wconf 73' lang='lat' dir='ltr'><strong>tanta</strong></span> 
     </span>
    </p>
   </div>
   <div class='ocr_carea' id='block_1_62' title="bbox 302 4745 1918 4815">
    <p class='ocr_par' dir='ltr' id='par_1_62' title="bbox 302 4745 1918 4815">
     <span class='ocr_line' id='line_1_63' title="bbox 302 4745 1918 4815; baseline 0.001 -14"><span class='ocrx_word' id='word_1_546' title='bbox 302 4745 641 4815; x_wconf 75' lang='lat' dir='ltr'><strong>iucunditas</strong></span> <span class='ocrx_word' id='word_1_547' title='bbox 685 4745 820 4799; x_wconf 89' lang='lat' dir='ltr'><strong>lucis</strong></span> <span class='ocrx_word' id='word_1_548' title='bbox 864 4754 1116 4815; x_wconf 62' lang='lat' dir='ltr'><strong>aeterna},</strong></span> <span class='ocrx_word' id='word_1_549' title='bbox 1159 4746 1260 4799; x_wconf 89' lang='lat' dir='ltr'><strong>hoc</strong></span> <span class='ocrx_word' id='word_1_550' title='bbox 1297 4752 1419 4812; x_wconf 92' lang='lat' dir='ltr'><strong>est,</strong></span> <span class='ocrx_word' id='word_1_551' title='bbox 1467 4745 1918 4803; x_wconf 89' lang='lat' dir='ltr'><strong>incommutabilis</strong></span> 
     </span>
    </p>
   </div>
   <div class='ocr_carea' id='block_1_63' title="bbox 310 4806 1917 4885">
    <p class='ocr_par' dir='ltr' id='par_1_63' title="bbox 310 4806 1917 4885">
     <span class='ocr_line' id='line_1_64' title="bbox 310 4806 1917 4885; baseline 0.002 -16"><span class='ocrx_word' id='word_1_552' title='bbox 310 4806 577 4885; x_wconf 65' lang='lat' dir='ltr'><strong>veritatis</strong></span> <span class='ocrx_word' id='word_1_553' title='bbox 605 4825 658 4872; x_wconf 90' lang='lat' dir='ltr'><strong>et</strong></span> <span class='ocrx_word' id='word_1_554' title='bbox 686 4806 960 4884; x_wconf 62' lang='lat' dir='ltr'><strong>sapientiae</strong></span> <span class='ocrx_word' id='word_1_555' title='bbox 983 4855 1000 4879; x_wconf 87' lang='lat'><strong>,</strong></span> <span class='ocrx_word' id='word_1_556' title='bbox 1053 4806 1110 4870; x_wconf 83' lang='lat' dir='ltr'><strong>ut</strong></span> <span class='ocrx_word' id='word_1_557' title='bbox 1143 4816 1355 4871; x_wconf 90' lang='lat' dir='ltr'><strong>etiamsi</strong></span> <span class='ocrx_word' id='word_1_558' title='bbox 1400 4806 1505 4869; x_wconf 87' lang='lat' dir='ltr'><strong>non</strong></span> <span class='ocrx_word' id='word_1_559' title='bbox 1548 4816 1734 4871; x_wconf 87' lang='lat' dir='ltr'><strong>liceret</strong></span> <span class='ocrx_word' id='word_1_560' title='bbox 1772 4818 1823 4871; x_wconf 88' lang='lat' dir='ltr'><strong>in</strong></span> <span class='ocrx_word' id='word_1_561' title='bbox 1854 4831 1917 4873; x_wconf 87' lang='lat' dir='ltr'><strong>ea</strong></span> 
     </span>
    </p>
   </div>
   <div class='ocr_carea' id='block_1_64' title="bbox 306 4886 1912 4957">
    <p class='ocr_par' dir='ltr' id='par_1_64' title="bbox 306 4886 1912 4957">
     <span class='ocr_line' id='line_1_65' title="bbox 306 4886 1912 4957; baseline 0.002 -18"><span class='ocrx_word' id='word_1_562' title='bbox 306 4887 565 4957; x_wconf 81' lang='lat' dir='ltr'><strong>amplius</strong></span> <span class='ocrx_word' id='word_1_563' title='bbox 607 4902 826 4942; x_wconf 89' lang='lat' dir='ltr'><strong>manere</strong></span> <span class='ocrx_word' id='word_1_564' title='bbox 868 4902 1026 4957; x_wconf 88' lang='lat' dir='ltr'><strong>quam</strong></span> <span class='ocrx_word' id='word_1_565' title='bbox 1073 4887 1230 4941; x_wconf 91' lang='lat' dir='ltr'><strong>unius</strong></span> <span class='ocrx_word' id='word_1_566' title='bbox 1268 4886 1375 4941; x_wconf 90' lang='lat' dir='ltr'><strong>dici</strong></span> <span class='ocrx_word' id='word_1_567' title='bbox 1419 4886 1548 4940; x_wconf 90' lang='lat' dir='ltr'><strong>hora</strong></span> <span class='ocrx_word' id='word_1_568' title='bbox 1596 4888 1679 4941; x_wconf 88' lang='lat' dir='ltr'><strong>vel</strong></span> <span class='ocrx_word' id='word_1_569' title='bbox 1718 4888 1912 4953; x_wconf 91' lang='lat' dir='ltr'><strong>media,</strong></span> 
     </span>
    </p>
   </div>
   <div class='ocr_carea' id='block_1_65' title="bbox 307 4956 1917 5027">
    <p class='ocr_par' dir='ltr' id='par_1_65' title="bbox 307 4956 1917 5027">
     <span class='ocr_line' id='line_1_66' title="bbox 307 4956 1917 5027; baseline 0.001 -16"><span class='ocrx_word' id='word_1_570' title='bbox 307 4956 557 5027; x_wconf 80' lang='lat' dir='ltr'><strong>propter</strong></span> <span class='ocrx_word' id='word_1_571' title='bbox 607 4959 709 5012; x_wconf 89' lang='lat' dir='ltr'><strong>hoc</strong></span> <span class='ocrx_word' id='word_1_572' title='bbox 751 4956 923 5013; x_wconf 89' lang='lat' dir='ltr'><strong>solum</strong></span> <span class='ocrx_word' id='word_1_573' title='bbox 968 4956 1383 5012; x_wconf 87' lang='lat' dir='ltr'><strong>innumerabiles</strong></span> <span class='ocrx_word' id='word_1_574' title='bbox 1422 4957 1548 5010; x_wconf 89' lang='lat' dir='ltr'><strong>anni</strong></span> <span class='ocrx_word' id='word_1_575' title='bbox 1593 4956 1754 5026; x_wconf 83' lang='lat' dir='ltr'><strong>hujus</strong></span> <span class='ocrx_word' id='word_1_576' title='bbox 1795 4960 1917 5013; x_wconf 67' lang='lat' dir='ltr'><strong>vitae</strong></span> 
     </span>
    </p>
   </div>
   <div class='ocr_carea' id='block_1_66' title="bbox 305 5027 1915 5099">
    <p class='ocr_par' dir='ltr' id='par_1_66' title="bbox 305 5027 1915 5099">
     <span class='ocr_line' id='line_1_67' title="bbox 305 5027 1915 5099; baseline 0 -16"><span class='ocrx_word' id='word_1_577' title='bbox 305 5027 474 5099; x_wconf 84' lang='lat' dir='ltr'><strong>pleni</strong></span> <span class='ocrx_word' id='word_1_578' title='bbox 505 5027 713 5083; x_wconf 90' lang='lat' dir='ltr'><strong>deliciis</strong></span> <span class='ocrx_word' id='word_1_579' title='bbox 738 5036 793 5083; x_wconf 91' lang='lat' dir='ltr'><strong>et</strong></span> <span class='ocrx_word' id='word_1_580' title='bbox 815 5029 1236 5085; x_wconf 83' lang='lat' dir='ltr'><strong>eircumfluentia</strong></span> <span class='ocrx_word' id='word_1_581' title='bbox 1259 5029 1520 5083; x_wconf 90' lang='lat' dir='ltr'><strong>bonorum</strong></span> <span class='ocrx_word' id='word_1_582' title='bbox 1543 5029 1915 5097; x_wconf 89' lang='lat' dir='ltr'><strong>temporalium</strong></span> 
     </span>
    </p>
   </div>
   <div class='ocr_carea' id='block_1_67' title="bbox 305 5099 1918 5169">
    <p class='ocr_par' dir='ltr' id='par_1_67' title="bbox 305 5099 1918 5169">
     <span class='ocr_line' id='line_1_68' title="bbox 305 5099 1918 5169; baseline 0.002 -17"><span class='ocrx_word' id='word_1_583' title='bbox 305 5109 474 5155; x_wconf 84' lang='lat' dir='ltr'><strong>recte</strong></span> <span class='ocrx_word' id='word_1_584' title='bbox 526 5100 826 5169; x_wconf 89' lang='lat' dir='ltr'><strong>meritoque</strong></span> <span class='ocrx_word' id='word_1_585' title='bbox 852 5106 1322 5155; x_wconf 87' lang='lat' dir='ltr'><strong>contemnerentur</strong></span> <span class='ocrx_word' id='word_1_586' title='bbox 1355 5099 1473 5154; x_wconf 79' lang='lat' dir='ltr'><strong>haec</strong></span> <span class='ocrx_word' id='word_1_587' title='bbox 1496 5100 1672 5154; x_wconf 88' lang='lat' dir='ltr'><strong>omnia</strong></span> <span class='ocrx_word' id='word_1_588' title='bbox 1697 5100 1736 5153; x_wconf 69' lang='grc' dir='ltr'><strong>ί.</strong></span> <span class='ocrx_word' id='word_1_589' title='bbox 1765 5100 1809 5155; x_wconf 90' lang='grc'>0</span> <span class='ocrx_word' id='word_1_590' title='bbox 1832 5115 1918 5155; x_wconf 86' lang='lat' dir='ltr'><strong>re-</strong></span> 
     </span>
    </p>
   </div>
   <div class='ocr_carea' id='block_1_68' title="bbox 304 5170 1913 5241">
    <p class='ocr_par' dir='ltr' id='par_1_68' title="bbox 304 5170 1913 5241">
     <span class='ocr_line' id='line_1_69' title="bbox 304 5170 1913 5241; baseline 0 -17"><span class='ocrx_word' id='word_1_591' title='bbox 304 5184 493 5240; x_wconf 88' lang='lat' dir='ltr'><strong>gnum</strong></span> <span class='ocrx_word' id='word_1_592' title='bbox 542 5170 641 5241; x_wconf 88' lang='lat' dir='ltr'><strong>Dei</strong></span> <span class='ocrx_word' id='word_1_593' title='bbox 664 5170 955 5241; x_wconf 87' lang='lat' dir='ltr'><strong>gloriosum</strong></span> <span class='ocrx_word' id='word_1_594' title='bbox 981 5173 993 5224; x_wconf 92' lang='lat'>!</span> <span class='ocrx_word' id='word_1_595' title='bbox 1041 5187 1074 5224; x_wconf 92' lang='grc' dir='ltr'>ο</span> <span class='ocrx_word' id='word_1_596' title='bbox 1105 5171 1269 5239; x_wconf 88' lang='lat' dir='ltr'><strong>patria</strong></span> <span class='ocrx_word' id='word_1_597' title='bbox 1297 5180 1477 5225; x_wconf 89' lang='lat' dir='ltr'><strong>nostra</strong></span> <span class='ocrx_word' id='word_1_598' title='bbox 1509 5170 1913 5241; x_wconf 84' lang='lat' dir='ltr'><strong>desiderabilis!</strong></span> 
     </span>
    </p>
   </div>
   <div class='ocr_carea' id='block_1_69' title="bbox 304 5240 1918 5310">
    <p class='ocr_par' dir='ltr' id='par_1_69' title="bbox 304 5240 1918 5310">
     <span class='ocr_line' id='line_1_70' title="bbox 304 5240 1918 5310; baseline 0.001 -15"><span class='ocrx_word' id='word_1_599' title='bbox 304 5250 541 5295; x_wconf 81' lang='lat' dir='ltr'><strong>tantum</strong></span> <span class='ocrx_word' id='word_1_600' title='bbox 568 5240 713 5303; x_wconf 86' lang='lat' dir='ltr'><strong>vales</strong></span> <span class='ocrx_word' id='word_1_601' title='bbox 740 5252 991 5310; x_wconf 91' lang='lat' dir='ltr'><strong>quantum</strong></span> <span class='ocrx_word' id='word_1_602' title='bbox 1030 5241 1202 5296; x_wconf 88' lang='lat' dir='ltr'><strong>habeo</strong></span> <span class='ocrx_word' id='word_1_603' title='bbox 1235 5259 1247 5294; x_wconf 90' lang='lat'><strong>:</strong></span> <span class='ocrx_word' id='word_1_604' title='bbox 1283 5249 1489 5295; x_wconf 88' lang='lat' dir='ltr'><strong>tantmn</strong></span> <span class='ocrx_word' id='word_1_605' title='bbox 1515 5242 1657 5296; x_wconf 91' lang='lat' dir='ltr'><strong>enim</strong></span> <span class='ocrx_word' id='word_1_606' title='bbox 1688 5241 1819 5296; x_wconf 89' lang='lat' dir='ltr'><strong>emit</strong></span> <span class='ocrx_word' id='word_1_607' title='bbox 1848 5240 1918 5296; x_wconf 90' lang='lat' dir='ltr'><strong>de</strong></span> 
     </span>
    </p>
   </div>
   <div class='ocr_carea' id='block_1_70' title="bbox 305 5310 1918 5381">
    <p class='ocr_par' dir='ltr' id='par_1_70' title="bbox 305 5310 1918 5381">
     <span class='ocr_line' id='line_1_71' title="bbox 305 5310 1918 5381; baseline 0 -15"><span class='ocrx_word' id='word_1_608' title='bbox 305 5322 367 5366; x_wconf 84' lang='lat' dir='ltr'><strong>te</strong></span> <span class='ocrx_word' id='word_1_609' title='bbox 397 5310 572 5366; x_wconf 89' lang='lat' dir='ltr'><strong>vidua</strong></span> <span class='ocrx_word' id='word_1_610' title='bbox 598 5310 806 5366; x_wconf 87' lang='lat' dir='ltr'><strong>duobus</strong></span> <span class='ocrx_word' id='word_1_611' title='bbox 828 5312 1080 5377; x_wconf 91' lang='lat' dir='ltr'><strong>minutis,</strong></span> <span class='ocrx_word' id='word_1_612' title='bbox 1113 5321 1369 5381; x_wconf 88' lang='lat' dir='ltr'><strong>quantmn</strong></span> <span class='ocrx_word' id='word_1_613' title='bbox 1401 5313 1588 5366; x_wconf 90' lang='lat' dir='ltr'><strong>Petrus</strong></span> <span class='ocrx_word' id='word_1_614' title='bbox 1613 5312 1918 5381; x_wconf 89' lang='lat' dir='ltr'><strong>relinquens</strong></span> 
     </span>
    </p>
   </div>
   <div class='ocr_carea' id='block_1_71' title="bbox 305 5382 1916 5451">
    <p class='ocr_par' dir='ltr' id='par_1_71' title="bbox 305 5382 1916 5451">
     <span class='ocr_line' id='line_1_72' title="bbox 305 5382 1916 5451; baseline 0 -15"><span class='ocrx_word' id='word_1_615' title='bbox 305 5385 536 5447; x_wconf 85' lang='lat' dir='ltr'><strong>omnia,</strong></span> <span class='ocrx_word' id='word_1_616' title='bbox 561 5391 813 5451; x_wconf 90' lang='lat' dir='ltr'><strong>quantum</strong></span> <span class='ocrx_word' id='word_1_617' title='bbox 844 5383 1098 5437; x_wconf 65' lang='lat' dir='ltr'><strong>Zacliaaits</strong></span> <span class='ocrx_word' id='word_1_618' title='bbox 1118 5382 1292 5436; x_wconf 88' lang='lat' dir='ltr'><strong>dando</strong></span> <span class='ocrx_word' id='word_1_619' title='bbox 1321 5382 1593 5436; x_wconf 85' lang='lat' dir='ltr'><strong>dimidiam</strong></span> <span class='ocrx_word' id='word_1_620' title='bbox 1614 5383 1916 5451; x_wconf 87' lang='lat' dir='ltr'><strong>patrimonii</strong></span> 
     </span>
    </p>
   </div>
   <div class='ocr_carea' id='block_1_72' title="bbox 302 5452 1917 5523">
    <p class='ocr_par' dir='ltr' id='par_1_72' title="bbox 302 5452 1917 5523">
     <span class='ocr_line' id='line_1_73' title="bbox 302 5452 1917 5523; baseline -0.001 -14"><span class='ocrx_word' id='word_1_621' title='bbox 302 5462 575 5523; x_wconf 86' lang='lat' dir='ltr'><strong>partem,</strong></span> <span class='ocrx_word' id='word_1_622' title='bbox 624 5463 876 5522; x_wconf 86' lang='lat' dir='ltr'><strong>quantum</strong></span> <span class='ocrx_word' id='word_1_623' title='bbox 928 5454 1085 5506; x_wconf 83' lang='lat' dir='ltr'><strong>Maria</strong></span> <span class='ocrx_word' id='word_1_624' title='bbox 1134 5467 1286 5507; x_wconf 88' lang='lat' dir='ltr'><strong>soror</strong></span> <span class='ocrx_word' id='word_1_625' title='bbox 1315 5452 1535 5516; x_wconf 83' lang='lat' dir='ltr'><strong>Lazari,</strong></span> <span class='ocrx_word' id='word_1_626' title='bbox 1581 5469 1701 5523; x_wconf 58' lang='lat' dir='ltr'><strong>quae</strong></span> <span class='ocrx_word' id='word_1_627' title='bbox 1742 5456 1917 5508; x_wconf 87' lang='lat' dir='ltr'><strong>omnia</strong></span> 
     </span>
    </p>
   </div>
   <div class='ocr_carea' id='block_1_73' title="bbox 301 5521 1920 5595">
    <p class='ocr_par' dir='ltr' id='par_1_73' title="bbox 301 5521 1920 5595">
     <span class='ocr_line' id='line_1_74' title="bbox 301 5521 1920 5595; baseline 0.001 -17"><span class='ocrx_word' id='word_1_628' title='bbox 301 5521 592 5595; x_wconf 70' lang='lat' dir='ltr'><strong>vendidit,</strong></span> <span class='ocrx_word' id='word_1_629' title='bbox 622 5521 675 5579; x_wconf 86' lang='lat' dir='ltr'><strong>et</strong></span> <span class='ocrx_word' id='word_1_630' title='bbox 702 5534 825 5579; x_wconf 88' lang='lat' dir='ltr'><strong>ante</strong></span> <span class='ocrx_word' id='word_1_631' title='bbox 855 5525 1017 5593; x_wconf 87' lang='lat' dir='ltr'><strong>pedes</strong></span> <span class='ocrx_word' id='word_1_632' title='bbox 1043 5526 1417 5593; x_wconf 87' lang='lat' dir='ltr'><strong>Apostolorum</strong></span> <span class='ocrx_word' id='word_1_633' title='bbox 1440 5525 1633 5595; x_wconf 84' lang='lat' dir='ltr'><strong>posuit.</strong></span> <span class='ocrx_word' id='word_1_634' title='bbox 1663 5521 1770 5578; x_wconf 89' lang='lat' dir='ltr'><strong>Cur</strong></span> <span class='ocrx_word' id='word_1_635' title='bbox 1790 5540 1920 5595; x_wconf 89' lang='lat' dir='ltr'><strong>ergo</strong></span> 
     </span>
    </p>
   </div>
   <div class='ocr_carea' id='block_1_74' title="bbox 300 5594 1919 5664">
    <p class='ocr_par' dir='ltr' id='par_1_74' title="bbox 300 5594 1919 5664">
     <span class='ocr_line' id='line_1_75' title="bbox 300 5594 1919 5664; baseline 0 -12"><span class='ocrx_word' id='word_1_636' title='bbox 300 5594 462 5652; x_wconf 79' lang='lat' dir='ltr'><strong>bene</strong></span> <span class='ocrx_word' id='word_1_637' title='bbox 510 5596 720 5663; x_wconf 90' lang='lat' dir='ltr'><strong>operari</strong></span> <span class='ocrx_word' id='word_1_638' title='bbox 762 5595 1149 5664; x_wconf 84' lang='lat' dir='ltr'><strong>pigrescimus?</strong></span> <span class='ocrx_word' id='word_1_639' title='bbox 1200 5610 1296 5649; x_wconf 90' lang='lat' dir='ltr'><strong>cur</strong></span> <span class='ocrx_word' id='word_1_640' title='bbox 1325 5610 1418 5663; x_wconf 90' lang='lat' dir='ltr'><strong>pro</strong></span> <span class='ocrx_word' id='word_1_641' title='bbox 1458 5594 1722 5650; x_wconf 83' lang='lat' dir='ltr'><strong>defunctis</strong></span> <span class='ocrx_word' id='word_1_642' title='bbox 1761 5594 1919 5652; x_wconf 84' lang='lat' dir='ltr'><strong>orare</strong></span> 
     </span>
    </p>
   </div>
   <div class='ocr_carea' id='block_1_75' title="bbox 333 5687 1917 5763">
    <p class='ocr_par' dir='ltr' id='par_1_75' title="bbox 333 5687 1917 5763">
     <span class='ocr_line' id='line_1_76' title="bbox 333 5687 1917 5763; baseline 0.003 -26"><span class='ocrx_word' id='word_1_643' title='bbox 333 5692 395 5763; x_wconf 36' lang='grc' dir='ltr'><strong>,ξ</strong></span> <span class='ocrx_word' id='word_1_644' title='bbox 434 5688 768 5763; x_wconf 75' lang='lat' dir='ltr'><strong>v_erha,__h¢2c</strong></span> <span class='ocrx_word' id='word_1_645' title='bbox 812 5687 990 5749; x_wconf 80' lang='lat' dir='ltr'><strong>omnia,</strong></span> <span class='ocrx_word' id='word_1_646' title='bbox 1027 5688 1306 5738; x_wconf 87' lang='lat' dir='ltr'><strong>redundare</strong></span> <span class='ocrx_word' id='word_1_647' title='bbox 1350 5687 1431 5738; x_wconf 91' lang='lat' dir='ltr'><strong>vel</strong></span> <span class='ocrx_word' id='word_1_648' title='bbox 1453 5690 1742 5752; x_wconf 87' lang='lat' dir='ltr'><strong>transposita</strong></span> <span class='ocrx_word' id='word_1_649' title='bbox 1764 5688 1917 5742; x_wconf 85' lang='lat' dir='ltr'><strong>fuisse</strong></span> 
     </span>
    </p>
   </div>
   <div class='ocr_carea' id='block_1_76' title="bbox 295 5751 1680 5881">
    <p class='ocr_par' dir='ltr' id='par_1_76' title="bbox 295 5751 1680 5881">
     <span class='ocr_line' id='line_1_77' title="bbox 295 5751 1599 5806; baseline -0.002 0"><span class='ocrx_word' id='word_1_650' title='bbox 295 5751 572 5806; x_wconf 77' lang='lat' dir='ltr'><strong>vide-amr.</strong></span> <span class='ocrx_word' id='word_1_651' title='bbox 613 5759 670 5803; x_wconf 71' lang='grc' dir='ltr'><strong>Μ.</strong></span> <span class='ocrx_word' id='word_1_652' title='bbox 1591 5751 1599 5752; x_wconf 47' lang='grc'><strong>“</strong></span> 
     </span>
     <span class='ocr_line' id='line_1_78' title="bbox 369 5813 1680 5881; baseline 0 -16"><span class='ocrx_word' id='word_1_653' title='bbox 369 5816 453 5881; x_wconf 75' lang='grc' dir='ltr'><strong>(α)</strong></span> <span class='ocrx_word' id='word_1_654' title='bbox 495 5815 811 5876; x_wconf 77' lang='lat' dir='ltr'><strong>Augustinus,</strong></span> <span class='ocrx_word' id='word_1_655' title='bbox 834 5813 918 5865; x_wconf 75' lang='lat' dir='ltr'><strong>lib.</strong></span> <span class='ocrx_word' id='word_1_656' title='bbox 937 5813 969 5863; x_wconf 79' lang='lat'><strong>3</strong></span> <span class='ocrx_word' id='word_1_657' title='bbox 989 5813 1053 5864; x_wconf 90' lang='lat' dir='ltr'><strong>de</strong></span> <span class='ocrx_word' id='word_1_658' title='bbox 1074 5814 1248 5863; x_wconf 86' lang='lat' dir='ltr'><strong>Libero</strong></span> <span class='ocrx_word' id='word_1_659' title='bbox 1269 5813 1492 5875; x_wconf 81' lang='lat' dir='ltr'><strong>Arbitrio,</strong></span> <span class='ocrx_word' id='word_1_660' title='bbox 1524 5826 1574 5864; x_wconf 80' lang='grc' dir='ltr'><strong>ιι.</strong></span> <span class='ocrx_word' id='word_1_661' title='bbox 1601 5815 1680 5865; x_wconf 89' lang='grc'><strong>77.</strong></span> 
     </span>
    </p>
   </div>
   <div class='ocr_carea' id='block_1_77' title="bbox 607 5900 1316 5964">
    <p class='ocr_par' dir='ltr' id='par_1_77' title="bbox 607 5900 1316 5964">
     <span class='ocr_line' id='line_1_79' title="bbox 607 5900 1316 5964; baseline -0.003 -1"><span class='ocrx_word' id='word_1_662' title='bbox 607 5902 837 5964; x_wconf 61' lang='lat' dir='ltr'><strong>Sacr.</strong></span> <span class='ocrx_word' id='word_1_663' title='bbox 885 5902 1162 5963; x_wconf 68' lang='lat' dir='ltr'><strong>Auens&#39;r.</strong></span> <span class='ocrx_word' id='word_1_664' title='bbox 1209 5900 1316 5963; x_wconf 85' lang='lat' dir='ltr'><strong>Vl.</strong></span> 
     </span>
    </p>
   </div>
   <div class='ocr_carea' id='block_1_78' title="bbox 1322 281 2633 391">
    <p class='ocr_par' dir='ltr' id='par_1_78' title="bbox 1322 281 2633 391">
     <span class='ocr_line' id='line_1_80' title="bbox 1322 281 2633 391; baseline -0.003 -6"><span class='ocrx_word' id='word_1_665' title='bbox 1322 329 1416 386; x_wconf 66' lang='lat' dir='ltr'><strong>an</strong></span> <span class='ocrx_word' id='word_1_666' title='bbox 1452 281 1771 385; x_wconf 68' lang='lat' dir='ltr'><strong>ruamus</strong></span> <span class='ocrx_word' id='word_1_667' title='bbox 1808 322 1876 383; x_wconf 86' lang='lat' dir='ltr'><strong>IN</strong></span> <span class='ocrx_word' id='word_1_668' title='bbox 1914 321 2148 391; x_wconf 67' lang='grc' dir='ltr'><strong>ΕΜ)Μο</strong></span> <span class='ocrx_word' id='word_1_669' title='bbox 2182 321 2413 383; x_wconf 70' lang='lat' dir='ltr'><strong>saeuo</strong></span> <span class='ocrx_word' id='word_1_670' title='bbox 2448 322 2633 384; x_wconf 81' lang='lat' dir='ltr'><strong>xm.</strong></span> 
     </span>
    </p>
   </div>
   <div class='ocr_carea' id='block_1_79' title="bbox 2026 442 3605 528">
    <p class='ocr_par' dir='ltr' id='par_1_79' title="bbox 2026 442 3605 528">
     <span class='ocr_line' id='line_1_81' title="bbox 2026 442 3605 528; baseline 0.005 -31"><span class='ocrx_word' id='word_1_671' title='bbox 2026 442 2381 528; x_wconf 79' lang='lat' dir='ltr'><strong>negligimus?</strong></span> <span class='ocrx_word' id='word_1_672' title='bbox 2430 442 2737 528; x_wconf 65' lang='lat' dir='ltr'><strong>intueamur</strong></span> <span class='ocrx_word' id='word_1_673' title='bbox 2776 456 2943 528; x_wconf 74' lang='lat' dir='ltr'><strong>ergo,</strong></span> <span class='ocrx_word' id='word_1_674' title='bbox 2971 444 3196 528; x_wconf 72' lang='lat' dir='ltr'><strong>fratres,</strong></span> <span class='ocrx_word' id='word_1_675' title='bbox 3244 445 3468 528; x_wconf 72' lang='lat' dir='ltr'><strong>patriam</strong></span> <span class='ocrx_word' id='word_1_676' title='bbox 3504 464 3605 528; x_wconf 67' lang='lat' dir='ltr'><strong>n9-</strong></span> 
     </span>
    </p>
   </div>
   <div class='ocr_carea' id='block_1_80' title="bbox 2022 513 3604 589">
    <p class='ocr_par' dir='ltr' id='par_1_80' title="bbox 2022 513 3604 589">
     <span class='ocr_line' id='line_1_82' title="bbox 2022 513 3604 589; baseline 0.006 -21"><span class='ocrx_word' id='word_1_677' title='bbox 2022 524 2210 578; x_wconf 89' lang='lat' dir='ltr'><strong>stram,</strong></span> <span class='ocrx_word' id='word_1_678' title='bbox 2225 530 2347 589; x_wconf 84' lang='lat' dir='ltr'><strong>non</strong></span> <span class='ocrx_word' id='word_1_679' title='bbox 2376 515 2547 589; x_wconf 83' lang='lat' dir='ltr'><strong>solum</strong></span> <span class='ocrx_word' id='word_1_680' title='bbox 2574 513 2981 589; x_wconf 80' lang='lat' dir='ltr'><strong>cx_l_tominibus,</strong></span> <span class='ocrx_word' id='word_1_681' title='bbox 3001 518 3101 589; x_wconf 88' lang='lat' dir='ltr'><strong>sed</strong></span> <span class='ocrx_word' id='word_1_682' title='bbox 3120 513 3277 573; x_wconf 82' lang='lat' dir='ltr'><strong>etiam</strong></span> <span class='ocrx_word' id='word_1_683' title='bbox 3299 534 3363 574; x_wconf 84' lang='lat' dir='ltr'><strong>ex</strong></span> <span class='ocrx_word' id='word_1_684' title='bbox 3384 521 3604 589; x_wconf 80' lang='lat' dir='ltr'><strong>Angelis</strong></span> 
     </span>
    </p>
   </div>
   <div class='ocr_carea' id='block_1_81' title="bbox 2023 585 3604 656">
    <p class='ocr_par' dir='ltr' id='par_1_81' title="bbox 2023 585 3604 656">
     <span class='ocr_line' id='line_1_83' title="bbox 2023 585 3604 656; baseline 0.005 -17"><span class='ocrx_word' id='word_1_685' title='bbox 2023 593 2181 655; x_wconf 90' lang='lat' dir='ltr'><strong>atque</strong></span> <span class='ocrx_word' id='word_1_686' title='bbox 2210 585 2558 656; x_wconf 81' lang='lat' dir='ltr'><strong>Archangelis</strong></span> <span class='ocrx_word' id='word_1_687' title='bbox 2585 628 2599 652; x_wconf 91' lang='lat'><strong>,</strong></span> <span class='ocrx_word' id='word_1_688' title='bbox 2628 585 2855 641; x_wconf 91' lang='lat' dir='ltr'><strong>Thronis</strong></span> <span class='ocrx_word' id='word_1_689' title='bbox 2881 596 2932 642; x_wconf 92' lang='lat' dir='ltr'><strong>et</strong></span> <span class='ocrx_word' id='word_1_690' title='bbox 2956 588 3429 655; x_wconf 89' lang='lat' dir='ltr'><strong>Dominationibus,</strong></span> <span class='ocrx_word' id='word_1_691' title='bbox 3457 585 3604 648; x_wconf 80' lang='lat' dir='ltr'><strong>Prin-</strong></span> 
     </span>
    </p>
   </div>
   <div class='ocr_carea' id='block_1_82' title="bbox 2024 656 3604 728">
    <p class='ocr_par' dir='ltr' id='par_1_82' title="bbox 2024 656 3604 728">
     <span class='ocr_line' id='line_1_84' title="bbox 2024 656 3604 728; baseline 0.006 -18"><span class='ocrx_word' id='word_1_692' title='bbox 2024 656 2285 724; x_wconf 90' lang='lat' dir='ltr'><strong>cipatibus</strong></span> <span class='ocrx_word' id='word_1_693' title='bbox 2310 665 2364 728; x_wconf 87' lang='lat' dir='ltr'><strong>et</strong></span> <span class='ocrx_word' id='word_1_694' title='bbox 2393 656 2748 728; x_wconf 10' lang='lat' dir='ltr'><strong>Portestatibus</strong></span> <span class='ocrx_word' id='word_1_695' title='bbox 2772 667 3163 728; x_wconf 88' lang='lat' dir='ltr'><strong>eongregatam.</strong></span> <span class='ocrx_word' id='word_1_696' title='bbox 3195 660 3270 715; x_wconf 91' lang='lat' dir='ltr'><strong>lbi</strong></span> <span class='ocrx_word' id='word_1_697' title='bbox 3296 662 3456 715; x_wconf 85' lang='lat' dir='ltr'><strong>etiam</strong></span> <span class='ocrx_word' id='word_1_698' title='bbox 3486 678 3604 720; x_wconf 90' lang='lat' dir='ltr'><strong>san-</strong></span> 
     </span>
    </p>
   </div>
   <div class='ocr_carea' id='block_1_83' title="bbox 2024 726 3612 797">
    <p class='ocr_par' dir='ltr' id='par_1_83' title="bbox 2024 726 3612 797">
     <span class='ocr_line' id='line_1_85' title="bbox 2024 726 3612 797; baseline 0.006 -16"><span class='ocrx_word' id='word_1_699' title='bbox 2024 736 2161 781; x_wconf 86' lang='lat' dir='ltr'><strong>ctam</strong></span> <span class='ocrx_word' id='word_1_700' title='bbox 2211 736 2266 781; x_wconf 92' lang='lat' dir='ltr'><strong>et</strong></span> <span class='ocrx_word' id='word_1_701' title='bbox 2316 726 2637 783; x_wconf 89' lang='lat' dir='ltr'><strong>individuam</strong></span> <span class='ocrx_word' id='word_1_702' title='bbox 2687 726 3037 797; x_wconf 79' lang='lat' dir='ltr'><strong>Trinitatem,</strong></span> <span class='ocrx_word' id='word_1_703' title='bbox 3086 730 3239 785; x_wconf 89' lang='lat' dir='ltr'><strong>sicuti</strong></span> <span class='ocrx_word' id='word_1_704' title='bbox 3279 740 3392 797; x_wconf 89' lang='lat' dir='ltr'><strong>est,</strong></span> <span class='ocrx_word' id='word_1_705' title='bbox 3442 732 3612 791; x_wconf 77' lang='lat' dir='ltr'><strong>homo</strong></span> 
     </span>
    </p>
   </div>
   <div class='ocr_carea' id='block_1_84' title="bbox 2024 797 3606 874">
    <p class='ocr_par' dir='ltr' id='par_1_84' title="bbox 2024 797 3606 874">
     <span class='ocr_line' id='line_1_86' title="bbox 2024 797 3606 874; baseline 0.006 -24"><span class='ocrx_word' id='word_1_706' title='bbox 2024 797 2224 874; x_wconf 73' lang='lat' dir='ltr'><strong>videbit</strong></span> <span class='ocrx_word' id='word_1_707' title='bbox 2258 816 2271 853; x_wconf 92' lang='lat'>:</span> <span class='ocrx_word' id='word_1_708' title='bbox 2301 799 2418 866; x_wconf 90' lang='lat' dir='ltr'><strong>plus</strong></span> <span class='ocrx_word' id='word_1_709' title='bbox 2433 800 2528 874; x_wconf 89' lang='lat' dir='ltr'><strong>_vel_</strong></span> <span class='ocrx_word' id='word_1_710' title='bbox 2556 807 2757 852; x_wconf 87' lang='lat' dir='ltr'><strong>tantum</strong></span> <span class='ocrx_word' id='word_1_711' title='bbox 2770 799 3188 874; x_wconf 87' lang='lat' dir='ltr'><strong>_abun_dautius,_</strong></span> <span class='ocrx_word' id='word_1_712' title='bbox 3202 811 3455 874; x_wconf 86' lang='lat' dir='ltr'><strong>quantum</strong></span> <span class='ocrx_word' id='word_1_713' title='bbox 3482 805 3606 874; x_wconf 84' lang='lat' dir='ltr'><strong>plus</strong></span> 
     </span>
    </p>
   </div>
   <div class='ocr_carea' id='block_1_85' title="bbox 2025 868 3604 953">
    <p class='ocr_par' dir='ltr' id='par_1_85' title="bbox 2025 868 3604 953">
     <span class='ocr_line' id='line_1_87' title="bbox 2025 868 3604 953; baseline 0.005 -31"><span class='ocrx_word' id='word_1_714' title='bbox 2025 868 2079 927; x_wconf 92' lang='lat' dir='ltr'><strong>in</strong></span> <span class='ocrx_word' id='word_1_715' title='bbox 2106 869 2188 923; x_wconf 87' lang='lat' dir='ltr'><strong>via</strong></span> <span class='ocrx_word' id='word_1_716' title='bbox 2214 869 2487 953; x_wconf 71' lang='lat' dir='ltr'><strong>operando</strong></span> <span class='ocrx_word' id='word_1_717' title='bbox 2516 872 2533 901; x_wconf 74' lang='grc' dir='ltr'>ί</span> <span class='ocrx_word' id='word_1_718' title='bbox 2556 870 2809 953; x_wconf 71' lang='lat' dir='ltr'><strong>meruerit</strong></span> <span class='ocrx_word' id='word_1_719' title='bbox 2836 911 2852 935; x_wconf 94' lang='lat'><strong>,</strong></span> <span class='ocrx_word' id='word_1_720' title='bbox 2880 871 3085 953; x_wconf 44' lang='lat' dir='ltr'><strong>clarius.</strong></span> <span class='ocrx_word' id='word_1_721' title='bbox 3104 868 3322 926; x_wconf 85' lang='lat' dir='ltr'><strong>videbit.</strong></span> <span class='ocrx_word' id='word_1_722' title='bbox 3379 868 3604 953; x_wconf 78' lang='lat' dir='ltr'><strong>Nnti_ta-</strong></span> 
     </span>
    </p>
   </div>
   <div class='ocr_carea' id='block_1_86' title="bbox 2024 940 3606 1014">
    <p class='ocr_par' dir='ltr' id='par_1_86' title="bbox 2024 940 3606 1014">
     <span class='ocr_line' id='line_1_88' title="bbox 2024 940 3606 1014; baseline 0.005 -20"><span class='ocrx_word' id='word_1_723' title='bbox 2024 954 2148 994; x_wconf 89' lang='lat' dir='ltr'><strong>men</strong></span> <span class='ocrx_word' id='word_1_724' title='bbox 2175 940 2603 1014; x_wconf 85' lang='lat' dir='ltr'><strong>quibuscumque</strong></span> <span class='ocrx_word' id='word_1_725' title='bbox 2627 940 2782 995; x_wconf 91' lang='lat' dir='ltr'><strong>bonis</strong></span> <span class='ocrx_word' id='word_1_726' title='bbox 2804 942 3013 1014; x_wconf 85' lang='lat' dir='ltr'><strong>onerati</strong></span> <span class='ocrx_word' id='word_1_727' title='bbox 3042 942 3229 1014; x_wconf 83' lang='lat' dir='ltr'><strong>simus,</strong></span> <span class='ocrx_word' id='word_1_728' title='bbox 3257 953 3474 1014; x_wconf 87' lang='lat' dir='ltr'><strong>propter</strong></span> <span class='ocrx_word' id='word_1_729' title='bbox 3504 946 3606 1001; x_wconf 88' lang='lat' dir='ltr'><strong>hoc</strong></span> 
     </span>
    </p>
   </div>
   <div class='ocr_carea' id='block_1_87' title="bbox 2025 1012 3605 1082">
    <p class='ocr_par' dir='ltr' id='par_1_87' title="bbox 2025 1012 3605 1082">
     <span class='ocr_line' id='line_1_89' title="bbox 2025 1012 3605 1082; baseline 0.004 -19"><span class='ocrx_word' id='word_1_730' title='bbox 2025 1024 2142 1082; x_wconf 77' lang='lat' dir='ltr'><strong>eam</strong></span> <span class='ocrx_word' id='word_1_731' title='bbox 2175 1026 2354 1065; x_wconf 87' lang='lat' dir='ltr'><strong>emere</strong></span> <span class='ocrx_word' id='word_1_732' title='bbox 2398 1012 2668 1065; x_wconf 86' lang='lat' dir='ltr'><strong>valeamus</strong></span> <span class='ocrx_word' id='word_1_733' title='bbox 2696 1052 2712 1078; x_wconf 92' lang='lat'><strong>,</strong></span> <span class='ocrx_word' id='word_1_734' title='bbox 2765 1012 2865 1066; x_wconf 91' lang='lat' dir='ltr'><strong>nisi</strong></span> <span class='ocrx_word' id='word_1_735' title='bbox 2909 1027 3006 1081; x_wconf 89' lang='lat' dir='ltr'><strong>per</strong></span> <span class='ocrx_word' id='word_1_736' title='bbox 3045 1013 3265 1082; x_wconf 85' lang='lat' dir='ltr'><strong>gratiam</strong></span> <span class='ocrx_word' id='word_1_737' title='bbox 3308 1012 3605 1082; x_wconf 73' lang='lat' dir='ltr'><strong>possidere.</strong></span> 
     </span>
    </p>
   </div>
   <div class='ocr_carea' id='block_1_88' title="bbox 2023 1080 3605 1153">
    <p class='ocr_par' dir='ltr' id='par_1_88' title="bbox 2023 1080 3605 1153">
     <span class='ocr_line' id='line_1_90' title="bbox 2023 1080 3605 1153; baseline 0.004 -18"><span class='ocrx_word' id='word_1_738' title='bbox 2023 1080 2222 1137; x_wconf 89' lang='lat' dir='ltr'><strong>Omnes</strong></span> <span class='ocrx_word' id='word_1_739' title='bbox 2260 1091 2441 1153; x_wconf 90' lang='lat' dir='ltr'><strong>tamen</strong></span> <span class='ocrx_word' id='word_1_740' title='bbox 2483 1082 2553 1137; x_wconf 90' lang='lat' dir='ltr'><strong>ibi</strong></span> <span class='ocrx_word' id='word_1_741' title='bbox 2599 1083 2834 1153; x_wconf 89' lang='lat' dir='ltr'><strong>contenti</strong></span> <span class='ocrx_word' id='word_1_742' title='bbox 2878 1080 3119 1147; x_wconf 84' lang='lat' dir='ltr'><strong>erimus,</strong></span> <span class='ocrx_word' id='word_1_743' title='bbox 3172 1080 3360 1138; x_wconf 72' lang='lat' dir='ltr'><strong>omnes</strong></span> <span class='ocrx_word' id='word_1_744' title='bbox 3398 1084 3605 1153; x_wconf 87' lang='lat' dir='ltr'><strong>felices,</strong></span> 
     </span>
    </p>
   </div>
   <div class='ocr_carea' id='block_1_89' title="bbox 2024 1152 3605 1278">
    <p class='ocr_par' dir='ltr' id='par_1_89' title="bbox 2024 1152 3605 1278">
     <span class='ocr_line' id='line_1_91' title="bbox 2024 1152 3605 1278; baseline 0.003 -70"><span class='ocrx_word' id='word_1_745' title='bbox 2024 1167 2212 1208; x_wconf 90' lang='lat' dir='ltr'><strong>omnes</strong></span> <span class='ocrx_word' id='word_1_746' title='bbox 2248 1152 2621 1221; x_wconf 89' lang='lat' dir='ltr'><strong>jucundantes.</strong></span> <span class='ocrx_word' id='word_1_747' title='bbox 2673 1152 2799 1207; x_wconf 67' lang='lat' dir='ltr'><strong>Haec</strong></span> <span class='ocrx_word' id='word_1_748' title='bbox 2826 1163 2907 1207; x_wconf 92' lang='lat' dir='ltr'><strong>est</strong></span> <span class='ocrx_word' id='word_1_749' title='bbox 2936 1154 3078 1207; x_wconf 89' lang='lat' dir='ltr'><strong>enim</strong></span> <span class='ocrx_word' id='word_1_750' title='bbox 3120 1154 3206 1207; x_wconf 89' lang='lat' dir='ltr'><strong>illa</strong></span> <span class='ocrx_word' id='word_1_751' title='bbox 3234 1155 3434 1278; x_wconf 62' lang='lat' dir='ltr'><strong>OJlllma</strong></span> <span class='ocrx_word' id='word_1_752' title='bbox 3458 1152 3605 1225; x_wconf 85' lang='lat' dir='ltr'><strong>pars,</strong></span> 
     </span>
     <span class='ocr_line' id='line_1_92' title="bbox 2025 1223 3605 1278; baseline 0 0"><span class='ocrx_word' id='word_1_753' title='bbox 2025 1238 2185 1278; x_wconf 81' lang='lat' dir='ltr'><strong>quam</strong></span> <span class='ocrx_word' id='word_1_754' title='bbox 2230 1224 2392 1278; x_wconf 84' lang='lat' dir='ltr'><strong>Maria</strong></span> <span class='ocrx_word' id='word_1_755' title='bbox 2435 1224 2593 1278; x_wconf 68' lang='lat' dir='ltr'><strong>elegit</strong></span> <span class='ocrx_word' id='word_1_756' title='bbox 2634 1223 2959 1278; x_wconf 78' lang='lat' dir='ltr'><strong>quiescendo</strong></span> <span class='ocrx_word' id='word_1_757' title='bbox 2996 1234 3049 1278; x_wconf 94' lang='lat' dir='ltr'><strong>et</strong></span> <span class='ocrx_word' id='word_1_758' title='bbox 3086 1224 3249 1278; x_wconf 88' lang='lat' dir='ltr'><strong>seden</strong></span> <span class='ocrx_word' id='word_1_759' title='bbox 3290 1239 3322 1278; x_wconf 92' lang='grc' dir='ltr'>ο</span> <span class='ocrx_word' id='word_1_760' title='bbox 3350 1227 3416 1278; x_wconf 89' lang='lat' dir='ltr'><strong>ad</strong></span> <span class='ocrx_word' id='word_1_761' title='bbox 3445 1228 3605 1278; x_wconf 79' lang='lat' dir='ltr'><strong>pedes</strong></span> 
     </span>
    </p>
   </div>
   <div class='ocr_carea' id='block_1_90' title="bbox 2025 1223 3609 1297">
    <p class='ocr_par' dir='ltr' id='par_1_90' title="bbox 2025 1223 3609 1297">
     <span class='ocr_line' id='line_1_93' title="bbox 2025 1223 3609 1297; baseline 0.006 -23"><span class='ocrx_word' id='word_1_762' title='bbox 2025 1238 2185 1297; x_wconf 76' lang='lat' dir='ltr'><strong>quam</strong></span> <span class='ocrx_word' id='word_1_763' title='bbox 2222 1224 2392 1297; x_wconf 65' lang='lat' dir='ltr'><strong>Maria</strong></span> <span class='ocrx_word' id='word_1_764' title='bbox 2435 1224 2593 1297; x_wconf 80' lang='lat' dir='ltr'><strong>elegit</strong></span> <span class='ocrx_word' id='word_1_765' title='bbox 2614 1223 2959 1297; x_wconf 87' lang='lat' dir='ltr'><strong>_quiesceud0</strong></span> <span class='ocrx_word' id='word_1_766' title='bbox 2984 1234 3049 1297; x_wconf 90' lang='lat' dir='ltr'><strong>et</strong></span> <span class='ocrx_word' id='word_1_767' title='bbox 3086 1223 3322 1297; x_wconf 77' lang='lat' dir='ltr'><strong>sedendo</strong></span> <span class='ocrx_word' id='word_1_768' title='bbox 3350 1227 3416 1281; x_wconf 89' lang='lat' dir='ltr'><strong>ad</strong></span> <span class='ocrx_word' id='word_1_769' title='bbox 3445 1223 3609 1297; x_wconf 83' lang='lat' dir='ltr'><strong>pedes</strong></span> 
     </span>
    </p>
   </div>
   <div class='ocr_carea' id='block_1_91' title="bbox 2026 1294 3605 1365">
    <p class='ocr_par' dir='ltr' id='par_1_91' title="bbox 2026 1294 3605 1365">
     <span class='ocr_line' id='line_1_94' title="bbox 2026 1294 3605 1365; baseline 0.004 -18"><span class='ocrx_word' id='word_1_770' title='bbox 2026 1294 2257 1365; x_wconf 82' lang='lat' dir='ltr'><strong>Domini.</strong></span> <span class='ocrx_word' id='word_1_771' title='bbox 2298 1294 2770 1365; x_wconf 82' lang='lat' dir='ltr'><strong>Contemplahatur</strong></span> <span class='ocrx_word' id='word_1_772' title='bbox 2796 1296 2937 1349; x_wconf 88' lang='lat' dir='ltr'><strong>enim</strong></span> <span class='ocrx_word' id='word_1_773' title='bbox 2979 1296 3093 1364; x_wconf 85' lang='lat' dir='ltr'><strong>ipsa</strong></span> <span class='ocrx_word' id='word_1_774' title='bbox 3120 1294 3288 1349; x_wconf 91' lang='lat' dir='ltr'><strong>Deum</strong></span> <span class='ocrx_word' id='word_1_775' title='bbox 3329 1306 3385 1352; x_wconf 92' lang='lat' dir='ltr'><strong>et</strong></span> <span class='ocrx_word' id='word_1_776' title='bbox 3428 1294 3605 1353; x_wconf 83' lang='lat' dir='ltr'><strong>homi-</strong></span> 
     </span>
    </p>
   </div>
   <div class='ocr_carea' id='block_1_92' title="bbox 2025 1364 3609 1437">
    <p class='ocr_par' dir='ltr' id='par_1_92' title="bbox 2025 1364 3609 1437">
     <span class='ocr_line' id='line_1_95' title="bbox 2025 1364 3609 1437; baseline 0.003 -18"><span class='ocrx_word' id='word_1_777' title='bbox 2025 1378 2148 1437; x_wconf 86' lang='lat' dir='ltr'><strong>nem</strong></span> <span class='ocrx_word' id='word_1_778' title='bbox 2172 1381 2187 1428; x_wconf 89' lang='lat'><strong>;</strong></span> <span class='ocrx_word' id='word_1_779' title='bbox 2211 1364 2332 1420; x_wconf 88' lang='lat' dir='ltr'><strong>ideo</strong></span> <span class='ocrx_word' id='word_1_780' title='bbox 2356 1364 2599 1437; x_wconf 71' lang='lat' dir='ltr'><strong>optimam</strong></span> <span class='ocrx_word' id='word_1_781' title='bbox 2629 1374 2822 1437; x_wconf 77' lang='lat' dir='ltr'><strong>partem</strong></span> <span class='ocrx_word' id='word_1_782' title='bbox 2842 1365 2991 1437; x_wconf 79' lang='lat' dir='ltr'><strong>elegit</strong></span> <span class='ocrx_word' id='word_1_783' title='bbox 3020 1364 3170 1433; x_wconf 85' lang='lat' dir='ltr'><strong>(Luc.</strong></span> <span class='ocrx_word' id='word_1_784' title='bbox 3198 1381 3251 1429; x_wconf 86' lang='lat' dir='ltr'><strong>x,</strong></span> <span class='ocrx_word' id='word_1_785' title='bbox 3284 1367 3397 1437; x_wconf 69' lang='lat'><strong>42).</strong></span> <span class='ocrx_word' id='word_1_786' title='bbox 3430 1368 3609 1436; x_wconf 86' lang='lat' dir='ltr'><strong>Quare</strong></span> 
     </span>
    </p>
   </div>
   <div class='ocr_carea' id='block_1_93' title="bbox 2026 1435 3608 1507">
    <p class='ocr_par' dir='ltr' id='par_1_93' title="bbox 2026 1435 3608 1507">
     <span class='ocr_line' id='line_1_96' title="bbox 2026 1435 3608 1507; baseline 0.004 -20"><span class='ocrx_word' id='word_1_787' title='bbox 2026 1435 2270 1504; x_wconf 86' lang='lat' dir='ltr'><strong>optimam</strong></span> <span class='ocrx_word' id='word_1_788' title='bbox 2297 1445 2488 1504; x_wconf 81' lang='lat' dir='ltr'><strong>partem</strong></span> <span class='ocrx_word' id='word_1_789' title='bbox 2513 1436 2680 1501; x_wconf 90' lang='lat' dir='ltr'><strong>dicit,</strong></span> <span class='ocrx_word' id='word_1_790' title='bbox 2712 1436 2814 1491; x_wconf 87' lang='lat' dir='ltr'><strong>nisi</strong></span> <span class='ocrx_word' id='word_1_791' title='bbox 2836 1435 2955 1505; x_wconf 84' lang='lat' dir='ltr'><strong>quia</strong></span> <span class='ocrx_word' id='word_1_792' title='bbox 2983 1451 3076 1505; x_wconf 88' lang='lat' dir='ltr'><strong>per</strong></span> <span class='ocrx_word' id='word_1_793' title='bbox 3106 1435 3608 1507; x_wconf 86' lang='lat' dir='ltr'><strong>contemplationem</strong></span> 
     </span>
    </p>
   </div>
   <div class='ocr_carea' id='block_1_94' title="bbox 2026 1507 3609 1579">
    <p class='ocr_par' dir='ltr' id='par_1_94' title="bbox 2026 1507 3609 1579">
     <span class='ocr_line' id='line_1_97' title="bbox 2026 1507 3609 1579; baseline 0.003 -19"><span class='ocrx_word' id='word_1_794' title='bbox 2026 1513 2225 1561; x_wconf 63' lang='lat' dir='ltr'><strong>aeterna</strong></span> <span class='ocrx_word' id='word_1_795' title='bbox 2266 1508 2375 1561; x_wconf 90' lang='lat' dir='ltr'><strong>vita</strong></span> <span class='ocrx_word' id='word_1_796' title='bbox 2421 1507 2764 1579; x_wconf 86' lang='lat' dir='ltr'><strong>designatur?</strong></span> <span class='ocrx_word' id='word_1_797' title='bbox 2814 1508 3025 1579; x_wconf 77' lang='lat' dir='ltr'><strong>Optima</strong></span> <span class='ocrx_word' id='word_1_798' title='bbox 3054 1507 3161 1561; x_wconf 88' lang='lat' dir='ltr'><strong>vita</strong></span> <span class='ocrx_word' id='word_1_799' title='bbox 3191 1517 3273 1561; x_wconf 90' lang='lat' dir='ltr'><strong>est</strong></span> <span class='ocrx_word' id='word_1_800' title='bbox 3301 1508 3446 1564; x_wconf 89' lang='lat' dir='ltr'><strong>enim</strong></span> <span class='ocrx_word' id='word_1_801' title='bbox 3485 1507 3609 1579; x_wconf 84' lang='lat' dir='ltr'><strong>quia</strong></span> 
     </span>
    </p>
   </div>
   <div class='ocr_carea' id='block_1_95' title="bbox 2026 1577 3611 1649">
    <p class='ocr_par' dir='ltr' id='par_1_95' title="bbox 2026 1577 3611 1649">
     <span class='ocr_line' id='line_1_98' title="bbox 2026 1577 3611 1649; baseline 0.003 -18"><span class='ocrx_word' id='word_1_802' title='bbox 2026 1591 2212 1649; x_wconf 86' lang='lat' dir='ltr'><strong>secura</strong></span> <span class='ocrx_word' id='word_1_803' title='bbox 2241 1585 2355 1645; x_wconf 88' lang='lat' dir='ltr'><strong>est,</strong></span> <span class='ocrx_word' id='word_1_804' title='bbox 2393 1578 2514 1648; x_wconf 88' lang='lat' dir='ltr'><strong>quia</strong></span> <span class='ocrx_word' id='word_1_805' title='bbox 2534 1577 2741 1649; x_wconf 60' lang='lat' dir='ltr'><strong>{eterna</strong></span> <span class='ocrx_word' id='word_1_806' title='bbox 2762 1587 2863 1649; x_wconf 84' lang='lat' dir='ltr'><strong>est,</strong></span> <span class='ocrx_word' id='word_1_807' title='bbox 2905 1577 3027 1647; x_wconf 87' lang='lat' dir='ltr'><strong>quia</strong></span> <span class='ocrx_word' id='word_1_808' title='bbox 3056 1592 3181 1632; x_wconf 88' lang='lat' dir='ltr'><strong>vera</strong></span> <span class='ocrx_word' id='word_1_809' title='bbox 3209 1587 3309 1649; x_wconf 90' lang='lat' dir='ltr'><strong>est,</strong></span> <span class='ocrx_word' id='word_1_810' title='bbox 3340 1580 3463 1649; x_wconf 88' lang='lat' dir='ltr'><strong>quia</strong></span> <span class='ocrx_word' id='word_1_811' title='bbox 3492 1577 3611 1635; x_wconf 84' lang='lat' dir='ltr'><strong>feli-</strong></span> 
     </span>
    </p>
   </div>
   <div class='ocr_carea' id='block_1_96' title="bbox 2024 1647 3609 1717">
    <p class='ocr_par' dir='ltr' id='par_1_96' title="bbox 2024 1647 3609 1717">
     <span class='ocr_line' id='line_1_99' title="bbox 2024 1647 3609 1717; baseline 0.001 -15"><span class='ocrx_word' id='word_1_812' title='bbox 2024 1647 2158 1702; x_wconf 85' lang='lat' dir='ltr'><strong>citas</strong></span> <span class='ocrx_word' id='word_1_813' title='bbox 2184 1658 2362 1707; x_wconf 89' lang='lat' dir='ltr'><strong>nostra</strong></span> <span class='ocrx_word' id='word_1_814' title='bbox 2388 1647 2470 1703; x_wconf 86' lang='lat' dir='ltr'><strong>est</strong></span> <span class='ocrx_word' id='word_1_815' title='bbox 2488 1692 2502 1714; x_wconf 93' lang='lat'><strong>,</strong></span> <span class='ocrx_word' id='word_1_816' title='bbox 2531 1648 2698 1703; x_wconf 90' lang='lat' dir='ltr'><strong>Deum</strong></span> <span class='ocrx_word' id='word_1_817' title='bbox 2729 1647 2926 1705; x_wconf 90' lang='lat' dir='ltr'><strong>habere</strong></span> <span class='ocrx_word' id='word_1_818' title='bbox 2947 1690 2961 1715; x_wconf 93' lang='lat'><strong>,</strong></span> <span class='ocrx_word' id='word_1_819' title='bbox 2992 1649 3159 1703; x_wconf 90' lang='lat' dir='ltr'><strong>Deum</strong></span> <span class='ocrx_word' id='word_1_820' title='bbox 3197 1647 3406 1717; x_wconf 83' lang='lat' dir='ltr'><strong>videre,</strong></span> <span class='ocrx_word' id='word_1_821' title='bbox 3441 1652 3609 1707; x_wconf 89' lang='lat' dir='ltr'><strong>Deum</strong></span> 
     </span>
    </p>
   </div>
   <div class='ocr_carea' id='block_1_97' title="bbox 2026 1719 3611 1790">
    <p class='ocr_par' dir='ltr' id='par_1_97' title="bbox 2026 1719 3611 1790">
     <span class='ocr_line' id='line_1_100' title="bbox 2026 1719 3611 1790; baseline 0.003 -18"><span class='ocrx_word' id='word_1_822' title='bbox 2026 1720 2396 1789; x_wconf 89' lang='lat' dir='ltr'><strong>contemplari.</strong></span> <span class='ocrx_word' id='word_1_823' title='bbox 2430 1719 2555 1775; x_wconf 83' lang='lat' dir='ltr'><strong>ideo</strong></span> <span class='ocrx_word' id='word_1_824' title='bbox 2580 1720 2777 1788; x_wconf 83' lang='lat' dir='ltr'><strong>Optima</strong></span> <span class='ocrx_word' id='word_1_825' title='bbox 2808 1734 2932 1790; x_wconf 87' lang='lat' dir='ltr'><strong>pars</strong></span> <span class='ocrx_word' id='word_1_826' title='bbox 2958 1729 3058 1781; x_wconf 90' lang='lat' dir='ltr'><strong>est,</strong></span> <span class='ocrx_word' id='word_1_827' title='bbox 3086 1734 3243 1790; x_wconf 77' lang='lat' dir='ltr'><strong>quam</strong></span> <span class='ocrx_word' id='word_1_828' title='bbox 3268 1732 3470 1789; x_wconf 90' lang='lat' dir='ltr'><strong>partem</strong></span> <span class='ocrx_word' id='word_1_829' title='bbox 3503 1737 3611 1777; x_wconf 84' lang='lat' dir='ltr'><strong>non</strong></span> 
     </span>
    </p>
   </div>
   <div class='ocr_carea' id='block_1_98' title="bbox 2031 1789 3611 1862">
    <p class='ocr_par' dir='ltr' id='par_1_98' title="bbox 2031 1789 3611 1862">
     <span class='ocr_line' id='line_1_101' title="bbox 2031 1789 3611 1862; baseline 0.003 -19"><span class='ocrx_word' id='word_1_830' title='bbox 2031 1803 2313 1862; x_wconf 85' lang='lat' dir='ltr'><strong>possumus</strong></span> <span class='ocrx_word' id='word_1_831' title='bbox 2352 1791 2406 1845; x_wconf 91' lang='lat' dir='ltr'><strong>in</strong></span> <span class='ocrx_word' id='word_1_832' title='bbox 2443 1790 2855 1862; x_wconf 73' lang='lat' dir='ltr'><strong>viapossidere.</strong></span> <span class='ocrx_word' id='word_1_833' title='bbox 2909 1790 3123 1862; x_wconf 78' lang='lat' dir='ltr'><strong>Quare?</strong></span> <span class='ocrx_word' id='word_1_834' title='bbox 3171 1789 3306 1856; x_wconf 90' lang='lat' dir='ltr'><strong>Quia</strong></span> <span class='ocrx_word' id='word_1_835' title='bbox 3356 1792 3611 1862; x_wconf 87' lang='lat' dir='ltr'><strong>quamdiu</strong></span> 
     </span>
    </p>
   </div>
   <div class='ocr_carea' id='block_1_99' title="bbox 2027 1860 3612 1934">
    <p class='ocr_par' dir='ltr' id='par_1_99' title="bbox 2027 1860 3612 1934">
     <span class='ocr_line' id='line_1_102' title="bbox 2027 1860 3612 1934; baseline 0.004 -21"><span class='ocrx_word' id='word_1_836' title='bbox 2027 1860 2254 1934; x_wconf 84' lang='lat' dir='ltr'><strong>vivimus</strong></span> <span class='ocrx_word' id='word_1_837' title='bbox 2275 1902 2289 1927; x_wconf 95' lang='lat'><strong>,</strong></span> <span class='ocrx_word' id='word_1_838' title='bbox 2342 1860 2743 1931; x_wconf 82' lang='lat' dir='ltr'><strong>peregrinantur</strong></span> <span class='ocrx_word' id='word_1_839' title='bbox 2763 1876 2793 1914; x_wconf 93' lang='lat' dir='ltr'><strong>a</strong></span> <span class='ocrx_word' id='word_1_840' title='bbox 2813 1860 3051 1934; x_wconf 78' lang='lat' dir='ltr'><strong>Domino</strong></span> <span class='ocrx_word' id='word_1_841' title='bbox 3070 1901 3086 1927; x_wconf 92' lang='lat'><strong>,</strong></span> <span class='ocrx_word' id='word_1_842' title='bbox 3109 1869 3169 1934; x_wconf 91' lang='lat' dir='ltr'><strong>_ct</strong></span> <span class='ocrx_word' id='word_1_843' title='bbox 3194 1860 3408 1934; x_wconf 82' lang='lat' dir='ltr'><strong>semper</strong></span> <span class='ocrx_word' id='word_1_844' title='bbox 3433 1863 3485 1917; x_wconf 93' lang='lat' dir='ltr'><strong>in</strong></span> <span class='ocrx_word' id='word_1_845' title='bbox 3516 1879 3612 1934; x_wconf 79' lang='lat' dir='ltr'><strong>pe-</strong></span> 
     </span>
    </p>
   </div>
   <div class='ocr_carea' id='block_1_100' title="bbox 2030 1931 3609 2001">
    <p class='ocr_par' dir='ltr' id='par_1_100' title="bbox 2030 1931 3609 2001">
     <span class='ocr_line' id='line_1_103' title="bbox 2030 1931 3609 2001; baseline 0.003 -16"><span class='ocrx_word' id='word_1_846' title='bbox 2030 1932 2200 2001; x_wconf 79' lang='lat' dir='ltr'><strong>riculo</strong></span> <span class='ocrx_word' id='word_1_847' title='bbox 2230 1947 2449 1998; x_wconf 88' lang='lat' dir='ltr'><strong>sumus,</strong></span> <span class='ocrx_word' id='word_1_848' title='bbox 2489 1942 2545 1987; x_wconf 91' lang='lat' dir='ltr'><strong>et</strong></span> <span class='ocrx_word' id='word_1_849' title='bbox 2572 1946 2783 2001; x_wconf 88' lang='lat' dir='ltr'><strong>semper</strong></span> <span class='ocrx_word' id='word_1_850' title='bbox 2810 1932 2861 1985; x_wconf 89' lang='lat' dir='ltr'><strong>in</strong></span> <span class='ocrx_word' id='word_1_851' title='bbox 2894 1931 3075 1986; x_wconf 90' lang='lat' dir='ltr'><strong>labore</strong></span> <span class='ocrx_word' id='word_1_852' title='bbox 3106 1932 3159 1985; x_wconf 90' lang='lat' dir='ltr'><strong>in</strong></span> <span class='ocrx_word' id='word_1_853' title='bbox 3197 1932 3295 1988; x_wconf 90' lang='lat' dir='ltr'><strong>hac</strong></span> <span class='ocrx_word' id='word_1_854' title='bbox 3338 1934 3443 1987; x_wconf 91' lang='lat' dir='ltr'><strong>vita</strong></span> <span class='ocrx_word' id='word_1_855' title='bbox 3486 1931 3609 1989; x_wconf 81' lang='lat' dir='ltr'><strong>cum</strong></span> 
     </span>
    </p>
   </div>
   <div class='ocr_carea' id='block_1_101' title="bbox 2027 2000 3616 2074">
    <p class='ocr_par' dir='ltr' id='par_1_101' title="bbox 2027 2000 3616 2074">
     <span class='ocr_line' id='line_1_104' title="bbox 2027 2000 3616 2074; baseline 0.003 -20"><span class='ocrx_word' id='word_1_856' title='bbox 2027 2000 2231 2074; x_wconf 66' lang='lat' dir='ltr'><strong>Martha</strong></span> <span class='ocrx_word' id='word_1_857' title='bbox 2266 2002 2567 2074; x_wconf 86' lang='lat' dir='ltr'><strong>fatigamur.</strong></span> <span class='ocrx_word' id='word_1_858' title='bbox 2613 2000 2806 2074; x_wconf 84' lang='lat' dir='ltr'><strong>Sumus</strong></span> <span class='ocrx_word' id='word_1_859' title='bbox 2844 2003 2987 2056; x_wconf 91' lang='lat' dir='ltr'><strong>enim</strong></span> <span class='ocrx_word' id='word_1_860' title='bbox 3032 2002 3119 2074; x_wconf 83' lang='lat' dir='ltr'><strong>hic</strong></span> <span class='ocrx_word' id='word_1_861' title='bbox 3156 2017 3276 2074; x_wconf 91' lang='lat' dir='ltr'><strong>cum</strong></span> <span class='ocrx_word' id='word_1_862' title='bbox 3305 2002 3507 2059; x_wconf 85' lang='lat' dir='ltr'><strong>Martha</strong></span> <span class='ocrx_word' id='word_1_863' title='bbox 3534 2005 3616 2058; x_wconf 88' lang='lat' dir='ltr'><strong>la-</strong></span> 
     </span>
    </p>
   </div>
   <div class='ocr_carea' id='block_1_102' title="bbox 2028 2070 3614 2144">
    <p class='ocr_par' dir='ltr' id='par_1_102' title="bbox 2028 2070 3614 2144">
     <span class='ocr_line' id='line_1_105' title="bbox 2028 2070 3614 2144; baseline 0.003 -18"><span class='ocrx_word' id='word_1_864' title='bbox 2028 2070 2301 2144; x_wconf 80' lang='lat' dir='ltr'><strong>borantes,</strong></span> <span class='ocrx_word' id='word_1_865' title='bbox 2334 2070 2574 2144; x_wconf 73' lang='lat' dir='ltr'><strong>hospites</strong></span> <span class='ocrx_word' id='word_1_866' title='bbox 2602 2073 2943 2142; x_wconf 89' lang='lat' dir='ltr'><strong>recipientes,</strong></span> <span class='ocrx_word' id='word_1_867' title='bbox 2970 2081 3024 2128; x_wconf 91' lang='lat' dir='ltr'><strong>et</strong></span> <span class='ocrx_word' id='word_1_868' title='bbox 3048 2072 3414 2144; x_wconf 85' lang='lat' dir='ltr'><strong>ministrantes</strong></span> <span class='ocrx_word' id='word_1_869' title='bbox 3442 2075 3614 2132; x_wconf 83' lang='lat' dir='ltr'><strong>servis</strong></span> 
     </span>
    </p>
   </div>
   <div class='ocr_carea' id='block_1_103' title="bbox 2028 2142 3612 2215">
    <p class='ocr_par' dir='ltr' id='par_1_103' title="bbox 2028 2142 3612 2215">
     <span class='ocr_line' id='line_1_106' title="bbox 2028 2142 3612 2215; baseline 0.002 -18"><span class='ocrx_word' id='word_1_870' title='bbox 2028 2142 2123 2198; x_wconf 90' lang='lat' dir='ltr'><strong>Dei</strong></span> <span class='ocrx_word' id='word_1_871' title='bbox 2146 2160 2264 2214; x_wconf 71' lang='lat' dir='ltr'><strong>quas</strong></span> <span class='ocrx_word' id='word_1_872' title='bbox 2290 2142 2587 2215; x_wconf 77' lang='lat' dir='ltr'><strong>necessaria</strong></span> <span class='ocrx_word' id='word_1_873' title='bbox 2616 2152 2759 2197; x_wconf 90' lang='lat' dir='ltr'><strong>sunt.</strong></span> <span class='ocrx_word' id='word_1_874' title='bbox 2791 2144 2938 2197; x_wconf 90' lang='lat' dir='ltr'><strong>llanc</strong></span> <span class='ocrx_word' id='word_1_875' title='bbox 2976 2154 3177 2213; x_wconf 90' lang='lat' dir='ltr'><strong>partem</strong></span> <span class='ocrx_word' id='word_1_876' title='bbox 3202 2143 3407 2199; x_wconf 87' lang='lat' dir='ltr'><strong>Martha</strong></span> <span class='ocrx_word' id='word_1_877' title='bbox 3432 2145 3612 2215; x_wconf 87' lang='lat' dir='ltr'><strong>elegit,</strong></span> 
     </span>
    </p>
   </div>
   <div class='ocr_carea' id='block_1_104' title="bbox 2030 2214 3613 2284">
    <p class='ocr_par' dir='ltr' id='par_1_104' title="bbox 2030 2214 3613 2284">
     <span class='ocr_line' id='line_1_107' title="bbox 2030 2214 3613 2284; baseline 0.003 -18"><span class='ocrx_word' id='word_1_878' title='bbox 2030 2221 2084 2266; x_wconf 91' lang='lat' dir='ltr'><strong>et</strong></span> <span class='ocrx_word' id='word_1_879' title='bbox 2127 2215 2265 2270; x_wconf 91' lang='lat' dir='ltr'><strong>bona</strong></span> <span class='ocrx_word' id='word_1_880' title='bbox 2312 2215 2441 2279; x_wconf 89' lang='lat' dir='ltr'><strong>fuit,</strong></span> <span class='ocrx_word' id='word_1_881' title='bbox 2498 2214 2592 2269; x_wconf 85' lang='lat' dir='ltr'><strong>sed</strong></span> <span class='ocrx_word' id='word_1_882' title='bbox 2645 2229 2750 2268; x_wconf 91' lang='lat' dir='ltr'><strong>non</strong></span> <span class='ocrx_word' id='word_1_883' title='bbox 2794 2216 2994 2283; x_wconf 88' lang='lat' dir='ltr'><strong>optima</strong></span> <span class='ocrx_word' id='word_1_884' title='bbox 3028 2231 3041 2267; x_wconf 89' lang='lat'><strong>:</strong></span> <span class='ocrx_word' id='word_1_885' title='bbox 3070 2215 3193 2284; x_wconf 90' lang='lat' dir='ltr'><strong>quia</strong></span> <span class='ocrx_word' id='word_1_886' title='bbox 3237 2231 3341 2269; x_wconf 93' lang='lat' dir='ltr'><strong>non</strong></span> <span class='ocrx_word' id='word_1_887' title='bbox 3390 2214 3613 2271; x_wconf 58' lang='lat' dir='ltr'><strong>aeterna.</strong></span> 
     </span>
    </p>
   </div>
   <div class='ocr_carea' id='block_1_105' title="bbox 2030 2284 3617 2355">
    <p class='ocr_par' dir='ltr' id='par_1_105' title="bbox 2030 2284 3617 2355">
     <span class='ocr_line' id='line_1_108' title="bbox 2030 2284 3617 2355; baseline 0.002 -17"><span class='ocrx_word' id='word_1_888' title='bbox 2030 2284 2177 2339; x_wconf 89' lang='lat' dir='ltr'><strong>Bona</strong></span> <span class='ocrx_word' id='word_1_889' title='bbox 2203 2295 2379 2341; x_wconf 91' lang='lat' dir='ltr'><strong>tamen</strong></span> <span class='ocrx_word' id='word_1_890' title='bbox 2405 2286 2541 2353; x_wconf 91' lang='lat' dir='ltr'><strong>fuit,</strong></span> <span class='ocrx_word' id='word_1_891' title='bbox 2570 2285 2692 2355; x_wconf 87' lang='lat' dir='ltr'><strong>quia</strong></span> <span class='ocrx_word' id='word_1_892' title='bbox 2718 2285 3110 2353; x_wconf 83' lang='lat' dir='ltr'><strong>perseverando</strong></span> <span class='ocrx_word' id='word_1_893' title='bbox 3137 2286 3188 2338; x_wconf 92' lang='lat' dir='ltr'><strong>in</strong></span> <span class='ocrx_word' id='word_1_894' title='bbox 3218 2286 3469 2355; x_wconf 90' lang='lat' dir='ltr'><strong>operibus</strong></span> <span class='ocrx_word' id='word_1_895' title='bbox 3488 2285 3617 2341; x_wconf 88' lang='lat' dir='ltr'><strong>cha-</strong></span> 
     </span>
    </p>
   </div>
   <div class='ocr_carea' id='block_1_106' title="bbox 2030 2354 3616 2424">
    <p class='ocr_par' dir='ltr' id='par_1_106' title="bbox 2030 2354 3616 2424">
     <span class='ocr_line' id='line_1_109' title="bbox 2030 2354 3616 2424; baseline 0.003 -16"><span class='ocrx_word' id='word_1_896' title='bbox 2030 2354 2238 2423; x_wconf 89' lang='lat' dir='ltr'><strong>ritatis,</strong></span> <span class='ocrx_word' id='word_1_897' title='bbox 2282 2356 2473 2411; x_wconf 90' lang='lat' dir='ltr'><strong>sedere</strong></span> <span class='ocrx_word' id='word_1_898' title='bbox 2514 2354 2601 2409; x_wconf 85' lang='lat' dir='ltr'><strong>ad</strong></span> <span class='ocrx_word' id='word_1_899' title='bbox 2626 2356 2789 2424; x_wconf 86' lang='lat' dir='ltr'><strong>pedes</strong></span> <span class='ocrx_word' id='word_1_900' title='bbox 2818 2355 3027 2409; x_wconf 91' lang='lat' dir='ltr'><strong>Domini</strong></span> <span class='ocrx_word' id='word_1_901' title='bbox 3054 2355 3107 2409; x_wconf 90' lang='lat' dir='ltr'><strong>in</strong></span> <span class='ocrx_word' id='word_1_902' title='bbox 3134 2354 3335 2411; x_wconf 68' lang='lat' dir='ltr'><strong>mterna</strong></span> <span class='ocrx_word' id='word_1_903' title='bbox 3361 2357 3469 2410; x_wconf 91' lang='lat' dir='ltr'><strong>vita</strong></span> <span class='ocrx_word' id='word_1_904' title='bbox 3491 2372 3616 2412; x_wconf 88' lang='lat' dir='ltr'><strong>cum</strong></span> 
     </span>
    </p>
   </div>
   <div class='ocr_carea' id='block_1_107' title="bbox 2029 2425 3622 2494">
    <p class='ocr_par' dir='ltr' id='par_1_107' title="bbox 2029 2425 3622 2494">
     <span class='ocr_line' id='line_1_110' title="bbox 2029 2425 3622 2494; baseline 0.003 -16"><span class='ocrx_word' id='word_1_905' title='bbox 2029 2439 2217 2482; x_wconf 88' lang='lat' dir='ltr'><strong>sorore</strong></span> <span class='ocrx_word' id='word_1_906' title='bbox 2251 2427 2465 2482; x_wconf 89' lang='lat' dir='ltr'><strong>meruit.</strong></span> <span class='ocrx_word' id='word_1_907' title='bbox 2506 2425 2846 2481; x_wconf 88' lang='lat' dir='ltr'><strong>Festinemus</strong></span> <span class='ocrx_word' id='word_1_908' title='bbox 2869 2439 3000 2494; x_wconf 90' lang='lat' dir='ltr'><strong>ergo</strong></span> <span class='ocrx_word' id='word_1_909' title='bbox 3028 2440 3190 2494; x_wconf 86' lang='lat' dir='ltr'><strong>opera</strong></span> <span class='ocrx_word' id='word_1_910' title='bbox 3222 2427 3435 2494; x_wconf 88' lang='lat' dir='ltr'><strong>pietatis</strong></span> <span class='ocrx_word' id='word_1_911' title='bbox 3463 2442 3622 2482; x_wconf 81' lang='lat' dir='ltr'><strong>exer-</strong></span> 
     </span>
    </p>
   </div>
   <div class='ocr_carea' id='block_1_108' title="bbox 2029 2495 3616 2567">
    <p class='ocr_par' dir='ltr' id='par_1_108' title="bbox 2029 2495 3616 2567">
     <span class='ocr_line' id='line_1_111' title="bbox 2029 2495 3616 2567; baseline 0.003 -19"><span class='ocrx_word' id='word_1_912' title='bbox 2029 2508 2152 2551; x_wconf 83' lang='lat' dir='ltr'><strong>cere</strong></span> <span class='ocrx_word' id='word_1_913' title='bbox 2175 2537 2190 2563; x_wconf 94' lang='lat'><strong>,</strong></span> <span class='ocrx_word' id='word_1_914' title='bbox 2222 2506 2278 2552; x_wconf 90' lang='lat' dir='ltr'><strong>et</strong></span> <span class='ocrx_word' id='word_1_915' title='bbox 2308 2511 2403 2566; x_wconf 90' lang='lat' dir='ltr'><strong>pro</strong></span> <span class='ocrx_word' id='word_1_916' title='bbox 2430 2496 2695 2551; x_wconf 83' lang='lat' dir='ltr'><strong>defunctis</strong></span> <span class='ocrx_word' id='word_1_917' title='bbox 2724 2509 2949 2567; x_wconf 85' lang='lat' dir='ltr'><strong>exorare</strong></span> <span class='ocrx_word' id='word_1_918' title='bbox 2973 2536 2987 2558; x_wconf 90' lang='lat'><strong>,</strong></span> <span class='ocrx_word' id='word_1_919' title='bbox 3028 2505 3089 2567; x_wconf 86' lang='lat' dir='ltr'><strong>u_t</strong></span> <span class='ocrx_word' id='word_1_920' title='bbox 3117 2495 3296 2567; x_wconf 90' lang='lat' dir='ltr'><strong>videre</strong></span> <span class='ocrx_word' id='word_1_921' title='bbox 3327 2497 3616 2567; x_wconf 89' lang='lat' dir='ltr'><strong>possimus,</strong></span> 
     </span>
    </p>
   </div>
   <div class='ocr_carea' id='block_1_109' title="bbox 2030 2565 3620 2636">
    <p class='ocr_par' dir='ltr' id='par_1_109' title="bbox 2030 2565 3620 2636">
     <span class='ocr_line' id='line_1_112' title="bbox 2030 2565 3620 2636; baseline 0.003 -17"><span class='ocrx_word' id='word_1_922' title='bbox 2030 2574 2085 2620; x_wconf 91' lang='lat' dir='ltr'><strong>et</strong></span> <span class='ocrx_word' id='word_1_923' title='bbox 2126 2565 2437 2622; x_wconf 89' lang='lat' dir='ltr'><strong>reverenter</strong></span> <span class='ocrx_word' id='word_1_924' title='bbox 2478 2566 2714 2621; x_wconf 87' lang='lat' dir='ltr'><strong>salutare</strong></span> <span class='ocrx_word' id='word_1_925' title='bbox 2745 2566 3020 2619; x_wconf 89' lang='lat' dir='ltr'><strong>valeamus</strong></span> <span class='ocrx_word' id='word_1_926' title='bbox 3049 2565 3347 2636; x_wconf 85' lang='lat' dir='ltr'><strong>Prophetas</strong></span> <span class='ocrx_word' id='word_1_927' title='bbox 3387 2568 3620 2623; x_wconf 88' lang='lat' dir='ltr'><strong>sanctis-</strong></span> 
     </span>
    </p>
   </div>
   <div class='ocr_carea' id='block_1_110' title="bbox 2030 2636 3618 2720">
    <p class='ocr_par' dir='ltr' id='par_1_110' title="bbox 2030 2636 3618 2720">
     <span class='ocr_line' id='line_1_113' title="bbox 2030 2636 3618 2720; baseline 0.001 -28"><span class='ocrx_word' id='word_1_928' title='bbox 2030 2638 2195 2720; x_wconf 75' lang='lat' dir='ltr'><strong>simos</strong></span> <span class='ocrx_word' id='word_1_929' title='bbox 2222 2647 2276 2693; x_wconf 91' lang='lat' dir='ltr'><strong>et</strong></span> <span class='ocrx_word' id='word_1_930' title='bbox 2296 2636 2631 2720; x_wconf 80' lang='lat' dir='ltr'><strong>Patriarehas</strong></span> <span class='ocrx_word' id='word_1_931' title='bbox 2656 2651 2895 2691; x_wconf 85' lang='lat' dir='ltr'><strong>veraces.</strong></span> <span class='ocrx_word' id='word_1_932' title='bbox 2942 2636 3032 2692; x_wconf 90' lang='lat' dir='ltr'><strong>Isti</strong></span> <span class='ocrx_word' id='word_1_933' title='bbox 3060 2642 3211 2720; x_wconf 68' lang='lat' dir='ltr'><strong>enim</strong></span> <span class='ocrx_word' id='word_1_934' title='bbox 3240 2647 3365 2720; x_wconf 65' lang='lat' dir='ltr'><strong>sunt</strong></span> <span class='ocrx_word' id='word_1_935' title='bbox 3388 2654 3618 2720; x_wconf 79' lang='lat' dir='ltr'><strong>quorum</strong></span> 
     </span>
    </p>
   </div>
   <div class='ocr_carea' id='block_1_111' title="bbox 2030 2708 3617 2778">
    <p class='ocr_par' dir='ltr' id='par_1_111' title="bbox 2030 2708 3617 2778">
     <span class='ocr_line' id='line_1_114' title="bbox 2030 2708 3617 2778; baseline 0.001 -17"><span class='ocrx_word' id='word_1_936' title='bbox 2030 2710 2246 2762; x_wconf 90' lang='lat' dir='ltr'><strong>nomina</strong></span> <span class='ocrx_word' id='word_1_937' title='bbox 2285 2717 2506 2762; x_wconf 90' lang='lat' dir='ltr'><strong>manent</strong></span> <span class='ocrx_word' id='word_1_938' title='bbox 2548 2708 2604 2762; x_wconf 91' lang='lat' dir='ltr'><strong>in</strong></span> <span class='ocrx_word' id='word_1_939' title='bbox 2643 2716 2936 2778; x_wconf 64' lang='lat' dir='ltr'><strong>mternum,</strong></span> <span class='ocrx_word' id='word_1_940' title='bbox 2984 2708 3104 2778; x_wconf 83' lang='lat' dir='ltr'><strong>quia</strong></span> <span class='ocrx_word' id='word_1_941' title='bbox 3134 2708 3244 2762; x_wconf 90' lang='lat' dir='ltr'><strong>Deo</strong></span> <span class='ocrx_word' id='word_1_942' title='bbox 3280 2708 3426 2775; x_wconf 87' lang='lat' dir='ltr'><strong>digni</strong></span> <span class='ocrx_word' id='word_1_943' title='bbox 3468 2719 3617 2778; x_wconf 85' lang='lat' dir='ltr'><strong>sunt,</strong></span> 
     </span>
    </p>
   </div>
   <div class='ocr_carea' id='block_1_112' title="bbox 2030 2777 3616 2847">
    <p class='ocr_par' dir='ltr' id='par_1_112' title="bbox 2030 2777 3616 2847">
     <span class='ocr_line' id='line_1_115' title="bbox 2030 2777 3616 2847; baseline 0.002 -15"><span class='ocrx_word' id='word_1_944' title='bbox 2030 2778 2137 2832; x_wconf 86' lang='lat' dir='ltr'><strong>fide</strong></span> <span class='ocrx_word' id='word_1_945' title='bbox 2169 2778 2432 2847; x_wconf 72' lang='lat' dir='ltr'><strong>praeclari,</strong></span> <span class='ocrx_word' id='word_1_946' title='bbox 2466 2777 2827 2845; x_wconf 89' lang='lat' dir='ltr'><strong>hospitalitate</strong></span> <span class='ocrx_word' id='word_1_947' title='bbox 2848 2777 3125 2846; x_wconf 68' lang='lat' dir='ltr'><strong>praecipui,</strong></span> <span class='ocrx_word' id='word_1_948' title='bbox 3158 2779 3319 2831; x_wconf 90' lang='lat' dir='ltr'><strong>astuti</strong></span> <span class='ocrx_word' id='word_1_949' title='bbox 3347 2778 3400 2833; x_wconf 94' lang='lat' dir='ltr'><strong>in</strong></span> <span class='ocrx_word' id='word_1_950' title='bbox 3427 2794 3616 2847; x_wconf 90' lang='lat' dir='ltr'><strong>sensu,</strong></span> 
     </span>
    </p>
   </div>
   <div class='ocr_carea' id='block_1_113' title="bbox 2030 2847 3618 2920">
    <p class='ocr_par' dir='ltr' id='par_1_113' title="bbox 2030 2847 3618 2920">
     <span class='ocr_line' id='line_1_116' title="bbox 2030 2847 3618 2920; baseline 0.003 -18"><span class='ocrx_word' id='word_1_951' title='bbox 2030 2849 2301 2916; x_wconf 86' lang='lat' dir='ltr'><strong>sapientes</strong></span> <span class='ocrx_word' id='word_1_952' title='bbox 2345 2848 2400 2902; x_wconf 91' lang='lat' dir='ltr'><strong>in</strong></span> <span class='ocrx_word' id='word_1_953' title='bbox 2444 2862 2638 2920; x_wconf 80' lang='lat' dir='ltr'><strong>opere,</strong></span> <span class='ocrx_word' id='word_1_954' title='bbox 2696 2847 2856 2901; x_wconf 88' lang='lat' dir='ltr'><strong>rebus</strong></span> <span class='ocrx_word' id='word_1_955' title='bbox 2903 2847 3250 2903; x_wconf 62' lang='lat' dir='ltr'><strong>saecularibus</strong></span> <span class='ocrx_word' id='word_1_956' title='bbox 3301 2849 3618 2920; x_wconf 87' lang='lat' dir='ltr'><strong>locupletes.</strong></span> 
     </span>
    </p>
   </div>
   <div class='ocr_carea' id='block_1_114' title="bbox 2030 2917 3619 2988">
    <p class='ocr_par' dir='ltr' id='par_1_114' title="bbox 2030 2917 3619 2988">
     <span class='ocr_line' id='line_1_117' title="bbox 2030 2917 3619 2988; baseline 0.002 -15"><span class='ocrx_word' id='word_1_957' title='bbox 2030 2929 2368 2988; x_wconf 87' lang='lat' dir='ltr'><strong>reparatores</strong></span> <span class='ocrx_word' id='word_1_958' title='bbox 2390 2917 2536 2972; x_wconf 89' lang='lat' dir='ltr'><strong>orbis</strong></span> <span class='ocrx_word' id='word_1_959' title='bbox 2561 2928 2823 2972; x_wconf 90' lang='lat' dir='ltr'><strong>terrarum</strong></span> <span class='ocrx_word' id='word_1_960' title='bbox 2846 2928 3007 2988; x_wconf 89' lang='lat' dir='ltr'><strong>atque</strong></span> <span class='ocrx_word' id='word_1_961' title='bbox 3027 2929 3380 2986; x_wconf 91' lang='lat' dir='ltr'><strong>recreatores,</strong></span> <span class='ocrx_word' id='word_1_962' title='bbox 3412 2917 3619 2977; x_wconf 76' lang='lat' dir='ltr'><strong>creduli</strong></span> 
     </span>
    </p>
   </div>
   <div class='ocr_carea' id='block_1_115' title="bbox 2029 2988 3621 3059">
    <p class='ocr_par' dir='ltr' id='par_1_115' title="bbox 2029 2988 3621 3059">
     <span class='ocr_line' id='line_1_118' title="bbox 2029 2988 3621 3059; baseline 0.002 -15"><span class='ocrx_word' id='word_1_963' title='bbox 2029 2988 2091 3059; x_wconf 89' lang='lat' dir='ltr'><strong>in</strong></span> <span class='ocrx_word' id='word_1_964' title='bbox 2112 2989 2614 3058; x_wconf 89' lang='lat' dir='ltr'><strong>repromissionibus</strong></span> <span class='ocrx_word' id='word_1_965' title='bbox 2633 3030 2661 3059; x_wconf 15' lang='grc' dir='ltr'><strong>,ί</strong></span> <span class='ocrx_word' id='word_1_966' title='bbox 2692 2988 3029 3059; x_wconf 17' lang='grc' dir='ltr'><strong>Αηεειοῐιιηιλ</strong></span> <span class='ocrx_word' id='word_1_967' title='bbox 3059 2997 3433 3059; x_wconf 88' lang='lat' dir='ltr'><strong>susceptores,</strong></span> <span class='ocrx_word' id='word_1_968' title='bbox 3480 2990 3621 3047; x_wconf 88' lang='lat' dir='ltr'><strong>facie</strong></span> 
     </span>
    </p>
   </div>
   <div class='ocr_carea' id='block_1_116' title="bbox 2030 3057 3617 3130">
    <p class='ocr_par' dir='ltr' id='par_1_116' title="bbox 2030 3057 3617 3130">
     <span class='ocr_line' id='line_1_119' title="bbox 2030 3057 3617 3130; baseline 0.001 -17"><span class='ocrx_word' id='word_1_969' title='bbox 2030 3058 2099 3114; x_wconf 90' lang='lat' dir='ltr'><strong>ad</strong></span> <span class='ocrx_word' id='word_1_970' title='bbox 2136 3057 2328 3115; x_wconf 84' lang='lat' dir='ltr'><strong>faciem</strong></span> <span class='ocrx_word' id='word_1_971' title='bbox 2370 3060 2535 3113; x_wconf 90' lang='lat' dir='ltr'><strong>Deum</strong></span> <span class='ocrx_word' id='word_1_972' title='bbox 2578 3058 2857 3123; x_wconf 86' lang='lat' dir='ltr'><strong>videntes,</strong></span> <span class='ocrx_word' id='word_1_973' title='bbox 2898 3057 3190 3128; x_wconf 88' lang='lat' dir='ltr'><strong>prudentes</strong></span> <span class='ocrx_word' id='word_1_974' title='bbox 3217 3057 3286 3115; x_wconf 57' lang='lat' dir='ltr'><strong>&#39;et</strong></span> <span class='ocrx_word' id='word_1_975' title='bbox 3322 3059 3617 3130; x_wconf 84' lang='lat' dir='ltr'><strong>victoriosi,</strong></span> 
     </span>
    </p>
   </div>
   <div class='ocr_carea' id='block_1_117' title="bbox 2029 3130 3619 3202">
    <p class='ocr_par' dir='ltr' id='par_1_117' title="bbox 2029 3130 3619 3202">
     <span class='ocr_line' id='line_1_120' title="bbox 2029 3130 3619 3202; baseline 0.003 -19"><span class='ocrx_word' id='word_1_976' title='bbox 2029 3145 2256 3202; x_wconf 89' lang='lat' dir='ltr'><strong>quorum</strong></span> <span class='ocrx_word' id='word_1_977' title='bbox 2299 3130 2511 3202; x_wconf 90' lang='lat' dir='ltr'><strong>imperii</strong></span> <span class='ocrx_word' id='word_1_978' title='bbox 2554 3137 2794 3202; x_wconf 88' lang='lat' dir='ltr'><strong>potestas</strong></span> <span class='ocrx_word' id='word_1_979' title='bbox 2834 3144 2942 3185; x_wconf 90' lang='lat' dir='ltr'><strong>non</strong></span> <span class='ocrx_word' id='word_1_980' title='bbox 2968 3130 3619 3202; x_wconf 25' lang='lat' dir='ltr'><strong>cessavittquoadusque</strong></span> 
     </span>
    </p>
   </div>
   <div class='ocr_carea' id='block_1_118' title="bbox 2029 3201 3624 3274">
    <p class='ocr_par' dir='ltr' id='par_1_118' title="bbox 2029 3201 3624 3274">
     <span class='ocr_line' id='line_1_121' title="bbox 2029 3201 3624 3274; baseline 0.001 -18"><span class='ocrx_word' id='word_1_981' title='bbox 2029 3201 2273 3274; x_wconf 72' lang='lat' dir='ltr'><strong>Christus</strong></span> <span class='ocrx_word' id='word_1_982' title='bbox 2292 3217 2360 3257; x_wconf 80' lang='lat' dir='ltr'><strong>ex</strong></span> <span class='ocrx_word' id='word_1_983' title='bbox 2378 3201 2574 3258; x_wconf 82' lang='lat' dir='ltr'><strong>eorum</strong></span> <span class='ocrx_word' id='word_1_984' title='bbox 2606 3201 2847 3274; x_wconf 87' lang='lat' dir='ltr'><strong>germine</strong></span> <span class='ocrx_word' id='word_1_985' title='bbox 2882 3216 2979 3274; x_wconf 84' lang='lat' dir='ltr'><strong>per</strong></span> <span class='ocrx_word' id='word_1_986' title='bbox 3011 3210 3220 3256; x_wconf 90' lang='lat' dir='ltr'><strong>uterum</strong></span> <span class='ocrx_word' id='word_1_987' title='bbox 3255 3201 3427 3257; x_wconf 83' lang='lat' dir='ltr'><strong>beatae</strong></span> <span class='ocrx_word' id='word_1_988' title='bbox 3447 3201 3624 3274; x_wconf 61' lang='lat' dir='ltr'><strong>Virgia</strong></span> 
     </span>
    </p>
   </div>
   <div class='ocr_carea' id='block_1_119' title="bbox 2028 3272 3612 3343">
    <p class='ocr_par' dir='ltr' id='par_1_119' title="bbox 2028 3272 3612 3343">
     <span class='ocr_line' id='line_1_122' title="bbox 2028 3272 3612 3343; baseline 0 -16"><span class='ocrx_word' id='word_1_989' title='bbox 2028 3272 2131 3338; x_wconf 90' lang='lat' dir='ltr'><strong>nis,</strong></span> <span class='ocrx_word' id='word_1_990' title='bbox 2161 3288 2281 3342; x_wconf 84' lang='lat' dir='ltr'><strong>quae</strong></span> <span class='ocrx_word' id='word_1_991' title='bbox 2310 3280 2395 3328; x_wconf 91' lang='lat' dir='ltr'><strong>est</strong></span> <span class='ocrx_word' id='word_1_992' title='bbox 2420 3287 2544 3343; x_wconf 89' lang='lat' dir='ltr'><strong>spes</strong></span> <span class='ocrx_word' id='word_1_993' title='bbox 2572 3272 2809 3343; x_wconf 83' lang='lat' dir='ltr'><strong>omnium</strong></span> <span class='ocrx_word' id='word_1_994' title='bbox 2834 3272 3092 3343; x_wconf 79' lang='lat' dir='ltr'><strong>gentium,</strong></span> <span class='ocrx_word' id='word_1_995' title='bbox 3121 3283 3278 3327; x_wconf 90' lang='lat' dir='ltr'><strong>natus</strong></span> <span class='ocrx_word' id='word_1_996' title='bbox 3304 3273 3355 3327; x_wconf 91' lang='lat' dir='ltr'><strong>in</strong></span> <span class='ocrx_word' id='word_1_997' title='bbox 3388 3272 3612 3339; x_wconf 83' lang='lat' dir='ltr'><strong>mundo,</strong></span> 
     </span>
    </p>
   </div>
   <div class='ocr_carea' id='block_1_120' title="bbox 2029 3341 3619 3412">
    <p class='ocr_par' dir='ltr' id='par_1_120' title="bbox 2029 3341 3619 3412">
     <span class='ocr_line' id='line_1_123' title="bbox 2029 3341 3619 3412; baseline 0.002 -15"><span class='ocrx_word' id='word_1_998' title='bbox 2029 3341 2362 3399; x_wconf 71' lang='lat' dir='ltr'><strong>coruScando</strong></span> <span class='ocrx_word' id='word_1_999' title='bbox 2384 3341 2671 3398; x_wconf 42' lang='lat' dir='ltr'><strong>in’mundo</strong></span> <span class='ocrx_word' id='word_1_1000' title='bbox 2694 3344 2957 3412; x_wconf 89' lang='lat' dir='ltr'><strong>apparuit.</strong></span> <span class='ocrx_word' id='word_1_1001' title='bbox 3006 3342 3094 3396; x_wconf 90' lang='lat' dir='ltr'><strong>lsti</strong></span> <span class='ocrx_word' id='word_1_1002' title='bbox 3125 3344 3268 3398; x_wconf 92' lang='lat' dir='ltr'><strong>enim</strong></span> <span class='ocrx_word' id='word_1_1003' title='bbox 3294 3351 3419 3398; x_wconf 89' lang='lat' dir='ltr'><strong>sunt</strong></span> <span class='ocrx_word' id='word_1_1004' title='bbox 3443 3346 3619 3400; x_wconf 90' lang='lat' dir='ltr'><strong>sancti</strong></span> 
     </span>
    </p>
   </div>
   <div class='ocr_carea' id='block_1_121' title="bbox 2028 3413 3620 3485">
    <p class='ocr_par' dir='ltr' id='par_1_121' title="bbox 2028 3413 3620 3485">
     <span class='ocr_line' id='line_1_124' title="bbox 2028 3413 3620 3485; baseline 0.003 -18"><span class='ocrx_word' id='word_1_1005' title='bbox 2028 3413 2164 3479; x_wconf 90' lang='lat' dir='ltr'><strong>viri,</strong></span> <span class='ocrx_word' id='word_1_1006' title='bbox 2204 3429 2326 3469; x_wconf 92' lang='lat' dir='ltr'><strong>cum</strong></span> <span class='ocrx_word' id='word_1_1007' title='bbox 2359 3414 2554 3485; x_wconf 90' lang='lat' dir='ltr'><strong>quibus</strong></span> <span class='ocrx_word' id='word_1_1008' title='bbox 2598 3413 2808 3483; x_wconf 86' lang='lat' dir='ltr'><strong>locutus</strong></span> <span class='ocrx_word' id='word_1_1009' title='bbox 2843 3422 2927 3468; x_wconf 90' lang='lat' dir='ltr'><strong>est</strong></span> <span class='ocrx_word' id='word_1_1010' title='bbox 2958 3413 3096 3468; x_wconf 92' lang='lat' dir='ltr'><strong>Deus</strong></span> <span class='ocrx_word' id='word_1_1011' title='bbox 3120 3454 3136 3480; x_wconf 95' lang='lat'><strong>,</strong></span> <span class='ocrx_word' id='word_1_1012' title='bbox 3183 3423 3238 3469; x_wconf 92' lang='lat' dir='ltr'><strong>et</strong></span> <span class='ocrx_word' id='word_1_1013' title='bbox 3277 3414 3510 3485; x_wconf 87' lang='lat' dir='ltr'><strong>ostendit</strong></span> <span class='ocrx_word' id='word_1_1014' title='bbox 3537 3417 3620 3471; x_wconf 88' lang='lat' dir='ltr'><strong>eis</strong></span> 
     </span>
    </p>
   </div>
   <div class='ocr_carea' id='block_1_122' title="bbox 2029 3484 3619 3555">
    <p class='ocr_par' dir='ltr' id='par_1_122' title="bbox 2029 3484 3619 3555">
     <span class='ocr_line' id='line_1_125' title="bbox 2029 3484 3619 3555; baseline 0.002 -16"><span class='ocrx_word' id='word_1_1015' title='bbox 2029 3492 2238 3555; x_wconf 86' lang='lat' dir='ltr'><strong>secreta</strong></span> <span class='ocrx_word' id='word_1_1016' title='bbox 2268 3484 2400 3550; x_wconf 83' lang='lat' dir='ltr'><strong>sua;</strong></span> <span class='ocrx_word' id='word_1_1017' title='bbox 2428 3493 2487 3540; x_wconf 92' lang='lat' dir='ltr'><strong>ut</strong></span> <span class='ocrx_word' id='word_1_1018' title='bbox 2509 3499 2571 3539; x_wconf 90' lang='lat' dir='ltr'><strong>ea</strong></span> <span class='ocrx_word' id='word_1_1019' title='bbox 2594 3488 2721 3554; x_wconf 69' lang='lat' dir='ltr'><strong>quae</strong></span> <span class='ocrx_word' id='word_1_1020' title='bbox 2738 3493 2964 3540; x_wconf 86' lang='lat' dir='ltr'><strong>ventura</strong></span> <span class='ocrx_word' id='word_1_1021' title='bbox 2990 3494 3142 3538; x_wconf 83' lang='lat' dir='ltr'><strong>erant</strong></span> <span class='ocrx_word' id='word_1_1022' title='bbox 3160 3484 3313 3555; x_wconf 83' lang='lat' dir='ltr'><strong>quasi</strong></span> <span class='ocrx_word' id='word_1_1023' title='bbox 3331 3487 3619 3554; x_wconf 63' lang='lat' dir='ltr'><strong>praesentia</strong></span> 
     </span>
    </p>
   </div>
   <div class='ocr_carea' id='block_1_123' title="bbox 2028 3553 3620 3624">
    <p class='ocr_par' dir='ltr' id='par_1_123' title="bbox 2028 3553 3620 3624">
     <span class='ocr_line' id='line_1_126' title="bbox 2028 3553 3620 3624; baseline 0.001 -14"><span class='ocrx_word' id='word_1_1024' title='bbox 2028 3553 2230 3624; x_wconf 88' lang='lat' dir='ltr'><strong>Spiritu</strong></span> <span class='ocrx_word' id='word_1_1025' title='bbox 2283 3565 2469 3611; x_wconf 90' lang='lat' dir='ltr'><strong>sancto</strong></span> <span class='ocrx_word' id='word_1_1026' title='bbox 2516 3553 2803 3611; x_wconf 86' lang='lat' dir='ltr'><strong>illuminati</strong></span> <span class='ocrx_word' id='word_1_1027' title='bbox 2849 3553 3221 3623; x_wconf 71' lang='lat' dir='ltr'><strong>agnoscerent.</strong></span> <span class='ocrx_word' id='word_1_1028' title='bbox 3278 3553 3620 3612; x_wconf 81' lang='lat' dir='ltr'><strong>Festinemus</strong></span> 
     </span>
    </p>
   </div>
   <div class='ocr_carea' id='block_1_124' title="bbox 2028 3625 3623 3693">
    <p class='ocr_par' dir='ltr' id='par_1_124' title="bbox 2028 3625 3623 3693">
     <span class='ocr_line' id='line_1_127' title="bbox 2028 3625 3623 3693; baseline 0.003 -14"><span class='ocrx_word' id='word_1_1029' title='bbox 2028 3640 2156 3693; x_wconf 87' lang='lat' dir='ltr'><strong>ergo</strong></span> <span class='ocrx_word' id='word_1_1030' title='bbox 2176 3668 2191 3693; x_wconf 92' lang='lat'><strong>,</strong></span> <span class='ocrx_word' id='word_1_1031' title='bbox 2234 3625 2425 3682; x_wconf 87' lang='lat' dir='ltr'><strong>fratres</strong></span> <span class='ocrx_word' id='word_1_1032' title='bbox 2449 3666 2468 3693; x_wconf 92' lang='lat'><strong>,</strong></span> <span class='ocrx_word' id='word_1_1033' title='bbox 2506 3626 2766 3681; x_wconf 60' lang='lat' dir='ltr'><strong>saeculum</strong></span> <span class='ocrx_word' id='word_1_1034' title='bbox 2793 3626 2981 3692; x_wconf 83' lang='lat' dir='ltr'><strong>exire,</strong></span> <span class='ocrx_word' id='word_1_1035' title='bbox 3025 3635 3081 3681; x_wconf 93' lang='lat' dir='ltr'><strong>ut</strong></span> <span class='ocrx_word' id='word_1_1036' title='bbox 3113 3628 3274 3682; x_wconf 90' lang='lat' dir='ltr'><strong>etiam</strong></span> <span class='ocrx_word' id='word_1_1037' title='bbox 3304 3627 3540 3682; x_wconf 90' lang='lat' dir='ltr'><strong>salutare</strong></span> <span class='ocrx_word' id='word_1_1038' title='bbox 3564 3637 3623 3684; x_wconf 87' lang='lat' dir='ltr'><strong>et</strong></span> 
     </span>
    </p>
   </div>
   <div class='ocr_carea' id='block_1_125' title="bbox 2028 3697 3621 3777">
    <p class='ocr_par' dir='ltr' id='par_1_125' title="bbox 2028 3697 3621 3777">
     <span class='ocr_line' id='line_1_128' title="bbox 2028 3697 3621 3777; baseline 0.004 -29"><span class='ocrx_word' id='word_1_1039' title='bbox 2028 3697 2210 3777; x_wconf 73' lang='lat' dir='ltr'><strong>videre</strong></span> <span class='ocrx_word' id='word_1_1040' title='bbox 2254 3697 2531 3777; x_wconf 78' lang='lat' dir='ltr'><strong>valeamus</strong></span> <span class='ocrx_word' id='word_1_1041' title='bbox 2561 3706 2791 3777; x_wconf 83' lang='lat' dir='ltr'><strong>_sanctos</strong></span> <span class='ocrx_word' id='word_1_1042' title='bbox 2834 3697 3159 3777; x_wconf 59' lang='lat' dir='ltr'><strong>Apostolus,</strong></span> <span class='ocrx_word' id='word_1_1043' title='bbox 3204 3711 3432 3777; x_wconf 80' lang='lat' dir='ltr'><strong>quorum</strong></span> <span class='ocrx_word' id='word_1_1044' title='bbox 3477 3698 3621 3754; x_wconf 91' lang='lat' dir='ltr'><strong>oculi</strong></span> 
     </span>
    </p>
   </div>
   <div class='ocr_carea' id='block_1_126' title="bbox 2028 3766 3615 3836">
    <p class='ocr_par' dir='ltr' id='par_1_126' title="bbox 2028 3766 3615 3836">
     <span class='ocr_line' id='line_1_129' title="bbox 2028 3766 3615 3836; baseline 0.003 -17"><span class='ocrx_word' id='word_1_1045' title='bbox 2028 3766 2204 3833; x_wconf 86' lang='lat' dir='ltr'><strong>beati,</strong></span> <span class='ocrx_word' id='word_1_1046' title='bbox 2248 3768 2336 3836; x_wconf 92' lang='lat' dir='ltr'><strong>qui</strong></span> <span class='ocrx_word' id='word_1_1047' title='bbox 2364 3768 2530 3821; x_wconf 91' lang='lat' dir='ltr'><strong>Deum</strong></span> <span class='ocrx_word' id='word_1_1048' title='bbox 2560 3767 2612 3821; x_wconf 91' lang='lat' dir='ltr'><strong>in</strong></span> <span class='ocrx_word' id='word_1_1049' title='bbox 2639 3783 2801 3823; x_wconf 88' lang='lat' dir='ltr'><strong>carne</strong></span> <span class='ocrx_word' id='word_1_1050' title='bbox 2835 3769 3102 3822; x_wconf 90' lang='lat' dir='ltr'><strong>viventem</strong></span> <span class='ocrx_word' id='word_1_1051' title='bbox 3134 3768 3156 3799; x_wconf 81' lang='grc'>³</span> <span class='ocrx_word' id='word_1_1052' title='bbox 3188 3766 3370 3823; x_wconf 88' lang='lat' dir='ltr'><strong>videre</strong></span> <span class='ocrx_word' id='word_1_1053' title='bbox 3398 3782 3615 3823; x_wconf 82' lang='lat' dir='ltr'><strong>merue-</strong></span> 
     </span>
    </p>
   </div>
   <div class='ocr_carea' id='block_1_127' title="bbox 2027 3837 3617 3907">
    <p class='ocr_par' dir='ltr' id='par_1_127' title="bbox 2027 3837 3617 3907">
     <span class='ocr_line' id='line_1_130' title="bbox 2027 3837 3617 3907; baseline 0.002 -15"><span class='ocrx_word' id='word_1_1054' title='bbox 2027 3847 2190 3901; x_wconf 89' lang='lat' dir='ltr'><strong>runt,</strong></span> <span class='ocrx_word' id='word_1_1055' title='bbox 2238 3852 2464 3906; x_wconf 90' lang='lat' dir='ltr'><strong>quorum</strong></span> <span class='ocrx_word' id='word_1_1056' title='bbox 2493 3837 2694 3892; x_wconf 85' lang='lat' dir='ltr'><strong>fructus</strong></span> <span class='ocrx_word' id='word_1_1057' title='bbox 2720 3838 2775 3892; x_wconf 92' lang='lat' dir='ltr'><strong>in</strong></span> <span class='ocrx_word' id='word_1_1058' title='bbox 2822 3839 2989 3907; x_wconf 89' lang='lat' dir='ltr'><strong>patria</strong></span> <span class='ocrx_word' id='word_1_1059' title='bbox 3032 3838 3087 3892; x_wconf 92' lang='lat' dir='ltr'><strong>in</strong></span> <span class='ocrx_word' id='word_1_1060' title='bbox 3113 3846 3373 3893; x_wconf 62' lang='lat' dir='ltr'><strong>aeternum</strong></span> <span class='ocrx_word' id='word_1_1061' title='bbox 3414 3849 3617 3895; x_wconf 90' lang='lat' dir='ltr'><strong>manet.</strong></span> 
     </span>
    </p>
   </div>
   <div class='ocr_carea' id='block_1_128' title="bbox 2027 3907 3623 3978">
    <p class='ocr_par' dir='ltr' id='par_1_128' title="bbox 2027 3907 3623 3978">
     <span class='ocr_line' id='line_1_131' title="bbox 2027 3907 3623 3978; baseline 0.002 -15"><span class='ocrx_word' id='word_1_1062' title='bbox 2027 3907 2362 3963; x_wconf 85' lang='lat' dir='ltr'><strong>Festinenms</strong></span> <span class='ocrx_word' id='word_1_1063' title='bbox 2383 3909 2564 3974; x_wconf 87' lang='lat' dir='ltr'><strong>etiam,</strong></span> <span class='ocrx_word' id='word_1_1064' title='bbox 2595 3909 2789 3963; x_wconf 89' lang='lat' dir='ltr'><strong>fratres</strong></span> <span class='ocrx_word' id='word_1_1065' title='bbox 2815 3910 2941 3975; x_wconf 90' lang='lat' dir='ltr'><strong>mei,</strong></span> <span class='ocrx_word' id='word_1_1066' title='bbox 2970 3908 3174 3978; x_wconf 87' lang='lat' dir='ltr'><strong>ingredi</strong></span> <span class='ocrx_word' id='word_1_1067' title='bbox 3201 3918 3383 3964; x_wconf 85' lang='lat' dir='ltr'><strong>sancta</strong></span> <span class='ocrx_word' id='word_1_1068' title='bbox 3413 3923 3623 3966; x_wconf 84' lang='lat' dir='ltr'><strong>saneto-</strong></span> 
     </span>
    </p>
   </div>
   <div class='ocr_carea' id='block_1_129' title="bbox 2026 3979 3617 4053">
    <p class='ocr_par' dir='ltr' id='par_1_129' title="bbox 2026 3979 3617 4053">
     <span class='ocr_line' id='line_1_132' title="bbox 2026 3979 3617 4053; baseline 0.001 -19"><span class='ocrx_word' id='word_1_1069' title='bbox 2026 3995 2174 4053; x_wconf 85' lang='lat' dir='ltr'><strong>rum,</strong></span> <span class='ocrx_word' id='word_1_1070' title='bbox 2199 3988 2255 4033; x_wconf 93' lang='lat' dir='ltr'><strong>ut</strong></span> <span class='ocrx_word' id='word_1_1071' title='bbox 2279 3979 2437 4053; x_wconf 84' lang='lat' dir='ltr'><strong>etiam</strong></span> <span class='ocrx_word' id='word_1_1072' title='bbox 2465 3980 2733 4032; x_wconf 89' lang='lat' dir='ltr'><strong>valeamus</strong></span> <span class='ocrx_word' id='word_1_1073' title='bbox 2761 3979 2943 4053; x_wconf 80' lang='lat' dir='ltr'><strong>videre</strong></span> <span class='ocrx_word' id='word_1_1074' title='bbox 2968 3988 3181 4053; x_wconf 82' lang='lat' dir='ltr'><strong>sanctos</strong></span> <span class='ocrx_word' id='word_1_1075' title='bbox 3211 3979 3304 4034; x_wconf 90' lang='lat' dir='ltr'><strong>Dei</strong></span> <span class='ocrx_word' id='word_1_1076' title='bbox 3330 3988 3617 4053; x_wconf 85' lang='lat' dir='ltr'><strong>martyres,</strong></span> 
     </span>
    </p>
   </div>
   <div class='ocr_carea' id='block_1_130' title="bbox 2026 4050 3625 4122">
    <p class='ocr_par' dir='ltr' id='par_1_130' title="bbox 2026 4050 3625 4122">
     <span class='ocr_line' id='line_1_133' title="bbox 2026 4050 3625 4122; baseline 0.002 -17"><span class='ocrx_word' id='word_1_1077' title='bbox 2026 4051 2116 4122; x_wconf 91' lang='lat' dir='ltr'><strong>qui</strong></span> <span class='ocrx_word' id='word_1_1078' title='bbox 2162 4066 2379 4107; x_wconf 89' lang='lat' dir='ltr'><strong>carnem</strong></span> <span class='ocrx_word' id='word_1_1079' title='bbox 2407 4050 2727 4104; x_wconf 90' lang='lat' dir='ltr'><strong>domuerunt</strong></span> <span class='ocrx_word' id='word_1_1080' title='bbox 2748 4091 2765 4122; x_wconf 16' lang='grc' dir='ltr'><strong>,ν</strong></span> <span class='ocrx_word' id='word_1_1081' title='bbox 2790 4050 3034 4122; x_wconf 88' lang='lat' dir='ltr'><strong>spiritum</strong></span> <span class='ocrx_word' id='word_1_1082' title='bbox 3060 4050 3484 4118; x_wconf 75' lang='lat' dir='ltr'><strong>roboraverunt,</strong></span> <span class='ocrx_word' id='word_1_1083' title='bbox 3510 4053 3625 4108; x_wconf 66' lang='lat' dir='ltr'><strong>dan-</strong></span> 
     </span>
    </p>
   </div>
   <div class='ocr_carea' id='block_1_131' title="bbox 2025 4121 3619 4193">
    <p class='ocr_par' dir='ltr' id='par_1_131' title="bbox 2025 4121 3619 4193">
     <span class='ocr_line' id='line_1_134' title="bbox 2025 4121 3619 4193; baseline 0.003 -18"><span class='ocrx_word' id='word_1_1084' title='bbox 2025 4121 2273 4178; x_wconf 90' lang='lat' dir='ltr'><strong>monibus</strong></span> <span class='ocrx_word' id='word_1_1085' title='bbox 2288 4123 2702 4191; x_wconf 87' lang='lat' dir='ltr'><strong>imperaverunt,</strong></span> <span class='ocrx_word' id='word_1_1086' title='bbox 2719 4121 3002 4193; x_wconf 76' lang='lat' dir='ltr'><strong>virtutibus</strong></span> <span class='ocrx_word' id='word_1_1087' title='bbox 3022 4132 3460 4193; x_wconf 84' lang='lat' dir='ltr'><strong>coruscaverunt,</strong></span> <span class='ocrx_word' id='word_1_1088' title='bbox 3476 4138 3619 4193; x_wconf 76' lang='lat' dir='ltr'><strong>prac-</strong></span> 
     </span>
    </p>
   </div>
   <div class='ocr_carea' id='block_1_132' title="bbox 2024 4191 3623 4264">
    <p class='ocr_par' dir='ltr' id='par_1_132' title="bbox 2024 4191 3623 4264">
     <span class='ocr_line' id='line_1_135' title="bbox 2024 4191 3623 4264; baseline 0.001 -17"><span class='ocrx_word' id='word_1_1089' title='bbox 2024 4194 2195 4248; x_wconf 86' lang='lat' dir='ltr'><strong>sentia</strong></span> <span class='ocrx_word' id='word_1_1090' title='bbox 2235 4193 2631 4264; x_wconf 81' lang='lat' dir='ltr'><strong>despexerunt,</strong></span> <span class='ocrx_word' id='word_1_1091' title='bbox 2676 4191 2918 4264; x_wconf 83' lang='lat' dir='ltr'><strong>et__illam</strong></span> <span class='ocrx_word' id='word_1_1092' title='bbox 2966 4193 3191 4264; x_wconf 84' lang='lat' dir='ltr'><strong>patriam</strong></span> <span class='ocrx_word' id='word_1_1093' title='bbox 3230 4192 3296 4247; x_wconf 91' lang='lat' dir='ltr'><strong>de</strong></span> <span class='ocrx_word' id='word_1_1094' title='bbox 3337 4208 3441 4263; x_wconf 88' lang='lat' dir='ltr'><strong>qua</strong></span> <span class='ocrx_word' id='word_1_1095' title='bbox 3478 4191 3623 4249; x_wconf 81' lang='lat' dir='ltr'><strong>nunc</strong></span> 
     </span>
    </p>
   </div>
   <div class='ocr_carea' id='block_1_133' title="bbox 2024 4261 3621 4334">
    <p class='ocr_par' dir='ltr' id='par_1_133' title="bbox 2024 4261 3621 4334">
     <span class='ocr_line' id='line_1_136' title="bbox 2024 4261 3621 4334; baseline 0.001 -17"><span class='ocrx_word' id='word_1_1096' title='bbox 2024 4264 2292 4334; x_wconf 88' lang='lat' dir='ltr'><strong>loquimur</strong></span> <span class='ocrx_word' id='word_1_1097' title='bbox 2315 4261 2352 4331; x_wconf 65' lang='grc'><strong>,“</strong></span> <span class='ocrx_word' id='word_1_1098' title='bbox 2374 4278 2506 4334; x_wconf 84' lang='lat' dir='ltr'><strong>voce</strong></span> <span class='ocrx_word' id='word_1_1099' title='bbox 2534 4272 2590 4317; x_wconf 91' lang='lat' dir='ltr'><strong>et</strong></span> <span class='ocrx_word' id='word_1_1100' title='bbox 2615 4262 2855 4334; x_wconf 84' lang='lat' dir='ltr'><strong>moribus</strong></span> <span class='ocrx_word' id='word_1_1101' title='bbox 2899 4261 3621 4333; x_wconf 52' lang='lat' dir='ltr'><strong>przedicaverunt.&#39;chtine-</strong></span> 
     </span>
    </p>
   </div>
   <div class='ocr_carea' id='block_1_134' title="bbox 2024 4332 3619 4402">
    <p class='ocr_par' dir='ltr' id='par_1_134' title="bbox 2024 4332 3619 4402">
     <span class='ocr_line' id='line_1_137' title="bbox 2024 4332 3619 4402; baseline 0 -13"><span class='ocrx_word' id='word_1_1102' title='bbox 2024 4332 2143 4390; x_wconf 77' lang='lat' dir='ltr'><strong>nnis</strong></span> <span class='ocrx_word' id='word_1_1103' title='bbox 2172 4336 2331 4390; x_wconf 89' lang='lat' dir='ltr'><strong>etiam</strong></span> <span class='ocrx_word' id='word_1_1104' title='bbox 2357 4376 2373 4401; x_wconf 90' lang='lat'><strong>,</strong></span> <span class='ocrx_word' id='word_1_1105' title='bbox 2405 4332 2613 4399; x_wconf 89' lang='lat' dir='ltr'><strong>fratres,</strong></span> <span class='ocrx_word' id='word_1_1106' title='bbox 2648 4333 2853 4402; x_wconf 89' lang='lat' dir='ltr'><strong>ingredi</strong></span> <span class='ocrx_word' id='word_1_1107' title='bbox 2878 4332 3060 4387; x_wconf 81' lang='lat' dir='ltr'><strong>sancta</strong></span> <span class='ocrx_word' id='word_1_1108' title='bbox 3088 4342 3415 4400; x_wconf 87' lang='lat' dir='ltr'><strong>sanctorum,</strong></span> <span class='ocrx_word' id='word_1_1109' title='bbox 3447 4344 3507 4387; x_wconf 93' lang='lat' dir='ltr'><strong>ut</strong></span> <span class='ocrx_word' id='word_1_1110' title='bbox 3533 4336 3619 4389; x_wconf 90' lang='lat' dir='ltr'><strong>vi-</strong></span> 
     </span>
    </p>
   </div>
   <div class='ocr_carea' id='block_1_135' title="bbox 2023 4402 3620 4473">
    <p class='ocr_par' dir='ltr' id='par_1_135' title="bbox 2023 4402 3620 4473">
     <span class='ocr_line' id='line_1_138' title="bbox 2023 4402 3620 4473; baseline 0.001 -14"><span class='ocrx_word' id='word_1_1111' title='bbox 2023 4405 2152 4459; x_wconf 87' lang='lat' dir='ltr'><strong>dere</strong></span> <span class='ocrx_word' id='word_1_1112' title='bbox 2204 4406 2475 4459; x_wconf 89' lang='lat' dir='ltr'><strong>valeamus</strong></span> <span class='ocrx_word' id='word_1_1113' title='bbox 2531 4412 2744 4457; x_wconf 89' lang='lat' dir='ltr'><strong>sanctos</strong></span> <span class='ocrx_word' id='word_1_1114' title='bbox 2782 4402 2885 4473; x_wconf 88' lang='lat' dir='ltr'><strong>Dei</strong></span> <span class='ocrx_word' id='word_1_1115' title='bbox 2935 4403 3304 4470; x_wconf 89' lang='lat' dir='ltr'><strong>confessores,</strong></span> <span class='ocrx_word' id='word_1_1116' title='bbox 3357 4405 3447 4473; x_wconf 89' lang='lat' dir='ltr'><strong>qui</strong></span> <span class='ocrx_word' id='word_1_1117' title='bbox 3496 4404 3620 4461; x_wconf 83' lang='lat' dir='ltr'><strong>licet</strong></span> 
     </span>
    </p>
   </div>
   <div class='ocr_carea' id='block_1_136' title="bbox 2024 4472 3617 4544">
    <p class='ocr_par' dir='ltr' id='par_1_136' title="bbox 2024 4472 3617 4544">
     <span class='ocr_line' id='line_1_139' title="bbox 2024 4472 3617 4544; baseline 0.001 -15"><span class='ocrx_word' id='word_1_1118' title='bbox 2024 4486 2426 4544; x_wconf 87' lang='lat' dir='ltr'><strong>persecutorum</strong></span> <span class='ocrx_word' id='word_1_1119' title='bbox 2457 4472 2856 4544; x_wconf 8' lang='lat' dir='ltr'><strong>nonjsenserint</strong></span> <span class='ocrx_word' id='word_1_1120' title='bbox 2882 4473 3135 4543; x_wconf 88' lang='lat' dir='ltr'><strong>gladium,</strong></span> <span class='ocrx_word' id='word_1_1121' title='bbox 3165 4484 3341 4528; x_wconf 90' lang='lat' dir='ltr'><strong>tamen</strong></span> <span class='ocrx_word' id='word_1_1122' title='bbox 3373 4472 3469 4544; x_wconf 87' lang='lat' dir='ltr'><strong>per</strong></span> <span class='ocrx_word' id='word_1_1123' title='bbox 3492 4477 3617 4531; x_wconf 71' lang='lat' dir='ltr'><strong>vita:</strong></span> 
     </span>
    </p>
   </div>
   <div class='ocr_carea' id='block_1_137' title="bbox 2023 4542 3617 4615">
    <p class='ocr_par' dir='ltr' id='par_1_137' title="bbox 2023 4542 3617 4615">
     <span class='ocr_line' id='line_1_140' title="bbox 2023 4542 3617 4615; baseline 0.001 -16"><span class='ocrx_word' id='word_1_1124' title='bbox 2023 4542 2272 4599; x_wconf 79' lang='lat' dir='ltr'><strong>meritum</strong></span> <span class='ocrx_word' id='word_1_1125' title='bbox 2304 4545 2413 4615; x_wconf 80' lang='lat' dir='ltr'><strong>Deo</strong></span> <span class='ocrx_word' id='word_1_1126' title='bbox 2442 4542 2585 4613; x_wconf 89' lang='lat' dir='ltr'><strong>digni</strong></span> <span class='ocrx_word' id='word_1_1127' title='bbox 2626 4543 2846 4612; x_wconf 81' lang='lat' dir='ltr'><strong>praemio</strong></span> <span class='ocrx_word' id='word_1_1128' title='bbox 2890 4542 3129 4615; x_wconf 79' lang='lat' dir='ltr'><strong>martyrii</strong></span> <span class='ocrx_word' id='word_1_1129' title='bbox 3165 4560 3269 4598; x_wconf 91' lang='lat' dir='ltr'><strong>non</strong></span> <span class='ocrx_word' id='word_1_1130' title='bbox 3300 4542 3574 4615; x_wconf 78' lang='lat' dir='ltr'><strong>privamur</strong></span> <span class='ocrx_word' id='word_1_1131' title='bbox 3601 4563 3617 4601; x_wconf 88' lang='lat'><strong>:</strong></span> 
     </span>
    </p>
   </div>
   <div class='ocr_carea' id='block_1_138' title="bbox 2023 4612 3617 4685">
    <p class='ocr_par' dir='ltr' id='par_1_138' title="bbox 2023 4612 3617 4685">
     <span class='ocr_line' id='line_1_141' title="bbox 2023 4612 3617 4685; baseline 0.001 -16"><span class='ocrx_word' id='word_1_1132' title='bbox 2023 4615 2147 4685; x_wconf 86' lang='lat' dir='ltr'><strong>quia</strong></span> <span class='ocrx_word' id='word_1_1133' title='bbox 2176 4612 2489 4685; x_wconf 85' lang='lat' dir='ltr'><strong>martyrium</strong></span> <span class='ocrx_word' id='word_1_1134' title='bbox 2508 4612 2623 4667; x_wconf 86' lang='lat' dir='ltr'><strong>non</strong></span> <span class='ocrx_word' id='word_1_1135' title='bbox 2656 4622 2858 4667; x_wconf 89' lang='lat' dir='ltr'><strong>tantum</strong></span> <span class='ocrx_word' id='word_1_1136' title='bbox 2895 4612 3156 4670; x_wconf 71' lang='lat' dir='ltr'><strong>effusione</strong></span> <span class='ocrx_word' id='word_1_1137' title='bbox 3182 4613 3453 4683; x_wconf 89' lang='lat' dir='ltr'><strong>sanguinis</strong></span> <span class='ocrx_word' id='word_1_1138' title='bbox 3476 4615 3617 4685; x_wconf 80' lang='lat' dir='ltr'><strong>,sed</strong></span> 
     </span>
    </p>
   </div>
   <div class='ocr_carea' id='block_1_139' title="bbox 2022 4684 3620 4755">
    <p class='ocr_par' dir='ltr' id='par_1_139' title="bbox 2022 4684 3620 4755">
     <span class='ocr_line' id='line_1_142' title="bbox 2022 4684 3620 4755; baseline 0.001 -16"><span class='ocrx_word' id='word_1_1139' title='bbox 2022 4686 2182 4739; x_wconf 88' lang='lat' dir='ltr'><strong>etiam</strong></span> <span class='ocrx_word' id='word_1_1140' title='bbox 2226 4684 2543 4739; x_wconf 89' lang='lat' dir='ltr'><strong>abstinentia</strong></span> <span class='ocrx_word' id='word_1_1141' title='bbox 2588 4694 2924 4755; x_wconf 87' lang='lat' dir='ltr'><strong>peccatorum</strong></span> <span class='ocrx_word' id='word_1_1142' title='bbox 2973 4694 3027 4739; x_wconf 91' lang='lat' dir='ltr'><strong>et</strong></span> <span class='ocrx_word' id='word_1_1143' title='bbox 3068 4684 3452 4755; x_wconf 64' lang='lat' dir='ltr'><strong>exercitatione</strong></span> <span class='ocrx_word' id='word_1_1144' title='bbox 3476 4684 3620 4740; x_wconf 82' lang='lat' dir='ltr'><strong>divi-</strong></span> 
     </span>
    </p>
   </div>
   <div class='ocr_carea' id='block_1_140' title="bbox 2024 4753 3618 4826">
    <p class='ocr_par' dir='ltr' id='par_1_140' title="bbox 2024 4753 3618 4826">
     <span class='ocr_line' id='line_1_143' title="bbox 2024 4753 3618 4826; baseline 0.002 -17"><span class='ocrx_word' id='word_1_1145' title='bbox 2024 4771 2214 4809; x_wconf 88' lang='lat' dir='ltr'><strong>norum</strong></span> <span class='ocrx_word' id='word_1_1146' title='bbox 2270 4753 2658 4824; x_wconf 63' lang='lat' dir='ltr'><strong>praeceptorum</strong></span> <span class='ocrx_word' id='word_1_1147' title='bbox 2715 4753 3407 4826; x_wconf 75' lang='lat' dir='ltr'><strong>perficitur._Festinemus</strong></span> <span class='ocrx_word' id='word_1_1148' title='bbox 3455 4755 3618 4826; x_wconf 87' lang='lat' dir='ltr'><strong>igitur</strong></span> 
     </span>
    </p>
   </div>
   <div class='ocr_carea' id='block_1_141' title="bbox 2024 4824 3622 4889">
    <p class='ocr_par' dir='ltr' id='par_1_141' title="bbox 2024 4824 3622 4889">
     <span class='ocr_line' id='line_1_144' title="bbox 2024 4824 3622 4889; baseline 0.003 -9"><span class='ocrx_word' id='word_1_1149' title='bbox 2024 4827 2229 4889; x_wconf 81' lang='lat' dir='ltr'><strong>ingredi</strong></span> <span class='ocrx_word' id='word_1_1150' title='bbox 2277 4835 2458 4881; x_wconf 89' lang='lat' dir='ltr'><strong>sancta</strong></span> <span class='ocrx_word' id='word_1_1151' title='bbox 2501 4824 2844 4889; x_wconf 87' lang='lat' dir='ltr'><strong>sanctorum,</strong></span> <span class='ocrx_word' id='word_1_1152' title='bbox 2891 4834 2948 4878; x_wconf 91' lang='lat' dir='ltr'><strong>ut</strong></span> <span class='ocrx_word' id='word_1_1153' title='bbox 2996 4824 3176 4879; x_wconf 88' lang='lat' dir='ltr'><strong>videre</strong></span> <span class='ocrx_word' id='word_1_1154' title='bbox 3220 4824 3523 4881; x_wconf 82' lang='lat' dir='ltr'><strong>mereamur</strong></span> <span class='ocrx_word' id='word_1_1155' title='bbox 3564 4837 3622 4884; x_wconf 80' lang='lat' dir='ltr'><strong>et</strong></span> 
     </span>
    </p>
   </div>
   <div class='ocr_carea' id='block_1_142' title="bbox 2022 4893 3618 4964">
    <p class='ocr_par' dir='ltr' id='par_1_142' title="bbox 2022 4893 3618 4964">
     <span class='ocr_line' id='line_1_145' title="bbox 2022 4893 3618 4964; baseline 0.001 -13"><span class='ocrx_word' id='word_1_1156' title='bbox 2022 4893 2255 4953; x_wconf 82' lang='lat' dir='ltr'><strong>salutare</strong></span> <span class='ocrx_word' id='word_1_1157' title='bbox 2307 4908 2615 4952; x_wconf 89' lang='lat' dir='ltr'><strong>reverenter</strong></span> <span class='ocrx_word' id='word_1_1158' title='bbox 2665 4906 2901 4952; x_wconf 90' lang='lat' dir='ltr'><strong>sanctam</strong></span> <span class='ocrx_word' id='word_1_1159' title='bbox 2947 4893 3045 4949; x_wconf 89' lang='lat' dir='ltr'><strong>Dei</strong></span> <span class='ocrx_word' id='word_1_1160' title='bbox 3097 4894 3408 4964; x_wconf 87' lang='lat' dir='ltr'><strong>genitricem</strong></span> <span class='ocrx_word' id='word_1_1161' title='bbox 3435 4937 3451 4961; x_wconf 91' lang='lat'><strong>,</strong></span> <span class='ocrx_word' id='word_1_1162' title='bbox 3494 4913 3618 4953; x_wconf 89' lang='lat' dir='ltr'><strong>eum</strong></span> 
     </span>
    </p>
   </div>
   <div class='ocr_carea' id='block_1_143' title="bbox 2022 4965 3621 5039">
    <p class='ocr_par' dir='ltr' id='par_1_143' title="bbox 2022 4965 3621 5039">
     <span class='ocr_line' id='line_1_146' title="bbox 2022 4965 3621 5039; baseline 0.001 -16"><span class='ocrx_word' id='word_1_1163' title='bbox 2022 4970 2220 5023; x_wconf 88' lang='lat' dir='ltr'><strong>sanctis</strong></span> <span class='ocrx_word' id='word_1_1164' title='bbox 2254 4969 2366 5025; x_wconf 89' lang='lat' dir='ltr'><strong>suis</strong></span> <span class='ocrx_word' id='word_1_1165' title='bbox 2391 4969 2682 5039; x_wconf 86' lang='lat' dir='ltr'><strong>virginibus</strong></span> <span class='ocrx_word' id='word_1_1166' title='bbox 2705 5007 2720 5032; x_wconf 93' lang='lat'><strong>,</strong></span> <span class='ocrx_word' id='word_1_1167' title='bbox 2765 4980 2885 5039; x_wconf 79' lang='lat' dir='ltr'><strong>quae</strong></span> <span class='ocrx_word' id='word_1_1168' title='bbox 2910 4968 3030 5039; x_wconf 78' lang='lat' dir='ltr'><strong>suis</strong></span> <span class='ocrx_word' id='word_1_1169' title='bbox 3045 4965 3306 5039; x_wconf 81' lang='lat' dir='ltr'><strong>exemplis</strong></span> <span class='ocrx_word' id='word_1_1170' title='bbox 3340 4968 3621 5039; x_wconf 86' lang='lat' dir='ltr'><strong>utriusque</strong></span> 
     </span>
    </p>
   </div>
   <div class='ocr_carea' id='block_1_144' title="bbox 2023 5037 3621 5107">
    <p class='ocr_par' dir='ltr' id='par_1_144' title="bbox 2023 5037 3621 5107">
     <span class='ocr_line' id='line_1_147' title="bbox 2023 5037 3621 5107; baseline -0.001 -13"><span class='ocrx_word' id='word_1_1171' title='bbox 2023 5055 2180 5095; x_wconf 82' lang='lat' dir='ltr'><strong>sexus</strong></span> <span class='ocrx_word' id='word_1_1172' title='bbox 2207 5037 2495 5095; x_wconf 79' lang='lat' dir='ltr'><strong>multitudo</strong></span> <span class='ocrx_word' id='word_1_1173' title='bbox 2510 5041 2625 5107; x_wconf 90' lang='lat' dir='ltr'><strong>ejus</strong></span> <span class='ocrx_word' id='word_1_1174' title='bbox 2640 5038 2878 5106; x_wconf 90' lang='lat' dir='ltr'><strong>sequitur</strong></span> <span class='ocrx_word' id='word_1_1175' title='bbox 2901 5037 3121 5107; x_wconf 85' lang='lat' dir='ltr'><strong>vestigia</strong></span> <span class='ocrx_word' id='word_1_1176' title='bbox 3139 5037 3182 5102; x_wconf 82' lang='lat'><strong>’,</strong></span> <span class='ocrx_word' id='word_1_1177' title='bbox 3207 5047 3260 5092; x_wconf 92' lang='lat' dir='ltr'><strong>et</strong></span> <span class='ocrx_word' id='word_1_1178' title='bbox 3288 5038 3488 5093; x_wconf 89' lang='lat' dir='ltr'><strong>relictis</strong></span> <span class='ocrx_word' id='word_1_1179' title='bbox 3515 5037 3621 5093; x_wconf 88' lang='lat' dir='ltr'><strong>nu-</strong></span> 
     </span>
    </p>
   </div>
   <div class='ocr_carea' id='block_1_145' title="bbox 2024 5106 3617 5181">
    <p class='ocr_par' dir='ltr' id='par_1_145' title="bbox 2024 5106 3617 5181">
     <span class='ocr_line' id='line_1_148' title="bbox 2024 5106 3617 5181; baseline -0.001 -15"><span class='ocrx_word' id='word_1_1180' title='bbox 2024 5112 2251 5181; x_wconf 86' lang='lat' dir='ltr'><strong>ptiarum</strong></span> <span class='ocrx_word' id='word_1_1181' title='bbox 2294 5106 2719 5181; x_wconf 86' lang='lat' dir='ltr'><strong>copulationibus</strong></span> <span class='ocrx_word' id='word_1_1182' title='bbox 2741 5106 3131 5181; x_wconf 90' lang='lat' dir='ltr'><strong>,__dimissaque</strong></span> <span class='ocrx_word' id='word_1_1183' title='bbox 3168 5106 3455 5181; x_wconf 79' lang='lat' dir='ltr'><strong>liberorum</strong></span> <span class='ocrx_word' id='word_1_1184' title='bbox 3488 5124 3617 5179; x_wconf 87' lang='lat' dir='ltr'><strong>pro-</strong></span> 
     </span>
    </p>
   </div>
   <div class='ocr_carea' id='block_1_146' title="bbox 2022 5177 3613 5251">
    <p class='ocr_par' dir='ltr' id='par_1_146' title="bbox 2022 5177 3613 5251">
     <span class='ocr_line' id='line_1_149' title="bbox 2022 5177 3613 5251; baseline 0 -16"><span class='ocrx_word' id='word_1_1185' title='bbox 2022 5177 2233 5251; x_wconf 77' lang='lat' dir='ltr'><strong>pagine,</strong></span> <span class='ocrx_word' id='word_1_1186' title='bbox 2263 5177 2460 5249; x_wconf 78' lang='lat' dir='ltr'><strong>Sponso</strong></span> <span class='ocrx_word' id='word_1_1187' title='bbox 2488 5179 2659 5251; x_wconf 75' lang='lat' dir='ltr'><strong>quiin</strong></span> <span class='ocrx_word' id='word_1_1188' title='bbox 2687 5178 2837 5251; x_wconf 63' lang='lat' dir='ltr'><strong>caelis</strong></span> <span class='ocrx_word' id='word_1_1189' title='bbox 2865 5188 2948 5232; x_wconf 91' lang='lat' dir='ltr'><strong>est</strong></span> <span class='ocrx_word' id='word_1_1190' title='bbox 2969 5177 3211 5251; x_wconf 78' lang='lat' dir='ltr'><strong>perenni,</strong></span> <span class='ocrx_word' id='word_1_1191' title='bbox 3239 5188 3435 5251; x_wconf 89' lang='lat' dir='ltr'><strong>mente,</strong></span> <span class='ocrx_word' id='word_1_1192' title='bbox 3467 5177 3613 5249; x_wconf 86' lang='lat' dir='ltr'><strong>actu,</strong></span> 
     </span>
    </p>
   </div>
   <div class='ocr_carea' id='block_1_147' title="bbox 2024 5247 3620 5318">
    <p class='ocr_par' dir='ltr' id='par_1_147' title="bbox 2024 5247 3620 5318">
     <span class='ocr_line' id='line_1_150' title="bbox 2024 5247 3620 5318; baseline 0.001 -13"><span class='ocrx_word' id='word_1_1193' title='bbox 2024 5247 2205 5307; x_wconf 83' lang='lat' dir='ltr'><strong>habitu</strong></span> <span class='ocrx_word' id='word_1_1194' title='bbox 2230 5247 2456 5318; x_wconf 40' lang='lat' dir='ltr'><strong>et‘gestu</strong></span> <span class='ocrx_word' id='word_1_1195' title='bbox 2482 5247 2736 5317; x_wconf 82' lang='lat' dir='ltr'><strong>applicari</strong></span> <span class='ocrx_word' id='word_1_1196' title='bbox 2758 5256 3089 5302; x_wconf 89' lang='lat' dir='ltr'><strong>meruerunt.</strong></span> <span class='ocrx_word' id='word_1_1197' title='bbox 3109 5247 3228 5301; x_wconf 68' lang='lat' dir='ltr'><strong>Ista:</strong></span> <span class='ocrx_word' id='word_1_1198' title='bbox 3244 5254 3387 5302; x_wconf 90' lang='lat' dir='ltr'><strong>enim</strong></span> <span class='ocrx_word' id='word_1_1199' title='bbox 3405 5247 3620 5306; x_wconf 80' lang='lat' dir='ltr'><strong>fuerunt</strong></span> 
     </span>
    </p>
   </div>
   <div class='ocr_carea' id='block_1_148' title="bbox 2023 5318 3617 5393">
    <p class='ocr_par' dir='ltr' id='par_1_148' title="bbox 2023 5318 3617 5393">
     <span class='ocr_line' id='line_1_151' title="bbox 2023 5318 3617 5393; baseline 0.001 -19"><span class='ocrx_word' id='word_1_1200' title='bbox 2023 5324 2262 5393; x_wconf 11' lang='lat' dir='ltr'><strong>virgines,</strong></span> <span class='ocrx_word' id='word_1_1201' title='bbox 2284 5335 2448 5393; x_wconf 70' lang='lat' dir='ltr'><strong>sacra:</strong></span> <span class='ocrx_word' id='word_1_1202' title='bbox 2473 5362 2487 5386; x_wconf 92' lang='lat'><strong>,</strong></span> <span class='ocrx_word' id='word_1_1203' title='bbox 2531 5321 2639 5373; x_wconf 90' lang='lat' dir='ltr'><strong>Deo</strong></span> <span class='ocrx_word' id='word_1_1204' title='bbox 2666 5318 2890 5393; x_wconf 60' lang='lat' dir='ltr'><strong>devote,</strong></span> <span class='ocrx_word' id='word_1_1205' title='bbox 2933 5334 3049 5393; x_wconf 61' lang='lat' dir='ltr'><strong>quge</strong></span> <span class='ocrx_word' id='word_1_1206' title='bbox 3076 5319 3129 5372; x_wconf 94' lang='lat' dir='ltr'><strong>in</strong></span> <span class='ocrx_word' id='word_1_1207' title='bbox 3157 5318 3258 5372; x_wconf 89' lang='lat' dir='ltr'><strong>vita</strong></span> <span class='ocrx_word' id='word_1_1208' title='bbox 3281 5335 3372 5393; x_wconf 89' lang='lat' dir='ltr'><strong>sua</strong></span> <span class='ocrx_word' id='word_1_1209' title='bbox 3400 5320 3617 5377; x_wconf 90' lang='lat' dir='ltr'><strong>fuerunt</strong></span> 
     </span>
    </p>
   </div>
   <div class='ocr_carea' id='block_1_149' title="bbox 2024 5388 3614 5465">
    <p class='ocr_par' dir='ltr' id='par_1_149' title="bbox 2024 5388 3614 5465">
     <span class='ocr_line' id='line_1_152' title="bbox 2024 5388 3614 5465; baseline -0.002 -17"><span class='ocrx_word' id='word_1_1210' title='bbox 2024 5388 2350 5465; x_wconf 59' lang='lat' dir='ltr'><strong>orationibus</strong></span> <span class='ocrx_word' id='word_1_1211' title='bbox 2381 5391 2637 5444; x_wconf 79' lang='lat' dir='ltr'><strong>instantes</strong></span> <span class='ocrx_word' id='word_1_1212' title='bbox 2657 5431 2670 5453; x_wconf 94' lang='lat'><strong>,</strong></span> <span class='ocrx_word' id='word_1_1213' title='bbox 2695 5389 2909 5458; x_wconf 88' lang='lat' dir='ltr'><strong>jejuniis</strong></span> <span class='ocrx_word' id='word_1_1214' title='bbox 2935 5388 3288 5465; x_wconf 69' lang='lat' dir='ltr'><strong>adhzerentes,</strong></span> <span class='ocrx_word' id='word_1_1215' title='bbox 3312 5392 3614 5465; x_wconf 82' lang='lat' dir='ltr'><strong>eleemosy-</strong></span> 
     </span>
    </p>
   </div>
   <div class='ocr_carea' id='block_1_150' title="bbox 2024 5460 3618 5532">
    <p class='ocr_par' dir='ltr' id='par_1_150' title="bbox 2024 5460 3618 5532">
     <span class='ocr_line' id='line_1_153' title="bbox 2024 5460 3618 5532; baseline 0.001 -13"><span class='ocrx_word' id='word_1_1216' title='bbox 2024 5478 2119 5519; x_wconf 88' lang='lat' dir='ltr'><strong>nas</strong></span> <span class='ocrx_word' id='word_1_1217' title='bbox 2151 5464 2433 5529; x_wconf 87' lang='lat' dir='ltr'><strong>facientes,</strong></span> <span class='ocrx_word' id='word_1_1218' title='bbox 2490 5476 2748 5532; x_wconf 84' lang='lat' dir='ltr'><strong>pauperes</strong></span> <span class='ocrx_word' id='word_1_1219' title='bbox 2790 5470 3127 5532; x_wconf 79' lang='lat' dir='ltr'><strong>recreantes,</strong></span> <span class='ocrx_word' id='word_1_1220' title='bbox 3174 5460 3225 5532; x_wconf 88' lang='lat' dir='ltr'><strong>in</strong></span> <span class='ocrx_word' id='word_1_1221' title='bbox 3271 5460 3618 5521; x_wconf 76' lang='lat' dir='ltr'><strong>tribulatione</strong></span> 
     </span>
    </p>
   </div>
   <div class='ocr_carea' id='block_1_151' title="bbox 2024 5530 3614 5606">
    <p class='ocr_par' dir='ltr' id='par_1_151' title="bbox 2024 5530 3614 5606">
     <span class='ocr_line' id='line_1_154' title="bbox 2024 5530 3614 5606; baseline 0.003 -16"><span class='ocrx_word' id='word_1_1222' title='bbox 2024 5536 2311 5606; x_wconf 86' lang='lat' dir='ltr'><strong>gaudentes</strong></span> <span class='ocrx_word' id='word_1_1223' title='bbox 2330 5575 2343 5599; x_wconf 91' lang='lat'><strong>,</strong></span> <span class='ocrx_word' id='word_1_1224' title='bbox 2376 5536 2428 5587; x_wconf 89' lang='lat' dir='ltr'><strong>in</strong></span> <span class='ocrx_word' id='word_1_1225' title='bbox 2452 5530 2593 5589; x_wconf 83' lang='lat' dir='ltr'><strong>bello</strong></span> <span class='ocrx_word' id='word_1_1226' title='bbox 2622 5541 2864 5603; x_wconf 89' lang='lat' dir='ltr'><strong>potentes</strong></span> <span class='ocrx_word' id='word_1_1227' title='bbox 2883 5573 2897 5600; x_wconf 88' lang='lat'><strong>,</strong></span> <span class='ocrx_word' id='word_1_1228' title='bbox 2928 5531 2979 5585; x_wconf 91' lang='lat' dir='ltr'><strong>in</strong></span> <span class='ocrx_word' id='word_1_1229' title='bbox 3008 5530 3217 5586; x_wconf 88' lang='lat' dir='ltr'><strong>damnis</strong></span> <span class='ocrx_word' id='word_1_1230' title='bbox 3244 5538 3614 5605; x_wconf 88' lang='lat' dir='ltr'><strong>temporaliunt</strong></span> 
     </span>
    </p>
   </div>
   <div class='ocr_carea' id='block_1_152' title="bbox 2086 5687 2454 5751">
    <p class='ocr_par' dir='ltr' id='par_1_152' title="bbox 2086 5687 2454 5751">
     <span class='ocr_line' id='line_1_155' title="bbox 2086 5687 2454 5751; baseline -0.005 -12"><span class='ocrx_word' id='word_1_1231' title='bbox 2086 5690 2103 5721; x_wconf 74' lang='grc'>³</span> <span class='ocrx_word' id='word_1_1232' title='bbox 2128 5696 2229 5749; x_wconf 68' lang='lat' dir='ltr'><strong>Ms,</strong></span> <span class='ocrx_word' id='word_1_1233' title='bbox 2247 5687 2454 5751; x_wconf 51' lang='lat' dir='ltr'><strong>operari.</strong></span> 
     </span>
    </p>
   </div>
   <div class='ocr_carea' id='block_1_153' title="bbox 2087 5753 3627 5812">
    <p class='ocr_par' dir='ltr' id='par_1_153' title="bbox 2087 5753 3627 5812">
     <span class='ocr_line' id='line_1_156' title="bbox 2087 5753 3627 5812; baseline 0.001 -11"><span class='ocrx_word' id='word_1_1234' title='bbox 2087 5753 2107 5783; x_wconf 82' lang='grc'>³</span> <span class='ocrx_word' id='word_1_1235' title='bbox 2126 5760 2229 5812; x_wconf 66' lang='grc' dir='ltr'><strong>Μδη</strong></span> <span class='ocrx_word' id='word_1_1236' title='bbox 2252 5759 2529 5804; x_wconf 80' lang='lat' dir='ltr'><strong>vementem.</strong></span> <span class='ocrx_word' id='word_1_1237' title='bbox 3622 5777 3627 5781; x_wconf 96' lang='lat'><strong><em>-</em></strong></span> 
     </span>
    </p>
   </div>
   <div class='ocr_carea' id='block_1_154' title="bbox 2089 5812 3581 5879">
    <p class='ocr_par' dir='ltr' id='par_1_154' title="bbox 2089 5812 3581 5879">
     <span class='ocr_line' id='line_1_157' title="bbox 2089 5812 3581 5879; baseline 0.004 -13"><span class='ocrx_word' id='word_1_1238' title='bbox 2089 5814 2111 5848; x_wconf 81' lang='grc'><strong><em>⁸</em></strong></span> <span class='ocrx_word' id='word_1_1239' title='bbox 2143 5816 2225 5867; x_wconf 80' lang='lat' dir='ltr'><strong>Hic</strong></span> <span class='ocrx_word' id='word_1_1240' title='bbox 2244 5828 2419 5867; x_wconf 82' lang='lat' dir='ltr'><strong>sensus</strong></span> <span class='ocrx_word' id='word_1_1241' title='bbox 2439 5815 2674 5869; x_wconf 88' lang='lat' dir='ltr'><strong>claudicat</strong></span> <span class='ocrx_word' id='word_1_1242' title='bbox 2696 5829 2709 5868; x_wconf 89' lang='lat'><strong>:</strong></span> <span class='ocrx_word' id='word_1_1243' title='bbox 2735 5814 2916 5879; x_wconf 89' lang='lat' dir='ltr'><strong>aliquid</strong></span> <span class='ocrx_word' id='word_1_1244' title='bbox 2937 5813 3085 5866; x_wconf 87' lang='lat' dir='ltr'><strong>deest</strong></span> <span class='ocrx_word' id='word_1_1245' title='bbox 3104 5812 3456 5870; x_wconf 68' lang='lat' dir='ltr'><strong>vehedundat.</strong></span> <span class='ocrx_word' id='word_1_1246' title='bbox 3523 5825 3581 5872; x_wconf 73' lang='grc' dir='ltr'><strong>κ.</strong></span> 
     </span>
    </p>
   </div>
   <div class='ocr_carea' id='block_1_155' title="bbox 2777 5903 3408 5977">
    <p class='ocr_par' dir='ltr' id='par_1_155' title="bbox 2777 5903 3408 5977">
     <span class='ocr_line' id='line_1_158' title="bbox 2777 5903 3408 5977; baseline 0.01 -12"><span class='ocrx_word' id='word_1_1247' title='bbox 2777 5903 3408 5977; x_wconf 73' lang='lat' dir='ltr'><strong>{Quarante-deux.)</strong></span> 
     </span>
    </p>
   </div>
  </div>
