4100 6344
340 367 482 435 ηις

341 513 478 571 tegra
506 506 683 554 mente
704 540 717 564 ,
750 481 1081 570 perlegamus
1109 495 1408 571 Scripturas
1431 537 1446 563 ,
1467 505 1539 571 _ut
1585 509 1862 571 possumus
1880 537 1896 563 ,

337 566 1085 640 et'inveniamus’Ange—lorum
1116 568 1311 622 amicos
1330 585 1354 640 γε
1395 566 1589 640 quibus
1597 638 1607 640 _
1628 567 1856 640 inventis
1879 610 1895 636 ,

337 651 572 712 petamus
619 642 740 710 quid
789 637 1056 705 fecerunt,
1092 639 1377 712 quomodo
1427 637 1638 712 Angelis
1669 639 1938 712 _placue-4o

337 707 454 766 i'uot
475 753 490 778 ,
523 712 572 764 in
599 707 785 782 quibus
813 727 906 765 eos
935 710 1104 766 securi
1135 707 1526 782 imitati‘sunt.
1553 707 1739 762 Veniat
1777 723 1902 782 san-

334 791 447 835 ctus
473 777 631 851 pater
658 782 922 836 Abraham
947 823 961 847 ,
1005 789 1058 836 et
1099 779 1222 849 quid
1265 778 1389 833 fecit
1429 779 1740 851 innotescat.
1788 777 1894 833 Ve-

333 854 440 906 niat
465 849 517 906 et
542 867 710 921 nepos
729 855 842 920 ejus
869 851 998 916 Lot,
1031 857 1086 905 et
1105 851 1256 921 dicat
1271 859 1484 921 propter
1505 849 1628 921 quid
1656 850 1898 921 reique-

335 923 489 992 modo
513 938 541 975 a
572 919 799 977 Sodoma
827 938 922 992 per
949 921 1178 992 Angelos
1208 919 1417 974 liberari
1445 919 1656 974 meruit.
1707 919 1896 992 Veniat

331 1000 382 1046 et
409 991 599 1046 'l'ohias
621 1035 638 1057 ,
664 990 860 1047 ducens
885 1007 1061 1046 secum
1090 990 1249 1044 lilium
1275 1031 1290 1055 ,
1321 999 1375 1044 et
1406 999 1616 1058 propter
1644 990 1765 1058 quid
1801 1006 1895 1058 per

329 1063 568 1129 angelum
599 1062 880 1117 illuminari
908 1063 1131 1127 meruit,
1164 1071 1219 1117 et
1247 1061 1410 1113 ﬁlium
1447 1061 1462 1091 ⁸
1488 1061 1762 1126 custodiri,
1793 1061 1891 1114 do-

328 1141 462 1187 ceat.
493 1131 716 1188 Veniant
747 1143 854 1187 tres
885 1134 1029 1202 pueri
1056 1174 1070 1197 ,
1108 1141 1161 1185 et
1190 1129 1452 1201 quomodo
1481 1130 1667 1184 activis
1693 1139 1744 1185 et
1776 1146 1892 1197 pas-

327 1203 453 1256 sivis
493 1203 876 1272 approximatis
925 1217 1027 1256 non
1072 1210 1323 1271 sequatur
1372 1202 1670 1272 necessario
1711 1203 1887 1268 actio,

324 1271 578 1342 scribant.
609 1273 797 1330 Veniat
824 1283 876 1328 et
907 1273 1089 1327 Petrus
1108 1314 1122 1338 ,
1152 1280 1204 1326 ct
1231 1271 1497 1342 quomodo
1519 1287 1611 1340 per
1632 1272 1888 1341 Angelum

324 1340 538 1397 liberari
591 1345 782 1398 meruit
830 1344 1102 1397 audiamus
1131 1385 1146 1408 ,
1180 1340 1334 1411 ut‘et
1381 1341 1654 1396 audientes
1703 1340 1889 1411 magna

321 1414 581 1483 magnalia
629 1429 747 1483 qua:
788 1415 954 1468 sancti
994 1412 1178 1480 Angeli
1215 1409 1489 1476 fecerunt,
1537 1427 1638 1483 eos
1658 1409 1814 1482 sequi
1835 1421 1890 1468 et

321 1481 512 1537 imitari
539 1481 830 1539 valeamus.
863 1485 955 1538 Dic
981 1483 1132 1538 nobis
1153 1525 1166 1547 ,
1197 1493 1378 1552 sancte
1407 1493 1554 1552 pater
1581 1481 1846 1536 Abraham
1869 1525 1884 1552 ,

317 1552 447 1624 quid
473 1552 679 1619 fecisti,
714 1555 798 1624 vel
824 1554 948 1624 quid
979 1554 1151 1608 facere
1173 1551 1439 1624 docuisti,
1468 1561 1526 1606 ut
1549 1554 1745 1624 sanctis
1775 1551 1888 1606 An-

353 1623 446 1676 elis
478 1631 582 1677 tam
604 1622 1254 1694 jucunde—placerestDic
1274 1664 1289 1689 ,
1320 1632 1377 1677 ut
1400 1638 1430 1677 a
1485 1632 1534 1676 te
1582 1622 1882 1690 discamus;

353 1707 450 1748 oce
473 1734 488 1758 ,
521 1705 579 1748 ut
605 1709 703 1749 nos
732 1710 760 1748 a
793 1703 844 1749 te
865 1693 1047 1748 ’doeeri
1081 1693 1388 1747 valeamus:
1438 1708 1559 1746 nam
1596 1701 1748 1762 pater
1789 1709 1845 1749 es
1868 1735 1882 1760 ,

313 1769 367 1832 et
393 1763 510 1832 quia
540 1778 726 1820 omnes
758 1765 846 1818 ﬁlii
875 1766 948 1819 tui
975 1779 1156 1818 sumus
1183 1805 1198 1830 ,
1235 1771 1285 1819 te
1329 1763 1483 1819 decet
1527 1779 1623 1817 nos
1669 1763 1882 1819 docere.

313 1831 356 1905 ρ
380 1831 603 1901 fratres,
634 1835 758 1905 quid
786 1835 927 1889 aliud
967 1834 1145 1890 dicere
1184 1835 1402 1902 poterit,
1457 1833 1581 1904 quid
1620 1834 1756 1886 aliud
1801 1835 1884 1889 vel

310 1903 504 1976 decere
529 1946 543 1967 ,
579 1903 678 1960 nisi
703 1906 842 1976 quod
868 1905 1276 1974 hospitalitatem
1307 1903 1520 1974 semper
1547 1919 1758 1958 servare
1777 1919 1883 1976 qvo-

311 1972 452 2028 luit?
471 1974 516 2029 0
543 1972 733 2030 sancta
753 1972 980 2043 veraque
1010 1976 1337 2042 hospitalitas
1360 2017 1374 2038 ,
1415 1972 1531 2044 quze
1569 1990 1674 2028 non
1712 1975 1880 2029 solum

308 2044 540 2114 Angelos
559 2087 575 2111 ,
604 2045 697 2102 sed
727 2047 884 2100 etiam
912 2048 1080 2115 ipsmn
1115 2045 1276 2098 Deum
1320 2045 1602 2114 aliquando
1645 2047 1882 2114 recipere

308 2116 587 2186 meruisti!
627 2117 765 2172 Ecce
810 2127 1024 2186 propter
1063 2116 1190 2186 quid
1234 2115 1500 2169 Abraham
1535 2115 1626 2170 Dei
1651 2115 1882 2186 Angelis

305 2184 502 2252 placuit
527 2229 541 2251 ,
576 2200 700 2257 ecce
729 2184 945 2257 propter
972 2184 1096 2257 quid
1127 2186 1225 2240 Lot
1253 2186 1462 2240 liberari
1494 2185 1724 2250 meruit,
1755 2184 1880 2243 ecce

305 2264 524 2324 propter
575 2256 700 2326 quid
735 2256 942 2312 Tobias
988 2256 1346 2324 illuminatur,
1403 2265 1456 2311 et
1499 2257 1638 2310 ﬁlius
1687 2257 1880 2312 illaesos

304 2334 644 2397 reservatur;
671 2341 796 2383 ecce
824 2335 1039 2397 prepter
1085 2327 1207 2397 quid
1255 2338 1361 2381 tres
1405 2327 1556 2396 pueri
1591 2333 1647 2397 et
1691 2327 1880 2383 Petrus

303 2393 498 2467 illtesus
531 2393 898 2452 reservatur—in
914 2393 1148 2453 carcere.
1173 2398 1366 2452 Discite
1387 2393 1512 2467 ergo
1532 2439 1546 2463 ,
1571 2396 1876 2464 Christiani,

302 2463 488 2521 discite
520 2467 927 2536 hospitalitatem
967 2467 1216 2522 exhibere
1259 2469 1312 2520 in
1354 2463 1585 2531 cunctis;
1637 2483 1702 2521 ne
1741 2463 1878 2523 forte

301 2537 385 2590 cui
411 2539 628 2592 domum
657 2539 950 2593 clauseritis
970 2578 988 2604 ,
1035 2538 1118 2592 cui
1158 2537 1570 2604 hospitalitatem
1599 2539 1876 2606 negaveri-

302 2606 367 2662 tis
393 2648 409 2672 ,
441 2609 560 2677 ipsc
598 2609 665 2662 sit
703 2610 861 2664 Deus.
898 2607 1118 2663 Obviam
1157 2606 1296 2662 enim
1340 2607 1431 2660 ivit
1463 2607 1572 2677 _Lot
1617 2608 1832 2675 Angelis
1858 2649 1874 2676 ,

299 2675 554 2749 tanquam
585 2681 872 2749 peregrinis
897 2720 911 2744 ,
940 2679 1025 2748 qui
1055 2693 1121 2749 ex
1163 2692 1257 2749 sua
1301 2675 1547 2730 laudabili
1587 2675 1876 2731 consuetu-

297 2745 424 2802 dine
465 2745 1116 2817 jam'Sodomitico‘vitio
1160 2747 1412 2801 liberatus
1457 2756 1538 2800 est
1581 2757 1682 2800 :et
1738 2750 1878 2802 inter

295 2818 562 2886 pessimos
608 2820 836 2887 optimus
879 2827 1255 2880 conservatur,
1297 2817 1602 2887 apericulo
1651 2817 1877 2887 civitatis

295 2885 521 2956 eripitur
541 2929 555 2952 ,
582 2885 934 2957 et‘corporale
962 2887 1135 2941 evadit
1166 2885 1495 2957 incendium,
1543 2894 1596 2938 et
1620 2885 1684 2957 ad
1718 2895 1874 2940 reter-

295 2954 422 3028 pum
444 2954 790 3013 conservatus
818 2967 898 3013 est
915 2957 1208 3028 praemium.
1231 2954 1494 3025 Numquid
1523 2963 1577 3009 et
1605 2956 1872 3028 Abraham

295 3025 464 3099 Deum
497 3030 661 3095 vidit,
698 3025 1058 3099 quando'tres
1094 3028 1256 3090 vidit,
1302 3035 1355 3099 et
1397 3041 1558 3099 unum
1595 3026 1874 3099 adoravit?

293 3094 498 3169 Igitur,
531 3113 565 3152 ο
607 3094 831 3166 fratres,
874 3099 1110 3169 recipere
1154 3097 1460 3167 peregrinos
1499 3094 1873 3169 festinate.tht

293 3168 438 3236 enim
483 3169 660 3223 nescis
699 3185 764 3223 an
804 3167 1044 3223 Christus
1093 3169 1338 3236 dignetur
1375 3176 1426 3222 te
1469 3167 1682 3220 visitare
1706 3208 1720 3231 ,
1752 3168 1874 3221 licet

292 3233 536 3311 Christus
563 3253 771 3309 semper
800 3239 852 3293 in
881 3239 1084 3311 hospite
1110 3233 1197 3311 sit.
1232 3238 1414 3311 Patcat
1451 3237 1590 3311 enim
1643 3238 1875 3311 peregri-

292 3307 375 3380 nis
394 3309 559 3379 janua
611 3307 733 3375 tua,
777 3307 996 3380 suscipe
1027 3323 1119 3363 eos
1148 3309 1428 3380 alacriter,
1469 3307 1629 3380 ablue
1668 3309 1866 3376 pedes,

291 3377 413 3452 lava
462 3395 649 3434 eorum
685 3382 853 3450 capita
879 3423 892 3446 ,
922 3377 1102 3452 'purga
1147 3393 1339 3452 eorum
1379 3377 1778 3452 immunditias_,
1821 3386 1876 3452 et

289 3449 400 3502 noli
450 3461 694 3505 avertere
736 3448 961 3505 manum
987 3448 1124 3503 tuam
1164 3450 1230 3503 ab
1270 3448 1378 3502 ullo
1413 3462 1662 3516 paupere.
1715 3448 1781 3500 Et
1827 3449 1871 3500 si

288 3520 498 3574 cunctis
526 3521 806 3576 subvenire
849 3535 953 3574 non
991 3521 1171 3585 vales,
1213 3519 1399 3574 saltem
1450 3521 1694 3571 voluntas
1733 3517 1870 3571 bona

288 3589 537 3661 sitgcirca
577 3607 690 3661 eos.
734 3591 995 3661 Suscipite
1037 3604 1197 3661 ergo,
1245 3589 1469 3653 fratres,
1515 3588 1869 3661 peregrinos:

286 3659 414 3728 quia
489 3660 702 3728 qualem
764 3658 1062 3714 mercedem
1105 3658 1384 3714 'habemus
1443 3658 1867 3728 peregrinando,

289 3673 414 3728 quia
489 3673 702 3728 qualem
764 3673 1062 3714 mercedem
1129 3673 1384 3714 nauemus
1481 3673 1830 3725 eri-gnuanuo
1851 3699 1866 3722 ,

289 3729 452 3782 talem
479 3729 793 3784 habebimus
823 3733 1126 3799 peregrinos
1155 3673 1511 3799 suscipientiii.
1529 3726 1694 3799 AFiunt
1722 3729 1866 3782 enim

284 3802 448 3852 ambo
478 3802 743 3869 mquales,
771 3796 836 3854 et
861 3796 970 3868 qui
991 3806 1206 3868 propter
1247 3796 1410 3851 Donni
1459 3796 1736 3866 refrigerat
1761 3839 1776 3869 ,
1817 3808 1872 3852 et

283 3869 376 3938 qui
410 3868 626 3938 propter
655 3871 817 3923 Deum
845 3869 1069 3922 laborat.
1096 3869 1142 3922 Ο
1169 3878 1346 3922 sancta
1374 3882 1606 3938 namque
1633 3868 1868 3938 hospita-

283 3937 444 4009 litas’,
482 3937 802 4009 Angelorum
831 3940 998 3992 amica
1022 3980 1037 4003 ,
1069 3938 1342 4009 charitatis
1367 3951 1553 4002 soror,
1597 3937 1866 4009 humilita-

283 4008 356 4064 tis
383 4007 586 4063 corOna
610 4011 622 4062 !
652 4007 781 4062 Nam
803 4010 888 4078 qui
913 4008 1068 4061 habet
1097 4017 1147 4062 te
1168 4008 1367 4078 ,babet
1390 4023 1566 4060 veram
1597 4007 1865 4060 humilita-

280 4085 392 4132 tem
429 4097 442 4130 :
474 4088 530 4132 et
558 4079 644 4146 qni
673 4088 722 4132 te
746 4120 760 4146 ,
795 4077 830 4132 ό
857 4079 1120 4131 humilitas
1140 4120 1154 4143 ,
1188 4077 1384 4144 habet,
1420 4093 1593 4131 veram
1627 4078 1867 4146 hospitae

279 4147 494 4202 Iitatem
541 4149 739 4202 habet:
793 4164 913 4202 nam
961 4148 1073 4202 sine
1115 4155 1168 4202 te
1203 4147 1528 4216 hospitalitas
1579 4149 1717 4200 nulla
1759 4156 1860 4201 est.

277 4219 565 4272 Discamus
584 4233 710 4287 ergo
735 4260 748 4282 ,
775 4217 964 4272 fratres
985 4260 998 4283 ,
1035 4234 1138 4271 non
1163 4218 1332 4272 solum
1363 4233 1392 4271 a
1422 4217 1656 4286 patribus
1686 4217 1866 4286 hospi-

278 4290 542 4343 talitatem
569 4304 781 4343 servare
803 4331 818 4354 ,
853 4289 946 4343 sed
976 4303 1006 4342 a
1033 4287 1244 4343 Christo
1283 4289 1628 4341 humilitatem
1664 4289 1861 4342 astrin-

277 4371 428 4429 gere.
457 4359 534 4428 (α)
559 4359 827 4415 Discamus
848 4360 914 4413 ab
933 4374 996 4413 eo
1019 4374 1122 4412 non
1153 4358 1405 4411 mundum
1435 4357 1713 4429 fabricare,
1755 4374 1862 4414 non

276 4428 476 4484 cuncta
505 4429 728 4484 visibilia
773 4439 826 4483 et
872 4429 1148 4482 invisibilia
1211 4443 1436 4494 creare,
1491 4445 1594 4481 non
1643 4428 1695 4482 in
1746 4429 1864 4498 ipso

277 4501 486 4554 mundo
515 4501 764 4553 miracula
795 4499 967 4552 facere
990 4540 1005 4564 ,
1030 4509 1082 4552 et
1109 4508 1348 4551 mortuos
1373 4499 1688 4552 resuscitare
1707 4538 1723 4562 ,
1753 4515 1860 4554 non

276 4570 440 4640 siccis
472 4569 694 4640 pedibus
721 4584 881 4639 super
899 4583 1070 4640 aquas
1083 4568 1368 4640 ambulare
1391 4607 1405 4630 ,
1425 4568 1703 4640 nundinae
1741 4582 1861 4640 om-

274 4639 402 4709 nia;
445 4637 540 4696 sed
583 4637 1285 4709 tantum'quia’mitisqest,
1327 4647 1380 4709 et
1425 4637 1637 4709 humilis
1675 4639 1856 4709 corde.

277 4707 393 4764 Hoc
449 4720 534 4767 est
579 4706 866 4779 perfectum
919 4707 1289 4775 hospitalitatis
1343 4706 1760 4779 fundamentum.
1816 4708 1868 4762 Ο

273 4790 464 4836 sancta
533 4778 759 4850 namque
811 4778 1116 4844 humilitas,
1170 4778 1554 4850 hospitalitatis
1611 4791 1764 4850 soror
1807 4787 1862 4833 et

272 4851 450 4906 amica
481 4847 692 4914 suavis;
707 4850 795 4920 qui
827 4851 983 4904 te'in
1009 4847 1214 4920 cunctis
1235 4847 1399 4920 magis
1430 4847 1775 4920 indigniorem
1803 4863 1862 4903 se

222 4971 234 4980 ,
272 4921 394 4976 aliis
421 4917 746 4985 arbitratur,
797 4935 1064 4990 nunquam
1106 4917 1380 4990 desiderat
1412 4918 1656 4986 superior
1693 4933 1859 4988 appa-

272 5004 400 5047 rere
421 5032 436 5055 ,
469 4993 726 5060 primatus
755 5000 807 5046 et
832 4987 1108 5044 cathedras
1134 5003 1320 5060 omnes
1356 4987 1484 5058 fugit
1510 5029 1524 5052 ,
1568 4987 1738 5060 omne
1760 4990 1860 5043 do-

272 5059 502 5116 minium
531 5061 813 5124 abhorret,
846 5063 1009 5115 solam
1039 5059 1446 5128 hospitalitatem
1489 5059 1854 5128 amplectitur,

271 5132 445 5184 solam
476 5148 591 5185 eam
630 5132 899 5199 possidere
944 5131 1226 5184 desiderat.
1278 5130 1372 5183 Eia
1422 5145 1547 5200 ergo
1571 5171 1586 5195 ,
1627 5128 1858 5196 fratres;

271 5203 488 5256 excelsa
520 5211 600 5255 est
627 5203 830 5270 patria,
867 5201 958 5255 sed
998 5201 1209 5254 humilis
1247 5209 1325 5254 est
1360 5201 1462 5252 via.
1497 5200 1860 5256 Mensuremus

272 5285 405 5341 ergo
432 5287 550 5325 eam
576 5315 588 5334 ,
621 5273 982 5340 perquiramus
1025 5285 1140 5326 eam
1160 5311 1174 5335 ,
1219 5272 1548 5324 ambulemus
1590 5286 1684 5339 per
1716 5285 1855 5325 eam.

269 5339 360 5394 Sic
391 5345 536 5396 enim
567 5339 688 5397 fecit
715 5339 978 5396 Abraham
1009 5355 1061 5395 et
1086 5341 1204 5406 Lot,
1225 5342 1348 5394 dmn
1389 5341 1695 5410 peregrinos
1735 5357 1859 5395 sus-

270 5412 548 5481 cipiebant
572 5431 584 5467 :
615 5415 690 5468 sic
717 5413 908 5466 Tobias
929 5455 943 5478 ,
975 5413 1098 5465 dum
1151 5422 1390 5465 mortuos
1418 5413 1708 5480 sepehebat
1736 5429 1748 5464 :
1783 5412 1861 5466 sic

270 5483 417 5554 enim
447 5491 503 5537 et
529 5485 712 5554 Angeli
739 5483 805 5538 de
833 5484 1019 5553 quibus
1045 5484 1117 5536 ait
1161 5483 1406 5554 Salvator
1429 5522 1441 5544 ,
1480 5481 1620 5554 quod
1665 5497 1862 5552 semper

269 5552 444 5625 uident
475 5551 654 5623 facient
681 5551 954 5624 Patris—qui
977 5565 1045 5608 est
1068 5555 1119 5607 in
1143 5553 1276 5607 caelis
1301 5551 1387 5625 (Μ
1396 5552 1522 5605 attIt.
1543 5567 1666 5606 xvm
1693 5593 1706 5621 ,
1731 5555 1798 5608 10
1818 5557 1857 5624 ).

269 5623 474 5678 Amen.

335 5725 354 5756 ι
381 5727 540 5784 Forte,
563 5723 706 5785 ﬁlius.

333 5786 356 5850 ξ
388 5784 835 5850 ξοηθήαόειιίιιιιιι,
861 5784 1079 5850 possidet.
1149 5794 1201 5850 M,

331 5843 412 5910 (α)
445 5850 516 5896 Ex
538 5843 984 5911 Augustino,sbrm.
1012 5849 1089 5908 ω,
1109 5861 1155 5898 ιι.
1183 5848 1228 5897 2.

1301 376 1391 433 AD
1417 375 1734 435 FRATRES
1764 375 1832 434 IN
1869 373 2104 436 EREMO
2143 379 2371 438 SERMO
2409 383 2616 439 XLVII.

3444 401 3468 459 Ι
3478 397 3584 458 326

2560 497 2789 555 SERMO
2826 485 3029 558 van.

2062 607 2130 648 DE
2169 607 2476 648 VEBEIENTI
2513 609 2729 649 PECCATI
2768 611 3057 652 εοιιοιιιτιει
3095 616 3515 664 DETESTATIONB.

2074 703 2264 783 Audite
2283 745 2296 767 ,
2327 704 2642 783 non_fratres
2660 705 2976 783 charissimi,
3002 708 3100 783 sed
3120 711 3384 783 principes
3411 716 3584 775 Sodo-

2001 774 2249 856 mitarnm
2271 791 2284 837 ;
2305 775 2558 856 percipite
2577 777 2988 856 auribuslegem
3015 780 3104 856 Dei
3122 774 3330 856 vestri,
3354 774 3580 856 populus

2003 843 2334 924 Gomorrhze.
2365 843 2586 911 Audite,
2617 855 2672 901 et
2698 843 2931 924 auditum
2963 849 3119 904 facite
3147 853 3268 924 ﬁliis
3293 843 3514 924 vestris,
3541 843 3580 914 ὁ

1999 929 2132 995 gens
2150 917 2298 995 plena
2320 926 2537 995 peccato
2558 957 2574 984 ,
2597 918 3044 995 graviiniquitate
3063 960 3079 986 ,
3101 922 3290 995 semini
3313 917 3536 995 nequam
3555 970 3573 995 ,

2000 983 2122 1064 ﬁliis
2150 983 2438 1064 sceleratis.
2467 983 2979 1064 Eeee'dereliquistis
3005 983 3171 1064 Deum
3197 1033 3212 1059 ,
3241 983 3574 1064 blasphema;

1992 1056 2359 1129 stissanctum
2391 1056 2580 1129 Israel,
2610 1056 2900 1114 etalienati
2943 1060 3070 1114 estis
3107 1056 3216 1129 jam
3259 1056 3572 1123 retrorsum.

1997 1127 2249 1198 A-planta
2279 1127 2419 1198 enim
2461 1127 2608 1198 pedis
2645 1143 2810 1198 usque
2852 1130 2917 1184 ad
2961 1127 3208 1186 verticem
3255 1150 3360 1188 non
3399 1146 3482 1192 est
3519 1140 3572 1193 in

1995 1196 2145 1250 vobis
2187 1197 2384 1251 sanitas
2425 1216 2440 1269 ς
2485 1197 2606 1252 ideo
2651 1196 2789 1252 terra
2833 1209 3007 1255 vestra
3047 1202 3290 1269 deserta,
3332 1206 3575 1264 civitates

1994 1276 2186 1340 vestrre
2207 1267 2602 1340 succenduntur
2635 1270 2742 1339 igni
2761 1311 2786 1340 ,ί
2812 1272 3080 1340 regionem
3121 1267 3349 1329 vestram
3391 1291 3572 1334 coram

1994 1337 2146 1391 vobis
2170 1339 2328 1392 alieni
2353 1338 2609 1392 devorant
2632 1381 2646 1405 ,
2666 1337 2732 1392 'et
2757 1337 3081 1395 deso'labitur
3113 1343 3298 1399 civitas
3337 1346 3472 1402 sicut
3516 1351 3570 1405 in

1994 1408 2460 1484 vastitatehostili.
2492 1409 2665 1484 Quare
2690 1408 2790 1484 hoc
2815 1412 3082 1480 patimini,
3099 1413 3202 1484 nisi
3223 1415 3343 1484 quia
3366 1419 3569 1475 similes

1993 1476 2290 1551 Sodomiti_s_
2303 1479 2411 1551 jam
2432 1476 2599 1533 estis?
2619 1476 2960 1551 Audite'ergo
2983 1521 2998 1548 ,
3027 1476 3290 1551 principes
3311 1487 3573 1544 Sodomo-
3640 1531 3646 1540 .

1992 1563 2110 1602 rum
2134 1591 2148 1617 ,
2172 1549 2349 1604 audite
2372 1550 2557 1603 Isaiam
2581 1550 2732 1605 vobis
2750 1549 3046 1618 dicentem,
3070 1549 3400 1612 Multitudine
3420 1561 3572 1615 vieti-
3635 1559 3643 1588 "

1991 1633 2200 1696 marum
2224 1629 2520 1696 vestrarum
2545 1621 2736 1696 plenus
2759 1636 2911 1696 sum_,
2939 1637 3005 1677 eo
3030 1623 3171 1692 quod
3193 1625 3414 1696 indigne
3438 1630 3568 1686 mihi

1991 1690 2212 1769 offertis.
2247 1689 2326 1746 Ne
2366 1689 2600 1769 oﬁ'eratis
2644 1691 2798 1760 igitur
2843 1693 2979 1746 ultra
3039 1689 3387 1769 sacriﬁcium;
3446 1700 3568 1769 quia

1989 1761 2206 1814 sabbata
2235 1769 2405 1816 vestra
2431 1803 2445 1826 ,
2488 1763 2763 1816 incensum
2804 1771 3069 1830 vestrum,
3112 1773 3167 1818 et
3205 1761 3569 1826 solemnitates

1992 1839 2191 1886 vestras
2215 1831 2379 1886 odivit
2400 1833 2575 1886 anima
2603 1847 2719 1885 mea
2749 1873 2761 1892 .
2793 1841 2850 1887 et
2885 1835 3061 1888 omnia
3104 1833 3238 1889 facta
3276 1846 3403 1892 sunt
3433 1841 3564 1894 mihi

1987 1901 2232 1955 molesta.
2263 1903 2391 1956 Cum
2437 1902 2785 1957 extenderitis
2825 1917 3013 1958 manus
3049 1913 3251 1960 vestras
3275 1947 3290 1971 ,
3329 1919 3566 1965 avertam

1987 1972 2173 2026 oculos
2193 1987 2340 2026 meos
2367 1988 2395 2026 a
2424 1973 2571 2027 vobis
2603 1981 2692 2026 :et
2712 1987 2833 2026 cum
2866 1975 3333 2043 multiplicaveritis
3364 1981 3564 2035 oratio-

1986 2055 2119 2120 nes,
2151 2044 2566 2120 non_ex_auzltam_
2582 2084 2611 2120 ι
2640 2057 2742 2120 pro
2769 2059 2836 2098 eo
2861 2045 3004 2120 quod
3015 2047 3404 2120 turpitudinem
3432 2065 3566 2120 ope-

1985 2113 2177 2187 ramini
2203 2115 2220 2184 (
2247 2113 2376 2187 fsai.
2409 2113 2613 2187 t,__4715
2639 2115 2677 2183 ).
2705 2113 2833 2179 Qua:
2869 2123 2950 2187 est
2993 2115 3080 2169 illa
3119 2113 3390 2185 turpitudo
3411 2159 3427 2187 ,
3460 2113 3564 2176 nisi

1985 2181 2220 2258 illa_qo_a_é
2245 2183 2572 2258 immunditia
2597 2181 2694 2252 per
2721 2181 3348 2258 Apostolumappellatur
3369 2191 3390 2258 (
3411 2181 3562 2245 Rom.

1984 2266 2041 2325 t_,
2067 2253 2143 2325 24
2166 2254 2212 2324 )?
2243 2255 2334 2308 Illa
2361 2254 2589 2325 denique
2612 2263 2693 2308 est
2713 2254 2983 2324 turpitudo
3006 2253 3096 2309 illa
3116 2253 3318 2312 summa
3337 2253 3568 2316 immun-

1983 2322 2110 2377 ditia
2132 2322 2279 2400 ,illa
2321 2322 2524 2379 summa
2545 2322 2821 2400 miseria,
2867 2339 2912 2400 a_
2944 2340 3066 2400 qua_
3087 2328 3274 2400 Angeli
3312 2329 3560 2400 fugiunt,

1983 2407 2142 2461 quam
2195 2395 2464 2450 diemones
2509 2394 2750 2449 videntes
2795 2394 2980 2450 oculos
3020 2394 3292 2452 claudunt.
3343 2394 3438 2454 Illa
3483 2394 3568 2457 est

1983 2465 2123 2516 enim
2144 2465 2471 2518 immunditia
2493 2473 2545 2518 et
2567 2465 2775 2518 miseria
2797 2480 2957 2532 quam
2985 2467 3204 2521 masculi
3223 2469 3276 2521 in
3298 2473 3563 2526 masculos

1982 2543 2286 2613 operantur.
2319 2536 2396 2613 De
2421 2535 2610 2613 quilms
2634 2534 2706 2613 ait
2731 2535 3022 2613 fApostolus
3054 2553 3094 2613 :_
3117 2535 3240 2590 Non
3277 2542 3440 2613 solum
3475 2544 3564 2613 qui

1982 2605 2178 2680 faciunt
2200 2646 2228 2680 ,_
2241 2604 2334 2680 sed
2357 2605 2512 2680 θεριιὶ
2544 2604 2841 2680 facientibus
2869 2606 3183 2680 consentiunt
3209 2648 3224 2674 ,
3266 2610 3408 2680 digni
3445 2604 3566 2667 sunt

1981 2677 2178 2752 morte(
2203 2674 2360 2752 Ibid.,
2391 2675 2460 2752 δῇ
2485 2675 2524 2745 ).
2551 2676 2673 2729 llaec
2709 2683 2791 2752 est
2819 2677 3010 2752 merito
3041 2674 3373 2752 immunditia
3396 2722 3411 2746 ,
3440 2684 3562 2752 quia

1981 2755 2065 2818 est
2090 2745 2250 2798 nimia
2278 2746 2474 2818 mentis
2500 2753 2553 2797 et
2572 2746 2811 2813 corporis
2835 2748 3107 2818 spurcitia.
3134 2747 3202 2801 Et
3227 2749 3338 2803 haec
3357 2745 3564 2818 spurci-

1982 2814 2053 2889 t_ia
2084 2830 2186 2867 non
2212 2816 2380 2889 solum
2414 2824 2686 2889 peccatum
2731 2823 2849 2889 est,
2894 2816 2990 2868 sed
3030 2825 3082 2870 et
3125 2833 3280 2885 pinna
3333 2814 3559 2889 peccati.

1981 2883 2283 2958 Cum_enim
2323 2884 2460 2938 Deus
2502 2884 2646 2958 videt
2688 2885 2905 2939 omnino
2941 2900 3001 2958 se
3037 2883 3437 2946 contemnentes
3460 2933 3474 2958 ,
3507 2905 3564 2949 et

1979 2953 2225 3008 mandata
2270 2955 2811 3030 sua__conen_lcan_tes;_
2845 2957 3004 3010 vertit
3042 2971 3135 3010 eos
3175 2959 3228 3012 in
3271 2953 3560 3030 reprobum

1979 3037 2195 3095 sensum
2215 3065 2232 3090 ,
2260 3033 2317 3078 ut
2347 3024 2487 3078 illam
2527 3025 2971 3080 abominationem
3011 3024 3413 3095 exerceantfet
3451 3049 3558 3088 non

1979 3093 2271 3169 intelligant
2292 3103 2345 3149 et
2364 3096 2808 3169 animadvertant,
2829 3097 2962 3169 sicut
2987 3098 3058 3151 ait
3075 3093 3395 3169 Apostolus:
3423 3102 3559 3169 Quia

1979 3180 2079 3246 rion
2122 3164 2454 3246 probaverunt
2486 3166 2648 3246 Deum
2689 3166 2870 3218 habere
2897 3164 3189 3246 inpolita},
3228 3164 3559 3246 tradidit-veos

1977 3233 2228 3288 Dominus
2255 3236 2544 3306 ignominia
2569 3251 2587 3288 :
2612 3251 2727 3289 nam
2761 3239 2970 3290 masculi
3004 3233 3180 3291 relicto
3201 3243 3423 3295 naturali
3461 3260 3560 3298 usu

2004 3307 2214 3382 amineo,
2238 3316 2531 3359 exarserunt
2670 3306 2928 3382 desideriis
2952 3310 3055 3362 suis
3093 3311 3111 3378 (
3144 3307 3302 3382 Ιὸίᾴη
3332 3311 3423 3378 28,
3450 3314 3543 3382 26,

2019 3377 2108 3445 7),
2143 3375 2191 3428 id
2216 3384 2302 3453 est
2323 3419 2335 3440 ,
2369 3377 2590 3453 masculi
2618 3377 2672 3453 in
2712 3379 2978 3453 masculos
3016 3375 3394 3453 turpitudinem
3410 3375 3552 3453 'ope;

1977 3454 2181 3520 rantes.
2209 3446 2254 3500 Ο
2280 3461 2435 3520 quam
2462 3446 3052 3520 abominabilevitiuml
3084 3446 3120 3502 ὁ
3143 3466 3298 3520 quam
3323 3446 3550 3509 detesta-

1977 3516 2082 3570 bile
2105 3519 2311 3593 erimen
2340 3518 2352 3569 l
2386 3531 2419 3593 ς)
2447 3533 2605 3593 quam
2636 3516 3294 3593 inertiferumdamnuml
3333 3537 3368 3576 ο
3393 3538 3552 3593 quam

1976 3588 2265 3654 pessimum
2299 3588 2508 3640 scelus!
2557 3603 2589 3641 ο
2633 3601 2788 3655 quam
2819 3589 3104 3644 inaudibile
3133 3592 3363 3647 malum!
3411 3588 3553 3651 Ecce

1976 3658 2116 3729 enim
2165 3657 2460 3729 membrum
2487 3656 2695 3729 Qhristi
2737 3673 2842 3712 non
2886 3661 3054 3714 solum
3097 3661 3406 3729 fornicatur,
3457 3666 3554 3721 sed

1974 3727 2134 3780 etiam
2167 3727 2416 3781 meretrix
2446 3727 2698 3781 efﬁcitur.
2738 3729 2862 3783 llaec
2892 3738 2974 3783 est
3012 3732 3153 3784 enim
3189 3733 3278 3786 illa
3322 3727 3556 3790 immun-

1975 3797 2122 3860 ditia,
2157 3813 2313 3866 quam
2341 3797 2479 3850 Deus
2505 3798 2628 3869 odio
2655 3813 2862 3853 summe
2892 3800 3070 3864 habet,
3100 3816 3257 3869 quam
3285 3805 3556 3860 detestan-

1976 3877 2060 3921 tur
2085 3869 2288 3947 sancti,
2314 3884 2476 3947 quam
2504 3868 2690 3922 odiunt
2721 3869 2858 3923 beati
2884 3911 2898 3934 ,
2944 3868 3433 3947 quamfugiuntilli
3459 3879 3553 3947 qui

1972 3952 2192 4014 regnum
2234 3939 2330 4014 Dei
2371 3947 2772 4014 consequuntur
2796 3949 3058 4014 aeternum
3079 3982 3094 4006 ,
3139 3939 3296 4014 quam
3324 3939 3556 4014 diligtint

1972 4007 2046 4061 illi
2073 4009 2159 4077 qui
2188 4008 2456 4062 crnciandi
2502 4007 2567 4062 et
2583 4009 2934 4064 maledicendi
2961 4021 3084 4065 sunt
3108 4007 3228 4066 etim
3255 4007 3467 4070 diabolo
3495 4027 3554 4072 et

1970 4079 2174 4152 angelis
2199 4080 2329 4152 suis.
2354 4078 2397 4132 Ο
2427 4079 2647 4152 pessimi
2659 4079 2986 4152 Sodomitas,
2997 4091 3052 4136 et
3075 4083 3174 4136 viri
3201 4090 3546 4152 peccatores!

1970 4162 2013 4226 o_
2035 4149 2273 4226 pessimi,
2303 4158 2588 4226 attestante
2617 4149 2911 4226 Ser_iptu_ra,
2941 4150 3107 4226 Erant
3134 4149 3413 4226 Sodomita:
3433 4174 3549 4226 pes-

1968 4218 2084 4272 simi
2105 4229 2148 4271 ct
2181 4225 2459 4297 peccatores
2489 4235 2658 4273 coram
2686 4219 2910 4297 Domino
2931 4220 3086 4290 (Gen.
3116 4237 3231 4297 xui,
3264 4225 3377 4297 13).
3410 4218 3550 4282 Pee—

1968 4300 2118 4362 eator
2146 4289 2724 4362 enim_dicitur_coram
2763 4289 3024 4359 Domino,
3069 4289 3224 4362 cujus
3263 4289 3536 4362 peccatum.

1971 4358 2110 4436 Deus
2137 4375 2243 4414 non
2273 4359 2492 4414 dimittit
2515 4359 2830 4436 impunitum
2851 4401 2868 4428 ,
2885 4371 2956 4436 _e_t
2982 4358 3090 4416 non
3116 4358 3294 4436 diﬁ‘ert
3319 4367 3408 4436 qui
3435 4367 3541 4421 dit-

1967 4428 2148 4484 fcrens
2184 4439 2266 4484 est
2291 4445 2520 4498 pugnam.
2552 4429 2703 4485 Unde
2738 4430 2845 4494 ait,
2872 4429 3080 4486 Clamor
3121 4428 3458 4490 Sodomdrum
3496 4447 3546 4492 et

1969 4498 2406 4577 Gomorrliworum
2448 4498 2820 4577 nutftiplicatus
2831 4509 2922 4577 est,
2945 4512 3213 4577 peccatum
3233 4521 3404 4577 eorum
3424 4523 3545 4577 gra-

1965 4578 2136 4621 vatum
2173 4579 2245 4622 est
2275 4570 2424 4622 nimis
2460 4567 2569 4640 (Id.
2596 4567 2762 4636 ἱνιιι,
2792 4571 2907 4640 20).
2935 4573 3150 4627 Clamor
3171 4574 3314 4628 enim
3349 4567 3543 4631 diditus

1965 4647 2238 4728 peccatum
2263 4678 2280 4704 ,
2319 4641 2529 4728 quando
2563 4654 2668 4694 non
2708 4641 2887 4728 solum
2918 4644 3196 4724 cogitatur,
3224 4644 3316 4698 sed
3341 4645 3544 4728 absque

1964 4709 2109 4763 omni
2139 4711 2326 4762 timore
2357 4708 2625 4780 adactum
2653 4708 3060 4780 perduciturfet
3083 4714 3135 4765 in
3155 4708 3542 4771 consuetudine

1966 4780 2361 4848 multiplicatur.
2403 4779 2470 4834 Et
2500 4789 2624 4836 tunc
2654 4779 2924 4835 Dominus
2952 4781 3184 4851 gladium
3225 4781 3419 4838 furoris
3455 4787 3542 4842 sui

1965 4851 2429 4922 exleadeus,‘pluit
2450 4852 2624 4922 ignem
2646 4859 2701 4904 et
2723 4851 2949 4919 sulphur
2970 4851 3221 4922 decmlo,
3243 4861 3298 4908 et
3317 4857 3540 4912 combu-

1965 4929 2060 4996 sta:
2087 4929 2210 4996 sunt
2245 4920 2615 4996 civitates_,_et
2654 4922 2964 4996 suluuerste.
3012 4921 3200 4977 Merito
3230 4924 3401 4996 igitur
3439 4941 3540 4996 per

1964 4993 2188 5062 sulphur
2213 4990 2596 5065 civitates_illz_e
2635 4993 2925 5045 submersa:
2962 5000 3090 5047 sunt
3120 5002 3174 5047 et
3213 4990 3536 5065 destruciae,

1964 5061 2082 5134 quia
2113 5073 2218 5134 tam
2246 5077 2427 5134 eorum
2455 5061 2666 5134 femina:
2695 5077 2852 5134 quam
2886 5077 3070 5134 eorum
3101 5066 3320 5119 masculi
3351 5061 3538 5123 fetenti

1964 5129 2168 5187 luxuria
2215 5133 2486 5185 ardebant.
2517 5129 2561 5185 0
2603 5131 2805 5185 luxuria
2837 5133 3066 5200 pessima
3093 5174 3108 5197 ,
3147 5136 3397 5190 virtutum
3433 5138 3534 5193 de-

1965 5206 2216 5265 Strnctio,
2243 5203 2488 5254 vitiorum
2517 5203 2893 5270 auginentatio,
2918 5201 3288 5259 delectationis
3313 5207 3540 5262 combu—

1966 5273 2089 5336 stio,
2117 5272 2386 5326 charitatis
2415 5270 2694 5324 diminutio
2713 5311 2726 5332 ,
2757 5272 3034 5326 bursarum
3061 5277 3370 5331 evacuatio!
3405 5277 3536 5332 Dul-
3593 5309 3602 5326 ς

1966 5346 2040 5398 cis
2089 5358 2145 5396 es
2180 5361 2190 5394 :
2220 5340 2314 5397 sed
2363 5355 2489 5394 ecce
2537 5340 2709 5395 omnis
2757 5341 2979 5395 dulcedo
3023 5345 3073 5397 in
3126 5347 3542 5404 amaritudinem
3595 5339 3598 5343 ’

1965 5415 2214 5484 grandem
2243 5427 2364 5464 mox
2392 5410 2814 5484 convertiturrt)
2853 5414 3076 5479 luxuria,
3113 5431 3206 5484 per
3232 5427 3282 5470 te
3309 5431 3407 5484 pax
3437 5420 3536 5474 de-

1967 5482 2164 5537 structa
2192 5493 2292 5542 est,
2323 5497 2418 5550 per
2443 5491 2495 5535 te
2531 5482 2872 5536 homicidium
2903 5486 3091 5536 factum
3114 5482 3234 5551 est,
3265 5482 3358 5554 per
3385 5499 3435 5542 te
3459 5491 3540 5545 ci-

1965 5557 2154 5607 vitates
2178 5555 2635 5628 combustzcsunt,
2667 5567 2760 5621 per
2787 5564 2836 5607 te
2857 5569 3015 5622 regna
3046 5558 3243 5623 perdita
3265 5568 3409 5624 sunt,
3437 5577 3536 5628 pen,

1968 5635 2019 5678 te
2048 5625 2222 5676 omnia
2251 5624 2360 5677 fere
2385 5624 2520 5677 mala
2549 5625 2682 5677 facta
2705 5634 2857 5690 sunt,
2885 5642 2978 5692 per
3003 5634 3052 5680 te
3080 5628 3236 5682 David
3266 5624 3471 5684 exsulat
3499 5646 3528 5683 ιι

1969 5696 2100 5766 Deo.
2132 5711 2227 5763 per
2256 5705 2306 5748 te
2336 5695 2555 5747 Samson
2587 5697 2810 5748 moritur
2830 5736 2843 5759 ,
2875 5712 2966 5764 per
2990 5707 3039 5750 te
3063 5698 3310 5752 Salomon
3338 5700 3529 5766 expel-

1969 5765 2114 5829 litur,
2149 5781 2240 5838 per
2270 5775 2318 5818 te
2347 5766 2450 5838 Lo_t_
2474 5767 2686 5838 patitur,
2721 5768 3026 5834 relinquens
3057 5771 3296 5838 patriam,
3321 5779 3374 5824 et
3400 5765 3534 5824 uxo-

1971 5851 2082 5890 rem
2103 5837 2350 5891 amittens
2375 5838 2387 5890 ι
2411 5836 2479 5890 Et
2505 5836 2621 5892 ideo
2647 5836 3071 5906 prtevarieatoros
3102 5840 3230 5910 legis
3253 5839 3536 5909 auenditq
