4100 6344
539 343 681 422 ast

537 458 604 514 ad
629 473 729 514 nos
751 456 1034 514 videndum
1062 461 1303 517 venerat.
1331 467 1452 508 eum
1479 450 1666 507 eodem
1695 448 1884 504 iterum
1910 449 2113 506 reversi

538 544 722 584 sumus
772 529 996 584 Romam
1037 525 1105 580 ad
1145 524 1452 579 intuendum
1493 521 1793 592 diligentius
1839 520 2117 589 magnifica

538 599 758 654 azdificia
799 611 853 654 et
900 612 1062 665 opera
1107 596 1472 665 Paganorum:
1507 601 1556 646 et
1601 592 1789 665 ductus
1831 604 1948 665 sum
1993 604 2116 644 cum

538 671 744 726 caeteris
767 669 835 724 ad
860 661 1147 724 videndum
1172 661 1400 721 cadaver
1434 663 1657 719 Carsaris
1684 661 1736 716 in
1764 662 2030 730 sepulcro,
2064 667 2121 715 et

539 739 643 796 vidi
664 740 803 810 quod
832 741 1049 810 omnino
1077 747 1219 793 esset
1244 734 1403 790 livido
1430 733 1901 810 coloreornatum,
1934 741 2118 799 putre-

539 811 661 865 dine
685 803 1111 870 'circumdatum,
1154 814 1392 861 ventrem
1435 803 1551 872 ejus
1580 804 1847 872 diruptum
1868 843 1882 868 ,
1917 813 1970 855 et
2002 817 2121 856 ver-

540 882 702 934 mium
734 895 828 950 per
857 880 1005 935 illum
1039 887 1290 950 catervas
1319 884 1649 950 transeuntes
1695 873 1965 950 prospexi.
2007 873 2120 950 l)u_o

539 942 753 1020 quoque
780 951 1007 1008 famelici
1035 949 1084 1003 in
1113 948 1274 1020 foveis
1304 948 1576 1020 oculorum
1618 944 1987 1020 pascebantur,
2017 942 2122 998 cri-

539 1013 636 1075 lies
665 1013 785 1090 'ejus
813 1037 919 1076 non
945 1019 1287 1074 adhaerebant
1313 1016 1502 1086 capiti,
1533 1015 1718 1090 dentes
1745 1013 1860 1081 ejus
1895 1028 2121 1090 appare-

541 1090 670 1144 bant
699 1084 879 1146 ’lahiis
919 1091 1280 1157 consumptis,
1331 1084 1390 1142 et
1428 1087 1714 1157 revelatum
1755 1091 1868 1157 erat
1911 1084 2120 1157 narium

541 1159 958 1214 fundamentum.
995 1161 1063 1214 Et
1090 1154 1301 1213 intuens
1333 1167 1555 1211 matrem
1591 1154 2115 1220 christianissimaui,

541 1231 650 1285 dixi
676 1250 687 1283 :
725 1231 944 1287 Ubinam
968 1241 1047 1284 est
1073 1230 1296 1284 Caesaris
1319 1242 1514 1297 corpus
1537 1226 1871 1295 pra-clarum,
1897 1225 1984 1278 ubi
2012 1239 2123 1297 mas

539 1302 760 1371 gnitudo
804 1302 1134 1365 divitiarum,
1183 1300 1269 1354 ubi
1317 1295 1598 1371 apparatus
1642 1297 1983 1371 dflilf'flill‘llln,
2035 1295 2121 1371 ubi

537 1365 824 1426 fnultitudo
871 1372 1246 1436 dominorum,
1298 1365 1401 1424 ubi,
1433 1377 1640 1422 caterva
1687 1367 1973 1436 baronum,
2032 1365 2123 1419 ubi

539 1442 683 1496 acies
715 1443 969 1504 militum,
1014 1441 1101 1494 tibi
1130 1435 1287 1494 canes
1317 1439 1569 1501 venatici,
1609 1437 1692 1490 ubi
1733 1437 1853 1506 equi
1881 1435 2120 1500 veloces,

543 1513 631 1566 ubi
677 1528 802 1567 aves
830 1523 1136 1577 cantantes,
1179 1511 1267 1563 ubi
1300 1509 1558 1564 thalamus
1599 1508 1798 1576 pictus,
1829 1506 1914 1559 ubi
1959 1507 2124 1577 lectus

539 1583 828 1646 eburneus,
860 1583 946 1636 ubi
980 1576 1162 1635 thorus
1189 1581 1403 1650 regalis,
1435 1580 1520 1633 ubi
1556 1578 1778 1650 tln'ouus
1808 1576 2119 1650 imperialis,

543 1653 629 1706 ubi
659 1653 936 1707 mutatoria
958 1645 1397 1706 vestimentorum
1423 1692 1437 1715 ,
1468 1651 1552 1702 ubi
1580 1647 1753 1715 capilli
1782 1648 2001 1704 solares.
2035 1645 2124 1699 ubi

540 1720 702 1776 facies
724 1723 939 1784 decora,
969 1722 1054 1776 uhi
1077 1723 1252 1775 omnia
1275 1737 1392 1791 quae
1415 1719 1512 1774 sub
1537 1721 1673 1791 cmlo
1696 1718 1851 1791 sunt?
1880 1717 1953 1791 'l‘e
1978 1731 2127 1769 uani-

543 1807 646 1861 que
681 1795 999 1848 verebantur
1039 1788 1306 1857 homines,
1355 1801 1407 1846 te
1453 1789 1721 1861 timebant
1747 1788 2040 1855 principes,
2075 1795 2126 1840 te

543 1859 790 1916 colebant
813 1864 991 1928 urbes,
1021 1872 1071 1918 te
1101 1862 1360 1917 timebant
1387 1876 1586 1915 omnes.
1625 1859 1851 1915 Ubinam
1875 1901 1887 1918 ,
1921 1872 2122 1925 qumso,

541 1942 665 1986 sunt
690 1933 804 1989 lucc
828 1936 1004 1988 omnia
1024 1975 1037 1996 ,
1069 1949 1098 1985 a
1126 1948 1231 2002 quo
1266 1932 1484 1988 recessit
1517 1940 1657 1983 tanta
1693 1928 1982 2002 jactantiaif
2012 1928 2125 1992 Quo

542 2003 637 2074 ivit
685 2013 768 2058 tua
818 1999 1240 2074 Illagl'llilCttnlla?
1291 2003 1358 2056 Et
1401 2002 1672 2074 respondit
1719 2008 1887 2053 mater
1933 1999 2127 2074 pietate

546 2073 699 2142 plena
725 2093 736 2128 :
771 2068 1100 2142 Fili,'omnia
1123 2074 1223 2128 sibi
1250 2074 1446 2142 pariter
1465 2068 1777 2126 defecerunt
1799 2068 2010 2142 quando
2037 2068 2128 2142 de-

544 2139 670 2198 fecit
697 2139 914 2213 spiritus
940 2145 1086 2213 ejus,
1119 2155 1169 2196 et
1205 2139 1533 2212 reliquerunt
1570 2157 1690 2196 eum
1720 2141 2041 2213 captivatuni
2071 2139 2126 2193 in

545 2209 788 2282 sepulcro
809 2209 1548 2282 trinm'brachioruniq‘ilemim
1573 2213 1738 2266 fetore
1754 2221 1808 2266 et
1826 2209 2123 2278 putredine.

545 2282 640 2363 Eia
671 2300 827 2363 ergo,
871 2285 1049 2363 fideles
1092 2281 1862 2363 Christi;;considerate.quid
1907 2295 2124 2363 sunins,

546 2349 947 2410 animadvertite
973 2356 1038 2409 ad
1080 2355 1203 2424 quid
1235 2356 1502 2418 venimus,
1547 2349 1830 2424 prospicite
1866 2349 1988 2421 quid
2015 2350 2126 2424 jam

547 2440 750 2479 sumus.
777 2427 930 2494 Agite
954 2441 1082 2493 ergo
1100 2422 1474 2494 paenitentiam
1493 2464 1508 2488 ,
1542 2423 1684 2475 filioli
1716 2423 1840 2494 mei,
1860 2436 1993 2494 quos
2027 2422 2125 2475 ite-

547 2509 666 2547 rum
713 2491 946 2563 partnrio
977 2491 1159 2554 donec
1205 2493 1521 2548 reformetur
1565 2495 1616 2546 in
1665 2491 1816 2563 vobis
1851 2491 2124 2563 Christus.

548 2561 860 2633 Agite'crgo
891 2565 1279 2633 pmnitculiam,
1309 2573 1765 2633 antequanirmors
1794 2561 2003 2633 inimica
2033 2577 2129 2633 na-

552 2630 683 2705 tura:
712 2630 817 2689 vos'
835 2630 1187 2705 aggrediatur.
1215 2630 1468 2689 Statuatis
1493 2632 1644 2686 vobis
1673 2630 1966 2700 simplicem
1987 2672 2002 2694 ,
2033 2631 2130 2686 hu-

549 2703 760 2771 milem,
806 2703 987 2759 utilem
1008 2747 1023 2772 ,
1055 2712 1312 2760 secretam
1332 2746 1346 2770 ,
1393 2705 1751 2772 frequentem,
1795 2713 2088 2770 promptam
2108 2742 2124 2769 ,

549 2789 814 2847 amaram,
844 2776 1191 2847 lacrymosam
1219 2783 1271 2830 et
1299 2772 1542 2847 festinam
1569 2772 1978 2847 confessionem,
2007 2787 2126 2826 cum

551 2845 709 2899 etiam
756 2841 1169 2900 horam'mort'is
1209 2844 1424 2899 omnino
1464 2845 1787 2900 ignoremus.
1834 2841 1962 2895 Nam
2007 2858 2127 2896 cum

552 2915 604 2968 in
636 2923 876 2970 extrema
900 2916 1208 2985 aegritudine
1235 2914 1456 2982 fueritis,
1481 2910 1704 2976 fratres;
1735 2928 1767 2965 ο
1792 2928 1946 2985 quam
1970 2910 2124 2979 forte,

550 2999 767 3064 cuquam
799 2983 1008 3064 durum,
1041 3001 1074 3040 o
1099 3001 1253 3064 quam
1282 3001 1592 3064 po;n_osum_,
1626 3000 1658 3038 o
1684 2999 1838 3064 quam
1867 2983 2128 3064 lacrym'a-

551 3056 656 3109 bile
685 3057 784 3112 erit
811 3057 959 3112 vobis
981 3055 1238 3124 poenitere
1257 3055 1309 3114 et
1334 3057 1513 3110 dolere
1533 3055 1600 3110 de
1629 3055 1780 3124 malis
1805 3055 2124 3119 commissis,

551 3134 602 3181 ct
624 3126 690 3180 de
720 3126 870 3182 bouis
897 3123 1140 3181 omissis!
1174 3128 1347 3194 Quare
1369 3127 1469 3181 hoc
1489 3128 1610 3191 crit,
1643 3123 1740 3178 nisi
1765 3125 1885 3194 quia
1913 3124 2021 3177 illic
2042 3139 2130 3178 ca-

550 3198 694 3266 pitur
723 3206 830 3251 tota
865 3197 1086 3251 intentio
1115 3193 1336 3264 mentis,
1364 3197 1453 3250 ubi
1483 3206 1566 3251 est
1593 3193 1940 3266 visgdoloris?
1968 3194 2129 3266 Multa

551 3264 692 3338 enim
721 3278 1008 3322 occurrunt
1036 3268 1410 3338 impedimenta
1440 3267 1608 3320 cordi.
1646 3264 1777 3338 Nam
1806 3279 1998 3338 corpus
2034 3264 2132 3319 do—

550 3337 658 3409 let,
700 3353 855 3408 poena
886 3336 1249 3409 aflligit,iquia
1290 3353 1432 3409 mors
1469 3336 1864 3409 appropinquat
1891 3336 2127 3409 intrare:

552 3405 847 3478 filios‘qiios
873 3405 1050 3478 patrés
1071 3405 1276 3463 Summe
1296 3405 1614 3474 dilexerunt,
1643 3421 1738 3476 pro
1755 3406 1950 3478 quibus
1970 3405 2130 3478 etiam

551 3492 610 3534 se
651 3475 928 3535 damnatos
955 3480 1294 3546 existimant,
1328 3479 1609 3533 tenebroso
1646 3475 1805 3530 ioculo
1837 3475 2124 3546 aspiciunt,

555 3563 748 3622 uxores
775 3549 882 3622 jam
925 3545 1671 3622 lacryinantcs’gconsiderant,
1704 3546 1929 3622 mundus
1957 3545 2132 3622 adhuc

552 3620 631 3689 eis
659 3616 902 3675 fiduciam
933 3616 1166 3689 prat'stat,
1195 3620 1438 3675 diabolus
1463 3635 1528 3674 ne
1555 3619 1621 3672 de
1644 3617 1872 3689 peccatis
1893 3616 2127 3689 doleant,

551 3688 710 3743 ﬁdem
740 3687 945 3754 tribuit,
968 3701 1022 3746 et
1042 3691 1452 3760 chirographum
1481 3688 1869 3760 infirmantibus
1899 3687 2125 3760 prmbct;

552 3773 678 3814 caro
704 3776 808 3814 non
840 3759 1068 3816 deficere
1095 3756 1268 3816 adhuc
1294 3756 1437 3816 satis
1477 3766 1687 3828 sperat;
1736 3757 1924 3812 medici
1956 3756 2130 3828 adhuc

554 3839 608 3886 ut
633 3830 922 3899 lucrentur,
949 3833 1117 3900 ipsum
1139 3831 1466 3896 confortant;
1501 3827 1743 3897 parentes
1766 3827 2114 3900 applaudunt,

550 3901 859 3960 sacerdotes
887 3898 1150 3968 alliciunt,
1183 3914 1238 3958 et
1276 3903 1354 3956 sic
1392 3902 1583 3956 divites
1622 3900 1917 3953 moriuntur
1945 3898 1997 3951 in
2043 3898 2128 3952 iu-

549 3969 724 4026 ferno.
758 3971 801 4027 Ο
841 3973 1021 4038 homo,
1067 3973 1260 4028 audisti
1299 3972 1423 4041 quid
1461 3973 1666 4026 locutus
1715 3983 1864 4041 sum;
1910 3969 2129 4041 omnino

552 4043 714 4096 credo
743 4044 880 4111 quod
914 4043 1026 4098 lnec
1052 4045 1228 4098 omnia
1256 4039 1363 4097 cito
1384 4042 1693 4112 experieris.
1717 4040 1950 4093 Obsecro
1972 4039 2130 4112 igitur

553 4117 636 4182 te,
679 4121 1052 4182 utiantequam
1082 4115 1386 4168 infirmitate
1411 4111 1648 4182 graveris
1667 4153 1680 4176 ,
1713 4125 1838 4180 agas
1866 4111 2129 4179 pmniten-

557 4180 705 4251 tiam,
734 4180 983 4249 disponas
1007 4183 1221 4236 domum
1249 4180 1545 4237 tuan'ifFac
1575 4181 1713 4251 quod
1756 4182 1985 4234 fiendnm
2013 4189 2124 4248 est,

553 4249 636 4304 fac
668 4259 1036 4306 testamentum
1062 4294 1076 4318 ,
1127 4251 1250 4306 dum
1296 4267 1455 4305 sanus
1498 4249 1608 4315 es,’
1634 4252 1757 4303 dum
1786 4251 1994 4316 sapiens
2032 4265 2125 4315 es,

553 4319 681 4392 dum
712 4330 828 4375 tuus
853 4339 932 4376 es.
959 4322 1088 4376 Nam
1117 4323 1160 4376 si
1190 4320 1577 4392 exspectaveris
1593 4319 1985 4392 infirmitatem,
2014 4335 2130 4392 oui-

555 4391 684 4444 nino
715 4393 871 4446 minis
897 4392 979 4446 vel
1022 4388 1393 4447 blandimentis
1424 4391 1634 4446 duceris
1662 4404 1766 4459 quo
1807 4399 1860 4443 tu
1893 4406 1994 4442 non
2024 4388 2124 4444 vis.

553 4462 599 4516 0
627 4462 804 4526 homo,
837 4463 960 4516 dum
983 4463 1306 4532 juvenescis,
1334 4464 1554 4532 dispone
1581 4462 1795 4514 domum
1825 4469 1986 4532 tuam,
2031 4475 2128 4532 age

555 4535 950 4602 paenitentiam,
987 4530 1160 4603 dilige
1209 4535 1370 4588 Deum
1421 4530 1522 4586 iiou
1574 4533 1742 4603 solum
1786 4531 1983 4603 verbo,
2023 4530 2128 4603 sed

554 4601 718 4672 cpere
744 4612 796 4658 et
832 4605 1068 4659 veritate.
1102 4601 1184 4658 Ἐι
1225 4605 1267 4656 si
1314 4604 1607 4672 proximum
1635 4601 1898 4656 offendisti
1928 4601 2123 4665 verbo,

556 4671 704 4744 placa
731 4690 850 4728 eum
880 4675 1072 4739 verbo;
1103 4675 1146 4728 si
1179 4671 1332 4736 facto,
1368 4675 1513 4742 placa
1541 4688 1660 4726 eum
1691 4671 1866 4744 facto:
1899 4673 2016 4739 quia
2040 4685 2129 4744 ea-

555 4743 676 4798 dem
718 4761 963 4800 mensura
993 4758 1239 4814 parcetnr
1270 4745 1448 4807 nobis,
1495 4759 1596 4812 qua
1627 4743 1958 4814 pepercimus
1988 4743 2122 4793 aliis.

555 4815 600 4870 0
632 4818 818 4879 homo,
855 4816 933 4870 fac
963 4813 1344 4886 ptenitentiam.
1375 4815 1664 4886 Memorare
1690 4813 1974 4886 novissima
2003 4821 2086 4865 tua
2105 4852 2120 4875 ,

556 4896 614 4956 ut
642 4887 691 4939 in
719 4882 975 4940 :cternuni
1003 4902 1106 4940 non
1135 4900 1322 4954 pecces
1350 4884 1533 4956 (Ecefi.
1567 4899 1660 4956 vn,
1694 4882 1804 4950 4th).
1841 4882 2126 4956 flevertere

555 4955 620 5010 ad
652 4965 702 5011 te
728 4958 920 5024 ipsum,
952 4952 1251 5012 memorans
1277 4952 1416 5026 quod
1444 4954 1582 5009 fuisti
1614 4967 1822 5026 sperma
1844 4952 2123 5026 liquidum,

555 5027 694 5094 quod
736 5023 892 5082 u'iodo
920 5041 978 5082 es
1007 5042 1098 5080 vas
1140 5023 1464 5090 stercorum,
1510 5025 1647 5096 quod
1692 5025 1796 5077 eris
1833 5023 1980 5096 cibus
2008 5037 2127 5096 ver-

555 5091 716 5171 iuiuni
747 5097 840 5171 (a).
871 5098 995 5154 Haec
1017 5099 1303 5171 enimsunt
1325 5091 1606 5171 novissima
1632 5111 1748 5164 qua:
1778 5093 2010 5162 cogitare
2037 5091 2127 5146 de-

557 5167 644 5222 bet
669 5167 902 5237 t‘piotidic
942 5170 1028 5239 qui
1061 5168 1228 5222 fidelis
1255 5177 1353 5222 est.
1397 5167 1440 5221 0
1471 5167 1656 5230 homo,
1688 5178 1984 5239 memorare
2025 5176 2125 5239 n_o-_

557 5233 767 5294 vissiina
797 5251 882 5295 tua
901 5281 913 5304 ,
958 5233 1078 5307 quia
1125 5250 1242 5307 post
1284 5249 1506 5292 mortem
1534 5237 1729 5291 vermis
1759 5243 2006 5287 nascetur
2035 5233 2127 5287 tibi

554 5308 620 5362 de
652 5309 824 5379 lingua
854 5325 948 5381 pro
985 5319 1200 5379 peccato
1237 5309 1449 5377 linguae,
1469 5307 1533 5360 de
1561 5307 1833 5381 stomacho
1867 5321 1960 5373 pro
2003 5318 2126 5372 pec-

554 5387 671 5434 cato
709 5379 877 5452 gula),
923 5381 989 5435 de
1024 5390 1286 5452 spermate
1327 5394 1510 5452 renum
1540 5379 1845 5446 scorpiones
1875 5391 1970 5444 pro
2003 5389 2126 5443 pec-

573 5459 673 5506 .ato
711 5449 954 5515 luxuriat,
983 5449 1298 5506 deicerebro
1325 5449 1544 5503 hufones
1567 5463 1661 5515 pro
1690 5457 1904 5514 peccato
1939 5460 2127 5515 snper-

555 5517 675 5574 bizc.
707 5514 998 5578 Memorare
1029 5521 1310 5577 novissima
1345 5529 1458 5584 tua,
1491 5534 1522 5569 o
1545 5514 1786 5586 juvenis,
1819 5517 1908 5586 qui
1939 5514 2126 5569 floride

551 5589 728 5646 ambis
765 5600 820 5647 et
855 5594 1032 5664 pergis
1058 5591 1228 5663 capite
1256 5591 1461 5646 elevato
1489 5597 1674 5644 enucla
1716 5605 1832 5659 qua:
1867 5588 1957 5642 Dei
1997 5592 2123 5640 sunt

617 5783 694 5854 (α)
727 5785 824 5841 vid.
849 5787 1007 5839 Medit.
1024 5789 1146 5852 apud
1172 5787 1395 5840 Bernard.
1417 5801 1518 5850 cap.
1554 5788 1598 5836 5.

1985 329 2352 390 ΔΡΡΕΝΒΙΚ.
2409 349 2418 354 λ

3660 337 3810 396 1332

2229 447 2590 518 despiciendo.
2617 449 2910 506 Memorare
2936 449 3222 504 novissima
3253 458 3340 504 tua
3357 489 3375 517 ,
3405 449 3529 520 quia
3551 456 3693 504 terra
3720 463 3808 518 es,

2227 529 2279 574 et
2299 523 2351 574 in
2380 530 2571 574 terram
2599 520 2718 574 ibis.
2745 520 3036 575 Memorare
3063 521 3350 575 novissima
3381 529 3490 582 tua,
3521 521 3643 590 quia
3670 534 3806 590 con-

2225 600 2410 660 ceptus
2433 606 2490 645 es
2521 592 2570 643 in
2600 591 2772 659 culpa,
2803 600 2954 645 natus
2979 591 3032 644 iu
3066 606 3241 660 ptena,
3271 593 3456 645 vivens
3482 589 3548 646 in
3567 589 3806 654 miseria,

2223 671 2282 714 et
2321 662 2623 716 necessario
2659 662 2901 715 morieris
2943 663 2994 716 in
3038 663 3298 730 angustia.
3341 663 3384 716 0
3414 663 3576 714 homo
3614 674 3710 713 cur
3758 668 3810 714 te

2219 731 2390 802 jactas
2417 732 2758 803 fortitudine?
2785 734 2920 786 Ecce
2947 748 3082 787 nunc
3110 741 3229 803 post
3261 733 3524 786 modicum
3555 731 3811 803 infigma-

2227 804 2330 867 ris,
2376 812 2428 856 et
2457 803 2659 856 deficis.
2707 801 2814 856 Cur
2859 803 3058 857 inflaris
3104 801 3285 858 mundi
3335 801 3638 872 sapientia?
3669 801 3812 857 Ecce

2226 873 2366 940 quod
2398 873 2616 927 stultitia
2641 881 2741 934 est,
2771 881 2825 928 et
2847 889 2963 928 eam
2990 873 3196 942 perdes,
3225 883 3278 926 cf.
3299 883 3439 927 tuam
3472 872 3810 942 prudentiam

2227 943 2542 1012 reprobaho,
2567 944 2695 997 dicit
2719 941 2996 998 Dominus.
3016 944 3122 998 Cur
3143 943 3342 1000 inflaris
3365 942 3626 998 scientia?
3647 941 3812 994 Num-

2227 1014 2352 1082 quid
2385 1014 2708 1082 philosophis
2738 1014 3075 1069 obscnratum
3103 1023 3185 1068 est
3224 1030 3336 1078 cor,
3371 1025 3425 1068 ct
3451 1015 3501 1066 in
3531 1013 3812 1081 cogitatio—

2227 1084 2383 1138 nibus
2409 1086 2519 1138 suis
2560 1085 2924 1138 evanuerunt?
2955 1084 3215 1153 Numquid
3260 1085 3440 1139 traditi
3477 1094 3601 1138 sunt
3637 1083 3690 1136 in
3721 1096 3812 1153 re:-

2231 1157 2450 1220 probnin
2495 1157 2746 1210 sensum?
2791 1155 2898 1209 Cur
2944 1165 2995 1210 te
3033 1150 3200 1222 jactas
3239 1155 3449 1224 generis
3492 1150 3812 1224 nobilitate?

2226 1224 2488 1294 Numquid
2518 1227 2754 1280 omnium
2801 1225 3051 1280 nascendi
3078 1223 3312 1280 conditio
3340 1241 3441 1279 una
3485 1225 3606 1278 est?
3648 1223 3813 1276 Num-

2228 1296 2351 1364 quid
2381 1305 2434 1351 et
2461 1298 2716 1350 moriendi
2760 1313 2860 1349 una
2905 1297 3216 1350 conclusio?
3258 1296 3385 1364 Quis
3425 1295 3685 1349 nobilium
3714 1309 3814 1364 ung

2229 1362 2386 1436 quam
2409 1376 2562 1420 natus
2581 1377 2662 1422 est
2684 1367 2795 1421 sine
2818 1368 3087 1436 sanguinis
3109 1362 3509 1422 cruentatione?
3540 1362 3809 1433 Numquid

2231 1436 2427 1490 nobilis
2453 1438 2610 1492 simul
2639 1455 2758 1491 cum
2787 1454 3018 1506 [)illlpt'l'e
3042 1453 3135 1506 per
3159 1437 3404 1492 eumdem
3425 1437 3550 1490 dum
3575 1436 3812 1492 nascitur

2229 1518 2462 1562 meatum
2489 1508 2714 1562 transit?
2743 1509 2786 1562 A
2809 1507 2984 1574 regula
3013 1509 3170 1563 etiam
3194 1509 3378 1562 mortis
3402 1506 3661 1576 numquid
3693 1520 3811 1572 par-

2229 1581 2364 1630 citur
2387 1577 2574 1632 diviti?
2605 1579 2711 1633 Cur
2744 1578 2940 1632 divitiis
2971 1589 3018 1632 te
3044 1579 3256 1645 jac-tas?
3285 1578 3416 1646 Ipsa:
3448 1579 3590 1632 enim
3633 1577 3812 1646 potius

2231 1647 2433 1702 insidia!
2463 1651 2552 1702 tibi
2582 1659 2724 1714 sunt,
2771 1665 2932 1718 quam
2971 1649 3236 1702 amiciti-.13.
3282 1645 3413 1702 Nam
3455 1645 3658 1717 pauper
3686 1645 3812 1718 fere

2231 1734 2497 1788 nunquam
2520 1720 2686 1774 occidi
2712 1716 3000 1789 quieritur;
3029 1719 3173 1772 diviti
3197 1734 3327 1772 vero
3352 1716 3564 1788 semper
3595 1716 3812 1789 insidia-

2233 1798 2333 1842 tur.
2359 1784 2672 1856 Memorare,
2705 1784 2745 1842 θ’
2760 1790 2943 1854 homo,
2985 1784 3270 1844 novissima
3300 1799 3385 1842 tua
3406 1832 3422 1855 ,
3454 1784 3542 1858 qui
3576 1784 3812 1858 quotidie

2229 1860 2489 1927 epularis,
2519 1860 2785 1930 quomodo
2813 1861 2982 1915 nudus
3011 1860 3077 1914 de
3112 1871 3262 1916 utero
3291 1861 3474 1913 matris
3502 1859 3694 1913 venisti
3712 1898 3727 1920 ,
3758 1864 3814 1912 et

2231 1930 2404 1982 nudus
2437 1929 2621 1986 revcrt:
2646 1933 2739 1984 ris.
2788 1931 2884 1985 Eia
2928 1947 3089 2001 ergo,
3135 1931 3354 1992 fratres,
3389 1929 3580 1985 domos
3603 1940 3812 1982 vestras

2232 2001 2550 2069 pauperibus
2593 2003 2828 2072 aperite,
2879 2001 3249 2072 eleemosynas
3278 2001 3467 2064 facile,
3512 2001 3813 2070 voluptates

2231 2085 2436 2124 vesu-as
2457 2073 2648 2125 rationi
2672 2072 2967 2141 subjugate,
3004 2073 3058 2127 in
3096 2073 3300 2126 cunctis
3324 2081 3688 2126 memorantes
3717 2081 3813 2122 no-

2232 2141 2443 2194 vissima
2467 2153 2661 2208 vestra,
2681 2152 2738 2196 ut
2763 2144 3055 2197 inor-taliter
3074 2159 3179 2196 non
3203 2143 3430 2210 peccetis
3451 2141 3504 2195 in
3527 2148 3811 2194 arternum.

2231 2211 2461 2278 Adjuvet
2486 2221 2660 2266 autem
2695 2229 2791 2267 nos
2823 2213 2979 2278 Deus,
3015 2213 3129 2266 sine
3154 2212 3305 2283 cujus
3331 2213 3602 2268 voluntate
3629 2211 3814 2283 folium

2231 2283 2436 2337 arboris
2458 2298 2563 2338 non
2589 2295 2852 2346 movetur,
2881 2283 2946 2337 ad
2979 2281 3353 2352 perficiendum
3384 2299 3444 2338 ea
3467 2297 3586 2352 qua:
3623 2281 3815 2352 placita

2231 2365 2356 2478 iam
2394 2354 2471 2420 ei,
2520 2354 2610 2425 qui
2651 2364 2734 2410 est
2774 2355 3087 2410 benedictus
3129 2355 3184 2411 in
3231 2354 3426 2410 swcula
3467 2353 3811 2430 seculorum.

2283 2439 2425 2478 men.

2283 2439 2402 2479 men
2413 2461 2425 2477 ο

2799 2514 3028 2572 SERMO
3055 2515 3244 2571 XLIX.

2232 2623 2300 2664 DE
2337 2624 2548 2664 HISEBIA
2584 2623 2769 2665 CARNIS
2807 2627 2875 2666 ΕΤ
2913 2625 3206 2665 ΡΛιειτΑτε
3253 2621 3560 2664 ΡΒΞΞΕΠΒ
3593 2621 3738 2660 τΙτΒ
3765 2607 3810 2660 ι.

2298 2699 2379 2827 1ςα)
2413 2702 2456 2758 Ο
2483 2703 2587 2760 vita
2617 2719 2735 2772 qua:
2775 2713 2948 2759 tantos
2976 2704 3202 2773 decipis,
3247 2701 3315 2757 de
3363 2699 3594 2770 propriis
3639 2707 3814 2753 tantos

2335 2774 2528 2827 uxisti.
2561 2784 2734 2827 tantos
2763 2775 3084 2827 exc-.ecasti:
3129 2789 3247 2827 autc
3291 2771 3418 2826 dum
3465 2770 3638 2827 fugis.
3685 2768 3813 2822 nihil

2233 2768 2491 2828 seduxisti
2513 2816 2528 2839 ,
2561 2768 2734 2829 tantos
2763 2775 3040 2830 exc-.ecasti
3072 2768 3247 2842 {quin
3291 2768 3418 2826 dum
3465 2768 3638 2842 fugis,
3685 2768 3813 2842 nihil

2233 2859 2326 2908 es;
2357 2843 2481 2898 dum
2513 2845 2706 2898 Vldt.‘l‘lS
2727 2887 2742 2912 ,
2775 2846 2958 2899 umbra
2987 2859 3077 2910 es;
3101 2841 3225 2898 dum
3252 2843 3486 2907 exultas,
3515 2841 3692 2894 fumus
3719 2841 3810 2893 es!

2235 2914 2414 2968 Dulcis
2442 2930 2500 2969 es
2526 2917 2730 2982 stultis,
2762 2925 2816 2970 et
2841 2932 3018 2968 amara
3045 2913 3390 2982 sapientibus.
3425 2913 3523 2977 Qui
3553 2921 3605 2964 lc
3633 2917 3810 2982 amat,

2235 3001 2341 3038 non
2365 2995 2416 3040 te
2442 2979 2747 3054 cognoscit;
2785 2985 2874 3056 qui
2905 2997 2953 3040 te
2993 2979 3367 3056 couteuumnt,
3402 2983 3511 3056 ipsi
3531 2979 3816 3056 te__intclli-

2231 3065 2382 3124 gunt.
2418 3051 2670 3110 'l‘iuieuda
2698 3051 2877 3122 es,'et
2921 3055 3164 3124 fugienda
3195 3071 3272 3109 es.
3311 3054 3398 3106 Vae
3426 3053 3516 3122 qui
3559 3051 3656 3104 tibi
3695 3064 3814 3124 cre-

2235 3120 2402 3190 dunt,
2435 3127 2572 3181 beati
2604 3127 2690 3196 qui
2724 3120 2781 3181 te
2819 3120 3182 3180 coutcinnunt.
3234 3125 3367 3196 Vera
3417 3120 3519 3176 non
3565 3136 3626 3175 es
3670 3120 3808 3185 vita,

2235 3213 2392 3264 quam
2425 3206 2473 3252 te
2517 3196 2773 3252 ostendis.
2807 3197 2938 3252 Aliis
2976 3197 3211 3250 ostendis
3242 3205 3289 3250 te
3318 3195 3524 3264 longam
3545 3235 3558 3257 ,
3589 3200 3647 3244 ut
3676 3205 3814 3264 per-

2235 3262 2331 3324 das
2359 3268 2410 3322 iu
2443 3269 2633 3334 finem;
2658 3267 2773 3320 aliis
2801 3267 3046 3332 brevem,
3076 3278 3131 3321 ut
3161 3268 3283 3320 dum
3318 3262 3578 3335 poenitere
3607 3262 3808 3335 volunt,

2237 3354 2340 3392 non
2373 3333 2649 3409 permittas
2692 3356 2706 3390 :
2735 3338 2853 3393 aliis
2881 3339 3103 3409 largam,
3128 3347 3183 3391 ut
3210 3333 3395 3390 faciant
3419 3334 3542 3409 quid
3591 3333 3810 3395 volunt;

2233 3409 2353 3464 aliis
2373 3407 2659 3478 angustam
2681 3449 2696 3473 ,
2741 3418 2800 3463 ut
2826 3425 2929 3462 non
2962 3407 3154 3462 faciant
3180 3409 3397 3462 bonum.
3427 3407 3631 3473 Quare,
3662 3418 3694 3456 ο
3726 3417 3814 3454 sa-

2238 3481 2415 3550 piens,
2444 3481 2565 3550 fuge
2605 3479 2746 3549 quod
2797 3479 2943 3549 fugit.
2992 3480 3079 3534 Sic
3130 3480 3270 3533 enim
3321 3487 3402 3532 est
3448 3478 3810 3550 vita_nostra,

2234 3542 2577 3620 quasilliomo
2617 3542 2669 3606 in
2696 3542 3089 3620 domovaliena,
3135 3550 3378 3620 nesciens
3407 3563 3511 3616 qua
3557 3544 3690 3597 hora
3733 3542 3812 3620 vel

2235 3612 2322 3676 die
2353 3631 2605 3689 patronus
2625 3621 2798 3686 dicat,
2828 3620 2973 3674 Vade
3000 3612 3139 3673 foras
3168 3638 3180 3674 :
3213 3619 3334 3688 quia
3363 3612 3464 3689 non
3493 3622 3576 3689 est
3600 3623 3693 3689 tua
3719 3612 3813 3666 do-

2235 3685 2432 3746 nius-in
2463 3707 2563 3759 qua
2589 3706 2666 3744 es.
2699 3689 2743 3746 0
2774 3685 3019 3745 S‘JICllitllll
3068 3685 3254 3742 vanum
3278 3729 3290 3751 ,
3320 3687 3444 3759 quid
3489 3685 3809 3759 nobis_tant_a

2235 3752 2536 3832 promittis,
2583 3761 2707 3814 dum
2749 3762 2990 3832 decipis?
3037 3759 3138 3826 Qui
3179 3760 3272 3814 tibi
3318 3752 3520 3832 amicus
3584 3752 3811 3832 voluerit

2235 3825 2385 3893 csse,
2427 3832 2669 3887 inimicus
2737 3831 2836 3886 Dei
2870 3825 3249 3886 constituetur.
3300 3828 3544 3883 Amicitia
3595 3825 3806 3887 saeculi,

2234 3903 2508 3958 inimicitia
2539 3901 2634 3957 Dei
2660 3910 2769 3976 est.
2795 3901 3034 3976 (learo
3060 3911 3162 3970 est,
3191 3916 3308 3971 quae
3335 3899 3564 3976 animam
3593 3895 3805 3976 perdit}

2231 3990 2359 4030 caro
2389 3983 2494 4038 est,
2529 3989 2646 4044 qua:
2668 3967 3291 4044 recipitinimicumcum
3319 3969 3477 4022 vitiis.
3502 3967 3631 4044 Item
3657 3967 3811 4020 semi-

2234 4053 2326 4100 nat
2355 4038 2668 4112 homicidia,
2712 4038 2940 4099 seminat
2968 4043 3364 4102 fornicationem
3382 4038 3657 4112 ,seminat
3683 4050 3808 4090 con-

2177 4167 2184 4174 .
2233 4116 2607 4184 cupisceutiam
2629 4109 2901 4181 {seminat
2930 4115 3098 4178 rixas,
3131 4113 3359 4168 seminat
3387 4109 3658 4184 libidinem
3678 4118 3808 4184 ,_se-

2233 4175 2401 4240 nti-nat
2430 4175 2657 4250 furtum',
2687 4185 2911 4239 seminat
2933 4175 3285 4238 idololatriam
3304 4223 3318 4245 ,
3348 4180 3576 4234 seminat
3601 4175 3806 4250 cupidi-

2234 4265 2415 4320 tatem,
2436 4247 2658 4309 seminat
2675 4256 2994 4324 superbiam,
3013 4264 3065 4309 et
3097 4255 3235 4309 inter
3263 4253 3452 4324 fratres
3472 4247 3806 4324 discordiam,

2234 4327 2464 4380 seminat
2481 4319 2753 4391 invidiam,
2765 4319 2989 4380 seminat
3010 4334 3192 4379 contra
3216 4324 3379 4377 Deum
3403 4319 3804 4391 blasphemiam.

2234 4406 2486 4466 provocat
2511 4389 2830 4466 schismata.
2871 4397 3042 4452 irritat
3064 4393 3330 4460 hzcreses,
3378 4401 3432 4466 et
3458 4389 3807 4466 int:ra_E_ccie—

2233 4461 2365 4520 aiam
2413 4466 2502 4520 Dei
2547 4465 2704 4520 infert
2729 4465 3043 4531 divisiones,
3075 4467 3214 4519 inter
3243 4463 3465 4535 populos
3494 4461 3810 4535 christianos

2232 4538 2380 4606 pOnit
2422 4536 2766 4601 offendicula,
2814 4546 2864 4591 et
2911 4540 3046 4591 inter
3073 4531 3257 4606 gentes
3301 4531 3538 4606 pugnas,
3581 4542 3637 4606 et
3680 4531 3811 4583 inter

2231 4603 2740 4676 consanguinitati-in
2779 4603 3193 4672 incantationes,
3242 4603 3320 4667 et,
3339 4603 3479 4673 quod
3521 4603 3671 4676 pejus
3699 4607 3807 4658 est.

2233 4678 2284 4732 in
2316 4673 2475 4732 corda
2519 4693 2789 4731 servorum
2820 4679 2912 4731 Dei
2952 4678 3160 4731 diversa
3204 4691 3394 4746 genera
3437 4673 3809 4746 cogitationum

2231 4747 2493 4811 immittit,
2527 4757 2578 4800 et
2605 4749 2778 4801 omnia
2807 4765 2922 4816 qua:
2966 4748 3098 4801 mala
3138 4743 3261 4801 sunt
3291 4746 3341 4799 in
3369 4745 3470 4798 hoc
3499 4743 3700 4816 mundo
3723 4755 3810 4816 ea:

2231 4817 2402 4883 duco,
2432 4809 2661 4886 pessimo
2690 4827 2743 4870 et
2785 4809 3045 4882 nefando,
3077 4827 3130 4872 et
3173 4817 3320 4888 quasi
3369 4826 3483 4869 orta
3521 4814 3634 4888 sub
3671 4809 3812 4888 omni

2232 4882 2515 4942 velocitate
2543 4889 2748 4942 transit.
2781 4888 2967 4943 Carnis
2992 4889 3147 4942 etiam
3181 4882 3677 4956 potestatemihabet
3703 4882 3814 4956 dia-

2231 4958 2412 5024 bolus,
2440 4971 2491 5013 et
2536 4976 2638 5012 non
2666 4960 2883 5024 animae,
2934 4960 3143 5014 dicente
3183 4953 3404 5012 Domino
3447 4955 3513 5009 ad
3544 4953 3812 5024 diabolum

2230 5029 2298 5083 de
2322 5023 2476 5084 beato
2503 5029 2602 5083 Job
2632 5047 2644 5082 :
2679 5029 2756 5082 Do
2785 5029 2871 5083 tibi
2899 5030 3041 5084 illum
3070 5031 3122 5084 in
3153 5038 3418 5099 potestate,
3449 5027 3536 5099 sed
3563 5041 3662 5078 non
3699 5023 3810 5076 ani—

2231 5117 2363 5153 mam
2386 5103 2493 5171 ejus
2517 5099 2637 5166 (Job
2669 5117 2725 5166 ιι,
2751 5101 2825 5171 6),
2847 5101 2982 5155 Caro
3005 5097 3195 5154 misera
3217 5107 3399 5171 gravat
3418 5097 3672 5171 animam,
3691 5106 3814 5149 caro

2230 5187 2357 5240 vaga
2387 5165 2646 5240 demergit
2670 5165 2719 5224 in
2749 5165 3028 5224 infernum.
3055 5171 3192 5224 Caro
3218 5165 3432 5240 inimica
3464 5175 3542 5240 est
3569 5165 3762 5240 anima!
3795 5181 3807 5213 :

2230 5235 2347 5312 quin
2377 5243 2419 5295 si
2451 5235 2659 5296 inimica
2694 5259 2794 5295 non
2824 5253 2994 5306 esset,
3029 5259 3130 5293 non
3162 5235 3812 5312 utiquedilcxissetistins

2227 5305 2409 5368 saeculi
2436 5312 2752 5381 vanitatem,
2784 5321 2836 5368 et
2873 5305 3132 5366 vitavana
3179 5305 3282 5365 non
3327 5309 3611 5364 frueretur.
3637 5305 3684 5360 Ο
3710 5306 3808 5358 vita

2295 5474 2310 5504 ι
2339 5479 2387 5520 ιιι
2411 5479 2489 5520 Ms.
2514 5471 2823 5520 Germanensi
2861 5483 2973 5520 ann.
3016 5468 3207 5518 circiter
3239 5464 3362 5516 400:
3388 5472 3457 5514 De
3500 5463 3679 5514 misera
3720 5457 3805 5508 rita

2229 5532 2373 5595 hujus
2388 5533 2569 5583 swculi.
2610 5541 2660 5582 tu
2682 5532 2884 5594 reliquis
2907 5530 3106 5595 plurima
3133 5531 3272 5595 inter]
3293 5527 3419 5577 olata
3453 5533 3504 5574 et
3526 5524 3816 5595 ωυιέμιιιιξι.

2655 5581 2827 5645 Eadem
2849 5581 2955 5644 arte
2975 5592 3158 5642 conficti
3194 5581 3309 5640 sunt
3341 5600 3598 5638 sermones
3617 5585 3682 5634 62
3695 5617 3712 5646 ,
3732 5581 3808 5643 68,

2293 5693 2394 5768 invi"
2403 5693 2465 5768 ἑὲ
2478 5693 2640 5768 Ϊὲὀίει.
2669 5720 2691 5768 ι
2710 5717 2996 5768 Columbam
3018 5715 3220 5765 abbatis.

2317 5733 2346 5766 ιι
2403 5727 2465 5790 Ei:
2499 5733 2527 5768 e
2551 5719 2640 5791 ist.
2669 5719 2996 5790 lColumbanl
3018 5719 3220 5765 abbatis.
3301 5777 3310 5786 ι

2296 5719 2369 5846 ξὺέ
2406 5761 2504 5833 vid.
2637 5782 2702 5833 de
2723 5781 3013 5832 salutaribus
3035 5782 3359 5840 Documentts,
3378 5787 3486 5840 αῳ.
3508 5771 3591 5826 64.
