4100 6344
349 339 486 396 1555

335 449 698 518 atrocissima,
745 449 821 524 (a)
863 463 1020 524 quam
1063 447 1314 504 humores
1342 445 1662 524 _ttimidant,
1707 445 1919 524 dolores

340 532 566 581 mtuant
583 566 598 590 ,
628 516 780 580 aet-es
801 516 1138 587 'morbidant,
1167 532 1303 574 esca:
1341 516 1558 584 inflant,
1581 517 1786 590 jejunia
1809 532 1920 590 ma-

344 605 526 652 cerant
547 635 562 660 ,
585 588 696 664 ‘joci
723 595 963 664 solvunt,
993 591 1562 664 tristitizeconsumunt
1579 629 1600 664 ,_
1623 588 1924 664 sollicitudo

341 658 613 734 coarctat,
645 663 903 720 securitas
928 658 1172 726 hebetat,
1200 658 1398 734 diviti-te
1425 659 1771 734 superbiant,
1795 673 1925 729 pau-

411 746 520 793 rtas
569 730 744 806 ejicit,
787 736 1032 806 juventus
1077 732 1310 796 extollit,
1363 737 1610 806 senectus
1653 730 1920 806 incurvat,

411 753 520 793 rtas
569 753 744 806 ejtcu,
787 753 1032 806 juventus
1077 753 1310 796 eumut,
1363 753 1610 785 sciremus
1653 753 1920 795 utcurvat,

340 753 533 878 ﬁngit
575 806 888 872 infirmitas,
943 819 1141 878 maror
1185 803 1483 878 consumit,
1536 809 1591 855 et
1623 813 1788 878 super
1840 800 1923 878 bis

341 871 586 933 omnibus
629 893 772 933 mors
815 871 1142 930 atrocissima
1172 871 1466 927 succumbit
1512 883 1570 925 ut
1617 871 1921 925 furibunda.

340 948 384 1005 θ
421 965 547 1003 caro
587 965 708 1006 cum
733 945 1061 1004 deformitate
1089 946 1371 1014 depressa,
1405 943 1547 1014 illam
1585 942 1817 1014 debuisti
1847 941 1924 1014 vi-

349 1031 454 1076 tam
483 1019 730 1090 amplecti
779 1033 900 1090 qua;
929 1020 1000 1090 Ain
1043 1013 1339 1090 {sterilitate
1381 1013 1661 1078 consistit,
1695 1013 1923 1090 ubivita

339 1100 422 1146 est
458 1083 588 1145 sine
622 1083 824 1152 morte',
854 1088 942 1142 ubi
965 1089 1212 1158 juventus
1238 1086 1360 1158 sine
1378 1094 1648 1158 senectute
1673 1124 1688 1148 ,
1719 1083 1923 1158 u_b_i__lux

338 1162 455 1217 sine
478 1159 708 1216 tenebris
728 1201 743 1226 ,
773 1160 859 1213 ubi
883 1154 1130 1228 gaudium
1158 1158 1272 1210 sine
1301 1155 1542 1219 tristitia,
1566 1155 1650 1208 ubi
1675 1154 1923 1209 nobilitas

339 1240 393 1288 et
424 1232 663 1288 voluntas
689 1233 805 1285 sine
829 1230 1048 1299 injuria,
1081 1229 1170 1282 ubi
1215 1242 1436 1296 regnum
1466 1229 1593 1299 sine
1619 1234 1919 1299 commuta:

340 1303 504 1357 tione.
539 1303 661 1357 llazc
691 1311 815 1356 sunt
857 1296 1062 1370 septem
1102 1314 1220 1368 qua:
1247 1299 1519 1370 consequi
1565 1296 1844 1370 debueras.
1878 1296 1921 1350 Ο

335 1387 463 1428 caro
491 1374 835 1436 miserabilis,
863 1367 1028 1441 quare
1057 1369 1256 1441 negasti
1285 1369 1410 1441 dum
1438 1367 1686 1441 viveres?
1717 1367 1772 1420 Si
1803 1381 1923 1436 pcr-

335 1458 641 1499 severasses
692 1438 966 1506 bonafet
1010 1438 1332 1511 quibuslibet
1373 1438 1524 1493 bonis
1565 1438 1762 1507 privata
1813 1454 1920 1511 non

331 1515 560 1582 fuisses,
593 1514 638 1569 si
679 1514 814 1568 bene
841 1508 1061 1582 egisses.
1094 1511 1201 1564 lllic
1223 1510 1367 1582 enim
1397 1511 1784 1582 permansisses
1829 1508 1919 1562 ubi

333 1594 416 1639 est
461 1578 710 1654 gaudium
759 1578 1171 1652 sempiternum,
1217 1580 1305 1654 ubi
1347 1578 1800 1654 immat'ceseibilis
1839 1589 1921 1654 est

331 1649 531 1726 gloria,
564 1656 658 1726 ubi
679 1649 1088 1726 incorruptibilis
1110 1661 1192 1726 est
1214 1661 1267 1704 ct
1295 1650 1720 1726 incomparabilis
1769 1649 1920 1704 dele-

333 1719 525 1792 ctatio,
577 1725 665 1780 ubi
691 1719 934 1780 Christus
965 1723 1338 1792 Apostolorum
1379 1731 1433 1774 et
1457 1719 1839 1791 Prophetarum
1866 1729 1922 1775 et

335 1809 636 1851 Sanctorum
670 1796 904 1849 omnium
933 1793 1358 1862 estjncunditas,
1389 1806 1593 1844 necnon
1624 1799 1677 1862 et
1703 1806 1915 1862 summa

334 1867 514 1922 lmtitia
544 1883 662 1920 cum
698 1867 894 1920 sanctis
940 1861 1156 1934 Angelis
1201 1863 1512 1934 canentibus
1543 1861 1723 1915 Iaudes
1769 1861 1916 1934 Deo,

334 1939 422 1992 ubi
466 1938 745 1992 delectatio
787 1933 1042 1992 omnium
1070 1936 1348 1989 bonorum.
1400 1933 1522 1986 llaec
1558 1934 1734 1986 omnia
1781 1933 1919 1986 bona

333 2008 664 2077 delectabilia
723 2024 814 2077 per
869 2007 1023 2075 lmjus
1071 2005 1254 2077 szeculi
1317 2005 1602 2073 pravitates
1649 2004 1917 2077 sprevisti.

333 2075 473 2134 Ecce
519 2089 638 2148 post
667 2074 828 2133 linem
872 2074 1112 2147 quamvis
1143 2077 1193 2130 in
1227 2075 1352 2128 limo
1367 2083 1534 2148 terra:
1563 2074 1916 2148 manciperis,

335 2148 502 2204 babes
519 2143 906 2213 inimicitiam,
935 2148 986 2201 id
1027 2157 1108 2203 est
1146 2143 1818 2215 corruptionem,fetorem
1865 2152 1919 2199 et

332 2234 568 2274 vcrmem
589 2259 605 2285 ,
635 2229 689 2274 et
713 2219 1114 2274 dissolutionem
1160 2216 1343 2270 fetoris
1374 2215 1568 2284 pateris
1587 2255 1602 2276 ,
1649 2223 1704 2270 ut
1728 2215 1918 2270 viven-

334 2297 414 2345 tes
458 2290 526 2344 de
557 2300 606 2346 te
635 2291 934 2359 exemplum
979 2289 1271 2357 accipiant,
1303 2287 1428 2356 quid
1473 2286 1649 2350 fttisti,
1699 2295 1754 2340 et
1791 2285 1917 2359 quid

333 2375 392 2415 es
425 2362 582 2431 :quia
609 2377 638 2414 a
663 2358 933 2417 vermibus
961 2359 1292 2414 consulueris
1312 2398 1327 2424 ,
1375 2366 1647 2431 postremo
1688 2371 1815 2431 vero
1864 2358 1917 2410 in

335 2428 492 2502 iineni
517 2442 733 2502 propter
749 2431 1054 2494 novissima,
1084 2437 1303 2502 propter
1329 2429 1644 2502 redeuntem
1661 2428 1912 2502 animam,

335 2500 385 2555 id
416 2498 532 2567 est,
563 2498 720 2556 vitam
753 2503 805 2556 in
829 2498 1096 2569 corpore,
1120 2501 1170 2553 in
1202 2513 1307 2570 quo
1332 2501 1477 2570 prius
1503 2498 1677 2562 fuisti,
1710 2499 1915 2570 suppli-

333 2572 430 2627 ciis
457 2575 670 2627 aeternis
701 2568 1118 2640 tnancipaberis,
1142 2579 1195 2624 et
1221 2568 1234 2570 ἡ
1258 2569 1415 2623 simul
1467 2583 1585 2622 cum
1615 2570 1792 2640 anima
1819 2568 1915 2620 da-

335 2644 711 2714 mnaberis.(b)
742 2642 786 2698 Ο
804 2639 996 2697 misera
1021 2643 1196 2694 anima
1225 2655 1380 2709 quam
1409 2653 1534 2714 caro
1551 2639 1911 2706 persequitur.

337 2713 472 2767 Caro
500 2708 826 2784 concupiscit
845 2755 859 2777 ,
901 2728 1096 2781 corpus
1123 2708 1391 2784 operatur:
1423 2708 1560 2762 Caro
1590 2718 1766 2784 autem
1793 2723 1916 2784 cum

336 2785 557 2840 satiatur
584 2780 1238 2839 aflluentissimiscibisct
1267 2780 1479 2849 potibus
1503 2787 1558 2849 ct
1603 2780 1914 2833 delectatio-

334 2855 524 2919 nibus,
572 2855 812 2909 hortatur
857 2854 1034 2907 omnia
1066 2853 1199 2904 mala
1252 2848 1442 2903 facere.
1488 2848 1625 2902 Caro
1668 2856 1919 2916 provocat

333 2921 617 2980 homicidia
641 2967 657 2991 ,
697 2939 823 2979 caro
850 2931 1121 2993 perpetrat
1161 2920 1418 2993 adulteria
1441 2959 1455 2981 ,
1485 2933 1609 2972 caro
1634 2920 1920 2973 committit

332 2996 478 3050 rixas
501 3004 556 3050 et
579 2991 865 3061 scandala,
889 2991 1014 3048 caro
1053 2991 1236 3046 inserit
1263 2991 1572 3061 ebrietatem
1595 3003 1762 3061 ,_caro
1792 3004 1917 3061 por-

334 3073 409 3122 tat
434 3081 645 3120 omnem
671 3058 1150 3135 concupiscentiam
1182 3062 1336 3131 hujus
1365 3060 1563 3135 saeculi.
1591 3058 1637 3113 Ο
1664 3074 1787 3113 caro
1815 3059 1917 3112 mi-

335 3150 491 3202 sera,
542 3138 668 3207 quid
715 3131 913 3200 habes,
958 3135 1086 3207 quid
1131 3131 1448 3207 agis,_qu_id
1489 3140 1689 3207 tantum
1729 3143 1918 3207 gra_vas

333 3200 594 3270 animant,
623 3224 743 3278 quae
785 3207 915 3261 nihil
941 3200 1208 3278 desiderat
1230 3200 1354 3278 nisi
1385 3202 1764 3278 Deoscrvire?
1804 3200 1915 3278 ΤιιΞ

334 3293 368 3332 o
393 3293 517 3333 caro
551 3271 744 3334 misera
788 3296 801 3331 :
831 3294 935 3332 non
963 3277 1159 3331 suflicit
1205 3274 1297 3328 tibi
1329 3273 1554 3341 perditio
1605 3282 1690 3326 tua
1714 3313 1726 3335 ,
1773 3271 1916 3340 quod

333 3349 508 3404 adhuc
534 3351 764 3406 animam
808 3349 1072 3404 infelicem
1105 3357 1276 3401 tecum
1306 3345 1616 3412 demergere
1660 3342 1919 3398 conaris?

339 3419 428 3474 γω
459 3421 575 3486 tibi,
609 3421 784 3476 anima
805 3460 820 3486 ,
865 3435 985 3489 quae
1017 3417 1110 3471 tibi
1155 3431 1367 3470 carnem
1403 3414 1732 3489 contrariam
1753 3428 1919 3489 _acce-

334 3490 477 3560 pisti.
507 3483 640 3546 caro
683 3483 851 3558 mala,
883 3483 1007 3560 quid
1035 3489 1262 3560 quieris,
1294 3486 1439 3560 quid
1459 3485 1731 3560 desideras
1751 3483 1919 3560 ?__No_n

331 3553 478 3616 enim
526 3562 719 3630 poterit
741 3553 855 3617 sine
902 3553 957 3616 te
1004 3553 1179 3614 anima
1221 3553 1446 3630 judicari
1491 3556 1546 3630 in
1586 3555 1672 3609 die
1711 3553 1914 3623 judieii.

333 3632 473 3688 Caro
503 3627 696 3688 misera
719 3643 773 3688 et
801 3631 1066 3701 putribilis
1085 3672 1100 3696 ,
1141 3639 1196 3684 et
1223 3629 1372 3701 omni
1396 3627 1642 3701 squalore
1673 3634 1920 3701 peccato-

335 3717 454 3756 rum
482 3702 667 3771 plena,
704 3697 914 3772 quando
937 3702 1050 3756 viva
1079 3715 1199 3772 eras
1223 3740 1238 3765 ,
1287 3699 1508 3772 pulchra
1552 3710 1672 3752 eras
1697 3705 1752 3750 ut
1794 3697 1874 3772 _s_ol
1897 3733 1915 3761 ,

331 3766 610 3842 splendida
641 3766 696 3828 ut
723 3766 880 3837 luna,
925 3782 978 3828 et
1002 3771 1141 3826 oculi
1181 3773 1254 3842 tui
1291 3766 1563 3842 micabant
1607 3776 1665 3842 _ut
1713 3766 1913 3833 stellze,

331 3838 386 3899 et
412 3845 585 3899 crines
610 3844 685 3900 tui
714 3844 962 3914 longaevi,
993 3852 1048 3897 et
1070 3841 1298 3910 ungebas
1329 3847 1386 3914 te
1409 3838 1650 3914 preiiosis
1671 3853 1916 3914 unguen-

335 3915 404 3968 tis
428 3957 442 3977 ,
487 3915 724 3970 vestibus
753 3909 988 3969 ut'ebaris
1013 3909 1254 3981 optimis,
1300 3919 1351 3964 et
1377 3911 1426 3963 in
1453 3909 1584 3963 cibis
1611 3909 1712 3981 tu_is
1738 3918 1790 3961 et
1808 3923 1916 3981 _po-

333 3985 475 4040 tibus
529 3985 799 4040 condebas
843 3977 1136 4038 aromatum
1181 3981 1589 4034 multitudinem.
1639 3977 1707 4031 Et
1747 3979 1914 4048 scito,

333 4058 510 4110 anima
535 4099 550 4120 ,
580 4056 705 4110 dum
732 4070 926 4124 corpus
955 4054 1290 4108 tenebrosum
1313 4060 1366 4103 et
1397 4048 1916 4124 fetidutn_reliciebas

332 4136 493 4196 atque
515 4119 728 4181 fovebas
742 4165 758 4194 ,
781 4119 931 4196 escas
951 4124 1219 4196 vermibus
1235 4136 1476 4196 praepara
1485 4120 1596 4196 bas:
1607 4119 1851 4196 _Memora
1860 4135 1916 4174 re

331 4190 561 4252 debuisti
591 4213 710 4266 quat
745 4190 781 4250 'a
811 4195 1010 4250 factore
1049 4194 1318 4266 etopilice
1363 4202 1450 4244 tuo
1499 4190 1763 4266 audieris,
1793 4205 1916 4266 cum

329 4267 563 4338 primum
595 4261 1199 4338 peccatumicommisisti
1236 4261 1434 4338 :_Tei_'rq
1456 4279 1526 4326 es,
1569 4261 1766 4338 inquit,
1795 4262 1918 4316 etin

330 4329 519 4410 iet-ram
547 4329 804 4392 reverteris
830 4336 984 4410 (Gen.
1013 4351 1088 4401 ιιι,
1117 4331 1224 4407 l9).
1257 4329 1450 4410 Et_.|ob
1479 4331 1601 4385 audi
1629 4329 1914 4410 dicentem,

331 4409 525 4463 Nudus
551 4426 776 4480 egressus
801 4401 926 4480 sunt
952 4409 1014 4480 de
1039 4401 1374 4480 titero'mqtris
1399 4418 1556 4480 _mew,
1581 4411 1627 4455 et
1651 4401 1819 4480 nudus
1841 4419 1921 4457 re-

332 4492 499 4534 vertar
524 4473 648 4552 iifuc
675 4479 794 4552 (Job
824 4495 870 4543 ι,
899 4479 1016 4550 2|).
1055 4477 1184 4552 Audi
1210 4476 1368 4552 eiiam
1399 4474 1585 4552 lsaia_n_t
1617 4473 1916 4552 vaticinan-

333 4559 479 4615 tem,
521 4550 646 4604 Vere
675 4541 1183 4621 fenum'estpqpulics
1209 4544 1358 4618 (Isai.
1389 4559 1490 4621 xr._,
1523 4545 1598 4612 7).
1639 4541 1776 4621 Caro
1822 4545 1920 4598 mi-

330 4635 452 4676 sera
489 4631 539 4677 et
571 4615 824 4686 nefanda,
866 4615 988 4672 audi
1019 4615 1237 4686 Paulum
1264 4616 1559 4686 apostolum
1607 4615 1920 4686 prtedicato-

334 4708 450 4747 rem
498 4693 768 4763 egregium
811 4684 1134 4763 dicentem,
1182 4685 1329 4739 Nihil
1374 4684 1634 4763 intui-infit
1686 4684 1740 4736 in
1787 4687 1928 4763 fugio.

334 4752 580 4816 mundum
605 4752 760 4830 ,vnec
789 4761 988 4829 auferre
1014 4752 1134 4828 quid
1173 4753 1509 4827 possumus“
1542 4752 1678 4830 Tim.
1718 4770 1767 4808 vI
1791 4796 1804 4820 ,
1838 4755 1915 4826 7).

331 4831 473 4888 Nihil
502 4826 642 4889 aliud
669 4849 792 4888 caro
818 4826 1141 4887 miscra’nisi
1167 4826 1502 4899 peccatorum
1545 4826 1807 4899 sarcinam
1837 4841 1918 4878 δυο

329 4915 454 4959 cum
511 4912 703 4975 portat.
753 4903 868 4958 Non
923 4902 1022 4956 nisi
1071 4895 1184 4975 per'
1213 4913 1427 4975 carnem
1480 4895 1654 4949 anima
1713 4905 1914 4966 peccat.

329 4970 522 5030 Anima
553 4975 820 5045 quomodo
848 4981 1023 5045 potest
1047 4971 1242 5045 videat.
1287 4970 1480 5045 _Anima
1510 4975 1688 5045 nostra
1733 4982 1918 5045 carce-

329 5061 444 5100 rem
476 5038 688 5115 patitur,
716 5038 984 5101 caro'eam
1027 5052 1168 5098 tenet
1198 5041 1473 5115 inclusam:
1501 5038 1695 5115 _Anima
1727 5039 1922 5093 clamat

329 5115 398 5170 ad
429 5109 707 5171 Dominum
728 5158 742 5182 ,
788 5132 894 5171 non
939 5131 1064 5170 caro
1089 5127 1208 5184 quae
1238 5113 1315 5184 in
1349 5109 1566 5184 malitia
1595 5117 1916 5184 perfeverat.

329 5188 524 5242 Anima
567 5180 858 5243 remedium
901 5186 1043 5242 aliud
1099 5180 1204 5237 non
1237 5182 1426 5246 habet,
1472 5180 1570 5234 nisi
1637 5181 1849 5234 tollatur
1889 5197 1919 5233 a

336 5272 534 5325 carne,
567 5268 619 5314 et
647 5273 772 5314 caro
797 5257 1066 5327 redigatur
1095 5254 1146 5327 in
1178 5255 1444 5327 pulverem
1469 5268 1480 5314 ;
1517 5250 1732 5327 tollatur
1759 5249 1806 5327 ei
1835 5249 1918 5302 ‘vi-

305 5371 310 5374 .
334 5342 465 5384 num
483 5370 498 5394 ,
521 5320 582 5384 ἐι
606 5331 762 5384 detur
784 5329 832 5384 ei
853 5320 986 5399 aqua
1009 5344 1023 5392 ;
1050 5320 1318 5399 auferatur
1345 5324 1392 5378 ei
1420 5323 1634 5399 sapguis
1653 5361 1666 5387 ,
1692 5331 1743 5376 et
1765 5320 1922 5376 detur

331 5399 386 5454 ei
416 5392 607 5456 humor
637 5392 971 5456 terrenust
997 5413 1120 5453 caro
1152 5396 1341 5450 misera
1365 5437 1378 5460 ,
1413 5393 1536 5463 quid
1563 5392 1630 5447 de
1657 5403 1707 5447 te
1736 5401 1922 5462 agetur

331 5471 548 5542 quando
573 5486 602 5525 a
631 5480 682 5526 te
718 5470 978 5540 egrediar,
1010 5479 1063 5524 et
1082 5469 1206 5542 vita
1232 5482 1264 5542 _a
1315 5475 1364 5520 te
1401 5463 1652 5542 recedet?
1685 5463 1765 5518 Tu
1807 5465 1919 5518 sola

331 5535 389 5597 in
415 5550 571 5596 utero
613 5551 668 5598 et
709 5535 826 5597 sinu
874 5551 1031 5595 terrae
1075 5538 1310 5608 jacebis,
1360 5546 1415 5608 et
1463 5535 1602 5588 aliud
1649 5547 1920 5605 nunquam

331 5613 696 5684 manciperis:
739 5613 958 5668 habebis
987 5613 1038 5665 in
1078 5607 1140 5664 ite
1199 5607 1560 5664 lnereditatcm
1601 5608 1915 5676 pessimam,

395 5747 472 5812 (ιι)
505 5745 684 5812 sichb.
710 5745 916 5812 Speculi,
937 5758 1041 5812 cap.
1067 5743 1144 5793 2t.

400 5805 474 5877 (ι)
512 5810 608 5861 \‘id.
635 5809 720 5862 lib.
740 5805 806 5861 de
825 5805 1119 5860 salutaribus
1135 5807 1459 5868 Documentis,
1483 5818 1587 5869 cap.
1623 5805 1704 5857 6i.

1401 329 1494 387 AD
1522 327 1838 388 FRATRES
1875 329 1942 388 lN
1980 329 2217 388 EREMO
2255 328 2486 388 SERMO
2522 329 2586 386 L.

3472 336 3613 393 1354

2031 443 2087 502 id
2116 457 2230 523 est,
2259 447 2686 523 corruptionem,
2723 447 2940 502 fetorem
2982 455 3037 503 et
3059 464 3289 523 vermes.
3323 449 3462 506 Ecce
3489 468 3610 523 qua:

2031 518 2568 592 acquisivisti,i'dnm
2611 518 2895 592 viva__cras
2929 537 2941 572 :
2991 535 3117 592 ecce
3159 520 3286 590 quid
3330 518 3608 592 possides.

2032 587 2159 644 dum
2185 589 2237 643 in
2264 589 2506 662 sepulcro
2533 588 2709 662 jaces.
2740 587 2852 643 Non
2886 591 3096 662 potuisti
3123 587 3409 662 tc'jejun'iis
3436 607 3612 649 mace-

2032 675 2173 725 rare,
2205 675 2267 714 ac
2288 660 2583 734 jejuniis'in
2608 660 2852 734 cinereet
2867 660 3042 734 cilicio
3071 660 3384 734 bumiliare?
3409 664 3461 718 In
3489 679 3612 734 per-

2031 739 2247 801 petuum
2279 745 2400 803 cum
2429 731 2602 803 anima
2635 733 2780 785 salva
2807 731 3026 803 fuisses,
3075 734 3120 786 si
3170 734 3219 787 ei
3263 731 3608 803 credidisses,

2031 803 2152 873 quia
2179 817 2282 856 non
2315 802 2450 856 bene
2481 801 2655 857 facere
2695 812 2876 873 potes,
2919 802 3020 856 nisi
3065 803 3184 858 aliis
3207 805 3342 859 bene
3373 805 3562 860 feceris
3585 801 3608 861 ’ἑ

2033 871 2132 926 hoe
2179 883 2292 938 est,
2350 873 2449 927 nisi
2502 871 2710 940 corpus
2745 889 2838 943 per
2890 874 3262 928 abstinentiam
3308 875 3560 931 al'flixeris
3591 919 3609 943 ,

2033 945 2264 997 animant
2293 945 2505 998 salvare
2534 959 2638 998 non
2691 943 2908 1014 poteris.
2943 944 3077 998 Audi
3107 946 3233 1015 quid
3259 945 3482 1000 Creator
3508 962 3608 1001 no-

2029 1024 2141 1069 ster
2165 1015 2308 1088 dicat
2331 1015 2396 1069 ad
2425 1029 2682 1088 carnem:
2728 1015 2790 1080 0,
2813 1016 2980 1085 inquit
2998 1057 3016 1088 ,
3034 1031 3164 1088 mea
3193 1026 3431 1088 creatura
3455 1056 3468 1080 ,
3492 1032 3610 1088 rego

2032 1095 2082 1140 te
2108 1103 2171 1139 ex
2200 1087 2325 1141 limo
2349 1097 2504 1140 terra:
2532 1086 2803 1156 pulchram
2833 1096 2886 1140 et
2912 1086 3137 1140 lucidam
3161 1087 3454 1156 assumpsi,
3487 1086 3611 1142 ima-

2023 1158 2204 1225 ginem
2228 1173 2396 1211 meam
2423 1157 2474 1210 in
2503 1166 2554 1212 te
2579 1157 2788 1210 condidi
2813 1199 2824 1220 ,
2849 1159 3112 1226 spiramen
3133 1158 3255 1211 vitm
3277 1157 3467 1223 tribui,
3497 1160 3611 1212 aui-

2029 1243 2168 1280 mam
2195 1229 2508 1284 invisibilem
2553 1228 2644 1282 tibi
2674 1230 2946 1293 concessi,
2995 1230 3402 1282 immortalitatis
3434 1230 3610 1284 tunica

2031 1308 2082 1352 te
2112 1299 2254 1352 indui
2276 1341 2290 1366 ,
2319 1301 2371 1352 in
2401 1299 2645 1368 paradiso
2675 1299 2954 1367 voluptatis
2985 1309 3036 1353 te
3061 1301 3313 1352 collocavi
3336 1341 3348 1360 ,
3379 1300 3482 1353 vita
3514 1315 3609 1353 an-

2026 1370 2193 1438 gelica
2225 1370 2577 1439 perfruebaris
2599 1412 2611 1432 ,
2644 1371 2789 1423 cibos
2819 1378 2877 1422 et
2909 1369 3239 1424 delectabilia
3264 1370 3608 1438 jncnnditatis

2025 1442 2472 1508 contemplabaris
2494 1482 2506 1503 ,
2537 1450 2589 1494 et
2618 1442 2791 1493 omnia
2818 1455 2936 1509 qum
2961 1442 3133 1494 creavi
3167 1442 3218 1493 in
3251 1451 3334 1494 tua
3363 1441 3605 1494 domina-

2025 1512 2172 1566 tione
2219 1512 2523 1576 lmmiliavi,
2557 1521 2610 1565 et
2656 1512 2933 1565 affluenti-5
2965 1511 3170 1564 divitias
3200 1511 3340 1565 dedi.
3388 1512 3608 1578 Insuper

2025 1592 2079 1636 et
2105 1583 2280 1637 omnia
2311 1584 2447 1650 ligna
2473 1582 2698 1648 paradisi
2728 1583 2818 1635 tibi
2849 1583 3056 1634 subdita
3087 1592 3236 1635 erant
3258 1624 3272 1646 ,
3302 1592 3352 1636 et
3377 1597 3474 1651 pro
3499 1597 3607 1635 uno

2023 1655 2196 1706 vetito
2221 1655 2362 1722 quod
2389 1653 2582 1707 ibidem
2613 1653 2888 1707 comedisti
2911 1695 2923 1716 ,
2956 1668 3080 1707 ecce
3104 1653 3193 1706 ubi
3215 1653 3479 1714 cecidisti,
3505 1654 3609 1705 sci-

2027 1724 2144 1794 licet
2172 1725 2238 1779 tle
2267 1725 2515 1794 Paradiso
2548 1726 2596 1778 in
2629 1725 2890 1777 infernum
2914 1765 2926 1786 ,
2974 1725 3039 1777 de
3071 1725 3185 1776 luce
3225 1723 3288 1777 ad
3323 1724 3602 1794 tenebras,

2023 1793 2092 1847 de
2137 1793 2455 1850 amoenitatis
2499 1804 2552 1850 et
2596 1795 2938 1864 jucunditatis
2983 1795 3099 1846 loco
3142 1794 3204 1847 ad
3237 1795 3399 1847 chaos
3443 1803 3497 1847 et
3539 1793 3608 1847 ad

2023 1867 2199 1918 omnia
2224 1868 2594 1921 obscurissima
2638 1867 2770 1918 mala
2797 1883 2811 1918 :
2835 1879 2930 1934 pro
2958 1865 3254 1918 delectabili
3277 1864 3440 1918 odore
3467 1877 3608 1919 nunc

2025 1939 2288 2004 putretlini
2320 1947 2372 1991 et
2417 1939 2585 2006 putori
2631 1936 2978 2004 manciparis;
3003 1951 3100 2005 pro
3121 1951 3238 1988 esca
3257 1936 3524 2004 angelica,
3554 1936 3608 1989 in

2024 2007 2144 2060 cibo
2183 2009 2449 2062 vermibus
2478 2008 2806 2076 subjacehis;
2853 2021 2948 2075 pro
2989 2007 3398 2060 immortalitatis
3422 2014 3603 2070 veste,

2023 2089 2276 2150 corrupto
2323 2079 2501 2132 induta
2533 2093 2589 2130 es
2632 2079 2967 2132 vestimento.
3005 2079 3138 2150 Ecce
3179 2091 3337 2146 quam
3365 2076 3610 2150 concessi

2023 2147 2401 2204 vitam'abstuli
2450 2157 2503 2205 et
2546 2150 2779 2203 subtraxi
2801 2191 2813 2214 ,
2848 2157 2904 2202 ut
2940 2155 2993 2201 tu
3025 2148 3214 2202 misera
3244 2156 3298 2202 et
3343 2147 3609 2217 putribilis

2022 2233 2149 2274 caro
2188 2221 2398 2275 inferno
2428 2220 2779 2289 manciperis,
2828 2219 2914 2273 ubi
2957 2228 3037 2273 est
3081 2218 3236 2272 ﬂetus
3282 2216 3608 2287 et’nmgitus

2023 2300 2182 2360 atque
2203 2293 2428 2346 ululatus
2443 2333 2456 2355 ,
2483 2293 2698 2360 insuper
2717 2300 2772 2344 et
2793 2290 2988 2345 stridor
3007 2290 3240 2343 dentium
3261 2299 3313 2343 et
3333 2289 3607 2343 teterrima

2025 2368 2285 2415 tormenta
2317 2380 2330 2415 :
2364 2371 2417 2416 et
2438 2405 2450 2426 ,
2497 2362 2636 2432 quod
2669 2363 2816 2430 pejus
2835 2369 2956 2432 est,
3001 2369 3122 2430 post
3149 2368 3373 2413 mortem
3405 2361 3453 2432 in
3484 2373 3609 2411 cor-

2021 2433 2320 2500 ruptioncm
2340 2475 2351 2496 ,
2378 2442 2498 2501 post
2515 2430 2731 2486 vermes
2755 2440 2806 2484 et
2829 2431 3048 2501 fciorem
3071 2441 3123 2484 et
3147 2430 3610 2501 consumptionem

2025 2499 2204 2569 postea
2234 2504 2283 2557 in
2313 2499 2583 2571 pulverem
2607 2502 2842 2556 redacta.
2869 2499 2915 2555 Ο
2938 2515 3062 2555 caro
3083 2517 3200 2569 quae
3223 2500 3326 2568 igni
3355 2500 3612 2571 incastin-

2021 2568 2202 2642 gnibili
2231 2568 2617 2642 inancipaberis
2641 2615 2653 2636 ,
2681 2572 2801 2626 audi
2831 2572 3058 2625 animam
3087 2568 3349 2642 dicentem
3392 2568 3457 2642 ad
3487 2582 3612 2623 cor-

2023 2640 2124 2711 pus
2159 2664 2170 2698 :
2203 2645 2312 2714 Ego
2344 2640 2422 2698 de
2453 2646 2589 2698 cmio
2621 2643 2738 2696 veni
2779 2658 2807 2696 a
2840 2644 2946 2695 Deo
2966 2655 3215 2714 concessa
3250 2641 3362 2714 tibi:
3391 2640 3522 2714 Nam
3552 2648 3609 2693 tu

2022 2710 2089 2768 de
2113 2710 2332 2771 terra'es
2352 2732 2364 2767 :
2387 2716 2575 2768 melius
2598 2723 2681 2768 est
2707 2721 2760 2765 ut
2785 2727 2990 2766 mecum
3018 2712 3273 2764 ascendas
3301 2710 3365 2763 ad
3391 2711 3608 2778 caelum,

2023 2801 2182 2854 quam
2211 2795 2266 2838 ut
2291 2801 2376 2840 me
2407 2786 2584 2838 trahas
2609 2785 2673 2836 ad
2704 2784 2984 2836 infernum.
3020 2783 3151 2835 Dum
3184 2781 3410 2854 vivimus
3441 2788 3496 2835 et
3519 2795 3609 2835 su-

2023 2852 2143 2910 mus
2170 2859 2221 2910 in
2250 2871 2412 2908 unum
2437 2897 2452 2920 ,
2481 2869 2763 2924 operemur
2811 2854 3055 2905 manibus
3082 2852 3223 2922 quod
3265 2853 3462 2924 bonum
3490 2858 3606 2924 est,

2024 2927 2075 2980 id
2101 2938 2182 2980 est
2201 2971 2215 2994 ,
2248 2921 2616 2997 eleetnosynas
2641 2931 2696 2977 et
2737 2923 3018 2997 jejuniain
3047 2921 3288 2977 castitate
3319 2931 3373 2977 et
3425 2922 3478 2976 in
3507 2921 3609 2997 ho-

2024 2992 2311 3067 spitalitate
2335 2992 2648 3066 egenorum,
2675 2992 2808 3049 etin
2839 2994 3074 3067 nuditate
3103 3007 3392 3062 pauperum
3414 3033 3440 3067 ,_
3461 3001 3514 3047 et
3555 2992 3611 3047 in

2024 3064 2272 3124 omnibus
2301 3064 2454 3123 bonis
2475 3068 2724 3137 operibus
2757 3082 2769 3118 :
2801 3073 2878 3137 ut_
2903 3079 2996 3134 per
3023 3065 3212 3137 bonam
3240 3064 3609 3137 operationem

2024 3155 2180 3210 quam
2225 3140 2430 3210 agimus
2455 3181 2470 3204 ,
2499 3133 2882 3210 ascenderead
2905 3133 3149 3210 coelestia
3177 3136 3448 3210 valeamus
3481 3151 3495 3187 :
3521 3133 3612 3187 ubi

2024 3206 2128 3265 non
2154 3206 2280 3281 janf
2295 3211 2560 3264 solutione
2605 3209 2874 3281 corporis,
2903 3207 2998 3261 sed
3031 3206 3610 3281 incorruptionisveste

2024 3276 2338 3347 induamur;
2367 3281 2454 3335 ubi
2481 3295 2585 3334 non
2613 3280 2721 3349 jam
2768 3278 2924 3342 fetor,
2957 3278 3049 3332 sed
3077 3278 3210 3330 odor
3235 3276 3610 3349 suavissimus;

2024 3355 2111 3409 ubi
2139 3370 2242 3408 non
2267 3353 2376 3422 jam
2405 3347 2657 3413 tenebrae.
2679 3349 2774 3422 scd
2797 3349 2894 3422 luit
2911 3358 3159 3419 perpetua
3181 3348 3369 3422 micat;
3393 3347 3482 3400 ubi
3507 3361 3613 3400 non

2021 3424 2128 3496 jam
2157 3420 2416 3496 vermium
2444 3421 2726 3496 multitudo
2747 3463 2760 3489 ,
2805 3420 2899 3476 sed
2929 3429 3138 3496 caterva
3182 3420 3490 3496 angelorum
3512 3459 3524 3482 ,
3557 3426 3615 3472 et

2023 3490 2428 3549 innumerabilia
2449 3495 2615 3548 millia
2645 3502 2948 3547 sanctorum
2968 3533 2981 3555 ,
3011 3501 3059 3545 et
3093 3490 3477 3558 Pmphetarum
3499 3503 3616 3542 om-

2024 3568 2169 3620 nium
2199 3565 2395 3621 chorus
2421 3581 2541 3620 cum
2568 3565 2766 3618 sanctis
2790 3561 3004 3631 Angelis
3023 3561 3278 3632 hymnum
3307 3561 3416 3615 Deo
3441 3561 3616 3632 inces—

2024 3647 2206 3693 santer
2231 3645 2447 3705 canunt.
2481 3633 2615 3691 Cum
2661 3633 2790 3705 ipsis
2834 3629 2950 3705 nos
2981 3629 3138 3687 faciat
3177 3641 3376 3705 aeterna
3419 3629 3614 3701 gaudia

2023 3709 2299 3778 percipere
2327 3703 2570 3778 Christus
2601 3723 2614 3758 :
2661 3702 2753 3778 qui
2779 3718 2902 3778 cum
2929 3703 3084 3758 Patre
3109 3709 3163 3778 et
3200 3702 3400 3771 Spiritu
3429 3709 3614 3758 sancto

2023 3774 2151 3834 vivit
2177 3774 2230 3835 et
2250 3786 2436 3848 regnat
2457 3777 2509 3834 in
2530 3774 2724 3833 saecula
2745 3774 3080 3830 seculorum.
3117 3776 3305 3829 Amen.

2606 3865 2834 3925 SERMO
2869 3865 2914 3923 L
2933 3865 3034 3940 (a).

2499 3976 2568 4018 ιιι
2605 3976 2855 4017 εΑιιιτιι
2892 3974 3125 4016 ΔΝΙΙᾸΞ.

2091 4055 2359 4123 Quantum
2391 4051 2457 4108 ad
2473 4053 2665 4108 anima:
2686 4060 2882 4106 nostra:
2895 4050 3218 4106 desiderium
3242 4049 3493 4123 pertinet,
3509 4049 3617 4106 fra-

2021 4120 2135 4181 tres
2157 4124 2453 4179 cbarissimi
2475 4164 2492 4191 ,
2521 4124 2814 4178 voluntatis
2843 4130 3042 4177 nostra:
3068 4129 3179 4187 est,
3225 4131 3280 4176 ut
3306 4120 3374 4175 ad
3399 4136 3498 4186 vos
3522 4135 3614 4178 re-

2023 4197 2313 4268 quirendos
2365 4195 2673 4268 frequenter
2707 4193 3050 4268 __veniamus,
3133 4192 3227 4247 sed
3295 4192 3616 4268 necessitate

2023 4263 2279 4337 temporis
2319 4263 2744 4337 nunc—veniendi
2789 4265 3086 4337 incolumes
3125 4277 3225 4318 nos
3271 4263 3458 4318 venire
3485 4279 3613 4337 _me-

2022 4334 2228 4418 minias
2262 4354 2275 4392 :
2303 4346 2357 4392 et
2383 4337 2504 4418 ideo
2529 4338 2652 4418 quia
2675 4335 2742 4391 de
2767 4336 3037 4418 communi
3065 4349 3352 4404 corporum
3380 4334 3613 4418 sanitate

2022 4410 2347 4480 gaudemus;
2380 4407 2448 4480 de
2477 4405 2774 4480 animarum
2801 4408 2993 4480 salute,
3026 4421 3146 4480 qua:
3175 4421 3301 4459 vera
3333 4405 3606 4480 salusest,

2024 4475 2078 4535 in
2125 4486 2382 4549 quantum
2425 4479 2682 4532 Dominus
2707 4476 2968 4549 dederit,
3011 4479 3404 4549 colloquamut':
3443 4475 3606 4549 Ideo,

2024 4545 2217 4605 fratres
2239 4590 2254 4614 ,
2285 4548 2348 4601 ad
2381 4549 2665 4618 imaginem
2706 4545 2800 4601 Dei
2837 4546 2956 4601 facti
2998 4545 3216 4614 sumus,
3251 4555 3308 4601 ut
3331 4589 3344 4612 ,
3378 4547 3488 4618 Deo
3513 4546 3611 4599 do-

2027 4629 2208 4685 nante,
2245 4617 2604 4687 intelligamus
2630 4633 2748 4687 qua:
2776 4619 2844 4672 sit
2872 4618 3223 4673 desideranda
3255 4617 3422 4687 patria
3445 4657 3458 4681 ,
3491 4630 3612 4685 qua:

2026 4693 2096 4746 sit
2123 4706 2245 4744 vera
2277 4686 2571 4753 beatitudo,
2601 4686 2721 4759 qua:
2745 4705 2870 4744 vera
2898 4691 3026 4756 vita,
3055 4703 3174 4758 qua:
3205 4686 3438 4759 perfecta
3469 4687 3614 4759 sani-

2027 4770 2127 4827 tas,
2159 4775 2276 4831 quae
2299 4761 2370 4815 sit
2395 4769 2594 4815 aeterna
2620 4757 2867 4831 felicitas.
2893 4759 3000 4814 Sed
3028 4757 3170 4812 intus
3198 4759 3250 4810 in
3280 4757 3470 4822 corde,
3503 4757 3612 4831 Deo

2027 4829 2340 4902 inspirante,
2372 4845 2775 4902 cognoscamus.
2805 4830 2974 4902 Nemo
2999 4841 3350 4902 seiexcusare
3379 4829 3609 4902 poterit,

2027 4911 2083 4958 ut
2111 4899 2268 4966 dicat,
2296 4903 2408 4957 Non
2440 4899 2560 4957 novi
2599 4904 2819 4966 litteras,
2854 4900 2972 4953 ideo
2999 4899 3088 4953 Dei
3117 4907 3384 4969 praecepta
3414 4899 3614 4952 intelli-

2026 4989 2152 5046 gere
2190 4989 2292 5027 non
2336 4987 2550 5044 possunt
2573 4991 2607 5046 i:
2651 4972 2770 5046 quia
2797 4971 2886 5040 qui
2916 4971 3249 5046 l_it_teras_n0n
3277 4972 3422 5024 novit
3447 5011 3466 5046 ,_
3489 4970 3614 5038 quid

2026 5040 2097 5101 sit
2139 5055 2229 5099 aut
2277 5040 2380 5099 non
2422 5046 2528 5109 sit,
2571 5040 2864 5111 intelligere
2903 5041 3082 5097 debet.
3120 5040 3415 5111 lnterroget
3455 5040 3616 5093 homo

2026 5115 2406 5170 conscientiam
2439 5128 2587 5168 suam
2613 5155 2626 5175 ,
2655 5121 2709 5166 et
2737 5113 3036 5182 alloquetur
3066 5127 3126 5167 se
3152 5113 3322 5182 ipsum
3350 5153 3362 5175 ,
3395 5118 3449 5164 et
3474 5111 3618 5182 dicat

2027 5188 2128 5242 sibi
2157 5187 2268 5240 suis
2297 5185 2472 5240 verbis
2502 5201 2514 5237 :
2545 5183 2588 5237 Ο
2617 5183 2795 5246 Ιιοιηο,
2821 5180 2939 5254 quis
2967 5198 3046 5247 es,
3071 5180 3271 5237 aut'ubi
3297 5196 3378 5254 es,
3401 5192 3454 5236 et
3475 5180 3616 5235 unde

2026 5257 2256 5313 venisti?
2289 5256 2354 5309 Et
2382 5254 2644 5326 responde
2673 5254 2761 5326 tibi
2789 5272 2800 5307 :
2836 5253 3008 5326 llomo
3035 5269 3172 5319 sum,
3196 5265 3249 5307 et
3279 5253 3382 5326 Dei
3400 5261 3615 5326 creato-_-

2026 5343 2140 5384 ram
2168 5341 2252 5382 me
2278 5341 2397 5380 esse
2421 5321 2704 5396 cognosco.
2731 5325 2922 5380 lterum
2945 5325 3234 5394 interroga,
3263 5332 3314 5378 et
3333 5323 3418 5376 dic
3442 5341 3452 5375 :
3475 5321 3614 5391 Quid

2029 5400 2083 5454 in
2116 5408 2165 5453 te
2190 5398 2355 5452 habes
2376 5439 2389 5462 ,
2424 5395 2513 5450 aut
2539 5413 2603 5450 ex
2639 5397 2830 5464 quibus
2857 5397 3021 5450 rebus
3061 5405 3111 5450 te
3151 5395 3344 5449 factum
3376 5407 3498 5448 esse
3527 5409 3619 5447 co-

2027 5471 2278 5542 gnoscis?
2313 5467 2595 5535 Responde
2633 5476 2685 5542 et
2716 5467 2817 5542 _d_ic_
2853 5485 2868 5521 :
2905 5466 2982 5520 Ex
3025 5467 3197 5542 anima
3235 5474 3291 5542 _et
3321 5479 3491 5542 _carne
3519 5479 3618 5542 _me

2028 5536 2274 5598 constare
2304 5553 2584 5607 cognosco.
2630 5537 2765 5605 Quid
2807 5539 2856 5590 in
2902 5546 2952 5591 te
2991 5552 3054 5591 ex
3096 5538 3178 5590 his
3215 5536 3420 5591 duabus
3457 5536 3616 5590 rebus

2031 5615 2220 5669 melius
2251 5611 2450 5665 habes?
2480 5610 2760 5680 Responde
2789 5626 2802 5663 :
2831 5609 2956 5680 Sine
2986 5609 3148 5662 dubio
3167 5608 3396 5680 animam
3427 5608 3616 5680 melio-

2030 5700 2142 5742 rem
2177 5684 2344 5737 habeo
2372 5695 2526 5752 quam
2555 5678 2790 5736 carnem.
2829 5678 3041 5749 Optime
3067 5686 3124 5734 et
3153 5679 3342 5734 ordine
3381 5678 3617 5749 legitimo

2093 5799 2166 5862 (a)
2203 5805 2267 5848 t-Lx
2302 5798 2447 5850 variis
2481 5797 2668 5847 Caesarii
2700 5793 2876 5849 Arelat.
2902 5794 3173 5848 sententiis
3185 5795 3438 5848 conﬂatus.
