4100 6344
305 355 330 410 1
341 345 462 412 337'

307 464 647 525 commendat
679 461 910 520 nominis
943 459 1255 535 sapientiam
1289 461 1539 535 :_primo,
1567 461 1688 532 quia
1719 461 1894 518 homi-

307 555 432 594 nem
475 553 506 592 a
557 537 790 607 periculo
840 533 1071 602 liberat;
1125 533 1398 600 secundo,
1447 534 1567 603 quia
1616 542 1897 607 conservat

308 604 624 673 liberatum;
658 608 815 663 tertio
838 650 852 673 ,
895 607 1017 678 quia
1055 614 1276 678 coronat
1313 613 1704 678 conservatum.
1750 604 1896 670 Quo-

308 679 471 734 modo
489 687 666 733 autem
693 679 882 734 liberat
896 674 1238 744 [exemplum
1265 685 1408 745 patet
1434 674 1502 729 de
1522 675 1668 745 Noe,
1699 691 1856 744 quem
1879 717 1895 739 ,

309 766 430 807 cum
459 764 594 819 aqua
622 749 825 805 deleret
847 758 1062 810 terram,
1095 744 1338 819 liberavit
1369 747 1421 800 in
1447 759 1589 799 arca.
1618 744 1898 819 Quomodo

308 816 854 886 autem—conservat,
901 827 1046 888 patet
1082 818 1148 872 de
1190 816 1393 883 Jacob,
1439 816 1725 888 quomodo,
1750 816 1900 888 duxit

309 907 432 947 eum
461 891 718 946 Dominus
753 907 847 960 per
889 886 1000 960 vias
1036 897 1251 960 rectas,
1282 896 1338 943 et
1382 886 1618 960 ostendit
1657 887 1730 960 illi
1751 887 1896 960 dor-

310 961 496 1017 mienti
519 955 769 1032 fregnum'
803 961 921 1016 Dei.
953 959 1068 1032 Qui
1099 959 1354 1029 evigilans
1393 958 1465 1032 ait
1501 955 1681 1032 3_l_’et:e
1709 957 1788 1032 hic
1826 966 1898 1032 est

311 1032 492 1086 domus
508 1028 675 1086 Dei-et
698 1041 842 1102 parte
866 1031 977 1086 coeli
1001 1028 1154 1102 (Gen.
1180 1028 1362 1102 xxviii,
1385 1028 1605 1102 16,17).
1633 1029 1706 1082 De
1731 1029 1900 1098 gloria

311 1103 406 1172 Dei
438 1117 564 1157 vero
590 1097 708 1172 quae
732 1111 974 1166 coronat,
1002 1097 1283 1156 Subditur:
1315 1099 1511 1172 Reddet
1541 1097 1678 1152 Deus
1707 1097 1900 1172 merce-

310 1171 428 1228 dem
451 1169 634 1227 sanctis
656 1173 760 1228 suis
797 1173 1024 1227 laborum
1055 1187 1259 1225 suorum
1280 1211 1295 1236 ,
1323 1181 1368 1224 et
1396 1169 1604 1223 deducet
1629 1185 1714 1223 eos
1737 1171 1789 1222 in
1820 1170 1900 1223 uia

309 1243 530 1316 mirabili
556 1241 725 1316 (Sap.
744 1242 935 1316 ζεῦ).
961 1243 1047 1296 Isti
1068 1242 1364 1316 enimsunt
1393 1249 1504 1316 tres
1527 1248 1696 1296 status
1709 1237 1896 1316 Eccle-

310 1315 407 1370 sia:
438 1332 452 1369 :
483 1310 928 1369 status'videlicc't
955 1312 1278 1381 ptenitentize
1297 1353 1312 1377 ,
1335 1310 1585 1381 iustitiae,
1615 1318 1668 1381 et
1690 1311 1897 1380 gloritn.

311 1385 371 1455 in
391 1385 560 1455 primo
576 1385 782 1455 liberat,
799 1384 851 1438 in
869 1380 1103 1455 secundo
1119 1380 1419 1443 conservat.
1435 1383 1486 1455 in
1505 1380 1902 1455 tert_io_coron_at

311 1451 592 1510 Dominus.
615 1453 671 1508 ln
693 1455 867 1524 primo
886 1454 1165 1519 efficimur,
1192 1455 1246 1507 in
1271 1452 1507 1524 secundo
1528 1451 1818 1524 reficimnr,
1842 1452 1898 1508 in

311 1525 474 1595 tertio
498 1521 826 1595 perficiinurr.
858 1524 915 1578 ln
946 1525 1118 1595 primo
1147 1531 1229 1578 est
1255 1523 1488 1595 laboret
1509 1521 1695 1595 dolor,
1728 1522 1779 1576 in
1795 1537 1900 1595 _s_e-

309 1592 676 1664 cundo'sapor
700 1605 754 1651 et
783 1592 980 1658 decor]
1014 1596 1066 1649 in
1104 1595 1260 1649 tertio
1291 1594 1459 1664 gloria
1485 1601 1537 1648 et
1573 1592 1764 1664 honor.
1793 1593 1898 1647 Vc-

310 1661 612 1720 rumtamen
659 1667 780 1735 quia
815 1665 884 1721 de
926 1665 1009 1720 his
1048 1664 1274 1735 statibus
1295 1661 1626 1735 frequentius
1645 1661 1899 1720 fratribus

310 1735 515 1791 nostris
540 1733 812 1792 canonicis
837 1735 1089 1807 frequens
1118 1735 1216 1807 fuit
1242 1734 1398 1807 lectio
1418 1745 1472 1789 et
1495 1733 1814 1807 exhortatio,
1833 1743 1901 1807 _et

309 1807 365 1860 in
397 1822 581 1862 mensa
609 1807 918 1876 quotidiana
936 1804 1265 1875 disputatio;
1299 1805 1524 1859 fortasse
1554 1804 1794 1876 incorde
1815 1805 1899 1860 di-

310 1878 477 1942 cetis,
511 1875 750 1932 deium
779 1886 860 1932 cst
889 1885 1092 1931 tantum
1122 1876 1188 1931 de
1219 1875 1321 1930 hoc
1348 1877 1501 1930 nobis
1527 1875 1710 1929 audire
1729 1917 1745 1940 ,
1777 1877 1901 1942 quia

310 1892 477 1942 cens,
511 1892 750 1932 taedium
779 1892 860 1932 cst
889 1892 1092 1931 tantum
1122 1892 1188 1931 ue
1219 1892 1321 1930 noc
1348 1892 1501 1930 IIODIS
1527 1892 1710 1929 auunre
1729 1917 1745 1940 ,
1817 1892 1901 1930 uta

310 1947 472 2001 etiam
494 1947 804 2017 obsequium
826 1955 1056 2016 oportet,
1080 1957 1138 2000 ut
1159 1961 1255 2001 nos
1281 1947 1453 2012 decet,
1484 1892 1901 2000 reverendqua-

309 2017 515 2072 lentino
535 2019 786 2088 episcopo
797 2017 1082 2088 exhibere.
1097 2018 1200 2071 Sed
1225 2018 1528 2088 nonpigeat
1550 2017 1896 2088 vos,_l‘ratres,

308 2103 400 2142 me
420 2086 754 2158 supportare.
779 2087 930 2156 Quod
956 2089 999 2142 si
1025 2088 1238 2143 tredium
1261 2086 1594 2150 vobis'esset,
1619 2086 1686 2140 ad
1709 2087 1902 2158 fratres

307 2173 463 2230 meos
489 2157 809 2230 confugiam,
832 2158 924 2230 qui
949 2174 1034 2214 me
1059 2158 1246 2230 audire
1268 2166 1376 2212 tota
1407 2165 1584 2212 mente
1613 2167 1666 2212 et
1682 2167 1804 2230 toto
1824 2157 1905 2212 af-

307 2227 451 2283 fectu
480 2227 806 2285 desiderant.
847 2227 981 2284 Nam
1021 2229 1244 2284 verbum
1285 2237 1467 2283 notum
1504 2236 1558 2283 et
1585 2229 1898 2298 antiquum,

309 2315 508 2353 novum
533 2299 816 2370 aliquando
845 2299 1181 2370 fieripotest.
1225 2299 1384 2370 Cibus
1410 2299 1569 2370 etiam
1596 2299 1686 2353 diu
1713 2300 1899 2354 masti-

309 2379 462 2424 catus
477 2369 632 2424 citius
656 2371 928 2440 digeritur.
956 2369 1025 2426 Ut
1050 2385 1198 2440 ergo,
1219 2369 1426 2434 fratres,
1453 2369 1721 2424 distinctio
1739 2370 1897 2424 trium

310 2445 545 2495 statuum
567 2441 763 2496 clarius
781 2441 1068 2506 clucescat,
1091 2449 1309 2495 conatus
1331 2441 1409 2495 eis
1434 2441 1902 2495 accommodamus

310 2510 366 2564 in
393 2511 533 2567 [tunc
562 2511 802 2565 modum.
835 2511 890 2566 In
921 2520 1062 2565 statu
1103 2511 1430 2580 paenitentia:
1455 2525 1653 2564 ετιεευιιι
1697 2511 1902 2564 reducit

310 2580 568 2652 Dominus
598 2597 694 2652 per
723 2582 833 2635 vias
861 2581 1040 2646 duras,
1076 2591 1130 2652 ει
1159 2580 1527 2652 ριόιηίιιίιμὶηἰ
1555 2581 1900 2652 regnumDei

308 2651 484 2707 Patris
521 2650 623 2707 sui.
670 2651 725 2706 In
769 2660 910 2706 statu
932 2650 1375 2718 justitim’justum
1405 2650 1618 2706 deducit
1650 2651 1902 2706 Dominus

307 2737 407 2792 per
435 2723 548 2778 vias
578 2732 769 2789 rectas,
798 2731 852 2776 et
879 2723 1114 2776 ostendit
1153 2723 1226 2775 illi
1267 2737 1491 2792 regnum
1519 2721 1636 2792 Dei.
1677 2721 1731 2792 In
1761 2730 1901 2776 statu

306 2791 494 2860 gloria:
515 2793 718 2861 justum
745 2802 798 2845 et
825 2802 1069 2846 sanctum
1113 2792 1293 2846 educit
1323 2791 1576 2845 Dominus
1608 2791 1659 2844 in
1687 2791 1769 2861 via
1798 2793 1900 2844 mi-

307 2862 484 2926 rabili,
510 2860 564 2916 et
583 2861 869 2916 introducit
889 2878 1012 2916 eum
1033 2862 1085 2915 in
1106 2877 1327 2931 regnum
1359 2862 1472 2914 Dei.
1497 2862 1654 2924 Ecce,
1687 2860 1898 2925 fratres,

305 2933 578 3002 quomodo
607 2931 880 2987 reducitur
903 2946 1078 2986 caicus
1105 2932 1170 2986 de
1194 2932 1334 2986 invio
1354 2932 1420 2987 ad
1445 2931 1600 2996 riam,
1625 2931 1693 3002 de
1714 2932 1902 2986 exsilio

305 2999 376 3057 ad
423 3003 668 3072 patriam,
713 3002 780 3058 de
822 3004 1100 3058 mansione
1128 3002 1193 3056 ad
1223 3003 1576 3068 mansionem,
1608 2999 1677 3055 de
1702 3002 1896 3056 virtute

305 3073 376 3127 ad
397 3075 667 3140 virtutem,
690 3073 757 3128 de
777 3075 1017 3143 corporis
1037 3088 1254 3129 carcere
1281 3073 1347 3128 ad
1373 3083 1628 3128 aeternam
1651 3072 1896 3143 gloriam.

305 3143 450 3198 Ecce
476 3144 748 3212 quomodo
783 3142 1053 3198 reducitur
1081 3159 1254 3200 caecus
1295 3159 1364 3199 ne
1408 3143 1478 3198 sit
1517 3143 1633 3198 sine
1661 3142 1897 3210 Christo,

303 3213 590 3268 deducitur
611 3215 790 3285 justus
819 3223 878 3269 ut
905 3216 974 3270 sit
1001 3215 1243 3285 Christus
1263 3230 1383 3269 cum
1405 3228 1492 3281 eo,
1519 3213 1762 3269 educitur
1777 3229 1901 3268 san-

305 3292 428 3339 ctus
453 3293 511 3339 ut
535 3284 650 3354 ipse
679 3285 893 3340 sitcum
919 3285 1150 3340 Christo.
1183 3284 1228 3341 Ο
1253 3285 1444 3340 fratres
1467 3285 1592 3348 mei,
1621 3298 1748 3339 ecce
1775 3299 1902 3353 quo-

303 3354 469 3409 modo
490 3371 613 3411 esse
638 3357 755 3412 sine
781 3355 994 3412 Christo
1014 3357 1268 3410 miserum
1296 3365 1396 3420 cst,
1423 3355 1693 3410 Christum
1715 3370 1896 3410 secum

305 3439 430 3480 esse
463 3434 632 3480 tutum
663 3437 765 3491 cst,
814 3441 935 3482 esse
977 3442 1099 3481 cum
1151 3424 1363 3482 Christo
1405 3427 1616 3480 beatum
1647 3435 1749 3480 est.
1783 3425 1898 3480 Non

305 3496 450 3550 enim
483 3496 891 3552 existimandum
924 3507 1004 3552 est
1030 3497 1172 3553 idem
1198 3511 1338 3560 esse,
1380 3511 1561 3552 secum
1593 3511 1712 3551 esse
1742 3496 1897 3551 Chri-

306 3575 474 3630 stum,
521 3576 572 3620 et
602 3583 722 3622 esse
765 3583 883 3622 cum
914 3566 1146 3622 Christo.
1175 3567 1462 3637 Apostolus
1491 3567 1632 3621 enim
1671 3566 1902 3622 habebat

303 3651 489 3691 secum
521 3637 810 3708 Christum,
841 3638 969 3692 dum
998 3637 1228 3708 dicebat,
1282 3638 1402 3691 Non
1448 3654 1554 3708 ego,
1585 3638 1723 3690 solus
1763 3655 1896 3703 sum,

303 3707 394 3760 sed
422 3709 586 3777 gratia
611 3707 704 3762 Dei
732 3725 925 3762 mecum
951 3718 1022 3762 est
1044 3708 1082 3777 (I
1100 3707 1216 3762 Cor.
1248 3724 1340 3774 xv,
1362 3707 1488 3778 10)(
1511 3707 1770 3778 Nondum,
1786 3717 1901 3763 erat

303 3791 428 3831 cum
456 3778 691 3841 Christo.
715 3778 841 3833 dum
862 3779 1078 3833 dissolvi
1097 3779 1362 3848 cupiebat,
1385 3777 1578 3834 etesse
1600 3794 1720 3832 cum
1743 3777 1901 3832 Chri-

302 3856 410 3902 sto.
456 3848 615 3903 Latro
658 3863 838 3905 secum
884 3849 1045 3905 habet
1087 3848 1383 3915 Christum,
1430 3851 1515 3904 cui
1560 3849 1902 3916 promittebat

303 3916 572 3981 Christus,
607 3918 776 3974 Hodie
803 3935 996 3973 mecum
1034 3920 1134 3973 eris
1173 3921 1228 3973 in
1269 3921 1509 3988 paradiso
1556 3918 1707 3989 (Luc.
1743 3935 1896 3984 xxm,

303 3989 424 4060 4'5).
457 3989 746 4060 Reducitur
772 3989 950 4057 itaque
971 4004 1144 4044 caecus
1164 3990 1399 4060 pervias
1419 3989 1600 4044 duras.
1631 3989 1772 4044 Sane
1796 3991 1898 4044 du-

301 4059 425 4113 rum
466 4067 550 4114 est
587 4059 890 4130 relinquere
932 4059 1207 4126 consueta,
1231 4059 1436 4130 durius
1467 4061 1679 4130 aggredi
1711 4061 1899 4115 incon-

299 4138 492 4200 sueta;
523 4129 618 4184 scd
653 4129 996 4184 durissimum
1028 4137 1109 4184 est
1136 4131 1188 4184 in
1221 4129 1438 4185 fornace
1467 4129 1693 4200 decoqui
1722 4131 1898 4185 conti-

299 4214 430 4265 nua,
461 4199 515 4253 in
541 4214 643 4270 qua
669 4214 888 4257 necesse
913 4207 995 4254 est
1024 4209 1080 4255 ut
1099 4200 1428 4271 decoquatur
1457 4199 1649 4267 taliter,
1681 4210 1736 4254 ut
1756 4202 1902 4256 velut

298 4283 497 4342 carnes
522 4271 690 4342 possit
717 4273 1002 4342 amputari,
1036 4278 1091 4326 et
1115 4271 1260 4327 velut
1283 4273 1429 4342 virga
1457 4271 1524 4326 ad
1553 4287 1765 4342 omnem
1793 4289 1899 4325 mo-

297 4341 675 4413 dumin-evolvi.
716 4341 835 4396 Ista:
861 4350 986 4397 sunt
1011 4343 1109 4396 vite
1152 4341 1520 4412 peccatoribus
1561 4341 1709 4397 dura:
1738 4357 1900 4413 snper

298 4411 483 4466 omnia
515 4409 675 4482 dura,
707 4426 902 4467 amara:
930 4427 1091 4482 super
1127 4409 1307 4467 omnia
1351 4429 1554 4478 amara,
1597 4409 1818 4468 odiosa!
1840 4422 1898 4469 ut

301 4495 470 4553 mors.
497 4480 626 4550 Qua:
653 4491 778 4553 sunt
806 4482 920 4538 istae
941 4480 1060 4553 viae,
1089 4482 1301 4548 fratres,
1332 4484 1434 4537 nisi
1459 4484 1761 4552 relinquere
1777 4499 1896 4553 qua:

299 4551 488 4622 mundi
513 4552 670 4608 sunt?
695 4551 740 4608 0
767 4567 924 4622 quam
952 4552 1142 4607 durum
1171 4563 1272 4619 est,
1305 4568 1338 4606 ο
1365 4568 1525 4622 quam
1561 4551 1894 4607 mortale—vi-

302 4621 483 4693 detur,
512 4638 546 4677 o
565 4637 722 4693 quam
752 4621 1016 4687 amarum,
1049 4623 1350 4692 relinquere
1375 4621 1493 4691 qua:
1520 4623 1701 4676 mundi
1732 4625 1890 4678 sunt!

303 4692 417 4748 Sed
444 4693 566 4764 quia
587 4692 748 4758 dura,
777 4693 903 4764 quia
927 4708 1129 4761 amara,
1173 4695 1293 4762 quia
1335 4708 1588 4764 pretiosa;
1620 4693 1738 4764 ideo
1763 4709 1894 4764 cen-

303 4763 516 4835 tuplum
557 4763 810 4835 accipies,
838 4773 893 4819 et
922 4765 1084 4819 vitam
1119 4774 1384 4835 aeternam,
1419 4763 1737 4835 possidebis.
1773 4763 1890 4831 Eia,

301 4833 527 4906 milites,
557 4833 758 4905 surgite
781 4834 915 4906 jam,
947 4835 1070 4906 quia
1100 4833 1192 4890 diu
1219 4833 1491 4906 dormistis
1512 4843 1755 4906 :Aarmate
1797 4849 1895 4889 vos

303 4904 630 4960 contritione
661 4904 880 4971 cordis,
925 4904 1263 4960 confessione
1300 4905 1434 4970 oris,
1463 4904 1747 4960 afflictione
1775 4920 1895 4959 car-

302 4974 426 5041 nis;
453 4976 575 5045 quia
598 4990 726 5032 ecce
753 4977 931 5031 veniet
955 4975 1219 5041 Salvator,
1251 4983 1306 5031 et
1334 4991 1440 5030 non
1475 4975 1721 5030 tardabit.
1753 4975 1896 5030 Ecce

296 5049 412 5115 jam
445 5046 495 5100 in
519 5045 681 5116 janua
719 5055 834 5116 est,
865 5061 992 5103 ecce
1029 5047 1140 5116 jam
1171 5056 1223 5102 te
1273 5057 1442 5112 vocat,
1475 5061 1600 5101 cccc
1631 5053 1683 5100 te
1715 5046 1898 5101 venire

301 5115 595 5185 compellit.
625 5115 730 5172 Sed
747 5117 913 5184 dices,
932 5115 1162 5180 omiser,
1190 5117 1244 5171 In
1267 5117 1584 5173 contritione
1616 5125 1698 5171 est
1717 5116 1892 5180 dolor,

301 5188 356 5258 in
389 5187 726 5243 confessione
753 5188 932 5252 rubor,
952 5190 1001 5242 in
1025 5188 1308 5243 afflictione
1335 5188 1509 5253 labor;
1532 5187 1659 5258 quid
1675 5203 1802 5257 ergo
1821 5187 1898 5242 fa-

299 5257 478 5312 ciam?
507 5258 621 5319 Eia,
650 5273 684 5313 o
709 5259 860 5314 miles
884 5259 1100 5323 Christi,
1132 5259 1262 5313 civis
1281 5257 1674 5328 coelormn’jam
1693 5259 1896 5314 denuno

280 5328 454 5384 tiaris
475 5329 544 5383 ab
569 5329 660 5383 illo
683 5330 773 5399 qui
799 5344 958 5399 super
994 5339 1045 5384 te
1069 5337 1168 5394 est,
1202 5329 1316 5398 ipse
1340 5331 1428 5398 qui
1457 5330 1692 5384 laborem
1721 5339 1769 5384 et
1801 5329 1895 5382 do-

302 5399 476 5456 lorem
499 5398 820 5456 considerat.
851 5398 1226 5455 Verumtamen
1254 5410 1454 5470 quanto
1481 5401 1715 5469 duriora,
1752 5409 1894 5456 tanto

299 5536 527 5600 ginensis
575 5537 849 5600 episcopos,
882 5535 1067 5585 nullum
1133 5537 1356 5585 novimus
1406 5535 1724 5600 Valentinum.
1775 5543 1894 5600 Dum

298 5597 698 5662 Augustinus—ad
723 5597 1111 5662 presbyteratum
1132 5605 1409 5660 raperetur,
1444 5597 1668 5662 Ecclesia;
1705 5599 1896 5647 Cartha-

298 5661 495 5723 ginensi
529 5660 820 5724 prasidebat
840 5660 888 5710 SI
910 5661 1148 5724 Aurelius,
1166 5662 1394 5724 seditque
1419 5674 1574 5724 usque
1605 5660 1663 5707 ad
1687 5668 1892 5724 mortem

300 5721 650 5784 propemodum
670 5730 715 5784 s.
742 5723 1006 5784 Augustini.
1038 5723 1260 5784 Proxime
1285 5721 1332 5769 ei
1359 5721 1590 5771 successit
1614 5722 1888 5782 (lilpl‘COlllS,

297 5783 530 5849 tmpreolo
552 5783 929 5849 Quodvultdeus,
951 5783 1279 5849 Quodvultdeo
1301 5785 1592 5849 Deogratias,
1611 5785 1892 5849 Deogratias

299 5843 544 5914 Eugeuius
566 5859 580 5904 ;
605 5843 768 5904 nullus
796 5846 987 5900 omnino
1004 5844 1298 5900 Valentinus.

1291 348 1382 405 AD
1417 345 1737 404 FRATRES
1776 341 1842 404 IN
1879 341 2116 404 EREMO
2156 346 2382 403 SERMO
2410 343 2522 404 LV.

3442 344 3586 410 {338

2007 464 2217 520 utiliora
2231 465 2322 540 tibi
2337 473 2516 522 erunt.
2537 463 2916 540 Verumtamen
2931 472 3076 540 certa
3091 466 3330 540 valenter
3345 467 3471 526 dum
3489 485 3589 540 po-

2006 543 2105 611 tes,
2121 535 2717 611 quoniamreposnaest
2727 535 2821 611 tibi
2834 551 3032 611 corona
3043 539 3280 611 iustitia).
3295 555 3455 611 quam
3473 535 3589 597 red-

2004 605 2095 662 det
2122 606 2215 660 tibi
2238 607 2490 682 Dominus
2512 607 2564 660 in
2587 607 2772 682 illa_d_ie
2790 605 3158 682 justusjudex.
3190 605 3476 682 Postquam
3493 625 3590 682 au-

2006 687 2112 732 tem
2144 692 2316 749 caecus
2345 678 2511 732 factus
2537 687 2615 732 est
2643 678 3063 749 vitlenstimpius
3082 680 3286 749 justus;
3324 678 3450 737 tunc
3490 680 3591 738 De-

2006 749 2146 823 duin
2166 747 2413 823 Dominus
2429 749 2631 823 pervias
2643 758 2803 823 reclas
2815 752 2832 818 (
2844 747 2986 804 Psal.
3005 747 3198 823 cvt,7),
3213 761 3430 823 cantare
3447 762 3594 823 pote-

2006 819 2190 883 rimus,
2221 817 2579 873 fratres.Sunt
2599 820 2762 887 enim,
2782 817 2993 885 fratres,
3025 831 3083 874 ut
3109 817 3384 878 scholares
3415 817 3586 880 nostri

2009 890 2162 943 vacui
2178 904 2283 944 non
2302 889 2573 950 recedant,
2595 899 2701 945 tres
2719 891 2924 960 species
2946 891 3300 947 rectitudinis.
3324 893 3482 949 Aliud
3505 902 3588 951 est

2006 961 2147 1034 enim
2173 962 2304 1034 regi,
2320 961 2460 1034 aliud
2480 961 2655 1034 dirigi,
2673 961 2815 1016 aliud
2829 963 3022 1034 corrigi
3038 963 3222 1026 ‘.,Nam
3242 965 3496 1034 propheta
3509 965 3588 1020 di-

2005 1031 2178 1103 cebat,
2193 1031 2452 1103 Dominus
2467 1033 2591 1101 regit
2613 1048 2709 1096 nte,
2728 1043 2774 1086 et
2795 1033 2920 1087 nihil
2943 1031 3064 1087 mihi
3085 1031 3433 1103 deerit(Pial.
3454 1051 3584 1103 uti,

2007 1100 2402 1175 4)._Eti_terum,
2427 1100 2601 1175 Dirig_e
2619 1103 2670 1156 in
2686 1115 2956 1172 conspectu
2975 1115 3061 1158 tuo
3081 1108 3211 1159 viam
3227 1100 3388 1159 nteam
3413 1100 3586 1175 (Paul.

2007 1172 2059 1239 v,
2089 1173 2170 1242 9).
2296 1174 2510 1246 iterum,
2542 1172 2626 1246 In
2653 1190 2762 1246 Aqua
2781 1245 2784 1246 ν
2805 1172 3430 1246 εστι-ἰθὶιίράοιεεσεηιίοιί
3449 1176 3584 1230 uiam

2005 1259 2153 1315 suam
2182 1241 2354 1315 (Psal.
2372 1241 2635 1315 cxvnt._9)
2649 1241 2756 1299 ?Et
2777 1241 2991 1310 iterum,
3009 1245 3184 1314 Mane,
3216 1247 3385 1315 inquit
3404 1245 3587 1311 Isaias,

2007 1314 2152 1386 erigit
2174 1314 2300 1368 mihi
2317 1331 2493 1368 aurem
2520 1313 2675 1384 (Isai.
2709 1331 2760 1382 ι,
2782 1314 2861 1386 4).
2896 1315 3004 1371 Res
3027 1313 3192 1383 enim,
3228 1313 3438 1384 fratres,
3469 1317 3589 1372 ina-

2006 1385 2204 1438 nimata
2254 1386 2466 1455 proprie
2491 1385 2682 1456 dicitur
2709 1385 2842 1456 regi,
2888 1395 2945 1441 ut
2983 1401 3172 1443 currus
3199 1396 3256 1443 et
3279 1388 3450 1444 navis.
3479 1386 3590 1444 Res

2005 1464 2219 1529 sensata
2247 1465 2443 1524 printer
2470 1455 2730 1529 rationem
2757 1455 3018 1528 dirigitur,
3053 1466 3111 1529 ut
3138 1473 3308 1529 equus
3333 1467 3388 1512 et
3413 1458 3592 1529 mulus

2005 1526 2199 1598 quibus
2240 1542 2360 1598 non;
2385 1537 2468 1582 est
2505 1527 2820 1584 intellectus.
2850 1526 2956 1584 Res
2983 1526 3254 1584 rationalis
3282 1528 3587 1598 corrigitur,

2006 1597 2208 1678 scilicet
2236 1596 2399 1653 corde
2428 1598 2648 1668 regitur,
2683 1609 2738 1653 ut
2763 1598 2943 1654 homo.
2980 1599 3318 1678 Justusﬁvero
3343 1596 3588 1678 erigitur,

2007 1676 2064 1740 ut
2090 1667 2260 1740 sapiat
2285 1683 2405 1740 qua:
2429 1667 2640 1740 sursum
2665 1678 2808 1734 sunt,
2840 1681 2895 1725 et
2919 1680 3142 1740 quierat.
3170 1669 3259 1726 Sic
3282 1667 3592 1725 enini—volo;

2007 1738 2098 1793 bat
2124 1738 2406 1803 Jeremias,
2452 1739 2579 1794 dum
2621 1739 2851 1806 dicebat,
2903 1738 3048 1796 State
3093 1742 3148 1795 in
3186 1741 3278 1795 viis
3315 1740 3508 1804 uestris,
3541 1747 3592 1794 et

2006 1810 2318 1864 considerate
2341 1826 2457 1878 qua:
2483 1811 2548 1864 sit
2579 1811 2658 1864 via
2682 1820 2871 1865 wterna
2900 1811 3114 1880 (Jerem.
3146 1827 3224 1877 vr,
3259 1809 3373 1880 16).
3406 1809 3592 1867 Daniel

2005 1880 2070 1950 ad
2093 1880 2385 1949 majestatis
2404 1882 2662 1936 visionem
2707 1892 3003 1950 prostratus
3031 1881 3234 1937 audivit
3269 1882 3337 1936 ab
3362 1880 3589 1950 Angela,

2007 1949 2102 2004 Sta
2117 1967 2274 2024 super
2293 1952 2444 2024 pedes
2466 1962 2576 2007 litos
2603 1949 2762 2024 (Dan.
2793 1969 2848 2019 χ,
2875 1951 2981 2024 Η).
3021 1952 3173 2020 Quod
3203 1963 3381 2024 tamen
3411 1949 3592 2008 sinon

2006 2021 2180 2076 credis
2207 2021 2508 2090 Prophetre,
2553 2021 2712 2078 crede
2765 2021 2956 2091 poetae,
3008 2023 3267 2080 scholaris
3313 2037 3588 2092 perverse,

2005 2092 2089 2165 cui
2121 2093 2272 2165 Deus
2295 2107 2357 2147 os
2394 2093 2620 2165 sublime
2663 2095 2830 2160 dedit,
2866 2096 3167 2165 cmlumque
3211 2093 3395 2165 videre
3430 2093 3593 2162 jussit

2008 2162 2184 2233 (Ovid.
2215 2163 2450 2228 Metam,
2469 2163 2556 2219 lib.
2572 2166 2628 2238 _1,
2653 2181 2780 2220 vers.
2809 2166 2900 2238 8_5,
2928 2165 3042 2238 86))
3067 2162 3093 2218 ε’
3111 2181 3150 2238 ag
3165 2180 3272 2236 quo
3293 2164 3418 2238 dum
3442 2178 3595 2238 qua:-

2005 2243 2446 2306 rcret_tyra_t_mus
2473 2242 2528 2290 et
2554 2235 2777 2303 diceret,
2818 2233 3091 2303 Quare'te
3133 2233 3274 2292 Deus
3301 2233 3592 2306 fecit?ire—

2005 2304 2239 2428 spondit,
2287 2304 2356 2360 Ut
2393 2309 2723 2376 contemplor
2749 2308 2946 2364 caelum
2985 2316 3042 2362 et
3064 2308 3321 2363 caelorum
3349 2305 3588 2360 numina.

2025 2387 2199 2428 tactus
2223 2383 2307 2428 εει
2325 2376 2468 2428 enim
2501 2377 2660 2428 homo
2686 2377 2740 2428 in
2770 2389 2930 2428 terra.
2954 2394 3062 2428 non
3086 2378 3152 2428 ad
3176 2386 3393 2428 terram.
3413 2375 3508 2428 sed
3523 2373 3588 2428 ad

2025 2373 2199 2431 iactus
2223 2383 2307 2430 εει
2325 2376 2468 2429 enim
2501 2373 2660 2431 homo
2686 2377 2740 2432 in
2770 2389 2930 2445 terra,
2954 2394 3062 2433 non
3086 2378 3152 2431 ad
3176 2386 3393 2440 terram,
3413 2375 3508 2430 sed
3523 2373 3592 2445 ad

2004 2446 2232 2500 cmlum:
2259 2455 2310 2500 et
2326 2447 2495 2502 factus
2521 2456 2602 2502 est
2627 2447 2694 2501 de
2723 2457 2864 2502 terra
2891 2441 2996 2502 non
3023 2457 3239 2516 prapter
3261 2455 3479 2516 terram,
3497 2441 3593 2500 sed

2006 2517 2476 2589 preptercoelum.
2523 2517 2652 2584 Quis
2688 2517 2920 2573 fidelium
2949 2515 3069 2589 plus
3097 2517 3340 2589 dirisset,
3368 2515 3580 2589 fratres,

2005 2596 2096 2657 aut
2138 2586 2482 2657 probabiliori
2511 2599 2846 2657 argumento,
2879 2586 3081 2644 nescio.
3125 2586 3396 2657 Numquid
3425 2586 3591 2642 etiam

2004 2656 2201 2730 animal
2233 2667 2434 2730 nmtum
2465 2667 2516 2711 et
2540 2656 2752 2730 brutum
2796 2660 2945 2713 novit
2980 2656 3352 2730 argumentum
3375 2658 3592 2730 aegritu-

2004 2726 2146 2781 dinis
2171 2728 2316 2782 suae?
2356 2727 2622 2796 Numquid
2663 2729 2748 2783 leo
2796 2725 3092 2796 infirmans,
3121 2727 3316 2783 animal
3346 2726 3488 2797 quod
3514 2725 3592 2797 si-

2007 2797 2110 2866 mia
2137 2797 2350 2861 dicitur,
2400 2799 2611 2865 quaerit,
2657 2814 2757 2866 qua
2787 2799 3044 2855 devorata
3074 2813 3199 2854 mox
3223 2796 3594 2854 convalescit?

2003 2865 2268 2940 Numquid
2293 2869 2451 2940 etiam
2481 2868 2632 2940 simia
2662 2865 2926 2939 aegrotans
2951 2871 3143 2940 quaerit
3167 2869 3478 2940 sanguinem
3503 2883 3594 2924 ca-

2005 2939 2107 3012 nis,
2133 2953 2291 3012 ursus
2314 2938 2583 3012 formicas,
2608 2938 2890 3009 leopardus
2909 2938 3151 3012 capreas,
3173 2938 3297 3012 vitis
3316 2949 3593 3012 serpentes

2003 3009 2295 3084 ferculum?
2312 3009 2493 3084 Domo
2522 3025 2650 3084 vero
2673 3011 2884 3084 attritus
2915 3009 3234 3084 in'physica,
3257 3011 3390 3084 haec
3413 3011 3592 3084 omnia

2003 3079 2260 3153 ignorare
2275 3081 2500 3153 videtur.
2531 3080 2954 3153 Unumquodque
2973 3077 3115 3139 enim
3133 3081 3436 3153 felicitatem
3459 3077 3592 3134 affe-

2003 3159 2143 3224 ctat:
2168 3149 2334 3224 sedAsi
2364 3150 2524 3207 homo
2549 3149 2779 3224 affectat,
2812 3149 2974 3224 opere
3004 3161 3185 3209 tamen
3201 3151 3457 3224 affectare
3481 3163 3591 3206 non

2003 3221 2230 3294 videtur.
2263 3221 2457 3290 Quaere
2483 3238 2633 3294 ergo,
2655 3238 2690 3277 o
2719 3218 2901 3292 homo,
2929 3225 3123 3281 cmlum
3148 3223 3216 3278 ad
3245 3218 3590 3294 quodfactus

2003 3307 2094 3368 cs;
2122 3293 2232 3368 noli
2257 3307 2497 3368 quaerere
2538 3291 2953 3368 philosophiam,
2966 3295 3229 3368 quoniam
3257 3291 3326 3348 ad
3353 3291 3592 3363 philoso-

2004 3362 2182 3432 phiam
2212 3364 2379 3419 factus
2409 3362 2621 3437 nones,
2661 3362 2764 3422 nec
2786 3362 3013 3437 expedit
3030 3365 3123 3420 tibi
3148 3364 3287 3420 scire
3314 3362 3434 3437 quae
3461 3371 3590 3437 sunt

2002 3449 2164 3504 super
2193 3444 2408 3501 terram,
2452 3435 2543 3490 sed
2577 3445 2778 3492 tantum
2805 3433 2922 3506 qua:
2951 3451 3162 3494 sursum
3189 3433 3460 3506 suntjASta
3488 3433 3590 3506 igig

2005 3502 2092 3559 tur
2111 3520 2268 3574 super
2294 3506 2455 3576 pedes
2485 3515 2625 3572 tuo‘s,
2668 3516 2751 3562 sta
2792 3502 2844 3562 in
2883 3508 2986 3562 viis
3011 3508 3116 3562 tuis
3144 3504 3492 3576 naturalibus,
3515 3502 3592 3576 ad

2004 3591 2136 3648 quas
2159 3573 2330 3631 factus
2351 3593 2434 3648 res,
2465 3587 2519 3632 et
2551 3578 2720 3648 dirige
2740 3594 2850 3643 eas,
2889 3579 2934 3633 si
2967 3593 3194 3648 necesse
3216 3585 3298 3632 est
3336 3577 3388 3630 in
3403 3573 3592 3648 dando

2004 3655 2057 3700 ει
2081 3647 2416 3702 dimittendo.
2445 3649 2595 3714 Dale,
2624 3645 2680 3704 εἰ
2712 3649 2924 3703 dabitur
2956 3649 3129 3704 vobis.
3159 3647 3227 3703 Et
3253 3657 3380 3701 tunc
3402 3645 3588 3701 Domi-

2004 3733 2103 3791 nus
2127 3718 2216 3791 tibi
2238 3717 2396 3791 dicet,
2423 3719 2630 3791 Amice,
2663 3719 2892 3774 ascende
2913 3720 3188 3791 superius;
3212 3718 3350 3791 intra
3375 3717 3430 3772 in
3455 3730 3590 3791 gau-

2004 3789 2150 3843 dium
2182 3789 2388 3860 Domini
2429 3791 2521 3843 tui.
2552 3789 2656 3845 Sed
2689 3791 2829 3848 dicet
2855 3787 2997 3860 quis,
3025 3788 3385 3860 Quomodoiet
3411 3787 3590 3860 quali-

2005 3868 2086 3932 ter
2110 3859 2416 3928 egredietur
2441 3862 2658 3930 spiritus
2683 3862 2749 3916 de
2771 3857 3032 3932 corpore?
3053 3857 3320 3932 Numquid
3339 3857 3591 3932 Salomon

2003 3928 2106 3983 hoc
2134 3933 2376 4002 ignorare
2421 3928 2646 3995 videtur,
2679 3933 2822 4002 idum
2851 3928 2909 3987 se
2936 3933 3069 3986 dixit
3097 3928 3308 4002 penitus
3323 3931 3593 4002 “ignorare

2002 4002 2141 4054 viam
2155 3997 2363 4073 'aqnilae
2385 4002 2435 4056 in
2465 4003 2602 4057 coelo
2643 4001 2821 4072 (Prov.
2849 4019 2982 4068 xxx,
3013 4004 3081 4058 18
3099 3997 3285 4073 tua)?
3311 3997 3590 4073 Quomodo

2003 4086 2129 4144 ergo
2173 4069 2339 4126 Deum
2383 4073 2545 4140 videt,
2594 4069 2861 4144 quomodo
2902 4075 3170 4143 angelum,
3220 4069 3487 4144 quomodo
3529 4084 3592 4144 se

2004 4140 2198 4212 ipSum,
2241 4143 2509 4212 quomodo
2542 4140 2785 4212 spiritum
2816 4140 3204 4199 alium-bonum
3234 4140 3318 4198 vel
3357 4140 3592 4212 malum?

2004 4211 2180 4285 Super
2198 4212 2298 4267 hoc
2326 4213 2484 4268 hodie
2513 4211 2602 4268 ille
2629 4215 2938 4282 magnificus
2979 4213 3329 4285 philosophus
3353 4211 3591 4267 admira-

2005 4283 2109 4340 tur.
2139 4283 2268 4338 Nam
2297 4286 2348 4339 in
2376 4285 2524 4340 libris
2549 4285 2616 4339 de
2643 4283 2994 4351 Animalibus,
3015 4283 3248 4355 quinque
3267 4298 3455 4355 sensus
3471 4298 3594 4338 cor-

2002 4355 2148 4424 poris
2175 4371 2488 4411 communes
2518 4370 2637 4411 esse
2667 4357 2820 4412 nobis
2855 4356 2922 4411 ad
2951 4353 3106 4412 usum
3133 4353 3256 4411 cum
3293 4353 3472 4424 brutis
3496 4367 3593 4424 po-

2003 4423 2127 4488 suit,
2157 4441 2261 4480 non
2293 4426 2359 4480 ad
2382 4426 2850 4481 oblectamentum.
2888 4427 3059 4481 Homo
3087 4425 3140 4480 in
3169 4424 3417 4482 omnibus
3443 4423 3591 4478 dele-

2002 4505 2213 4549 ctatur:
2246 4511 2405 4564 pecus
2435 4510 2562 4550 vero
2593 4505 2792 4550 tantum
2827 4497 2878 4550 in
2902 4497 3110 4552 duobus
3134 4496 3450 4560 delectatur,
3483 4493 3588 4564 sci-

2002 4567 2128 4620 licet
2156 4566 2208 4618 in
2234 4563 2389 4634 gustu
2417 4575 2472 4620 et
2521 4575 2691 4632 tactu;
2717 4567 2771 4622 in
2791 4568 2908 4636 aliis
2927 4583 3058 4623 vero
3077 4576 3321 4636 movetur
3342 4563 3588 4635 quando-

2002 4652 2107 4706 que
2129 4644 2184 4690 ει
2215 4637 2495 4703 excitatur,
2523 4637 2618 4692 sed
2647 4655 2750 4693 non
2779 4637 3091 4695 delectatur.
3133 4635 3287 4694 Unde
3327 4649 3456 4706 ergo
3479 4642 3585 4706 est,

2002 4703 2142 4776 quod
2189 4707 2406 4776 Spiritus
2450 4722 2698 4778 egressus
2737 4724 2769 4764 a
2810 4724 3052 4779 corpore,
3092 4707 3227 4779 duos
3263 4703 3406 4779 quos:
3428 4703 3590 4762 habet

2001 4775 2313 4851 communes
2332 4793 2452 4834 cum
2479 4775 2660 4836 bestiis
2700 4775 3146 4851 penitus'amittit.
3167 4775 3297 4851 _No_t_i
3323 4775 3462 4831 enim
3483 4789 3584 4851 gn:

2002 4858 2086 4902 stu
2118 4849 2198 4902 vel
2239 4859 2378 4906 tactu
2423 4852 2588 4906 utitur
2615 4843 2716 4906 vel'
2738 4851 3066 4904 oblectatur:
3089 4847 3185 4904 sed
3214 4848 3346 4902 alios
3385 4843 3504 4901 tres
3517 4843 3586 4900 ad

2002 4935 2154 4974 nsum
2183 4922 2374 4976 retinet
2398 4932 2454 4976 et
2477 4923 2946 4977 oblectamentum.
2972 4919 3208 4974 Mirabile
3231 4927 3408 4973 tamen
3433 4915 3585 4971 vide-

2004 5000 2090 5044 tur
2108 4992 2178 5058 ei,
2202 4993 2404 5049 scilicet
2426 4992 2570 5062 quod
2598 4991 2814 5060 spiritus
2831 4991 2946 5046 sine
2961 5004 3186 5062 corpore
3206 4987 3450 5062 sensibus
3466 5002 3587 5062 cor-

2005 5064 2146 5130 poris
2167 5057 2380 5118 utatur.
2426 5057 2577 5130 Quod
2609 5057 2785 5116 tamen
2811 5057 3164 5132 philosophus
3194 5060 3241 5116 si
3264 5058 3402 5115 forte
3431 5057 3587 5127 plane

2002 5147 2108 5187 non
2141 5133 2420 5198 intellexit,
2453 5149 2638 5187 verum
2667 5141 2752 5187 est
2779 5142 2976 5198 tamen,
2999 5141 3054 5187 et
3077 5133 3296 5186 omnino
3323 5143 3508 5185 verum
3529 5135 3588 5182 et

2003 5205 2383 5280 irrefragabile,
2409 5204 2529 5274 quia
2553 5205 2769 5272 spiritus
2797 5203 3101 5280 videt
3127 5199 3585 5280 Deum-delecta:

2004 5286 2088 5328 tur
2114 5277 2165 5351 in
2197 5268 2385 5341 Deum,
2415 5268 2489 5351 [te
2510 5268 2722 5351 semper
2743 5276 3148 5351 Asibidicatur:
3177 5274 3220 5328 0
3246 5273 3444 5335 anima,
3469 5268 3586 5351 ubi

2001 5357 2084 5400 est
2114 5346 2253 5400 Deus
2283 5346 2434 5399 tuus?
2465 5345 2657 5401 Audiet
2684 5347 2846 5401 etiam
2867 5346 3103 5416 Angelos
3131 5351 3408 5402 cantantes
3421 5345 3585 5416 Aetju-

2003 5417 2248 5471 bilantcs.
2279 5417 2486 5472 Videbit
2518 5417 2675 5470 etiam
2707 5428 2759 5472 ct
2784 5413 2982 5482 audiet,
3017 5417 3147 5472 Esto
3168 5431 3327 5486 super
3345 5413 3582 5484 quinque

1999 5489 2261 5552 Civitates,
2293 5487 2342 5540 id
2367 5499 2466 5554 est,
2496 5488 2865 5550 beatitudines.
2898 5497 2952 5543 et
2975 5490 3052 5543 sic
3080 5488 3364 5555 unicuique
3391 5497 3586 5555 secuti-3

1999 5561 2123 5613 dum
2147 5574 2307 5630 opera
2342 5551 2461 5630 sua.
2481 5629 2484 5630 ν
2507 5559 2572 5613 Et
2601 5559 2645 5613 si
2674 5558 2880 5615 dicetur
2905 5575 2934 5612 a
2965 5559 3137 5630 nobis,
3179 5551 3425 5630 Domine,
3455 5551 3585 5630 quid

1999 5623 2433 5700 facicsfquando
2476 5629 2590 5684 haec
2627 5632 2804 5686 omnia
2853 5623 3144 5687 meruimus
3187 5644 3218 5684 a
3274 5636 3325 5682 te
3365 5623 3584 5700 largiri?

1999 5718 2160 5773 porro
2203 5699 2548 5772 respondebit
2590 5702 2680 5759 ille
2723 5717 2944 5777 magnus
2992 5701 3391 5777 paterfamilias,
3436 5699 3586 5764 velut

2062 5844 2079 5878 ι
2099 5849 2254 5910 Forte,
2271 5839 2406 5896 aliud
2429 5841 2570 5909 erigi,
