4100 6344
565 370 707 435 i343

565 494 708 564 enim
732 490 893 547 dicit?
924 489 1082 564 Volui
1105 500 1340 564 pugnare
1355 528 1371 553 ,
1401 495 1528 564 care
1552 486 1750 564 mea_in
1771 480 2145 564 colluctatione

563 563 786 628 deiecit;
822 578 925 617 non
951 552 1122 617 cessit'
1154 552 1364 614 animus
1385 599 1400 624 ,
1431 556 1525 611 sed
1556 554 1937 628 cessitgeorpus
1961 571 1974 620 ;
2002 552 2144 607 aliud

566 647 717 708 mens
745 626 1046 708 cogitabat,
1078 631 1219 708 aliud
1245 644 1435 708 corpus
1459 626 1812 708 compellebat
1841 634 1941 708 :_et
1971 634 2147 680 tamen

568 719 674 779 non
703 696 864 779 habet
905 696 1526 779 excusationem—Nulla
1557 698 1705 779 enim
1728 706 1808 779 est
1838 696 1990 778 plaga
2024 711 2146 779 qum

567 774 756 828 debeat
796 775 863 829 ab
902 789 1083 829 amore
1112 772 1305 828 Christi
1351 783 1620 837 separare.
1665 767 1804 834 Quid
1850 768 1991 820 enim
2047 767 2146 822 tibi

569 844 736 899 dicit?
766 844 877 899 lloc
900 854 1003 910 est,
1020 845 1071 899 in
1092 841 1335 899 incendio
1362 840 1609 905 ardebas,
1628 838 1680 893 in
1695 838 1922 910 equuleo
1944 837 2145 910 pendet-

566 915 663 969 has
682 958 698 981 ,
748 925 964 985 propter
992 906 1087 969 'me
1117 912 1448 985 torquebaris
1477 920 1577 985 :‘et
1618 909 1785 985 dicis,
1817 908 1944 985 _Non
1998 906 2146 975 potui

567 979 1135 1062 sustinereiormenta.
1188 979 1255 1037 Et
1290 980 1559 1062 quomodo
1604 980 1858 1062 sustinuit
1910 979 2144 1062 PetrusJ,

568 1057 836 1123 quomodo
870 1050 1090 1120 Paulus,
1140 1050 1408 1123 quomodo
1459 1052 1637 1106 caeteri
1677 1058 1943 1123 martyres
1987 1050 2149 1123 su_sti:-

570 1119 930 1181 nuerunt?Ea
961 1119 1260 1179 habuerunt
1288 1137 1516 1193 corpora
1546 1137 1664 1190 quae
1687 1130 1743 1177 et
1769 1119 1829 1174 tu
1860 1119 2062 1193 habes?
2104 1120 2148 1193 ρ

571 1198 850 1278 monache,
883 1197 971 1278 qui
994 1196 1256 1278 jejunium
1286 1190 1639 1278 fugisap-utas
1670 1190 2148 1278 ignemell‘ugere?

572 1267 684 1322 Hoc
713 1283 840 1337 ergo
865 1267 984 1322 dico
1003 1309 1018 1331 ,
1065 1267 1316 1335 quoniam
1335 1267 1480 1337 omni
1511 1273 1748 1337 tempore
1789 1271 1921 1337 sunt
1945 1268 2148 1337 martyf

571 1340 647 1391 ria
667 1379 683 1404 ,
709 1332 832 1392 sunt
857 1349 910 1392 et
929 1332 1329 1407 persecutiones
1355 1335 1396 1386 ι.
1427 1334 1664 1407 Denique
1701 1332 1990 1401 Apostolus
2007 1332 2142 1407 _quid_

572 1408 806 1476 loquitur
833 1408 901 1463 de
929 1403 1134 1469 viduis.
1166 1423 1283 1476 qua:
1305 1404 1567 1460 secundos
1593 1403 1861 1476 duxerunt
1887 1404 2151 1476 maritos?

570 1474 707 1544 Quid
726 1479 897 1533 dicit?
928 1474 1601 1540 Habentes’damnationem,‘
1618 1475 1736 1541 quia
1766 1475 1981 1544 primam
1998 1474 2151 1539 fidem

571 1548 768 1602 irritant
799 1554 1024 1619 fecerunt
1055 1548 1099 1615 (l
1124 1547 1259 1619 Tim.
1288 1562 1324 1600 v
1347 1588 1361 1612 ,
1392 1545 1506 1619 i2).
1538 1545 1724 1600 Viduas
1743 1545 1870 1619 quid
1897 1545 2061 1619 dicit?
2107 1544 2151 1602 Ο

571 1619 730 1689 vidua
755 1662 770 1685 ,
792 1616 1076 1689 antequam
1106 1618 1232 1673 mihi
1258 1617 1594 1689 promitteres
1617 1616 1757 1685 quod
1784 1630 1930 1670 esses
1956 1616 2111 1671 vidua
2130 1658 2147 1682 ,

576 1688 629 1743 in
656 1698 743 1743 tua
792 1699 908 1745 erat
937 1688 1221 1758 potestate
1267 1697 1325 1742 ut
1364 1688 1633 1741 nuberes:
1665 1702 1728 1742 ex
1768 1701 1874 1753 quo
1914 1696 2151 1756 tempore

573 1759 814 1813 confessa
842 1774 900 1813 es
924 1770 981 1815 ut
1010 1760 1137 1814 mihi
1166 1773 1504 1827 permaneres
1529 1799 1545 1824 ,
1568 1772 1636 1812 ex
1661 1772 1727 1811 co
1756 1764 1995 1827 tempore
2033 1773 2150 1813 mea

575 1844 693 1883 esse
714 1832 954 1899 cmpisti;
988 1831 1032 1884 si
1062 1830 1293 1885 volueris
1318 1828 1609 1883 secundum
1639 1829 1886 1899 maritum
1914 1828 2108 1899 ducere
2132 1870 2147 1892 ,

574 1914 662 1954 me
691 1897 1091 1969 contempsisti,
1120 1901 1361 1955 adultera
1402 1914 1494 1966 cs,
1531 1899 1651 1968 quia
1681 1897 1807 1952 mihi
1833 1898 1941 1968 jam
1967 1898 2151 1967 juncta

575 1984 695 2025 cras
717 1974 758 2024 ³.
792 1972 879 2026 Sic
908 1982 961 2025 et
986 1981 1038 2025 tu
1064 1971 1357 2035 mouache,
1386 1978 1669 2039 antequam
1707 1971 2067 2037 promitteres,
2096 1971 2150 2026 in

577 2050 663 2094 tua
689 2051 804 2096 erat
831 2051 1095 2112 potestate
1118 2041 1291 2096 facere
1312 2040 1459 2112 quod
1481 2040 1717 2112 volebas.
1744 2039 1871 2112 _Vox
1903 2050 1986 2095 tua
2015 2042 2150 2111 liga-

516 2112 519 2113 ⁷
574 2111 650 2164 vit
679 2121 728 2166 te
754 2110 884 2167 mliti
915 2131 927 2166 :
957 2113 1075 2181 quis
1098 2123 1149 2168 te
1175 2111 1468 2179 compulit?
1494 2110 1756 2180 Numquid
1780 2110 2151 2168 necessitatem

577 2181 721 2236 ieci?
755 2183 940 2237 Nonne
963 2184 1096 2238 liber
1119 2182 1280 2238 eras?
1309 2183 1365 2236 in
1393 2190 1653 2251 potestate
1678 2191 1763 2235 tua
1812 2182 1907 2236 fuit
1932 2185 2151 2251 promit-

577 2261 708 2307 tere.
742 2254 1033 2308 Promisisti
1056 2296 1069 2316 ,
1102 2269 1251 2307 meus
1282 2268 1403 2308 esse
1432 2252 1639 2321 cmpisti
1673 2270 1685 2303 :
1718 2267 1894 2306 meum
1926 2254 2051 2308 nolo
2080 2254 2153 2309 di-

576 2323 828 2385 mittere;
878 2340 984 2379 non
1026 2324 1118 2378 tibi
1160 2325 1283 2378 licet
1325 2322 1593 2378 dimittere
1621 2323 1760 2391 quod
1806 2323 2147 2391 promiseras.

578 2393 897 2449 Promittere
919 2405 1064 2447 tuum
1090 2394 1185 2447 fuit
1205 2436 1217 2456 ,
1248 2394 1522 2448 dimittere
1553 2410 1657 2448 non
1680 2404 1759 2448 est
1785 2402 1950 2447 tuum.
1985 2395 2040 2450 Si
2066 2410 2152 2451 me

577 2462 845 2533 dimiseris
870 2505 885 2527 ,
919 2480 1023 2517 non
1053 2464 1224 2516 habeo
1255 2472 1305 2517 te
1352 2465 1403 2517 in
1432 2479 1496 2517 eo
1520 2464 1687 2532 gradu
1710 2504 1723 2524 ,
1774 2464 1826 2517 in
1875 2480 1980 2532 quo
2008 2466 2153 2533 prius

577 2531 760 2586 habui.
801 2534 1036 2587 Primum
1090 2534 1224 2588 liber
1249 2548 1403 2597 eras,
1433 2531 1551 2586 eras
1589 2533 1802 2601 quidem
1845 2531 1911 2588 de
1954 2531 2153 2590 familia

579 2618 694 2656 mea
726 2621 738 2656 :
764 2617 871 2657 non
892 2619 1010 2658 eras
1035 2613 1157 2657 ante
1182 2602 1365 2656 oculos
1381 2618 1528 2657 meos
1547 2622 1567 2668 ,ν
1590 2618 1694 2656 non
1723 2617 1843 2657 eras
1894 2605 1962 2660 de
1990 2606 2153 2660 mitti-

576 2674 705 2726 slris
731 2674 862 2728 meis
883 2714 897 2739 ,
926 2674 1018 2727 sed
1045 2678 1222 2729 tamen
1245 2672 1312 2727 de
1349 2672 1546 2727 familia
1579 2688 1692 2728 mea
1720 2689 1871 2738 eras;
1903 2691 2005 2729 non
2034 2692 2152 2733 cras

575 2758 785 2798 meeum
804 2785 818 2809 ,
852 2744 943 2799 sed
968 2753 1142 2798 tamen
1169 2758 1317 2798 meus
1340 2759 1481 2798 eras.
1512 2743 1592 2797 Ex
1616 2760 1721 2813 quo
1762 2745 1890 2798 mihi
1919 2747 2150 2804 militare

572 2815 781 2882 coepisti
809 2856 823 2877 ,
869 2816 912 2869 si
952 2815 1238 2869 recesseris
1258 2854 1274 2879 ,
1304 2830 1407 2867 non
1434 2813 1603 2868 habeo
1634 2822 1685 2869 te
1705 2814 1772 2868 de
1799 2814 2027 2880 familia,
2056 2819 2150 2874 sed

574 2889 723 2951 quasi
754 2884 1051 2955 fugitivum.
1085 2884 1195 2939 iloc
1219 2894 1388 2940 totum
1420 2900 1583 2953 quare
1612 2884 1766 2939 dico?
1809 2886 2068 2952 Quoniam
2099 2890 2151 2944 in

576 2965 757 3025 nostra
784 2963 901 3009 erat
945 2965 1205 3025 potestate
1248 2956 1559 3025 promittere
1610 2955 1918 3011 servitutem
1965 2958 2058 3013 Dei
2099 2970 2153 3015 et

573 3024 818 3087 obedire;
848 3024 955 3080 non
992 3026 1151 3081 estin
1182 3024 1363 3081 nostra
1403 3033 1665 3094 potestate
1700 3025 1990 3082 dimittere.
2022 3029 2152 3085 Pro-

573 3095 811 3165 tnisisti?
866 3097 1148 3151 Praemium
1204 3107 1350 3152 tuum
1390 3096 1575 3151 habes.
1626 3096 1884 3165 Negasti?
1928 3098 2149 3155 Ptnnam

575 3164 784 3237 babes:
836 3175 1118 3237 utrumque
1163 3176 1381 3237 propter
1428 3164 1795 3221 confusionem
1850 3175 1997 3223 tuum
2045 3179 2146 3226 est.

573 3235 811 3307 Diximus
831 3279 846 3299 ,
876 3235 1041 3307 atque
1078 3235 1279 3292 iterum
1318 3237 1543 3292 dicimus
1574 3255 1587 3290 :
1620 3237 1964 3293 Promisisti?
2011 3240 2149 3296 Prm-

574 3306 738 3360 mium
770 3307 951 3381 habes.
1004 3308 1298 3381 Ditnisisti?
1354 3307 1802 3381 Pinnamhabes.
1858 3308 2152 3381 Utrumque

572 3382 721 3449 tuum
743 3387 843 3449 est,
866 3378 1002 3446 elige
1017 3378 1158 3447 quod
1190 3378 1336 3433 velis.
1363 3378 1537 3449 Habes
1552 3378 1691 3433 viam
1722 3378 1908 3434 mortis
1930 3389 1984 3435 et
2006 3378 2148 3449 viim,

571 3444 852 3515 ingredere
895 3444 1052 3516 quani
1080 3450 1330 3503 volueris.
1362 3448 1475 3503 Hoc
1501 3457 1668 3502 totum
1689 3448 1809 3503 dico
1835 3450 2003 3513 vobis,
2038 3444 2149 3506 ira;

571 3523 683 3589 tres
701 3519 999 3574 charissimi
1022 3561 1036 3584 ,
1069 3536 1135 3573 ne
1154 3521 1271 3589 quis
1300 3519 1366 3574 de
1402 3518 1551 3573 vobis
1582 3527 1731 3589 putet
1768 3534 1826 3574 se
1863 3519 2059 3576 habere
2087 3524 2151 3578 li-

570 3586 752 3660 beram
786 3597 1100 3658 potestatem
1121 3630 1135 3653 ,
1166 3586 1379 3644 etdicat
1398 3632 1412 3656 ,
1443 3586 1597 3657 Ergo
1615 3590 1689 3644 illi
1718 3590 1807 3660 qui
1836 3606 2027 3647 uxores
2050 3593 2148 3647 ha-

571 3656 729 3734 bent,
760 3656 848 3729 qui
870 3667 993 3715 sunt
1021 3660 1071 3713 in
1102 3660 1404 3734 civitatibus
1424 3702 1439 3727 ,
1465 3656 1555 3734 qui
1577 3656 1835 3734 militant,
1863 3661 1951 3731 qui
1980 3679 2147 3734 nego-

572 3728 807 3794 tiantur,
853 3745 981 3799 ergo
1032 3740 1173 3785 totus
1214 3730 1442 3785 mundus
1483 3730 1538 3785 in
1578 3731 1815 3799 periculo
1866 3728 1947 3786 est;
1978 3773 1995 3800 ,
2044 3728 2146 3790 soli

569 3800 815 3875 monachi
841 3802 1132 3875 salvantur.
1155 3801 1272 3875 Non
1315 3810 1623 3875 estnostra
1652 3809 1707 3856 et
1745 3802 1949 3857 illorum
1997 3820 2148 3875 inqua

568 3871 824 3944 conditio.
851 3873 929 3927 illi
960 3872 1191 3927 scientes
1238 3872 1655 3927 imbecillitatem
1694 3887 1842 3926 suam
1879 3889 1981 3928 non
2020 3871 2147 3944 pro-

567 3941 827 4013 miscrunt
882 3944 1056 3999 facere
1103 3944 1244 4011 quod
1286 3959 1389 3997 non
1434 3952 1742 4011 potuerunt.
1803 3944 1881 3998 iiii
1929 3941 2144 4013 quidem

564 4010 845 4068 christiani
873 4023 1015 4069 sunt.
1036 4013 1153 4085 Sed
1180 4023 1263 4069 est
1283 4010 1604 4085 christianus
1654 4016 1803 4085 quasi
1825 4010 2094 4071 saecularis
2126 4060 2142 4083 ,

565 4088 622 4156 et
664 4085 814 4156 quasi
868 4084 1192 4153 negotiator;
1235 4094 1290 4139 et
1327 4084 1648 4140 christiauus
1676 4087 1824 4156 quasi
1878 4086 2048 4142 miles.
2078 4089 2147 4144 Et

565 4148 846 4229 Cornelius
874 4148 1116 4229 centurio
1160 4148 1316 4229 mil-es
1342 4156 1466 4229 fuit,
1519 4157 1611 4210 sed
1639 4148 1873 4229 salvatus
1899 4167 2000 4211 est.
2032 4159 2144 4229 Ego

563 4221 656 4287 qui
681 4223 972 4277 monachus
993 4240 1108 4277 sum
1130 4265 1145 4287 ,
1171 4225 1262 4293 qui
1287 4226 1451 4279 desivi
1483 4240 1601 4278 esse
1622 4227 1891 4280 saecularis
1910 4268 1923 4293 ,
1954 4236 2007 4281 et
2060 4221 2141 4283 r5-

562 4298 684 4345 ctus
726 4308 843 4347 sum
871 4297 1196 4358 monachus;
1224 4303 1316 4348 aut
1358 4295 1651 4349 monachus
1690 4297 1868 4349 salvus
1909 4312 2025 4359 ero,
2049 4309 2143 4355 aut

562 4362 719 4418 aliter
742 4378 846 4419 non
868 4365 1148 4420 salvabor:
1180 4379 1286 4419 non
1302 4366 1537 4421 estaliud
1562 4365 1816 4420 medium.
1845 4367 1899 4421 Si
1922 4368 2143 4425 voluero

563 4432 831 4506 dimittere
859 4436 1018 4489 vitam
1073 4436 1319 4491 monachi
1363 4446 1418 4491 et
1466 4437 1614 4506 sequi
1648 4438 1956 4492 srecularem
1986 4479 1999 4503 ,
2032 4456 2137 4495 non

563 4500 783 4579 habebit;
831 4520 917 4560 me
958 4506 1211 4579 Dominus
1252 4509 1401 4577 quasi
1453 4500 1798 4579 smeuiarem,
1850 4508 1943 4563 sed
1986 4500 2137 4579 quasi

561 4576 1046 4649 praevaricatorem.
1076 4577 1190 4631 Non
1219 4576 1346 4647 ergo
1376 4579 1497 4633 licet
1529 4578 1681 4633 nobis
1702 4577 1968 4634 dimittere
1998 4576 2137 4649 quod

562 4644 819 4701 habemus
848 4646 900 4701 in
937 4650 1228 4717 proposito.
1264 4644 1413 4702 Dicat
1455 4648 1678 4718 aliquis,
1710 4648 1844 4715 Quid
1876 4644 2050 4716 facio',
2093 4654 2137 4708 si

560 4718 773 4788 peccavi
801 4718 852 4771 in
880 4719 983 4772 isto
1001 4719 1269 4788 proposito
1286 4759 1302 4783 ,
1330 4720 1418 4786 qui
1444 4718 1616 4773 factus
1642 4734 1758 4773 smn
1786 4736 1884 4775 nec
1916 4723 2139 4777 smcuia-

557 4786 632 4839 ris
664 4802 781 4860 nec
830 4786 1164 4860 monachus?
1188 4790 1396 4860 Aliquis
1426 4799 1608 4857 peccat
1648 4801 1862 4857 peccato
1902 4792 2088 4860 majori
2114 4794 2139 4848 ?

556 4857 700 4931 cupit
720 4859 1045 4931 emendare?
1072 4860 1212 4931 Ergo
1240 4857 1340 4915 hoc
1367 4860 1486 4915 dico
1506 4902 1519 4924 ,
1556 4860 1670 4914 Non
1710 4861 1864 4915 nobis
1893 4857 2017 4916 licet
2051 4864 2106 4919 di
2124 4892 2139 4904 ο

558 4928 770 5001 mittere
793 4930 934 4999 quod
964 4928 1247 4986 habuimus
1278 4932 1603 5001 prepositum
1623 4973 1638 4996 ,
1674 4931 1797 4984 licet
1827 4932 2133 5000 dignitatem

555 5000 810 5072 propositi
848 5001 1142 5069 perdideris
1167 5002 1208 5055 ³.
1260 5004 1314 5056 Si
1362 5000 1587 5072 peccasti
1645 5002 1697 5055 in
1742 5002 1846 5055 vita
1890 5005 2136 5060 monachi

555 5070 911 5143 constitutus,
955 5082 1071 5127 esto
1118 5070 1381 5141 paenitens
1425 5074 1575 5143 quasi
1639 5072 1971 5128 monachus:
2029 5090 2135 5132 non

552 5141 701 5214 quasi
725 5142 1001 5214 saacuiaris
1020 5183 1035 5208 ,
1059 5144 1150 5197 sed
1181 5145 1330 5214 quasi
1372 5141 1685 5198 niouachus.
1716 5143 1920 5214 Aliquis
1945 5146 2086 5201 dicat
2114 5189 2130 5214 ,

552 5208 682 5285 Fugi
705 5212 975 5285 dominum
1000 5208 1216 5275 meum:
1247 5230 1312 5269 ne
1348 5230 1434 5268 me
1464 5214 1632 5268 cmdat
1663 5233 1676 5269 :
1707 5208 1920 5284 semper
1948 5208 2133 5285 fugere

549 5278 759 5355 debeo?
782 5284 836 5337 Si
869 5292 919 5337 te
947 5286 1169 5353 poenitet
1190 5286 1333 5355 quod
1364 5285 1540 5355 fugisti
1566 5326 1579 5345 ,
1609 5285 1770 5339 debes
1793 5287 1798 5293 ’
1819 5278 2031 5341 reverti
2063 5288 2130 5342 ad
2175 5278 2181 5303 ⁴

547 5352 820 5427 dominum
853 5352 1020 5410 tuum.
1054 5352 1222 5427 Nemo
1245 5352 1671 5419 dicat,'Ptenitet
1718 5372 1805 5411 me
1824 5358 1944 5426 quia
1978 5359 2081 5427 iugi
2113 5400 2127 5425 ,

546 5432 600 5476 et
619 5423 788 5480 debeo
809 5441 1021 5495 semper
1047 5426 1248 5496 iugere.
1282 5427 1404 5481 Sive
1427 5427 1594 5481 sancti
1622 5427 1787 5482 simus
1807 5470 1821 5493 ,
1843 5423 1967 5483 Vsivc
1998 5423 2127 5497 pec?

545 5504 754 5551 ratores
783 5497 951 5554 simus
975 5538 990 5565 ,
1038 5499 1190 5554 nobis
1214 5514 1324 5554 non
1355 5498 1479 5553 licet
1518 5506 1725 5552 mutare
1775 5500 2125 5570 propositum.

605 5653 624 5718 ξ
648 5659 755 5713 us,
776 5654 1212 5718 prmaricationes.

602 5717 623 5784 ξ
642 5712 825 5784 omittit
839 5726 945 5784 _tus.,
969 5716 1192 5767 adultera
1207 5728 1277 5784 es,
1293 5712 1542 5784 quiqmihi
1553 5714 1662 5778 jam
1674 5716 1856 5784 juncta
1868 5732 1995 5772 eras.

533 5780 623 5899 Νι
657 5787 757 5833 Non
775 5775 1027 5833 habet'tus.
1057 5787 1215 5846 :Ergo
1244 5775 1334 5831 hoc
1373 5775 1583 5831 dico....'.
1626 5775 1857 5845 proposui
1892 5781 2121 5859 ρεναίάθ..

1537 5926 1555 5953 κ
1569 5907 1573 5913 .

2019 340 2387 405 APPENDIX.

2184 3807 2194 3815 ’
2253 3794 2481 3851 vandam

3694 366 3847 426 l3“

2252 477 2310 535 Si
2330 485 2543 535 sanctus
2566 493 2626 536 es
2645 521 2659 545 ,
2687 478 2877 534 beatus
2892 491 2960 550 es
2999 472 3291 550 monachus
3322 492 3337 529 :
3366 489 3410 532 Si
3454 485 3708 548 peccator
3731 494 3793 536 es
3818 522 3838 550 ,

2252 551 2499 605 miseres
2535 550 2845 605 monachus.
2889 549 3004 604 Non
3033 549 3157 619 licet
3202 556 3419 619 mutare
3456 549 3834 619 propositum,

2254 619 2379 676 licet
2407 620 2715 690 dignitatem
2751 618 3350 691 propositiperdideris.
3378 618 3504 675 Hinc
3532 618 3752 691 quidem
3782 618 3837 679 in

2252 706 2534 763 commune
2563 692 2786 760 loquor:
2815 690 2868 745 et
2895 690 3040 763 quod
3056 690 3207 763 vobis
3227 690 3435 760 loquor,
3462 690 3595 746 mihi
3620 707 3840 763 quoque

2253 760 2444 831 loquor
2466 803 2481 827 ,
2514 776 2582 816 ne
2606 763 2724 831 quis
2754 775 2814 816 se
2840 768 2987 830 putet
3027 760 3228 831 habere
3270 769 3588 830 poteStatem
3627 760 3842 821 mutare

2254 830 2578 901 propositum
2613 830 2654 883 ί.
2686 832 2818 886 Rem
2840 832 2989 886 vobis
3009 830 3130 887 dico
3158 846 3350 887 novam
3377 847 3393 885 :
3420 834 3571 901 quasi
3608 835 3665 889 in
3689 849 3842 891 com-

2256 902 2529 973 paratione
2548 903 2670 957 dico
2689 942 2703 965 ,
2735 918 2841 956 non
2866 902 3017 973 quasi
3045 902 3148 958 hoc
3177 903 3501 972 praecipiam.
3542 904 3654 959 Fac
3698 906 3838 962 duos

2253 970 2543 1043 monachos
2579 970 3027 1037 corruissefhoc
3080 970 3195 1039 est;
3244 970 3468 1043 uterque
3514 978 3840 1043 peccaverit.

2254 1043 2405 1098 Alius
2426 1042 2492 1098 de
2532 1043 2690 1110 ipsis,
2719 1044 2868 1099 verbi
2903 1058 3064 1098 causa
3090 1085 3105 1109 ,
3141 1042 3457 1101 saecularem
3501 1042 3656 1101 duxit
3702 1062 3842 1102 uxo-

2253 1129 2367 1168 rem
2398 1154 2413 1178 ,
2443 1122 2499 1187 et
2537 1113 2703 1179 dixit,
2731 1113 2845 1169 Non
2874 1129 3091 1187 possum
3119 1115 3421 1182 sustinere,
3466 1132 3576 1171 non
3621 1130 3843 1187 possum

2255 1183 2548 1256 monachus
2599 1183 2961 1253 perseverare.
3008 1185 3157 1241 Alius
3202 1201 3330 1241 vero
3357 1186 3446 1256 qui
3483 1183 3840 1256 peccaverat,

2256 1254 2511 1309 intellexit
2539 1269 2694 1330 suum
2742 1265 3051 1330 peccatum;
3096 1256 3227 1312 nulli
3255 1254 3579 1330 conﬁtetur,
3640 1254 3846 1330 plangit

2256 1325 2600 1397 tamenquod
2655 1324 2819 1397 fecit,
2834 1326 2937 1397 die
2968 1336 3248 1397 noctuque
3296 1328 3504 1383 Domini
3534 1324 3846 1385 misericor-

2254 1395 2394 1450 diam
2421 1395 2758 1471 deprecatur.
2802 1396 3067 1471 Nondico
3105 1395 3228 1468 quia
3275 1398 3414 1471 bene
3463 1399 3655 1455 fecerit
3699 1400 3845 1471 quod

2255 1466 2529 1541 peccavit:
2559 1466 2626 1521 ad
2652 1468 3105 1541 comparationem
3125 1466 3315 1541 tamen
3328 1469 3453 1541 pejus
3489 1471 3581 1541 qui
3632 1466 3846 1541 publica

2255 1537 2547 1612 sceleratus
2587 1546 2699 1603 est,
2755 1539 2855 1594 iste
2900 1548 3132 1612 sanctus
3157 1548 3279 1612 est._
3302 1537 3414 1595 iioc
3458 1537 3649 1595 to'tum'
3678 1558 3846 1612 quare

2254 1607 2413 1662 dico?
2443 1607 2556 1685 Non
2585 1616 2642 1662 ut
2669 1624 2818 1685 spem
2850 1610 3220 1685 peccatoribus
3249 1610 3412 1685 dein,
3434 1622 3529 1667 aut
3551 1627 3651 1685 per
3671 1607 3845 1685 ipsam

2255 1692 2403 1747 spem
2428 1676 2549 1731 dem
2575 1676 2913 1753 occasionem
2936 1681 3220 1753 peccandi;
3249 1682 3342 1737 sed
3363 1676 3516 1748 dico,
3543 1676 3709 1737 etiam
3733 1685 3847 1753 qui-

2255 1763 2482 1823 cumque
2511 1751 2845 1817 peccaverit,
2878 1766 2984 1805 non
3012 1752 3061 1806 ei
3088 1752 3213 1806 licet
3233 1761 3441 1809 mutare
3479 1751 3843 1823 propositum.

2256 1818 2718 1891 Dominusautem
2744 1831 2827 1876 est
2852 1831 3042 1891 potens
3061 1837 3150 1877 me
3175 1833 3229 1877 et
3251 1838 3347 1879 vos
3383 1825 3452 1879 ab
3474 1818 3733 1879 omnibus
3763 1826 3846 1879 in-

2256 1888 2405 1944 sidiis
2430 1890 2629 1966 diaboli
2679 1888 2907 1966 liberare
2934 1901 3107 1966 totos,
3140 1894 3226 1966 cui
3250 1903 3335 1949 est
3369 1895 3542 1951 honor
3569 1904 3627 1950 ct
3671 1895 3847 1966 gloria

2257 1974 2353 2030 per
2373 1962 2549 2016 omnia
2574 1962 2767 2017 saecula
2787 1963 3126 2018 saeculorum.
3152 1965 3345 2019 Amen.

2840 2053 3066 2109 SERMO
3103 2053 3241 2109 LXI.

2817 2161 2885 2201 DE
2922 2161 3255 2203 OBEDIENTIA.

2327 2236 2382 2292 Si
2411 2238 2870 2315 praemia‘aaternje
2897 2239 3020 2294 vitae
3058 2242 3300 2296 volumus
3325 2243 3650 2315 promereri,
3702 2258 3851 2315 pre-

2255 2321 2407 2378 cepta
2438 2309 2544 2386 Dei_
2560 2309 2683 2386 totis
2707 2310 2911 2386 viribus
2935 2319 3234 2386 satagatnus
3259 2309 3549 2386 custodire.
3570 2309 3851 2386 Praecepta

2256 2395 2485 2452 namque
2512 2380 2615 2452 Dei,
2635 2380 2942 2452 nolentibus
2959 2380 3159 2451 gravia,
3197 2384 3499 2439 volentibus
3524 2396 3655 2440 sunt
3684 2380 3847 2452 levia,

2258 2451 2394 2505 sicut
2423 2451 2535 2519 ipse
2570 2450 2645 2504 ait
2675 2468 2689 2503 :
2719 2450 2913 2519 Jugum
2937 2450 3073 2505 enim
3100 2469 3263 2507 meum
3293 2471 3445 2508 suave
3484 2465 3557 2509 est
3576 2498 3591 2519 ,
3630 2465 3681 2509 et
3716 2450 3848 2511 onus

2256 2538 2420 2593 nteant
2461 2522 2563 2575 leve
2600 2520 2621 2592 (
2650 2520 2838 2575 Matth.
2863 2522 3011 2585 Xl,50
3038 2525 3080 2593 ).
3128 2524 3417 2580 Audiamus
3450 2526 3737 2581 Dominum
3790 2536 3849 2583 et

2257 2591 2587 2645 Salvatorcm
2608 2602 2849 2647 nostrum
2865 2591 3255 2662 praecipientem
3277 2596 3452 2661 nobis,
3472 2606 3527 2651 et
3547 2613 3649 2651 suo
3659 2614 3849 2653 exem-

2256 2662 2344 2731 plo
2368 2662 2765 2738 admonentem.
2792 2662 2999 2738 Tollite,
3047 2665 3235 2738 inquit,
3255 2666 3651 2738 jugumnteam
3691 2685 3849 2738 rapa

2257 2742 2444 2805 uomet
2473 2733 2703 2805 discileia
2729 2751 2825 2805 me,
2865 2735 2983 2805 quia
3013 2735 3148 2788 milia
3175 2733 3403 2803 suntfel
3443 2737 3652 2792 Itumilir
3692 2733 3848 2794 cordo

2261 2802 2462 2875 (lbid.,
2487 2803 2765 2876 29).,Quid
2785 2802 3068 2876 est_'jugum
3099 2806 3193 2861 Dei
3217 2802 3378 2875 super
3401 2821 3462 2862 se
3489 2809 3700 2873 tollere,
3738 2812 3845 2865 nisi

2255 2874 2454 2949 Sanctae
2487 2874 2803 2949 obetiientiae
2843 2874 3107 2945 praecepto
3141 2874 3374 2949 seipsum
3409 2889 3630 2949 propter
3675 2881 3844 2937 Deum

2256 2945 2556 3013 subjicere?
2572 2944 2713 2999 Mitis
2737 2953 2915 3017 autem
2939 2944 3039 3017 est,
3063 2947 3154 3015 qui
3178 2944 3367 3003 omnes
3392 2944 3615 3017 injurias
3633 2960 3691 3004 et
3711 2966 3845 3007 con-

2222 3068 2229 3073 ,
2258 3016 2520 3088 tumelias,
2542 3032 2662 3086 quae
2680 3016 2779 3088 sibi
2801 3016 2962 3070 illam
2982 3016 3198 3085 iuerint,
3217 3016 3590 3088 aequanimiter
3610 3023 3832 3088 tolerat,

2256 3086 2341 3160 qui
2369 3101 2497 3160 earn
2521 3087 2868 3160 apostolicam
2894 3089 3210 3160 sententiam
3240 3086 3404 3159 opere
3425 3099 3591 3157 tenet,
3615 3107 3726 3160 qua
3746 3086 3839 3147 di;

2254 3156 2412 3222 citur,
2443 3156 2564 3229 Non
2588 3157 2852 3229 reddente;
2876 3159 3067 3211 malum
3106 3175 3199 3229 pro
3223 3156 3378 3225 male,
3404 3161 3482 3215 vel
3513 3156 3843 3219 inalédictml

2256 3242 2348 3301 pro
2373 3228 2638 3282 maledicto
2660 3246 2680 3294 ;
2705 3228 2794 3301 sed
2816 3244 2849 3301 re
2872 3228 3124 3284 contrario
3153 3231 3493 3286 benedicentes
3514 3232 3531 3300 (
3555 3232 3737 3288 lPetr.
3760 3250 3837 3301 ut,

2254 3297 2324 3368 9)
2357 3315 2371 3352 :
2399 3308 2452 3353 et
2477 3302 2689 3365 iterum,
2714 3298 2842 3354 Noli
2864 3300 3044 3353 vincia
3063 3301 3219 3365 malo,
3243 3302 3330 3355 sed
3345 3304 3484 3357 uince
3507 3297 3561 3356 in
3584 3303 3720 3358 bona
3739 3297 3823 3358 me

2255 3368 2379 3444 lum.
2408 3368 2605 3444 (Rom.
2624 3386 2717 3444 xu,
2740 3371 2806 3427 21
2841 3370 2888 3444 ):
2906 3370 3132 3444 Humilis
3155 3387 3282 3427 vero
3307 3382 3410 3437 est,
3438 3373 3528 3444 qui
3563 3375 3713 3444 eligit
3745 3377 3842 3431 ab-

2248 3438 2427 3508 jcctus
2449 3456 2568 3496 esse
2592 3442 2651 3516 in
2672 3438 2981 3516 domo'Dei,
3004 3452 3058 3496 et
3081 3457 3268 3498 omnes
3305 3444 3408 3499 sibi
3435 3438 3714 3514 praeferre,
3745 3448 3843 3516 qui

2252 3523 2320 3584 se
2334 3524 2545 3581 semper
2567 3513 2838 3581 pulverem
2855 3520 2911 3566 et
2936 3511 3170 3584 cinerem
3195 3528 3314 3569 esse
3335 3511 3610 3584 penset,et
3635 3516 3691 3570 in
3709 3511 3843 3572 ctia-

2252 3581 2353 3656 ctis
2379 3598 2496 3652 quae
2521 3585 2630 3653 agit
2657 3599 2867 3656 servum
2895 3597 2954 3637 se
2983 3582 3277 3654 indignum,
3311 3581 3417 3639 non
3446 3586 3619 3640 solum
3645 3588 3837 3656 verbo,

2252 3652 2347 3707 sed
2367 3668 2549 3722 Opere,
2562 3652 2925 3724 cogitatione,
2949 3652 3158 3710 etomni
3174 3656 3577 3712 conversatione
3591 3673 3687 3711 sua
3705 3652 3840 3714 setti-

2251 3738 2347 3793 per
2375 3739 2433 3778 se
2459 3724 2639 3849 algicit
2658 3736 2712 3780 et
2739 3724 3051 3780 contemnit.
3085 3725 3231 3781 Talis
3252 3728 3433 3796 procul
3451 3726 3618 3783 dubio
3631 3729 3835 3784 adsero

2253 3794 2481 3849 vandam
2546 3795 2835 3849 isciplinam
2863 3804 3021 3849 atque
3058 3796 3416 3849 obedientiam
3455 3808 3537 3849 est
3567 3798 3791 3849 idoneus
3812 3842 3833 3849 -

2546 3795 2835 3865 isciplinam
2863 3804 3021 3867 atque
3058 3795 3416 3852 obedientiam
3455 3808 3537 3854 est
3567 3798 3791 3854 idoneus
3812 3842 3834 3867 ,

2251 3880 2351 3939 nec
2376 3875 2552 3935 potest
2600 3868 2776 3939 perire
2800 3883 2830 3921 a
2873 3868 2956 3921 via
2992 3866 3231 3935 justitite,
3261 3883 3434 3939 neque
3462 3870 3734 3925 declinare
3760 3866 3830 3927 ad

2249 3936 2523 4009 dexteram
2568 3938 2680 3993 sive
2707 3938 2775 3993 ad
2815 3939 3084 3995 sinistram
3118 3940 3283 4009 :quia
3322 3936 3377 3993 in
3402 3954 3470 3994 eo
3509 3940 3653 4009 quod
3691 3942 3835 3998 mitis

2250 4017 2347 4081 est,
2383 4008 2525 4061 nulla
2554 4009 2872 4064 adversitate
2900 4008 3251 4080 i'rangituriin
3268 4024 3333 4065 eo
3352 4008 3539 4065 autem
3557 4011 3702 4081 quod
3732 4011 3834 4067 hu-

2248 4079 2390 4133 milis
2413 4090 2515 4146 est,
2534 4080 2677 4133 nulla
2700 4079 3052 4150 proSperitate
3079 4081 3163 4135 vel
3187 4081 3355 4151 gloria
3370 4079 3633 4136 elevatur.
3654 4082 3834 4151 Quan-

2248 4158 2334 4203 tus
2383 4159 2560 4204 autem
2618 4152 2689 4205 sit
2738 4151 3054 4207 obedientiae
3102 4152 3323 4218 fructus,
3347 4153 3677 4216 ostenditur,
3709 4169 3830 4210 cum

2247 4219 2590 4293 subiniertur,
2633 4222 2701 4275 Et
2754 4222 3012 4278 invenietis
3054 4225 3274 4293 requiem
3330 4224 3597 4277 animabus
3632 4226 3827 4280 vestris.

2246 4290 2573 4363 Obcdientia:
2612 4292 2826 4363 quidem
2882 4290 3160 4363 disciplina
3197 4294 3359 4349 modo
3405 4295 3458 4348 in
3489 4294 3672 4350 labom
3708 4304 3825 4363 est,

2245 4361 2338 4434 sed
2366 4362 2416 4415 in
2445 4361 2880 4434 futuro‘l‘ructum
2910 4361 3071 4421 habet
3096 4366 3511 4434 pacatissimutn.
3542 4366 3612 4420 Et
3656 4361 3829 4421 scien-L

2245 4430 2560 4506 dum,‘quod
2583 4444 2783 4503 quanto
2813 4437 2969 4491 modo
2996 4430 3193 4491 erimus
3230 4436 3542 4491 obedientes
3592 4438 3827 4506 patrihus

2246 4504 2467 4566 nostris,
2496 4514 2643 4559 tanto
2668 4507 2769 4565 crit
2812 4507 2950 4561 Deus
2976 4507 3233 4562 obedieus
3253 4504 3822 4576 orationibus—nostris,

2243 4581 2298 4648 et
2317 4584 2466 4648 tanto
2479 4576 2582 4630 erit
2601 4577 2946 4646 nobisjugum
2972 4578 3089 4648 ejus
3106 4592 3290 4642 suave,
3314 4587 3368 4634 et
3394 4593 3534 4633 onus
3545 4579 3664 4648 ejus
3686 4579 3822 4634 leve.

2243 4645 2391 4719 Scire
2422 4661 2631 4717 quoque
2660 4645 2887 4719 oportet,
2914 4645 3036 4718 quia
3060 4648 3322 4718 superbus
3366 4657 3422 4704 et
3448 4645 3739 4719 impatiens
3756 4649 3829 4705 di-

2242 4716 2478 4791 sciplina:
2495 4716 2876 4791 etobedicntia:
2898 4716 3096 4788 regulis
3119 4716 3396 4791 suhjacere
3418 4716 3543 4774 non'
3553 4730 3752 4791 potest.
3773 4720 3825 4776 In

2242 4801 2306 4840 eo
2333 4789 2473 4861 enim
2501 4788 2642 4859 quod
2671 4789 2807 4861 elate
2849 4790 3011 4861 vivit,
3058 4788 3281 4846 caeteros
3324 4788 3573 4861 despicit,
3620 4799 3676 4847 et
3716 4792 3827 4846 suis

2242 4860 2411 4931 magis
2453 4874 2610 4927 quam
2652 4860 2873 4916 alterius
2907 4860 3302 4917 delinitionibus
3332 4862 3554 4917 obedire
3578 4864 3824 4931 appetit:

2242 4928 2294 5001 in
2323 4944 2387 4983 co
2411 4939 2585 4983 autem
2613 4931 2749 5001 quad
2796 4931 3076 5001 impatiens
3105 4942 3209 4997 est,
3253 4934 3364 5001 ipsa
3392 4947 3550 5001 parva
3597 4928 3669 4987 et
3690 4933 3825 4988 levia

2240 4999 2371 5053 dura
2386 5008 2439 5053 et
2460 4999 2808 5057 intolerabilia
2825 4999 2943 5057 esse
2960 5002 3231 5072 dijudicat,
3255 4999 3413 5073 idque
3427 5003 3599 5058 solum
3620 5014 3824 5060 rectum

2239 5084 2360 5124 esse
2384 5073 2629 5134 :cstimat,
2657 5072 2797 5142 quod
2825 5073 3092 5128 obstinato
3121 5074 3281 5131 corde
3307 5072 3617 5143 conceperit
3647 5094 3661 5129 :
3692 5091 3820 5131 sen-

2239 5155 2409 5209 suque
2434 5144 2650 5213 proprio
2680 5158 2774 5212 pro
2802 5145 3042 5200 omnium
3093 5147 3259 5201 utitur
3292 5146 3518 5200 ratione.
3558 5145 3651 5200 isti
3692 5147 3824 5202 tales

2239 5212 2735 5287 fratreslunanimes
2780 5231 2922 5285 stupe
2948 5218 3277 5286 perturbant,
3309 5217 3533 5287 litesque
3560 5225 3820 5280 movent,

2239 5299 2338 5339 nec
2378 5285 2560 5338 volunt
2597 5285 2665 5339 ad
2707 5285 3011 5341 mensuram
3047 5290 3271 5343 aliorum
3306 5285 3506 5352 vivere,
3555 5302 3658 5342 nec
3702 5295 3824 5341 sunt

2238 5356 2580 5429 contenti‘liis
2599 5355 2791 5425 quibus
2815 5366 3065 5429 contenta
3086 5359 3247 5415 debet
3268 5375 3387 5414 esse
3409 5357 3663 5429 religiosa
3692 5374 3820 5427 pau-

2236 5436 2434 5495 pertas.
2468 5426 2533 5480 Et
2561 5442 2681 5481 cum
2710 5428 3062 5497 negligentius
3090 5430 3297 5485 caeteris
3326 5426 3539 5496 vivant,
3570 5426 3821 5499 plus’aliis

2236 5499 2423 5553 volunt
2461 5498 2712 5552 honorari
2759 5499 3069 5567 iiujusmodi
3102 5500 3328 5555 rebelles
3354 5512 3410 5555 et
3449 5498 3816 5555 inobedientes

2234 5570 2426 5625 animre
2453 5569 2762 5640 frequenter
2780 5571 2829 5623 in
2856 5571 3189 5639 passionibus
3216 5587 3327 5626 sure
3347 5573 3525 5627 carnis
3542 5571 3816 5636 decidunt,

2233 5649 2288 5695 et
2317 5656 2483 5713 usque
2511 5642 2578 5697 ad
2610 5641 2780 5712 turpia
2824 5657 2986 5712 opera
3018 5642 3358 5711 dilabuntur,
3389 5652 3445 5697 et
3483 5659 3553 5697 ex
3592 5642 3675 5697 his
3703 5642 3817 5712 plc-

2233 5780 2326 5898 es;
2339 5779 2423 5831 Hic
2442 5778 2551 5833 linis
2572 5786 2650 5833 est
2673 5788 2752 5832 MS.
2770 5777 3083 5835 Fioriacensis
3099 5816 3115 5845 ,
3143 5780 3195 5834 in
3228 5779 3372 5833 editis
3409 5778 3559 5845 longe
3595 5779 3819 5836 diversis
