4100 6344
599 344 735 404 1551

593 470 754 585 petua
791 459 884 517 sed
914 456 1241 542 transitoria,
1273 456 1413 541 _quia.
1429 453 1662 527 quotidie
1690 452 1755 508 ad
1796 452 1953 507 ﬁnem
1985 467 2173 536 prona.

620 533 691 585 lla
731 547 855 585 vero
883 539 1052 585 patria
1083 530 1352 585 CtPleSllS.
1400 543 1454 582 in
1499 542 1600 585 aua
1650 527 1788 580 Deus
1815 540 1937 579 cum
1983 533 2173 579 sanctis

620 533 691 589 lla
731 547 855 588 vero
883 525 1352 602 patriaicmlestis,
1381 525 1463 602 _iii
1499 542 1600 602 qua
1650 527 1788 580 Deus
1815 540 1937 602 eum
1983 525 2180 602 sanctis

593 604 809 674 Angelis
834 595 901 659 et'
919 600 1104 657 electis
1131 600 1243 674 suis
1271 600 1491 674 habitat,
1516 595 1680 674 linem
1704 610 1808 650 non
1823 595 2015 674 _habet.
2045 595 2179 650 Vere

594 667 753 748 igitur
776 674 969 748 stultus
998 672 1230 748 est,_qui_
1246 671 1312 725 ad
1341 671 1494 748 talem
1525 668 1735 748 Patrem
1769 667 2033 748 talemque
2077 681 2174 748 pa-

592 736 748 802 tiiam
768 759 830 799 ac
846 745 1005 799 talem
1029 736 1323 797 cmlcstium
1352 740 1544 793 civium
1574 739 1882 793 societatem
1903 736 2179 807 pervenire

593 832 701 872 non
721 815 1010 871 desiderat.
1038 814 1167 880 Quis
1195 821 1275 866 est
1294 811 1400 876 ille,
1421 810 1509 879 qui
1537 810 1586 863 in
1606 810 1964 878 captivitatem
1987 808 2177 863 ductus

589 888 729 942 ultra
762 886 829 941 ad
857 886 1085 963 patriam
1120 881 1529 963 redirebollet?
1558 881 1688 963 Quis
1710 880 1761 934 in
1784 894 1999 963 carcere
2014 888 2178 963 tene-

588 964 752 1014 broso
766 950 987 1025 positus,
1002 954 1228 1025 amplius
1240 952 1386 1007 exire
1398 952 1564 1007 nollet
1577 962 1629 1006 et
1644 952 1818 1025 lucem
1832 950 2036 1025 videre?
2048 950 2179 1025 Quis

588 1021 870 1098 usque-ad
913 1021 1137 1080 mortem
1186 1023 1378 1098 famem
1425 1025 1731 1086 sustinens,
1761 1021 1821 1098 _si
1861 1021 1910 1075 ei
1954 1021 2181 1098 mandu-

588 1092 744 1152 candi
786 1098 1106 1168 possibilitas
1163 1094 1423 1168 adfuerit,
1471 1109 1575 1168 non
1621 1092 1999 1168 manducaret?
2047 1092 2180 1160 Quis

587 1170 729 1222 sitim
760 1163 984 1234 patiens,
1013 1167 1057 1221 si
1085 1166 1304 1220 facultas
1330 1163 1545 1219 bibendi
1568 1163 1853 1226 exstiterit,
1886 1177 1990 1217 non
2023 1174 2178 1231 pota-

588 1239 706 1293 ret?
733 1234 893 1292 Nobis
913 1278 927 1302 ,
955 1236 1253 1292 charissimi
1273 1276 1287 1299 ,
1319 1234 1548 1289 mundus
1576 1235 1675 1287 iste
1703 1248 1823 1288 vere
1851 1247 1955 1286 non
1985 1234 2176 1302 patria,

585 1308 685 1364 sed
711 1308 986 1378 captivitas
1014 1306 1332 1377 Babylonica
1376 1314 1496 1360 cst:
1538 1306 1660 1374 quia
1704 1302 2063 1378 multipliciter
2092 1305 2178 1378 di_-_

588 1374 869 1434 versorum
882 1374 1216 1433 inimicorum
1235 1385 1540 1433 nostrorum
1555 1375 1755 1445 laqueis
1769 1374 1974 1439 irretiti,
1995 1375 2178 1431 mundi

586 1449 867 1514 videlicet,
916 1449 1130 1514 carnis,
1175 1457 1229 1502 et
1270 1447 1482 1517 generis
1531 1447 1745 1500 humani
1796 1445 2026 1511 inimici,
2070 1447 2178 1501 vita

588 1520 749 1575 etiam
782 1535 1017 1589 praesens
1056 1533 1162 1573 non
1206 1518 1475 1589 libertas,
1502 1517 1597 1572 sed
1624 1530 1810 1589 carcer
1839 1525 2177 1589 peccatorum

585 1592 744 1647 nobis
777 1586 881 1647 est.
927 1590 1001 1644 De
1031 1590 1129 1643 hac
1153 1588 1313 1658 igitur
1341 1588 1675 1658 captivitate,
1704 1587 1772 1641 de
1797 1586 1912 1658 hoc,
1936 1586 2182 1658 tenebra-

587 1676 709 1716 rum
733 1675 948 1716 carcere
973 1660 1105 1730 eripi
1133 1657 1457 1723 laboremus,
1485 1668 1677 1730 etnon
1699 1666 1755 1711 ut
1779 1657 1915 1712 servi
1942 1657 2081 1730 hunc
2102 1658 2183 1730 ci-

585 1732 715 1787 bum
741 1740 792 1786 et
818 1740 1001 1802 potum
1030 1728 1279 1802 vanitatis
1308 1729 1585 1802 prrese‘ntis
1612 1730 1827 1802 aurium
1865 1728 2180 1802 et_laborio-

584 1815 704 1857 sum
734 1798 1067 1872 appetamus,
1095 1801 1190 1855 sed
1218 1810 1278 1872 ut
1306 1800 1399 1853 lilii
1431 1799 1582 1872 liberi
1609 1800 1882 1872 caelestem
1910 1798 2181 1872 desidere-

587 1888 709 1927 mus
728 1869 903 1927 cib'um
931 1880 986 1929 et
1011 1881 1217 1943 potum,
1244 1871 1385 1943 hunc
1408 1869 1652 1943 videlicet
1672 1870 1761 1939 qui
1790 1870 1942 1943 plena
1965 1870 2182 1943 satietas

587 1953 672 1997 est
696 1943 889 1997 civium
910 1934 1286 2012 supernorum.
1312 1934 1414 1995 Pro
1437 1941 1539 1995 hoc
1557 1934 1704 2006 cibo,
1724 1934 1819 2010 pro
1853 1939 1953 1995 hac
1973 1941 2181 2012 emlesti

585 2015 695 2068 vita
720 2011 1027 2069 Creatorem
1056 2023 1111 2069 et
1147 2012 1569 2069 Gubernatorem
1598 2020 1840 2065 nostrum
1867 2025 2055 2081 rogare
2080 2011 2179 2066 de-

592 2084 783 2140 bemus
809 2092 864 2139 et
890 2098 1046 2139 orare
1065 2124 1080 2150 ,
1114 2091 1171 2137 ut
1201 2085 1253 2138 in
1282 2083 1380 2137 hac
1407 2082 1545 2137 valle
1574 2082 1804 2136 miseriae
1824 2124 1838 2145 ,
1871 2096 1965 2136 seu
1991 2082 2182 2137 exsilio

591 2155 844 2225 praesenti
871 2170 967 2209 nos
994 2154 1264 2209 custodire
1288 2163 1343 2209 et
1366 2154 1664 2225 gubernare
1685 2152 2035 2225 dignetur,_ut
2061 2153 2180 2221 Opi-

593 2223 795 2280 tulante
843 2226 964 2292 illo,
996 2225 1062 2280 ad
1108 2235 1316 2294 portum
1348 2223 1535 2278 salutis
1578 2224 1859 2293 pervenire
1888 2223 2178 2294 valeamus.

591 2295 818 2351 Mundus
860 2297 1003 2351 enim
1035 2293 1137 2351 iste
1181 2296 1581 2351 similitudinem
1612 2294 1777 2348 maris
1816 2293 1997 2348 habet.
2038 2294 2182 2349 Mare

587 2366 755 2435 fetet,
784 2367 1029 2421 similiter
1051 2376 1106 2421 et
1143 2366 1391 2421 mundus.
1424 2366 1503 2420 Ex
1534 2366 1636 2435 hoc
1670 2365 1865 2431 fetore,
1894 2364 2182 2419 auxiliante

593 2436 741 2502 Deo,
782 2438 1064 2492 extrahere
1101 2451 1200 2491 nos
1240 2438 1515 2491 debemus.
1542 2434 1764 2504 Oportet
1802 2450 2030 2504 namque
2058 2449 2180 2489 eum

592 2505 894 2561 humilitate
919 2507 1149 2560 maxima
1188 2521 1343 2561 orare
1382 2508 1546 2560 Deum
1578 2513 1872 2559 creatorem
1904 2513 2144 2559 nostrum
2164 2544 2180 2569 ,

592 2586 913 2646 sanctosque
936 2590 1063 2631 suos
1090 2577 1331 2646 precari,
1365 2584 1421 2629 ut
1441 2591 1506 2630 ex
1536 2576 1670 2629 valle
1699 2576 2052 2644 laerymarum
2084 2589 2184 2629 nos

592 2661 821 2717 eruens,
856 2648 1105 2717 ipsorum
1148 2646 1343 2701 civium
1386 2660 1742 2717 supernorum
1773 2653 2050 2717 consortes
2085 2660 2184 2717 nos

590 2715 810 2772 efficiat.
828 2714 921 2790 (a)
940 2717 1080 2790 illluc
1110 2717 1252 2771 enim
1274 2714 1485 2790 summo
1506 2715 1681 2771 studio
1709 2730 1996 2784 preperare
2022 2714 2184 2790 debef

590 2802 746 2855 mus,
787 2786 877 2843 ubi
904 2789 1021 2842 sine
1063 2788 1447 2857 interruptione
1489 2800 1705 2840 manere
1744 2800 2049 2857 speramus,
2093 2786 2183 2857 ubi

592 2858 772 2912 nullus
800 2860 960 2913 timor
998 2858 1065 2912 de
1095 2856 1296 2923 morte,
1328 2857 1474 2911 nulla
1516 2856 1778 2911 dubitatio
1806 2856 1874 2911 de
1905 2858 2079 2910 hoste.
2108 2856 2183 2911 lbi

592 2928 703 2999 vita
731 2930 846 2986 sine
871 2930 995 2996 fine,
1020 2928 1270 2999 juventus
1293 2930 1409 2983 sine
1434 2936 1738 2999 senectute,
1769 2928 1857 2999 lux
1888 2927 2005 2999 sine
2032 2936 2183 2982 tene-

595 2998 736 3063 bris,
769 2997 1163 3070 gaudium'sine
1187 2999 1433 3064 tristitia,
1472 2998 1879 3070 rvoluntasisine
1902 2997 2182 3070 molestia,

594 3068 807 3195 req’uies
826 3070 941 3126 sine
968 3070 1167 3135 labore,
1184 3071 1417 3152 _satietas
1438 3069 1552 3124 sine
1572 3068 1805 3135 fastidio,
1836 3069 2049 3149 claritas
2069 3069 2186 3122 sine

595 3155 665 3194 nu
707 3156 755 3195 e.
789 3141 912 3195 Haec
940 3148 1118 3195 autem
1147 3149 1252 3195 Vita
1282 3139 1548 3194 horrenda
1570 3148 1652 3194 est
1676 3148 1728 3193 et
1749 3139 2013 3193 laboriosa
2034 3179 2049 3195 .
2079 3137 2186 3193 fra-

595 3137 755 3195 nube.
789 3141 912 3196 Haec
940 3148 1118 3196 autem
1147 3140 1252 3195 vita
1282 3139 1548 3194 horrenda
1570 3148 1652 3194 est
1676 3148 1728 3193 et
1749 3139 2013 3193 laboriosa
2034 3179 2049 3205 ,
2079 3137 2187 3193 fra-

594 3211 715 3280 gilis
743 3220 798 3266 et
825 3210 1125 3277 fastidiosa,
1153 3210 1352 3266 caduca
1379 3225 1441 3264 ac
1467 3210 1692 3274 misera,
1725 3208 1996 3280 deceptrix
2027 3219 2186 3278 atque

595 3279 802 3348 dolosa,
832 3292 884 3336 et
913 3282 1166 3336 aerumnis
1186 3296 1250 3336 ac
1269 3280 1533 3335 scandalis
1556 3280 1733 3349 plena.
1762 3280 1818 3332 In
1848 3279 1990 3334 luctu
2012 3279 2184 3333 nasci-

597 3367 740 3416 mur,
790 3353 841 3406 in
884 3353 1064 3407 labore
1100 3352 1362 3418 vivimus,
1408 3359 1464 3405 et
1509 3351 1562 3404 in
1590 3350 1769 3405 dolore
1809 3351 2088 3403 morimur.
2120 3349 2187 3404 Et

597 3422 740 3547 quod
768 3423 919 3492 pejus
944 3432 1047 3489 est,
1077 3432 1134 3477 et
1161 3438 1321 3492 super
1343 3421 1522 3476 omnia
1547 3421 1716 3491 magis
1741 3419 2048 3479 dolendum,
2079 3420 2188 3488 qui-

635 3508 719 3547 am
746 3495 980 3547 peccatis
1006 3494 1115 3547 suis
1139 3492 1474 3547 exigentibus
1499 3507 1604 3546 non
1635 3489 1897 3547 confessi.
1927 3502 2025 3544 nec
2054 3503 2185 3543 con-

635 3508 719 3547 am
746 3489 980 3562 peccatis
1006 3494 1115 3548 suis
1139 3489 1474 3561 exigentibus
1499 3507 1604 3546 non
1635 3489 1897 3562 confessi,
1927 3502 2025 3544 nec
2054 3503 2185 3562 con:

601 3559 831 3627 tritifde
878 3565 979 3618 hac
1016 3566 1125 3617 vita
1170 3559 1495 3629 migrantes,
1541 3577 1647 3616 non
1686 3561 1859 3615 solum
1909 3559 2186 3629 temporali

601 3579 732 3627 triti,
763 3579 831 3618 ue
878 3579 979 3618 nae
1016 3579 1125 3617 vita
1170 3580 1241 3618 mi
1284 3579 1495 3628 rantes,
1541 3579 1647 3616 non
1686 3579 1859 3615 sctum
1909 3579 2186 3629 telltporall

599 3645 774 3688 morte
803 3635 1125 3704 plectuntur:
1170 3579 1277 3689 seti
1294 3642 1348 3686 et
1389 3634 1444 3686 in
1472 3633 1734 3704 infernum
1776 3629 1987 3704 deducti
2014 3638 2188 3704 morte

601 3699 900 3759 moriuntur
927 3716 1203 3775 perpetua.
1242 3703 1417 3775 Vitam
1456 3703 1649 3775 ctenim
1688 3717 1868 3762 suam,
1900 3701 2016 3755 sine
2041 3699 2187 3754 omni

600 3776 798 3845 pietate
844 3773 1143 3841 duierunt,
1193 3783 1247 3829 et
1291 3775 1360 3827 ob
1404 3774 1505 3828 hoc
1545 3773 1706 3826 multa
1754 3780 2017 3826 tormenta
2051 3785 2184 3845 _pas-

601 3841 746 3911 Suri,
793 3862 1059 3916 nunquam
1098 3847 1262 3900 vitam
1306 3854 1698 3916 consequentur
1744 3852 2018 3916 aeternam.
2051 3841 2187 3895 Dum

602 3917 743 3970 enim
787 3912 994 3987 tempus
1020 3916 1353 3984 habuerunt,
1382 3912 1543 3969 vitam
1582 3929 1738 3987 suam
1758 3912 2049 3987 emendare
2086 3926 2186 3965 no-

602 3988 846 4053 luerunt,
878 3983 996 4057 plus
1028 3988 1205 4057 gulam
1231 3996 1473 4041 amantes
1507 4000 1664 4057 quam
1693 3983 2067 4057 abstinentiam
2098 3997 2188 4037 se-

602 4067 828 4123 ctantes,
876 4054 989 4128 plus
1020 4054 1279 4112 luxuriam
1306 4073 1465 4127 quam
1509 4054 1842 4119 castitatem,
1874 4054 2039 4128 magis
2083 4062 2191 4109 ter-

604 4128 799 4198 restria,
821 4126 977 4198 quam
1009 4130 1274 4193 ccelestia,
1306 4126 1429 4198 plus
1457 4137 1755 4182 creaturam
1782 4140 1940 4198 quam
1966 4126 2187 4198 Creato-

602 4211 720 4250 rem
772 4196 1069 4266 diligentes.
1124 4196 1456 4253 Abstinentia
1520 4198 1667 4251 ducit
1731 4197 1797 4249 ad
1848 4196 2186 4266 castitatem,

604 4266 821 4321 castitas
847 4265 1087 4338 perducit
1105 4267 1434 4338 adgloriam,
1463 4274 1517 4320 et
1539 4267 1817 4338 _fornicatio
1837 4265 2099 4338 demergit
2121 4265 2189 4338 ad

605 4334 1097 4419 pmiiam.’Castit‘as
1125 4334 1215 4419 ad'
1236 4338 1430 4419 coelum
1473 4336 1747 4419 sublevat,
1793 4343 1848 4419 et
1890 4334 2094 4419 lusui-ia
2116 4334 2191 4419 ad

606 4403 869 4465 infernum
918 4407 1221 4479 profundat.
1268 4408 1495 4479 Castitas
1538 4404 1997 4479 sanctis‘Augelis
2040 4403 2187 4479 unit,

606 4480 884 4535 fornicatio
904 4475 1079 4533 autem
1112 4479 1443 4534 dmmonibus
1466 4477 1657 4548 jungit.
1685 4475 1958 4531 Sobrietas
1986 4476 2189 4548 cogita-

604 4550 780 4605 tiones
813 4558 1025 4606 sanctas
1064 4549 1324 4617 instituit,
1372 4545 1601 4605 ebrietas
1639 4562 1769 4602 vero
1807 4546 2015 4601 etiamsi
2045 4545 2193 4600 audit

606 4622 766 4676 verba
811 4632 1022 4686 sancta,
1056 4621 1108 4675 in
1157 4620 1320 4675 corde
1362 4637 1468 4674 non
1514 4619 1756 4688 suscipit.
1800 4618 2021 4687 Oportet
2063 4631 2192 4687 ergo

605 4706 1038 4762 unumquemque
1079 4706 1266 4747 verum
1306 4691 1832 4762 animseamatorem
1881 4702 1986 4742 non
2017 4687 2189 4762 solum

605 4758 807 4833 corpus
829 4758 1113 4817 nutriendo
1140 4763 1360 4831 diligere
1380 4803 1393 4826 ,
1435 4760 1528 4815 sed
1555 4761 1877 4833 etanimam
1908 4758 2190 4833 nutriendo

606 4829 830 4888 nutrire.
871 4833 1126 4889 Videmus
1152 4829 1463 4888 naturaliter
1494 4831 1636 4902 quod
1675 4831 1720 4884 si
1759 4844 1953 4902 corpus
1992 4829 2188 4902 esurit,

603 4906 784 4959 cibum
826 4905 1051 4973 quierit;
1101 4905 1145 4959 si
1192 4905 1340 4971 sitit,
1399 4899 1580 4972 potum
1621 4901 1854 4973 appetit;
1903 4900 1948 4953 si
1993 4899 2192 4973 nudum

609 4984 711 5038 est,
746 4969 1121 5030 vestimentum
1147 4969 1443 5041 desiderat;
1476 4969 1712 5042 requiem
1741 4972 1869 5042 petit
1892 4984 2010 5024 cum
2041 4969 2191 5042 labo-

606 5058 722 5110 rat;
769 5060 1016 5101 somnum
1042 5049 1265 5115 quaerit,
1313 5040 1439 5099 dum
1469 5040 1705 5115 dormire
1734 5041 1986 5115 infestat:
2037 5050 2091 5094 et
2116 5040 2194 5093 sic

607 5116 675 5171 de
700 5117 906 5171 caeteris
931 5114 1171 5186 corporis
1193 5116 1617 5170 necessitatibus.
1650 5114 1838 5186 Anima
1863 5120 2047 5186 autem
2072 5126 2190 5165 om-

610 5188 765 5241 nibus
796 5186 877 5242 his
904 5181 1120 5257 indiget.
1150 5186 1481 5255 Prmceptum
1520 5185 1726 5239 Domini
1754 5183 1905 5257 panis
1931 5181 2190 5257 ejus_cst_,

608 5264 782 5313 oratio
816 5267 999 5312 sancta
1019 5253 1186 5327 'potus
1212 5253 1360 5324 ejus,
1391 5257 1555 5311 vestis
1584 5258 1700 5323 ejus
1730 5253 1925 5327 veritas
1960 5264 2013 5308 et
2039 5253 2196 5327 justi-

611 5330 703 5395 tia,
734 5330 946 5396 requies
972 5324 1087 5397 ejus
1109 5327 1380 5382 humilitas
1402 5335 1457 5381 et
1482 5327 1798 5381 obedientia.
1827 5327 1881 5379 lu
1906 5325 2005 5397 hoc
2034 5324 2193 5397 etiam

611 5400 861 5454 convivio
887 5396 1102 5454 aeterna:
1145 5400 1412 5453 societatis
1459 5398 1606 5452 multi
1650 5409 1774 5453 sunt
1802 5396 2007 5459 vocati,
2041 5396 2193 5464 pauci

612 5486 740 5524 vero
770 5473 945 5526 electi.
987 5471 1087 5523 Alii
1131 5471 1396 5539 accipiunt
1431 5470 1657 5523 fructum
1696 5470 2060 5539 trigesimum,
2107 5466 2196 5539 alii

613 5544 1023 5611 sexagesimum,
1047 5541 1134 5595 alii
1160 5538 1288 5595 vero
1312 5543 1659 5595 centesimum
1692 5538 1900 5609 (Matth.
1930 5555 2063 5605 xxn,
2082 5538 2196 5611 id;

613 5625 726 5682 xui,
754 5610 836 5681 '8).
874 5615 917 5666 υ
942 5628 1100 5682 quam
1143 5613 1294 5667 beata
1338 5620 1419 5667 est
1449 5613 1535 5665 illa
1574 5612 1782 5672 anima,
1815 5611 1899 5665 cui
1941 5610 2201 5665 Dominus

615 5681 755 5735 Deus
794 5681 1042 5752 dignatus
1082 5692 1165 5738 est
1199 5685 1495 5740 concedere
1538 5684 1867 5739 mansionem
1906 5682 1962 5738 in
2001 5690 2203 5738 aeterna

678 5819 755 5885 (a)
786 5816 888 5870 vid.
912 5819 1051 5883 infra,
1086 5834 1236 5873 serm.
1261 5820 1341 5871 67.

2051 330 2419 391 APPENDIX.
3304 290 3305 293 γ
3382 290 3387 295 ’

3743 340 3891 401 ηδε

2290 455 2504 528 requie!
2552 454 2620 512 Et
2660 455 2752 528 qui
2798 456 2937 514 hanc
2964 455 3583 528 mansionem,iregnum
3629 455 3889 515 videlicet

2287 527 2534 592 caeleste,
2586 527 2786 597 ingredi
2816 529 3078 594 voluerit,
3125 527 3437 599 nonrdebet’
3453 543 3577 584 esse
3613 529 3888 599 superbus

2289 612 2464 668 neque
2489 613 2677 670 avarus
2697 641 2711 663 ,
2745 615 2849 653 non
2881 600 3091 653 invidus
3116 615 3217 653 nec
3241 598 3555 670 iracundus,
3590 598 3703 654 non
3731 601 3886 670 gulo-

2287 681 2380 723 sus
2415 684 2513 723 nec
2540 669 2815 735 ebriosus,
2855 685 2961 725 non
2999 669 3225 738 cupidus
3264 684 3364 725 nec
3403 669 3711 725 luxuriosus
3727 669 3757 737 ,ί
3778 686 3889 727 non

2288 739 2554 811 perjurus,
2584 755 2689 795 non
2724 740 2983 795 homicida
3004 781 3019 807 ,
3049 756 3156 795 non
3185 739 3403 794 falsator
3430 756 3605 811 neque
3646 741 3881 808 adulter,

2287 819 2342 864 et
2366 811 2443 865 sic
2468 810 2536 865 de
2561 811 2805 881 singulis.
2840 811 3091 877 Quamvis
3118 820 3295 864 autem
3338 810 3543 865 infinita
3579 813 3724 865 mala
3754 826 3887 881 per-

2288 882 2576 949 petraverit
2596 923 2609 944 ,
2645 882 2712 935 de
2739 881 2831 936 Dei
2865 890 3041 937 tamen
3068 881 3432 937 misericordia
3453 881 3750 950 desperare
3776 897 3889 938 nou

2288 950 2475 1022 debet,
2502 952 2596 1006 sed
2618 967 2767 1022 spem
2795 953 2992 1007 habere
3016 953 3176 1007 debet
3195 952 3263 1006 de
3289 952 3382 1006 Dei
3408 951 3803 1019 misericordia,
3831 963 3887 1008 et

2290 1021 2537 1077 fiduciam
2568 1021 2913 1091 recuperandi
2941 1024 3187 1090 salutem,
3216 1038 3312 1091 per
3332 1023 3455 1077 vitae
3482 1038 3595 1078 suae
3618 1023 3885 1078 emenda-

2288 1092 2485 1163 tionem
2532 1102 2587 1148 et
2628 1095 2887 1148 bonorum
2934 1109 3154 1163 Operam
3193 1093 3654 1149 exercitationem.
3704 1091 3884 1148 Verba

2290 1162 2384 1218 Dei
2413 1163 2571 1219 debet
2594 1165 2821 1219 libenter
2858 1165 3041 1220 audire
3060 1207 3075 1231 ,
3103 1174 3156 1219 et
3182 1163 3249 1218 ad
3282 1164 3565 1218 ecclesiam
3591 1164 3885 1235 diligenter

2287 1237 2595 1304 convenire,
2626 1234 2991 1291 sacerdotibus
3016 1236 3312 1304 srepissime
3335 1235 3601 1298 confiteri,
3625 1234 3882 1290 omnibus

2288 1303 2594 1360 hominibus
2618 1306 2931 1361 charitatem
2961 1303 3166 1361 firmam
3198 1314 3400 1360 tenere.
3428 1305 3530 1372 Qui
3572 1306 3723 1360 enim
3748 1307 3882 1360 cha-

2287 1376 2498 1431 ritatem
2528 1392 2634 1431 non
2663 1376 2935 1443 habuerit,
2968 1378 3023 1432 in
3049 1378 3208 1431 vitam
3232 1384 3487 1430 :eternam
3517 1376 3747 1430 introire
3773 1392 3879 1431 non

2289 1447 2503 1502 valebit.
2551 1448 2724 1502 Parvo
2767 1456 3006 1517 tempore
3049 1448 3211 1501 homo
3239 1446 3368 1501 vivit
3407 1447 3460 1500 in
3503 1445 3609 1501 hoc
3656 1448 3877 1502 είεαιιο.

2290 1517 2426 1572 Dum
2472 1519 2628 1589 igitur
2672 1527 2883 1586 tempus
2926 1519 3217 1582 habemus,
3249 1531 3536 1589 operemur
3572 1517 3785 1589 bonum
3813 1518 3877 1573 ad

2288 1587 2514 1655 omnes;
2527 1599 2582 1645 et
2609 1589 2720 1644 vias
2748 1589 2956 1645 Domini
2978 1604 3337 1659 praeparemus
3360 1587 3548 1659 bonas.
3572 1587 3719 1659 Ecce
3740 1603 3879 1643 nunc

2289 1667 2499 1727 tempus
2522 1660 2866 1728 acceptabile,
2897 1658 3024 1715 ecce
3050 1675 3192 1714 nunc
3215 1658 3331 1713 dies
3360 1658 3568 1713 salutis.
3597 1658 3760 1713 Salus
3788 1658 3881 1712 ho-

2288 1730 2491 1801 minum
2532 1730 2777 1785 Christus
2817 1740 2920 1787 est.
2964 1729 3018 1787 Si
3061 1739 3311 1801 parentes
3340 1737 3567 1801 nostros
3591 1738 3651 1783 et
3678 1730 3883 1785 amicos

2288 1799 2512 1871 diligere
2554 1801 2838 1863 debemus;
2869 1798 3080 1871 quanto'
3094 1800 3262 1869 magis
3292 1799 3449 1853 istum
3476 1798 3706 1871 diligere
3731 1808 3881 1871 tenet

2288 1869 2432 1942 mur,
2464 1872 2554 1942 qui
2582 1880 2636 1926 et
2659 1887 2757 1927 nos
2782 1881 2837 1926 et
2877 1869 3091 1926 nostros
3121 1871 3247 1926 fecit
3273 1878 3339 1942 et
3364 1869 3565 1923 creavit
3593 1869 3883 1942 parentes?

2289 1941 2439 1997 Hunc
2466 1941 2709 1997 amemus
2737 1943 2827 2012 qui
2853 1944 3116 1997 universa:
3139 1941 3441 1997 dominatur
3461 1948 3748 2007 creaturae,
3780 1941 3888 1995 sci-

2287 2012 2413 2083 licet
2442 2014 2631 2069 Deum.
2662 2015 2950 2082 Diligamus
2976 2014 3298 2083 proximum,
3329 2012 3467 2083 sicut
3493 2018 3550 2065 et
3577 2025 3679 2083 no_s
3710 2029 3725 2062 :
3757 2012 3883 2083 quia

2288 2082 2357 2139 de
2396 2092 2535 2138 terra
2576 2086 2711 2139 sicut
2749 2081 2806 2140 et
2845 2099 2943 2139 nos
2978 2081 3213 2153 proximi
3254 2082 3423 2138 nostri
3455 2089 3587 2153 sunt
3630 2081 3883 2153 (priuati,

2288 2163 2348 2208 ut
2366 2170 2467 2236 per
2495 2154 2785 2236 hoc‘vitam
2806 2151 3111 2236 mereamur
3134 2164 3387 2210 aztcrnam
3404 2193 3420 2219 ,
3452 2151 3571 2221 ipso
3596 2151 3887 2222 adjuvante

2289 2226 2381 2295 qui
2408 2226 2538 2280 vivit
2563 2233 2618 2281 et
2642 2236 2848 2297 regnat,
2866 2235 2985 2297 ietc.

2280 2340 2283 2345 λ
2710 2295 2723 2297 ⁷
2821 2295 3053 2353 SERMO
3090 2296 3251 2351 LXVI
3293 2297 3333 2351 ί.

2278 2397 2283 2423 ι
2715 2382 2784 2423 DE
2822 2384 3029 2424 AGENDA
3065 2380 3430 2423 νωιιιτεῖιτιλ.

2362 2438 2486 2493 Pius
2520 2446 2575 2495 et
2615 2438 2921 2494 misericors
2967 2439 3143 2505 Deus,
3193 2436 3387 2492 fratres
3430 2433 3771 2496 eharissimi,
3817 2434 3883 2488 ad

2290 2511 2755 2581 compunctionem
2778 2520 2832 2564 et
2850 2509 3220 2581 ptenitentiam
3235 2522 3345 2581 Anos
3366 2506 3640 2581 hortatur,
3655 2505 3845 2581 dicens
3866 2523 3881 2558 :

2292 2576 2645 2633 Convertimiui
2674 2581 2741 2632 ad
2778 2576 2869 2633 me.
2899 2582 2952 2634 in
2994 2589 3095 2634 toto
3121 2578 3272 2633 corde
3310 2587 3493 2643 vestro,
3535 2576 3591 2628 in
3609 2577 3813 2647 jejunio
3839 2586 3886 2629 et

2291 2650 2414 2719 ﬂetu
2447 2659 2494 2703 et
2522 2650 2726 2718 planctu
2758 2649 2896 2719 (Joel
2924 2667 2995 2717 ιι,
3029 2650 3147 2715 12);
3174 2650 3299 2719 quia
3319 2650 3437 2702 nolo
3465 2655 3885 2719 ntortemAgocca-

2292 2716 2435 2785 toris,
2463 2716 2552 2774 sed
2577 2731 2631 2775 ut
2658 2716 3047 2776 concertatur'et
3068 2716 3198 2775 vivat
3228 2718 3443 2790 (Ezeclt.
3475 2716 3761 2790 xvm,_23)
3786 2734 3818 2790 :_
3831 2724 3887 2771 et

2293 2790 2506 2857 iterum,
2540 2790 2665 2846 Noli
2690 2794 2910 2859 tardare,
2941 2793 3112 2861 inquit
3140 2786 3667 2861 propheta,_cont_ierti
3687 2788 3756 2861 qd
3775 2786 3886 2839 Do-

2292 2856 2512 2925 minum,
2543 2872 2590 2917 et
2620 2880 2682 2917 ne
2708 2856 2915 2928 (li/feras
2938 2856 3121 2916 tie-die
3142 2856 3199 2916 in
3228 2856 3359 2914 diem
3393 2857 3580 2931 (Eccli.
3608 2874 3665 2923 v,
3692 2856 3749 2981 ἓ)
3776 2875 3789 2909 :
3828 2865 3887 2912 et

2292 2932 2483 2981 iterum
2503 2974 2517 2981 -
2546 2933 2675 2981 Cum
2703 2949 2965 2981 conversus
2987 2932 3316 2981 innumeris.
3346 2931 3514 2981 salvus
3541 2929 3643 2981 erit
3667 2927 3687 2981 (
3740 2926 3882 2980 well.

2292 2932 2483 2986 iterum
2503 2974 2518 2996 ,
2546 2933 2675 2987 Cum
2703 2926 2965 2987 conversus
2987 2932 3318 3003 ingemuistis,
3346 2926 3521 3003 salitur

2290 3018 2441 3068 xviii,
2470 3004 2582 3073 27).
2609 3003 2993 3059 Convertimiui
3020 2997 3199 3073 igitur,
3227 3000 3556 3073 charissimi,
3593 2997 3886 3073 adﬂDomi-

2293 3089 2420 3127 num
2450 3067 2617 3128 Deum
2657 3083 2930 3140 nostrum,
2962 3067 3212 3143 tanquam
3243 3072 3366 3127 boni
3394 3069 3630 3143 servi‘ad
3667 3067 3885 3143 fidelem

2295 3144 2598 3199 Dominum.
2628 3137 2980 3199 Humiliemus
3006 3137 3103 3198 no's
3130 3145 3181 3199 in
3207 3149 3498 3206 conspectu
3524 3139 3644 3203 Dei,
3677 3148 3734 3193 et
3759 3137 3885 3206 plo-

2293 3229 2475 3270 remus
2500 3224 2625 3271 ante
2652 3216 2819 3271 Deum
2858 3216 2947 3285 qui
2994 3214 3119 3270 fecit
3157 3228 3277 3269 nos.
3307 3209 3421 3268 Non
3447 3210 3804 3278 dedignemur
3828 3209 3885 3262 in

2295 3285 2398 3340 hoc
2420 3287 2615 3340 saeculo
2637 3301 2795 3357 agere
2816 3286 3206 3357 ptenitentiam,
3229 3293 3284 3357 et
3307 3289 3645 3357 peccatorum
3672 3290 3889 3357 nostro-

2292 3371 2412 3410 rum
2438 3357 2645 3425 precari
2673 3350 2905 3419 veniam,
2934 3365 2992 3410 ut
3018 3350 3329 3410 infernalem
3360 3352 3590 3425 evadere
3609 3350 3885 3425 possimus

2293 3419 2529 3497 pinnam,
2552 3441 2615 3482 ac
2642 3426 2708 3481 ad
2734 3423 3575 3497 aeternampervenirelzetitiam.
3604 3419 3884 3497 Emende-

2295 3490 2414 3552 inus
2441 3490 2570 3564 ergo
2610 3513 2708 3551 nos
2743 3498 2794 3550 in
2821 3490 3042 3566 jejuniis
3068 3505 3123 3551 et
3150 3495 3341 3565 vigiliis
3366 3503 3421 3548 et
3461 3490 3887 3566 cmteris__operi-

2295 3568 2393 3622 bus
2418 3561 2541 3636 piis,
2581 3561 2976 3636 scientes'quod
3016 3582 3109 3621 cor
3134 3561 3421 3620 enutritum
3448 3570 3507 3636 et
3543 3561 3886 3636 humiliatum

2296 3632 2436 3693 Deus
2464 3652 2569 3691 non
2593 3639 2798 3706 spernit
2827 3632 2998 3705 (Ρδηι.
3033 3652 3083 3702 ι,
3113 3637 3206 3706 19)
3232 3655 3244 3691 :
3272 3636 3350 3690 sic
3378 3633 3521 3706 enim
3546 3632 3624 3685 ait
3649 3632 3885 3706 Aposto:

2296 3708 2379 3778 lus
2400 3750 2413 3770 ,
2457 3698 2661 3777 Cusiig'o
2700 3698 2884 3778 corpus
2925 3698 3118 3771 meum,
3153 3698 3198 3759 ei
3232 3707 3301 3778 ini
3321 3705 3608 3778 servitutem
3635 3698 3811 3778 redigo
3841 3698 3885 3768 (Ι

2294 3777 2414 3833 Cor.
2445 3794 2518 3840 IX,
2543 3772 2655 3849 ΞΤ).
2685 3778 2741 3832 Si
2764 3772 2859 3848 pro
2883 3792 3044 3831 carne
3070 3787 3250 3831 nostra
3291 3776 3632 3849 laboramus,
3674 3772 3887 3849 labore-

2295 3864 2415 3903 mus
2447 3842 2728 3917 etiani'pro
2757 3842 2934 3902 anima
2960 3857 3163 3913 nostra,
3190 3862 3308 3915 quae
3333 3844 3546 3915 dignior
3560 3853 3672 3917 est.
3705 3842 3759 3897 Si
3788 3855 3887 3894 cu-

2294 3934 2410 3974 ram
2457 3914 2713 3974 habemus
2756 3934 2853 3988 pro
2882 3920 3135 3973 societate
3183 3914 3606 3988 miserte'carnis
3648 3920 3880 3988 nostrae,

2294 4005 2453 4060 quam
2492 3998 2614 4060 post
2655 3984 2852 4059 paucos
2880 4003 3050 4060 annos
3072 4001 3287 4060 vermes
3325 3984 3661 4060 devorabunt
3698 3984 3758 4060 _in
3800 3996 3885 4036 se-

2295 4055 2513 4130 pulcro}
2538 4055 2735 4129 quanto
2751 4061 2918 4129 magis
2934 4059 3209 4127 despicere
3225 4072 3330 4111 non
3347 4055 3881 4130 debemusaiiimam,

2294 4122 2414 4202 qua:
2442 4122 2629 4187 Deo-et
2654 4122 2868 4201 Angelis
2902 4122 3407 4202 ejus—prmsentatur
3430 4126 3483 4202 in
3528 4124 3707 4202 coelo:
3726 4122 3883 4202 (_Zogi-

2296 4195 2421 4269 tate,
2452 4202 2645 4257 fratres
2674 4195 2996 4267 cliarissimi,
3023 4195 3146 4268 quia
3176 4195 3711 4273 abundantiapabuli
3735 4195 3883 4273 luxu-

2296 4263 2431 4327 riam
2461 4273 2827 4337 administrat;
2856 4263 2992 4326 cum'
3012 4263 3140 4325 caro
3174 4269 3227 4322 in
3259 4279 3365 4322 tam
3403 4263 3637 4334 copiosis
3678 4263 3882 4317 deliciis

2297 4344 2537 4407 satiatur,
2576 4351 2630 4397 et
2657 4356 2808 4396 meus
2839 4344 2995 4395 tantis
3032 4340 3295 4394 mulcetur
3322 4338 3550 4407 divitiis,
3582 4337 3635 4389 in
3666 4337 3884 4404 pingue'

2295 4412 2423 4468 dine
2449 4406 2686 4467 carnium
2715 4412 3025 4482 providetur
3056 4425 3178 4466 esca
3206 4409 3485 4482 vermium.
3504 4406 3717 4482 iterum
3757 4420 3881 4474 rogo

2297 4498 2423 4549 vos,
2452 4483 2643 4537 fratres
2661 4525 2675 4550 ,
2708 4476 2917 4553 quoties
2939 4482 3091 4550 juxta
3119 4480 3444 4553 sepulturam
3486 4476 3694 4553 divitis‘
3714 4485 3884 4553 transf

2298 4544 2481 4621 itis,'ut
2507 4544 2786 4624 diligenter
2811 4544 3101 4624 inspiciatis
3124 4544 3211 4606 ubi
3225 4552 3342 4624 sint
3361 4546 3791 4624 eorum'divitia:
3804 4544 3882 4624 vei

2297 4615 2631 4689 ornamenta:
2663 4625 2750 4679 ubi
2775 4615 2966 4694 gloria,
2996 4623 3085 4677 ubi
3116 4623 3323 4676 vanitas
3342 4663 3358 4687 ,
3386 4620 3475 4694 ubi
3502 4619 3734 4694 lu_xuriaz_
3751 4658 3767 4681 ,
3800 4615 3884 4670 ubi

2297 4696 2559 4766 voluptas,
2588 4687 2673 4750 vel
2703 4687 2803 4749 ubi
2816 4687 3002 4749 eorum
3033 4703 3156 4747 sunt
3180 4689 3501 4766 spectacula.
3529 4687 3885 4766 gensiderate

2297 4757 2578 4843 diligenter
2596 4776 2667 4843 _e_t
2694 4766 2869 4843 videte
2908 4757 3293 4843 et_agnoscite,
3326 4759 3622 4843 quiannihil
3661 4757 3887 4843 aliud.

2298 4841 2375 4892 eis
2392 4826 2512 4904 cst,
2557 4837 2658 4891 nisi
2697 4836 2831 4890 cinis
2869 4846 2924 4891 et
2952 4826 3088 4890 fetor
3115 4844 3169 4889 et
3197 4826 3418 4904 vermis.
3450 4829 3495 4885 Ο
3527 4829 3725 4904 homo,
3772 4826 3889 4882 vide

2298 4899 2545 4981 sepulcra
2571 4917 2944 4981 mortuorum,
2970 4918 3024 4960 et
3052 4905 3139 4960 dic
3182 4904 3275 4958 tibi
3316 4903 3540 4981 liiipse,
3571 4909 3628 4953 et
3666 4899 3891 4981 loquens

2298 4968 2474 5035 tecum
2500 4980 2677 5035 dicere
2707 4986 2878 5046 potes,
2906 4977 3044 5031 Ecce
3085 4990 3225 5030 nunc
3252 4990 3318 5029 ex
3346 4968 3434 5027 illo
3463 4971 3662 5046 misero
3688 4971 3784 5038 qui
3812 4968 3892 5046 hic

2299 5051 2573 5121 depositus
2613 5040 2735 5113 fuit,
2766 5040 2897 5121 nihil
2933 5047 3075 5103 aliud
3117 5046 3463 5121 nis_i_ossa__et
3490 5040 3665 5121 pulvis
3689 5040 3887 5121 evenit.

2301 5109 2520 5177 Et'vcre
2539 5164 2554 5187 ,
2585 5109 2745 5176 homo
2773 5120 2816 5173 si
2842 5120 2956 5189 ipsa
2982 5132 3100 5172 ossa
3127 5116 3274 5189 arida
3304 5109 3773 5189 audire’volueris,
3802 5109 3891 5163 tibi

2301 5186 2591 5263 praedicare
2621 5186 2879 5261 poterunt
2900 5200 2953 5243 et
2973 5189 3158 5263 dicere
3183 5205 3194 5239 :
3225 5187 3268 5263 φ
3297 5186 3478 5248 miser,
3510 5190 3771 5263 quantum
3798 5194 3891 5263 pro

2301 5252 2590 5333 cupiditate
2624 5252 3327 5333 hujussicculiidiseurris,
3356 5263 3447 5333 aut
3475 5252 3611 5333 quid
3629 5252 3893 5333 supeer

2302 5322 2387 5391 vel
2418 5335 2638 5391 luxuria:
2668 5322 2896 5385 infe-licia
2923 5330 3056 5400 colla
3091 5325 3396 5400 submittis?
3427 5322 3613 5400 utquid
3644 5333 3695 5400 te
3712 5322 3892 5400 _appli-

2305 5410 2436 5463 casti
2468 5406 2530 5460 ad
2561 5403 2899 5458 serviendum
2929 5399 3313 5455 crudelissimis
3339 5392 3601 5455 dominis,
3634 5392 3781 5445 vitiis
3818 5392 3892 5443 vi-

2306 5479 2499 5534 delicet
2540 5484 2593 5530 et
2631 5472 2984 5528 criminibus?
3031 5470 3259 5524 Attende
3302 5468 3367 5521 ad
3400 5483 3513 5528 me,
3548 5474 3600 5518 et
3630 5463 3890 5534 intelligo;

2305 5530 2581 5607 cousidera
2610 5562 2697 5600 me
2716 5588 2731 5613 ,
2769 5553 2824 5599 et
2857 5543 2942 5598 vel
2980 5543 3056 5597 sic
3090 5540 3184 5596 tibi
3214 5539 3427 5593 horreat
3452 5537 3663 5592 luxuria
3694 5544 3787 5588 tua
3810 5530 3893 5585 vel

2370 5688 2387 5721 ¹
2414 5693 2464 5735 ιιι
2504 5691 2587 5733 Ms.
2628 5678 2942 5732 Germaneusi
2972 5690 2985 5725 :
3019 5672 3225 5727 Homilia
3249 5682 3296 5723 s.
3331 5668 3610 5736 Augustini,
3636 5668 3719 5718 hic
3738 5674 3895 5718 sem

2311 5731 2624 5811 nuncupatur.
2643 5731 2822 5811 auctor
2844 5742 3060 5811 imitatus
3083 5745 3159 5811 est
3173 5731 3809 5811 arelatensetn.

2372 5794 2747 5872 rtil'cwetpaulo
2768 5812 2876 5867 post
2898 5801 3076 5854 melius
3098 5800 3375 5864 legeretur,
3398 5794 3520 5862 eius.
3585 5801 3650 5844 Il.
