2078 3153
270 133 298 160 Η
821 127 923 156 PHILO
943 126 1140 156 CARPASIUS
1161 127 1360 156 El'lSCOPUS.
1870 129 1905 157 l2

269 194 409 220 denotare.
428 191 520 227 Itaque
534 198 642 219 sensum
665 190 767 225 Polybii
785 190 854 218 bene
872 194 935 218 sunt
949 197 1060 218 assecu-
1076 194 1098 220 Α
1114 194 1196 225 atque
1226 190 1261 217 ita
1283 198 1376 218 vocem
1405 189 1473 217 illam
1490 189 1584 216 Latine
1601 187 1690 215 reddit
1714 186 1848 215 Fabrotus
1869 190 1904 215 ad

269 241 287 266 ti
305 245 359 267 tum
376 239 421 274 qui
436 247 495 266 eam
512 236 654 273 Epipltanii
673 236 760 264 Vitam
777 236 871 264 Latine
894 237 984 268 vertit,
1002 239 1058 263 tum

271 286 406 313 Meursius
433 285 482 319 (a),
513 283 665 318 Ducangius
691 282 740 317 (b),
765 282 870 310 Caveus
898 282 933 317 (ο)
950 286 977 309 et
991 282 1058 314 alii;

270 331 315 365 qui
336 330 388 358 illis
403 329 504 361 verbis,
531 328 662 365 κληρικὺς
680 327 735 354 duo
763 327 895 363 ρητόρων,
913 327 1059 362 significari

269 375 436 408 existimant,
461 374 601 402 Phil0nem
625 373 752 400 clericum
781 372 865 400 fuisse
891 372 924 399 de
948 379 1060 399 numero

271 422 421 453 rhetorum,
447 428 540 448 eorum
563 420 665 448 scilicet
680 419 726 454 qui
747 426 780 446 ex
793 418 866 446 clero
882 418 1006 445 rhetores
1021 418 1062 445 tli-

270 468 409 494 cebantur.

307 513 343 539 De
362 512 403 540 his
423 512 577 539 rhetoribus
589 519 620 538 ex
637 511 710 538 clero
728 510 805 538 testis
819 516 860 538 est
871 511 990 539 Codinns
1004 511 1059 538 Cu-

270 559 390 593 ropalnta
404 558 456 594 (ά),
483 558 553 593 apud
575 565 653 592 quem
673 562 732 592 post
747 562 800 584 tres
815 558 961 593 Evangelii,
987 558 1059 592 Apo‘

269 603 331 631 stoli
348 609 375 630 et
386 603 510 630 Psalterii
526 604 661 636 doctores,
686 610 801 637 quorum
817 603 921 637 primus
944 609 1060 638 quatuor

270 649 463 683 evangelistas,
485 649 619 676 secundus
646 648 780 683 Epistolas
797 649 827 675 D.
858 648 944 681 Pauli,
965 649 1060 677 tertius

272 692 393 719 l’salmos
409 693 650 727 interpretabatur,
667 692 774 725 ponitur
789 701 816 720 n.
836 694 891 720 ‘23:
916 694 946 720 '0
967 694 1060 730 ῥήτωρ

270 738 309 769 εἰς
324 737 353 763 τὸ
371 737 534 773 ἑρμηνεύειν
546 737 595 769 τὰς
607 737 730 773 Γραφάς,
744 737 842 765 R/ietor
857 739 890 766 ad
907 739 1059 774 Scripturas

269 784 492 816 intcrpretanrlas.
527 783 643 811 Goarins
663 785 756 811 eadem
774 783 862 811 oﬂicia
889 785 996 820 subjicit
1027 793 1060 813 ex

269 828 361 864 Regiis
383 837 448 857 mss.
466 830 512 864 (e),
533 831 560 856 in
577 829 673 864 quibus
688 831 813 863 habetur,
837 832 851 857 ὁ
866 831 960 867 ῥήτωρ
976 832 1016 863 εἰς
1031 831 1061 857 τὸ

271 875 438 910 ῥητορεύειν,
451 877 538 902 rhetor
549 876 583 901 ad
601 877 740 902 orandum.
773 876 803 903 Et
820 877 985 911 splendidam
999 884 1059 904 eam

270 922 353 949 fuisse
371 922 526 956 dignitatem
540 921 682 949 Matthtcus
694 923 843 949 monachus
864 923 974 954 indicat,
985 923 1061 958 cujus

270 969 296 994 in
314 967 442 1002 opusculo
460 967 496 994 De
511 968 600 1003 oﬂiciis
611 967 702 1002 palatii
716 973 740 995 et
757 967 883 995 Ecclesia:
907 967 1059 996 Constanti-

270 1014 390 1047 nopoleos
414 1013 511 1048 legitur
527 1013 579 1048 (f),
596 1013 669 1048 Ὅρα.
683 1013 728 1039 τὸν
747 1013 871 1049 λαμπρὸν
886 1014 997 1049 ῥήτορα,
1013 1012 1063 1040 Re-

270 1059 340 1092 spice
357 1059 485 1085 illustrem
502 1059 638 1086 rhetorem.
667 1059 698 1085 Et
711 1060 779 1093 apud
799 1058 920 1086 Nicclant
944 1058 1061 1086 Cbouia-

272 1111 325 1131 tam
337 1104 375 1140 (g)
391 1105 503 1132 Michael
520 1105 630 1139 quidam
646 1109 756 1131 vocatur
778 1104 824 1130 τὸν
840 1103 984 1140 ῥητορικὸν
999 1103 1062 1139 θρό-

271 1159 315 1177 νον
343 1150 472 1186 κοσμῶν·
502 1157 561 1184 qua:
590 1150 670 1177 verba
693 1157 753 1176 cum
780 1149 872 1183 jejune
900 1149 1061 1176 reddidisset

271 1197 451 1232 Hieronymus
463 1196 575 1224 Wolfius
588 1203 635 1231 per
650 1197 756 1223 unicam
771 1203 863 1222 vocem
879 1195 1060 1226 concionator,

271 1244 305 1270 ab
327 1244 425 1270 Allatio
443 1243 481 1276 (li)
515 1243 698 1277 reprehensus
717 1247 767 1269 cst.
794 1242 974 1275 Quamobrem
996 1249 1061 1268 ano-

272 1296 369 1324 nymus
392 1296 406 1315 a
423 1288 523 1316 Goario
540 1287 631 1315 cditus
654 1287 684 1323 (ἱ)
704 1287 752 1317 ait,
768 1286 922 1321 φιλοσόφων
946 1286 1059 1320 ὕπατος,

272 1335 394 1371 ῥητόρων
419 1334 541 1369 πρῶτος
569 1333 602 1361 ad
618 1342 678 1368 qua:
704 1334 782 1360 verba
807 1332 924 1360 Goarius
949 1333 983 1368 (j)
1005 1333 1062 1360 hac

271 1380 410 1408 adnotavit
429 1388 436 1407 :
455 1380 565 1408 Summa
577 1380 743 1414 imperatoris
760 1379 842 1406 uirtus
861 1384 910 1411 est,
927 1385 953 1405 nt
969 1379 1060 1406 erudi-

270 1427 351 1453 tionis
378 1427 480 1461 copiam
498 1426 565 1452 inter
589 1426 747 1460 loquendunt
773 1426 871 1452 diserte
898 1426 980 1460 possit
997 1434 1056 1458 pro-

271 1473 380 1506 fundere
395 1481 404 1499 :
418 1473 497 1506 ctjus
511 1472 651 1506 rationique
663 1472 788 1504 delatum,
803 1477 830 1498 ut
845 1471 921 1505 facile
935 1480 1060 1506 agnosce-

271 1527 309 1550 re,
325 1519 361 1545 ita
374 1523 523 1544 constanter
537 1518 644 1544 reddere
660 1520 692 1544 sit
707 1523 827 1552 paratus.
843 1517 871 1545 Si
885 1518 948 1551 quitl
965 1518 1059 1545 horum

271 1570 366 1591 natura
389 1564 427 1591 cel
453 1565 605 1591 exercitium
632 1564 787 1599 denegabat,
810 1563 841 1590 ab
866 1564 927 1590 aliis
950 1572 1059 1598 quorum

271 1610 436 1642 eruditione,
458 1609 624 1644 eloquentia,
659 1609 743 1644 legum
775 1609 867 1643 peritia
893 1618 923 1636 ac
947 1610 1061 1644 jnstitiw

271 1664 360 1682 amore
373 1656 513 1682 duceretur
535 1660 558 1682 et
575 1654 763 1687 sublevaretur,
780 1663 852 1690 opem
869 1657 985 1682 mutuari
1009 1663 1062 1682 non

271 1701 437 1728 erubescebat
454 1702 585 1736 quondam
604 1701 631 1727 in
645 1700 751 1728 Oriente
772 1702 933 1735 imperator:
946 1701 999 1728 τῶν
1017 1710 1062 1736 φι-

271 1746 410 1781 λοσόφων,
431 1747 580 1773 divinarum
604 1745 831 1781 huntanarumque
853 1755 938 1774 rerum
971 1747 1062 1782 cogni-

271 1793 341 1820 tione
358 1794 502 1819 instructue
527 1792 723 1824 eruditionem;
744 1792 869 1828 ρητόρων
891 1793 999 1829 πρῶτος
1018 1793 1062 1820 di-

272 1839 346 1866 cendi
359 1839 527 1873 facilitatem.
546 1857 551 1864 .
575 1857 583 1864 .
602 1859 608 1865 .
634 1838 796 1873 suggerebat.
814 1838 943 1866 Veniebat
958 1839 1063 1867 scilicet

273 1885 391 1912 rhetoris
411 1885 518 1911 nomine
547 1884 663 1919 palatina
693 1884 775 1911 etiam
792 1883 909 1919 dignitas
931 1893 939 1912 :
964 1885 1007 1912 cui
1027 1885 1064 1912 si-

272 1932 343 1959 milis
358 1931 403 1958 illa
420 1931 600 1959 ecclesiastica
614 1940 621 1963 ;
634 1931 705 1965 quod
725 1931 843 1958 indicant
855 1939 886 1958 ea
899 1931 978 1958 verba
992 1939 1062 1966 quae,

272 1982 387 2012 utsupra
399 1977 500 2005 dictum
517 1982 568 2010 est,
581 1977 670 2004 attulit
684 1976 842 2012 Goarius(k)
852 1985 866 2004 e
879 1985 944 2005 mss.
962 1977 1063 2013 Regiis,

271 2024 286 2050 ὁ
303 2025 395 2060 ῥήτωρ
406 2025 447 2056 εις
461 2024 490 2050 τὸ
505 2023 674 2060 ῥητορεύειν.
692 2022 758 2050 Nam
776 2023 923 2058 Evangelii,
942 2024 1065 2059 relApo—

271 2069 332 2097 stoli
357 2071 418 2105 (hoc
443 2075 484 2097 est
508 2070 689 2105 Epistolarum
715 2069 747 2097 D.
763 2069 861 2104 Pauli),
883 2069 924 2097 vel
940 2070 1063 2098 Psalterii

271 2117 397 2144 doctores
425 2124 517 2143 sacras
545 2116 704 2151 Scripturas
732 2115 849 2143 strictim
866 2115 1062 2150 exponebant:

272 2163 365 2190 rhetor
378 2170 443 2190 vero
463 2163 488 2189 in
509 2162 603 2189 iisdem
619 2161 730 2189 uberius
753 2162 965 2196 pertractandis,
983 2166 1011 2189 et
1030 2162 1063 2189 ad

1111 234 1233 263 Nicetam
1247 235 1280 271 (Ι)
1297 245 1303 263 :
1323 237 1426 272 ῥήτωρ,
1441 237 1485 272 qui
1503 236 1657 270 Scripturas
1681 234 1768 260 instar
1790 235 1905 261 oratoris

1110 282 1278 310 ecclesiastici
1307 283 1552 316 interpretabatur;
1579 288 1640 316 quae
1664 285 1727 308 sunt
1744 280 1802 314 ipsa
1822 279 1905 307 verba

1112 328 1220 356 Meursii
1247 329 1272 356 iu
1292 328 1440 356 Glossario.
1459 328 1601 355 Gretserus
1616 327 1663 362 (nt)
1682 333 1788 361 quoque
1801 325 1834 353 ad
1849 325 1904 352 Co-

1111 375 1202 401 dinum
1221 383 1227 400 :
1248 374 1367 402 thetoris
1393 374 1507 408 ofﬁciunt
1529 379 1567 400 est
1592 372 1734 407 generatim
1751 371 1905 404 Scriptura:

1111 429 1200 448 sacras
1214 421 1398 454 interpretari;
1413 425 1436 446 et
1453 420 1554 446 videtur
1566 419 1620 450 ille,
1645 426 1720 452 quem
1741 425 1788 443 nos
1798 416 1905 444 concio-

1112 471 1233 493 natorem
1246 467 1423 493 nominamur.
1450 465 1503 492 Sed
1520 464 1636 491 Allatius
1656 462 1696 498 (ιι)
1715 461 1905 489 animadvertit

1112 512 1240 539 rhetorem
1257 511 1376 546 patuisse
1392 510 1473 537 latius
1486 517 1567 544 quatit
1585 511 1723 536 doctorem
1747 507 1902 541 Evangelii;

1111 564 1138 585 et
1167 558 1290 585 rhetores
1301 557 1346 591 qtti
1373 562 1507 591 prtecepta
1532 556 1593 583 aliis
1607 555 1756 586 traderent,
1775 559 1902 588 tanquam

1110 603 1270 638 eloquentiae
1283 602 1452 637 professores
1478 602 1511 629 ad
1538 602 1562 628 id
1589 601 1675 628 ferme
1699 607 1797 627 munus
1810 599 1901 626 vocari

1111 649 1293 676 consuevissc.
1308 647 1364 674 Non
1381 655 1474 680 unum,
1486 648 1532 674 sed
1545 647 1635 682 plures
1647 647 1671 673 in
1686 645 1803 673 Ecclesia
1819 644 1904 671 fuisse

1112 695 1236 722 rhetores
1252 693 1292 720 vel
1305 694 1349 720 illa
1362 694 1443 721 verba
1462 693 1581 720 iudicant
1597 691 1691 726 plurali
1708 698 1821 717 numero
1838 697 1903 716 con-

1112 745 1188 774 cepta
1204 739 1237 767 de
1257 739 1368 766 Philone
1386 743 1480 766 nostro
1496 739 1521 766 in
1535 737 1676 772 Epiphanii
1697 736 1773 768 Vita;
1786 741 1812 763 et
1826 743 1858 762 ex
1871 743 1903 762 eo

1112 785 1231 812 maxime
1244 789 1360 815 constat,
1377 784 1447 818 quod
1465 791 1534 810 unus
1560 783 1678 817 ipsortnn
1701 780 1802 814 primas
1827 784 1902 806 tene-

1113 836 1164 862 ret,
1194 835 1274 864 atque
1302 830 1425 865 μαῖστωρ
1453 829 1507 856 τῶν
1533 829 1668 864 ρητόρων,
1695 827 1781 862 μέγας
1810 826 1900 861 ῥήτωρ

1113 881 1321 912 nuncuparetur,
1339 877 1371 904 de
1396 884 1448 911 quo
1477 875 1609 903 Meursius
1625 874 1674 909 (ο),
1694 879 1721 901 et
1735 873 1837 900 Caveus
1852 872 1901 907 (p),

1112 923 1157 958 qui
1171 920 1237 950 ‘fuse
1251 923 1283 950 de
1306 923 1418 950 Philone
1436 927 1530 962 nost‘ro
1547 921 1691 956 disputat;
1717 927 1748 946 ac
1766 919 1791 946 in
1808 918 1902 952 quavis

1113 969 1170 996 fere
1188 969 1284 1003 maiori
1297 968 1411 996 ecclesia
1428 967 1513 995 fuisse
1539 967 1617 995 docet
1633 966 1761 1001 aliquem,
1781 965 1825 1000 qui
1838 965 1899 992 rhe-

1112 1015 1179 1042 toris
1206 1023 1317 1043 munere
1339 1015 1509 1050 fungeretur,
1540 1017 1620 1048 atque
1644 1021 1675 1041 ex
1707 1013 1765 1046 ejus
1783 1011 1903 1039 ecclesia:

1114 1062 1243 1089 reditibus
1258 1062 1393 1094 aleretur;
1419 1069 1434 1088 a
1453 1068 1506 1095 quo
1527 1060 1607 1087 etiam
1618 1058 1740 1092 iuniores
1757 1056 1847 1084 clerici
1867 1056 1902 1083 ad

1114 1107 1217 1135 futuras
1231 1107 1300 1135 sacri
1314 1107 1419 1134 ordinis
1439 1106 1588 1133 functiones
1605 1102 1789 1139 promovendi.
1816 1102 1902 1129 sacris

1115 1154 1213 1180 litteris
1229 1158 1255 1181 et
1270 1153 1423 1188 disciplinis
1442 1150 1634 1180 ecclesiasticis
1647 1149 1828 1177 erudirentur.

1148 1198 1201 1225 Sed
1215 1199 1288 1225 utad
1303 1198 1445 1225 Philonem
1465 1197 1618 1228 redeamus,
1635 1200 1707 1222 tanta
1733 1196 1767 1221 de
1794 1201 1827 1221 eo
1853 1193 1903 1221 fuit

1114 1244 1144 1272 S.
1160 1244 1302 1278 Epiphauii
1318 1243 1420 1278 opinio,
1440 1247 1468 1270 ut
1483 1241 1596 1269 Romam
1611 1240 1781 1276 profecturus
1798 1240 1834 1266 illi
1856 1247 1902 1267 ac-

1113 1291 1210 1318 cersito
1227 1290 1434 1326 (qipotestatem
1452 1288 1555 1315 dederit
1572 1287 1794 1315 administrandae
1811 1285 1903 1313 Eccle-

1116 1336 1161 1363 siae
1172 1336 1335 1363 Cousttmtia1
1350 1344 1357 1369 ;
1370 1340 1396 1362 et
1409 1335 1431 1362 si
1449 1342 1516 1369 opus
1533 1333 1639 1365 fuisset,
1656 1332 1798 1360 ordinandi
1825 1331 1903 1359 cleri-
1932 1365 1934 1368 _

1111 1390 1159 1410 cos
1176 1381 1341 1414 facultatem,
1360 1386 1390 1408 ut
1408 1386 1501 1408 narrat
1523 1380 1592 1408 idem
1610 1387 1690 1414 quem
1706 1386 1785 1413 supra
1802 1385 1902 1406 memo-

1114 1428 1244 1460 ravimus,
1257 1427 1474 1454 Rhinocurorum
1489 1426 1631 1461 cpiscopus
1649 1425 1785 1461 Polybius.

1148 1473 1277 1502 Noviaius
1303 1474 1424 1508 quidem,
1448 1471 1509 1499 Vita
1533 1472 1577 1500 illa
1600 1472 1629 1499 S.
1645 1471 1788 1506 Epipltanii
1807 1470 1903 1499 multas

1112 1520 1244 1548 contineri
1272 1520 1390 1551 fabulas,
1406 1527 1459 1554 quo
1482 1519 1591 1545 nomine
1612 1525 1642 1544 ea
1669 1517 1744 1542 valde
1768 1516 1904 1549 displicuit

1112 1566 1296 1601 Papebrochio
1320 1566 1355 1602 (r)
1382 1571 1408 1592 et.
1437 1563 1607 1592 Tillemontio
1633 1562 1678 1598 (s),
1698 1569 1777 1596 quem
1802 1561 1904 1596 passim

1115 1612 1161 1640 alii
1183 1616 1342 1647 sequuntur.
1361 1610 1490 1645 Dupiuius
1519 1608 1594 1636 nihili
1620 1615 1680 1635 eam
1693 1608 1826 1641 :estimat;
1856 1608 1904 1635 sed

1114 1658 1172 1693 ejus
1192 1657 1342 1685 rationibus
1358 1657 1457 1692 quibus
1472 1655 1546 1682 illam
1561 1654 1672 1682 omnino
1688 1653 1861 1688 rejiciendam
1876 1653 1903 1681 iu

1113 1705 1239 1732 omnibus
1254 1708 1339 1739 putat,
1353 1709 1520 1731 summorum
1538 1701 1658 1728 virorum
1672 1699 1803 1735 judicium
1819 1707 1905 1735 oppo-

1116 1752 1216 1778 nimus.
1236 1749 1303 1777 Nam
1322 1750 1411 1785 primo
1429 1757 1481 1777 non
1508 1747 1618 1776 omnino
1630 1754 1688 1774 eam
1708 1746 1904 1781 aspernandam

1114 1798 1240 1825 Petavius
1254 1797 1360 1824 censuit
1383 1796 1427 1832 (ι),
1445 1796 1490 1831 qui
1506 1805 1512 1823 :
1529 1794 1663 1829 Subjecta,
1680 1793 1777 1828 inquit,
1795 1801 1810 1820 a
1829 1792 1904 1819 nobis

1113 1850 1150 1872 est
1174 1843 1314 1878 Epipltauii
1332 1843 1414 1876 Vita,
1445 1842 1539 1869 Latine
1567 1841 1630 1868 olim
1664 1849 1680 1867 a
1705 1838 1794 1873 Suria,
1815 1840 1905 1867 (ἐνίει-ε

1115 1894 1202 1916 autent
1213 1897 1282 1915 nunc
1297 1889 1404 1924 vulgata
1419 1889 1544 1923 primum,
1558 1895 1588 1914 ac
1606 1886 1697 1913 multis
1712 1887 1740 1913 in
1754 1886 1817 1913 locis
1833 1894 1904 1913 reco-

1114 1935 1198 1969 gnita.
1217 1934 1282 1966 Qute
1295 1942 1447 1969 quanquam
1466 1934 1493 1960 in
1516 1933 1646 1968 plerisque
1662 1932 1760 1966 fabula:
1776 1937 1812 1959 est
1827 1940 1904 1967 quam

1114 1981 1230 2007 historia:
1242 1981 1359 2014 propior,
1387 1985 1416 2007 ut
1431 1980 1591 2016 jamdudum
1613 1979 1641 2005 in
1653 1979 1804 2006 Annalibus
1819 1978 1905 2006 Baro-

1115 2028 1173 2054 nius
1189 2027 1346 2059 admonuit;
1368 2027 1416 2054 erit
1442 2032 1530 2054 tamen
1543 2026 1569 2052 in
1599 2026 1727 2053 lutulenta
1744 2027 1791 2053 illa
1810 2034 1906 2052 narra-

1115 2073 1185 2100 tione
1205 2073 1317 2108 fortasse
1339 2074 1407 2108 quod
1433 2073 1524 2102 tollere
1548 2075 1642 2109 possis.
1662 2074 1695 2100 Et
1711 2071 1809 2104 alioqui
1822 2069 1906 2096 multa

1116 2120 1228 2145 continet
1239 2127 1298 2154 quee
1306 2127 1366 2146 cum
1378 2128 1437 2146 vera
1450 2125 1602 2155 receptaque
1620 2119 1652 2144 ab
1663 2116 1783 2144 omnibus
1795 2114 1906 2140 historia

1116 2169 1289 2191 consentanea
1303 2170 1374 2191 sunt.
1387 2164 1486 2192 Deinde
1496 2172 1555 2191 eam
1573 2162 1652 2189 veluti
1671 2161 1795 2187 idoneum
1808 2163 1905 2186 testem

272 2207 361 2242 populi
377 2213 486 2243 captum
501 2207 667 2241 explicandis
681 2206 879 2240 dilatandisque
892 2208 1062 2235 versabatur.
1080 2216 1104 2245 ι)
1117 2208 1169 2236 sibi
1188 2210 1322 2237 advocare
1338 2219 1432 2238 eorum
1449 2218 1509 2244 quae
1523 2207 1660 2238 dicebant,
1678 2213 1731 2232 non
1746 2205 1904 2232 dubitarunt

272 2252 454 2286 Quamobrem
475 2253 590 2281 Allatius
604 2252 623 2279 ι.
635 2252 681 2280 cit.
694 2251 835 2279 adnotavit
854 2251 981 2279 rhetorem
994 2260 1063 2280 non-

271 2299 360 2327 nullos
375 2299 548 2334 interpretari
564 2299 793 2329 concionatarem;
812 2298 885 2332 quod
896 2305 989 2326 verum
1003 2304 1064 2327 est:

306 2366 345 2399 (a)
363 2366 390 2394 In
410 2365 528 2394 Glossar.

307 2401 344 2437 (ft)
362 2402 390 2429 lu
406 2401 525 2429 Glossar.

306 2436 342 2471 (ε)
357 2437 393 2463 De
417 2438 538 2471 scriptor.
555 2438 700 2466 ecclesiast.
724 2437 832 2471 incerta:
844 2441 918 2462 celat.
946 2436 972 2462 in
996 2443 1064 2462 nova

278 2470 409 2499 Historite
421 2470 569 2500 ecclesiast.
585 2474 708 2506 scriptor.
722 2472 787 2498 edit.
807 2470 941 2506 Basileen.
961 2478 986 2504 p.
1005 2471 1048 2506 lii.

306 2508 344 2542 (ἀ)
365 2507 402 2534 De
415 2508 505 2543 officiis
520 2509 610 2535 eccles.
627 2505 937 2543 constantinopolitunte,
953 2512 1012 2538 cap.
1037 2505 1062 2539 l,

269 2543 397 2578 quinario
412 2542 442 2576 4;
459 2551 518 2578 pag.
531 2544 558 2576 5,
574 2543 639 2570 edit.
654 2542 738 2568 Paris.

307 2578 340 2613 (ε)
352 2578 419 2605 Ibid.
435 2586 493 2613 pag.

306 2615 338 2647 if)
356 2613 422 2641 Ibid.
434 2612 493 2648 pag.
506 2612 532 2639 8.

319 2644 344 2683 ᾖ)
364 2644 484 2683 μιήιῇ
502 2646 626 2683 [ΨΕᾌΙΪΠ
643 2645 733 2680 Regina
746 2644 912 2683 editLParis.

319 2655 344 2683 ῃ)
364 2655 424 2675 ιλιι).
438 2655 484 2679 vn,
502 2655 562 2682 pag.
576 2655 623 2673 ιοι
643 2655 733 2680 negate.
746 2655 810 2673 eun.
827 2655 912 2671 raris.

306 2655 347 2719 in)
366 2682 475 2710 Prw-lat.
495 2682 531 2719 ad
551 2681 784 2719 Excerptunvaria
806 2679 924 2708 θηρίον.
951 2680 1064 2715 sophist.

307 2716 341 2753 (η’
355 2719 432 2752 Apud
446 2716 588 2753 Collinum,
603 2723 662 2750 pag.
679 2716 723 2743 η.

308 2751 341 2789 ff)
358 2751 426 2781 lliid.
444 2760 504 2789 pug.
521 2751 566 2783 ﬂ,
583 2758 657 2778 nunt.
673 2752 699 2779 9.

308 2787 344 2824 (It)
355 2789 425 2824 ibid.
440 2796 466 2822 p.
481 2787 506 2813 7.

308 2821 339 2857 (ι)
354 2823 381 2850 lu
396 2821 517 2851 Glossar.
531 2823 565 2849 ad
583 2821 705 2848 Nicetam
722 2822 840 2857 praefixo.

308 2855 356 2894 tm)
367 2858 425 2886 Lib.
447 2865 465 2892 ι,
488 2865 546 2893 ευρ.
571 2858 587 2886 8
601 2855 742 2886 Observai.
770 2859 797 2885 in
813 2856 906 2884 Codin.
925 2857 950 2884 iu
968 2855 1063 2884 Codini

1119 2255 1284 2284 Posserinus
1303 2257 1328 2284 in
1347 2259 1483 2291 Apparatu
1509 2262 1597 2285 sacro,
1614 2253 1743 2285 Oudiuus,
1763 2251 1905 2284 Meursius,

1120 2300 1293 2334 Dufresnius,
1307 2302 1430 2332 Allatius,
1450 2299 1581 2334 Lequieu,
1599 2299 1749 2332 Fabricius,
1765 2298 1905 2326 Garetius.

1116 2368 1180 2396 edit.
1198 2369 1262 2403 Reg.
1281 2367 1366 2394 Paris.
1379 2374 1444 2428 pag.
1459 2368 1520 2395 168.

1151 2404 1190 2428 (nl
1209 2402 1315 2428 Praefat.
1331 2403 1364 2428 ad
1404 2409 1510 2428 xcernta

1151 2404 1190 2437 (η)
1209 2401 1315 2429 Ριῖτιτΐθι.
1331 2403 1364 2429 ad
1379 2401 1510 2432 Excernta
1525 2401 1640 2430 (ἔνατον.
1658 2403 1768 2437 sophist.

1164 2438 1189 2472 ο)
1208 2438 1234 2464 lu
1248 2437 1369 2464 Glossar.

1163 2474 1188 2507 p)
1202 2473 1271 2499 Loco
1282 2473 1325 2499 ubi
1347 2481 1438 2507 supra.

1151 2508 1185 2544 (ῃ)
1203 2507 1492 2544 Μεταστέλλετᾳιητδν
1518 2509 1717 2544 προειρημένον
1738 2509 1843 2535 Φίλωνα
1861 2508 1906 2534 τὸν

1118 2542 1279 2579 tagione-trem
1303 2543 1445 2579 natalicii)
1465 2542 1609 2570 ἀποδίδωσὶ
1629 2542 1681 2579 ’ἑὴν
1697 2544 1838 2571 αὑθεντίαν
1857 2544 1906 2577 τῆς

1124 2577 1345 2616 Ἑκκλῃςςίαςλτῆς
1354 2577 1571 2616 Κωνσίταντξίας,
1591 2587 1650 2614 qua:
1661 2577 1774 2616 barbare
1789 2580 1906 2616 incertus

1132 2586 1285 2639 φκκλθσιας
1298 2586 1345 2612 της
1354 2586 1571 2611 ηωνσταντειας,
1591 2587 1650 2614 (pne
1661 2586 1774 2606 barbare
1789 2586 1905 2605 Incertus

1118 2619 1181 2649 (qua,
1225 2613 1423 2649 ita’Ainterprcs
1440 2615 1526 2649 reddit
1542 2623 1549 2640 :
1570 2615 1666 2649 datque
1682 2615 1705 2640 ei
1725 2614 1905 2640 auctoritatem

1117 2646 1243 2684 Ecclesia:
1261 2646 1432 2684 Constantina
1455 2648 1513 2675 Vita
1527 2649 1555 2675 S.
1573 2646 1658 2684 Epiplt
1674 2669 1682 2681 ,
1696 2657 1758 2684 cap.
1772 2649 1817 2676 49.

1153 2683 1188 2718 (r)
1204 2684 1262 2710 Act.
1280 2682 1332 2711 SS.
1348 2684 1380 2710 ad
1394 2686 1464 2710 diem
1484 2692 1522 2711 xu
1539 2684 1612 2711 Mati.

1138 2720 1188 2759 _(s)
1201 2718 1278 2747 Tom.
1298 2718 1331 2759 _X,
1348 2719 1489 2759 p:«g.n4§7,
1503 2720 1569 2747 edit.
1596 2719 1683 2747 Paris.
1697 2719 1729 2747 de
1745 2718 1774 2745 S.
1797 2717 1907 2752 Epipha-

1118 2755 1174 2784 nio.
1185 2759 1212 2780 et
1225 2759 1280 2781 not.
1296 2755 1319 2785 l,
1336 2763 1397 2789 pag.
1413 2755 1475 2782 805.

1156 2789 1187 2824 (t)
1206 2789 1284 2816 Tom.
1299 2789 1320 2816 ll
1333 2787 1412 2825 0pcr.
1430 2790 1458 2817 S.
1473 2790 1627 2824 Epiphauii,
1644 2789 1749 2826 praefat.
1765 2788 1799 2815 ad
1821 2787 1908 2815 lecto-

1119 2831 1174 2852 rem
1179 2844 1186 2851 .
