2078 3153
239 161 271 187 15
785 155 887 183 PHILO
907 154 1105 184 CABPASIUS
1119 153 1321 182 EPISCOPUS.
1837 154 1869 182 13

238 218 267 244 Ili
285 224 350 245 vero
360 223 456 243 omnes
469 216 540 243 clare
558 216 629 242 hunc
645 214 749 242 titulum
768 213 931 248 praeferunt:
948 212 1031 239 Φιλω-
1048 215 1069 241 Α
1085 211 1159 245 liqua
1177 211 1264 238 Cra-ci
1283 210 1362 245 hujus
1382 209 1567 237 commentarii
1582 209 1776 244 interpretatio.
1795 210 1869 238 Illam

238 272 283 294 vo;
299 262 449 289 ἐπισκόπου
466 261 512 288 τοῦ
530 261 690 297 Καρπασίου
707 261 755 288 σὺν
769 259 828 295 Θεῷ
841 259 972 296 ἑρμηνεία
985 260 1028 291 εις

237 309 272 336 τά
284 309 419 344 "(tortam
433 307 491 334 τῶν
504 307 648 342 ᾀσμάτων
665 307 732 342 ’πρὸς
746 306 892 333 Εὐστὰθιον
908 305 1027 342 πρεσϐύ-

236 363 314 390 τερον
327 354 372 381 καὶ
387 354 515 380 Εὐσέϐιον
528 354 650 380 διάκονον
662 361 669 368 ⁸
690 353 808 380 Philonis
826 353 939 387 episcopi
963 351 1029 378 Car-

238 401 316 436 pasii,
336 400 388 427 Duo
413 400 532 433 jurnnte,
555 401 688 426 enarratio
708 399 734 426 in
752 399 894 426 Canticum
910 399 1030 425 cantico-

239 453 297 472 rum
309 447 341 471 ad
358 445 525 471 Eustal/tium
548 445 725 479 presbyterum
739 450 763 470 et
777 443 921 470 Eusebium
940 444 1030 470 diaco-

237 500 311 519 num.
330 490 457 518 Eamdem
482 490 567 518 fuisse
591 491 764 525 epigrnphem
777 490 849 516 credi
881 494 986 524 oportet
1003 490 1028 516 in

237 537 290 564 alio
300 537 392 564 codice
411 536 517 567 Graeco.
538 543 617 570 quem
634 540 707 562 certe
727 536 824 562 vidisse
849 536 965 562 arbitror
978 535 1030 561 Lu-

237 583 487 611 ramllolsteninm.
504 583 568 608 Nam
589 582 614 608 in
641 583 711 609 uotis
731 584 763 608 ad
782 580 973 617 Geographiam
985 590 1029 608 sa-

237 637 307 655 crarii
324 627 411 655 Caroli
432 636 446 653 a
463 628 490 653 ὃ.
507 627 591 654 Paulo
609 628 660 661 (rt),
682 626 779 661 Hujus,
807 627 902 661 inquit,
918 627 1028 661 (Carpa-

238 676 295 710 SliL')
309 675 443 708 episcopus
465 673 540 700 Philo
566 673 738 708 Καρπάαιος,
764 673 840 707 cujus
863 678 945 699 exstat
958 681 1030 699 corrr-

239 721 380 748 memorias
399 720 506 747 ercus
523 728 571 746 ms.
587 720 612 746 iu
628 719 738 746 Cantica
758 718 935 751 canticorum,
956 726 1030 752 quem

239 769 315 804 rulgo
343 769 410 794 male
439 767 621 801 Carpathium,
646 766 721 801 quasi
741 774 757 791 a
784 764 917 799 Carpat/to
945 764 1030 790 insula

239 815 380 848 appellmtl.
412 814 478 841 Cum
497 813 634 840 Holstcnio
647 813 782 840 consentit.
808 811 932 843 Allatius,
947 811 1030 845 quiin

240 861 354 887 diatriba
382 864 412 886 de
439 852 608 890 Phtlonihus,
646 857 750 884 l’hiloni
777 856 908 892 Carpasio
938 857 1031 883 tribuit

239 906 462 932 commentarium
481 906 506 931 iu
523 904 659 931 Canticum
672 904 834 930 canticorum
851 910 860 929 :
877 902 1028 933 Succincta,
1046 894 1066 921 Β

239 952 336 985 inquit,
353 951 397 978 sed
409 951 563 977 acutissima
586 950 825 984 laudatissimaque
842 949 1032 975 commentaria

238 998 339 1030 srripsit
363 998 390 1024 in
424 996 564 1023 Canticum
598 996 763 1023 canticorum
793 996 828 1021 ad
863 994 1031 1021 Eustathium

238 1043 450 1077 presbyterum“
466 1041 606 1068 Eusebium
622 1041 772 1067 diaconum.
787 1040 840 1067 Nec
859 1040 938 1067 aliam
952 1048 1032 1074 quam

240 1096 300 1122 qu:e
317 1088 343 1114 in
360 1087 517 1115 memoratis
534 1086 672 1114 codicibus
689 1086 844 1119 exhibetur,
858 1087 1030 1121 cpigraphem

241 1132 368 1160 habuisse
396 1132 498 1159 videtur
515 1131 633 1159 ‘Gra‘cus
661 1132 743 1158 codex
777 1132 889 1158 Einerici
924 1131 1031 1166 Bigotii.

239 1178 306 1204 Cum
324 1177 396 1204 enim
410 1177 586 1204 Cassiodorus
599 1176 741 1211 scripserit
761 1176 809 1212 (b),
823 1175 852 1203 S.
868 1175 1033 1211 Epiphanius

239 1224 348 1250 antistes
364 1223 564 1258 Cypriustomru
577 1223 674 1249 librum
689 1222 779 1250 Gra'co
793 1231 910 1249 sermone
921 1230 972 1249 uno
990 1231 1033 1248 uo-

240 1270 337 1296 luntine
350 1270 501 1303 complexus
512 1274 559 1296 est.
571 1268 649 1296 Hunc
663 1277 719 1301 nos,
734 1274 760 1295 ιιι
776 1269 853 1300 alios,
870 1269 896 1295 in
911 1268 1032 1295 Latinam

240 1317 357 1351 linguam
373 1324 418 1349 per
433 1316 547 1342 amicam
574 1321 701 1346 nostrum,
730 1316 816 1342 virum
830 1315 1032 1341 disertissimum

242 1361 416 1396 Epiphaniam
433 1361 554 1392 fecimus,
571 1360 624 1387 Deo
638 1361 758 1394 iurante,
773 1361 929 1394 transferri;
950 1360 1034 1388 Garc-

240 1409 293 1435 tius
313 1408 345 1434 ad
363 1407 433 1434 hunc
448 1407 537 1434 locum
560 1407 629 1433 hanc
646 1412 738 1433 notam
755 1407 879 1442 apposuit
898 1415 905 1433 :
930 1406 974 1434 Vel
986 1416 1034 1441 po-

239 1456 292 1481 tius
310 1453 388 1480 Philo
405 1453 540 1480 ordinatus
556 1454 691 1487 episcopus
703 1452 824 1487 Carpasii
837 1454 863 1479 in
878 1453 964 1479 insula
981 1453 1033 1488 Cy-

240 1508 287 1534 pro
304 1508 318 1526 a
333 1499 362 1526 S.
381 1499 526 1534 Epiphanio
548 1499 704 1526 Salaminia:
724 1500 854 1531 antistite,
871 1505 898 1526 at
911 1500 938 1526 in
952 1500 1033 1535 ipsius

1080 264 1104 283 v.
1127 256 1162 284 cl.
1184 256 1278 283 Petrus
1303 255 1463 282 Franciscns
1492 254 1637 289 Fogginius
1666 264 1738 282 anno
1760 256 1828 284 1750
1845 258 1871 284 in

1081 302 1164 328 lucem
1182 301 1278 328 extulit
1295 308 1310 327 e
1324 301 1531 328 membranaceo
1549 301 1685 328 Vaticante
1703 302 1873 330 bibliotheca:

1080 348 1181 380 codice,
1201 347 1279 382 cujus
1298 352 1403 374 aetatem
1418 347 1557 374 existimat
1571 348 1761 376 millenariam.
1780 350 1870 376 Codex

1081 395 1124 422 ille
1139 395 1291 428 interpretis
1307 395 1414 429 quidem
1433 403 1484 421 non
1506 394 1615 421 exitibet
1632 403 1743 428 nomen;
1765 396 1810 423 sed
1825 403 1872 422 au-

1081 446 1182 467 CIOrem
1211 439 1320 475 praefert
1340 440 1369 466 S.
1401 440 1591 474 Epiphaniam.
1620 439 1694 467 llauc
1706 442 1776 467 enirn
1793 441 1873 467 habet

1082 487 1283 522 inscriptionem
1303 496 1309 514 :
1327 486 1465 520 EI’toslllO
1483 486 1512 513 S.
1533 486 1674 520 Epiphanii
1692 487 1804 522 episcopi
1823 487 1873 522 Cy:

1081 533 1121 566 pri
1134 534 1158 560 in
1175 533 1284 560 Canum
1304 534 1479 559 canticorum.
1506 533 1580 560 Ilauc
1600 534 1747 559 versionem
1777 533 1873 569 Poggi-

1083 580 1142 604 nios
1159 584 1231 612 piunt
1256 581 1289 605 ab
1311 579 1460 612 Epiphanio
1476 578 1645 605 Srhtdaslico
1659 587 1719 605 esse
1737 580 1872 614 compesi-

1083 630 1146 656 tam,
1163 630 1189 651 et
1203 626 1325 651 canalem
1343 625 1416 651 illam
1430 633 1489 651 csse
1502 631 1597 652 censet
1611 626 1870 660 interpretationem,

1082 679 1161 706 quam
1179 671 1357 698 Cassiodorus
1371 671 1429 698 loco
1440 679 1519 706 quem
1537 672 1676 699 attulimus
1699 680 1777 707 supra
1799 681 1872 700 com-

1083 723 1224 745 memorat.
1248 717 1320 745 illitis
1342 719 1411 745 tituli
1438 719 1579 746 veritatem
1592 720 1701 754 agnovit
1717 719 1871 747 Adrianus!

1083 772 1151 798 papa
1167 764 1191 790 in
1208 765 1308 798 scripto
1322 763 1358 790 De
1369 765 1526 798 imaginibus
1539 764 1571 790 ad
1581 764 1706 792 Carolum
1721 773 1808 800 regem
1821 768 1871 799 (el:

1084 809 1115 836 In
1150 818 1279 844 persona,
1311 810 1414 844 inquit,
1442 810 1540 837 Christi
1568 816 1590 837 et
1615 810 1741 838 Ecclesia:
1771 811 1872 838 diuersa

1082 862 1231 883 sanctorum
1245 855 1355 882 Patrum
1383 856 1507 890 opuscula
1536 857 1561 883 in
1575 856 1685 884 Cantica
1705 858 1872 884 caulicorllnt

1083 903 1223 937 explanata
1237 909 1296 929 sunt
1307 912 1316 930 :
1334 909 1356 930 et
1374 904 1397 930 si
1412 903 1516 938 quando
1527 903 1722 938 intelligendum
1738 908 1786 937 est,
1809 905 1875 931 scire

1083 950 1173 982 velint,
1186 949 1215 976 S.
1231 949 1374 983 It‘piphanii
1388 949 1502 983 episcopi
1529 948 1609 983 Cypri
1622 949 1781 984 proferimus
1795 957 1875 984 expo-

1083 995 1214 1026 sitionem,
1235 995 1261 1020 iu
1272 1002 1323 1029 qua
1336 995 1404 1021 inter
1426 994 1508 1020 multa
1522 994 1625 1021 diversa
1639 995 1721 1029 inquit
1735 1003 1743 1021 :
1757 992 1876 1023 Ostendé

1085 1043 1148 1070 mihi
1163 1043 1258 1070 faciem
1278 1048 1362 1075 tuam,
1374 1048 1400 1070 et
1412 1043 1530 1070 auditam
1545 1043 1588 1070 l'ac
1602 1043 1667 1070 mihi
1677 1051 1767 1070 vocem
1782 1047 1872 1075 tuam;

1086 1090 1136 1116 hoc
1148 1094 1188 1116 est
1203 1097 1250 1124 per
1270 1090 1355 1124 legem
1374 1095 1401 1116 et
1419 1089 1565 1123 prophetas
1594 1097 1645 1115 non
1663 1089 1726 1116 mihi
1742 1089 1872 1123 loquaris,

1085 1135 1130 1160 sed
1148 1134 1318 1169 temetipsum
1346 1139 1431 1161 totum
1450 1134 1513 1160 mihi
1532 1134 1653 1165 ostende,
1668 1139 1690 1160 et
1709 1139 1802 1161 ιιι-ιιηή
1815 1141 1875 1168 qut:

1085 1185 1237 1214 sequuntur.
1255 1178 1315 1206 lla'c
1331 1186 1395 1205 vero
1422 1183 1484 1206 suat
1500 1179 1632 1213 ipsissima
1659 1179 1751 1211 verba,
1774 1185 1833 1212 qua!
1848 1178 1874 1205 in

1084 1226 1201 1253 editione
1213 1224 1376 1259 Foggiuiana
1391 1226 1515 1259 leguntur
1528 1232 1588 1260 pag.
1602 1224 1653 1254 59;
1675 1224 1762 1258 iisque
1782 1224 1875 1251 Graeca

1085 1272 1248 1306 respondent
1271 1271 1296 1297 in
1324 1270 1373 1297 hac
1397 1271 1515 1297 editione
1539 1275 1629 1297 nostra
1655 1278 1729 1297 nutri.
1747 1270 1791 1297 Ἠ.
1820 1269 1875 1298 Nec

1088 1325 1149 1344 vero
1172 1318 1255 1343 codex
1275 1316 1319 1343 ille
1339 1315 1483 1343 Vaticanus
1499 1322 1541 1343 est
1560 1317 1671 1347 unicus;
1688 1317 1833 1343 sedesstat
1849 1317 1874 1344 in

1085 1363 1249 1390 bibliotheca
1267 1362 1349 1396 llcgia
1373 1362 1519 1389 Parisieusi
1547 1363 1616 1389 inter
1636 1362 1804 1389 miscellanea
1834 1362 1877 1388 Bi-

1085 1409 1149 1444 gotii
1168 1409 1238 1436 idem
1257 1409 1370 1435 Latinus
1386 1409 1611 1440 commentarius,
1628 1416 1707 1443 quem
1723 1417 1754 1435 cx
1771 1407 1877 1434 Vatica-

1086 1462 1120 1481 uo
1134 1455 1228 1482 codice
1243 1454 1350 1488 quidam
1370 1455 1543 1489 suspicantur
1560 1461 1620 1481 esse
1633 1454 1807 1489 descriptum.
1823 1454 1875 1481 Sed

1086 1500 1163 1528 falso.
1178 1500 1246 1528 Nam
1267 1501 1292 1527 in
1307 1501 1448 1536 Bigotiauo
1457 1501 1549 1527 codice
1566 1501 1640 1527 deest
1654 1501 1785 1534 pra'latio,
1796 1508 1876 1534 quam

245 1546 330 1572 sancti
349 1545 408 1572 Vita
424 1545 527 1580 legitur.
555 1544 614 1571 Vidi
633 1545 740 1579 hujusce
769 1547 949 1572 commentarii
976 1552 1032 1573 tex—
1047 1565 1067 1593 Ο
1090 1547 1233 1574 Vaticanus
1246 1547 1331 1574 codex
1347 1547 1479 1580 integram
1503 1546 1591 1572 habet.
1608 1545 1725 1580 Aiquum
1739 1546 1822 1579 igitur
1835 1549 1878 1572 est

240 1597 295 1618 tum
309 1590 429 1618 Gra’cum
452 1592 479 1618 in
500 1591 619 1618 manibus
633 1599 657 1618 υ.
675 1591 710 1618 cl.
725 1591 839 1618 Emerit'i
857 1591 955 1626 Bigotii
973 1600 1032 1619 cum

241 1637 417 1665 translatione
437 1636 544 1668 Latina,
565 1638 642 1671 cujus
654 1636 695 1663 hic
714 1637 829 1664 meminit
846 1636 1031 1665 Cassiodorus.

240 1684 307 1710 Cum
324 1682 464 1710 Holstcnio
479 1687 506 1710 et
530 1681 640 1709 Garetio
668 1683 833 1710 concordant
852 1682 992 1710 Fabricius
1007 1689 1032 1711 et

240 1729 369 1764 Lequien.
387 1729 436 1756 llic
452 1729 524 1756 enim
544 1730 569 1756 in
586 1728 692 1756 Oriente
715 1729 867 1756 Christiano
894 1729 928 1764 (ε)
948 1739 955 1756 :
970 1728 1035 1756 Phi-

240 1775 321 1809 lonis,
335 1774 431 1810 inquit,
460 1775 574 1809 episcopi
589 1774 713 1808 Carpasii
728 1780 812 1801 exstat
831 1776 1034 1803 commentarius

241 1822 266 1848 in
288 1821 430 1849 Canticum
458 1822 638 1853 canticorum,
670 1820 744 1855 cujus
770 1820 866 1848 Latina
895 1822 1034 1849 transl-tio

240 1867 437 1902 circumfertur,
452 1876 468 1894 a
488 1867 582 1894 Gra’co
607 1867 696 1894 codice
713 1868 856 1894 admodum
868 1868 1031 1903 discrepans.

241 1913 388 1941 chuinum
402 1915 459 1946 eius
473 1913 607 1948 exemplar
634 1913 668 1940 cl.
684 1913 805 1948 Bigotius
825 1914 852 1940 in
872 1922 923 1941 sua
938 1914 1033 1940 biblio-

241 1961 315 1986 theca
327 1961 456 1991 seruabat,
469 1959 540 1995 quod
553 1958 644 1986 Crtrce
656 1959 796 1994 Latineque
813 1968 828 1986 a
850 1968 876 1987 se
884 1960 1034 1994 propediem

239 2007 367 2034 edendum
384 2006 530 2033 Cusimirus
545 2005 634 2033 Oudin
646 2005 673 2033 in
693 2014 742 2033 suo
758 2005 792 2032 ad
808 2005 972 2032 Labbeanam
989 2004 1036 2032 Bi—

241 2052 394 2079 bliothecam
406 2051 584 2087 supplemento
596 2059 667 2087 spem
684 2051 757 2078 nobis
773 2051 879 2086 fecerat.
894 2051 1035 2079 Fabricius

241 2105 305 2126 vero
322 2098 362 2133 (d)
390 2106 398 2125 :
424 2097 585 2130 Genuinum,
614 2097 711 2132 inquit,
737 2096 858 2137 Philonis
875 2102 1037 2124 commenta-

241 2145 311 2171 rium
327 2143 420 2172 Greco
438 2152 453 2172 ρ
467 2145 555 2171 codice
579 2143 716 2179 Bigotiauo
741 2144 874 2170 editurum
890 2143 990 2178 pridem
1009 2143 1036 2169 iu

242 2199 270 2218 se
281 2191 375 2226 recepit
391 2191 430 2218 vir
445 2190 613 2218 doctissimus
624 2189 763 2218 Anselmus
775 2188 928 2216 Bandurius
946 2196 1038 2216 mona-

241 2239 305 2265 chus
313 2238 509 2265 Benedictinus.

277 2284 369 2319 itaque
381 2291 441 2312 cum
455 2283 582 2319 praeclara
597 2281 717 2310 doctrina
732 2285 890 2315 praestantes
899 2279 1037 2312 Garetius,

240 2330 372 2365 Lequien,
398 2329 551 2361 Fabricius,
576 2328 731 2356 Bandurius
761 2331 789 2354 et
811 2327 865 2355 duo
879 2326 929 2354 viri
946 2326 1036 2362 magni

241 2378 356 2406 Allatius
369 2381 398 2405 et
411 2375 568 2404 llolsteuius
583 2375 609 2402 in
634 2375 685 2402 hoc
698 2373 879 2405 consentiant,
896 2372 1035 2401 Pbllnnem

242 2424 401 2459 Carpasium
427 2427 566 2450 auctorem
594 2421 678 2449 fuisse
693 2420 779 2448 ϐτίεεί
795 2419 982 2447 commentarii
1008 2419 1036 2444 in

244 2469 382 2497 Canticum
403 2469 578 2500 canticorum,
590 2472 617 2494 et
636 2466 722 2494 (ἓτερςί
738 2465 846 2493 codices
859 2471 973 2498 quorum
989 2471 1037 2490 no-

246 2515 303 2542 titia
317 2514 350 2541 ad
377 2521 426 2542 nos
443 2514 577 2549 pervenit,
598 2513 716 2540 Philonis
745 2511 870 2545 Carpasii
891 2508 1038 2544 pra’ferant

245 2569 362 2595 nomen;
392 2561 463 2589 haud
480 2567 554 2589 certe
584 2560 680 2588 fecisse
700 2564 800 2586 temere
827 2557 960 2589 videatur,
992 2555 1037 2590 qui

247 2609 319 2636 hunc
330 2615 411 2643 quem
432 2607 530 2642 publici
543 2606 611 2641 juris
627 2605 705 2635 iacio,
727 2602 961 2634 commentarium,
978 2609 1039 2628 cum

246 2655 340 2682 iisdem
352 2654 454 2683 Grzecis
467 2653 604 2680 codicibus
613 2650 747 2681 collatum,
761 2648 847 2676 eidem
860 2647 964 2676 Philoni
975 2647 1040 2675 Car-

246 2700 313 2736 pasii
328 2700 455 2736 episcopo
467 2690 603 2725 tribuerit.

282 2745 472 2774 Verumtamen
486 2741 671 2779 gravissimam
696 2739 878 2767 difﬁcultatem
894 2738 971 2767 ochrt
988 2746 1038 2766 au-

284 2814 322 2852 (τι)
338 2815 396 2852 μη)-
410 2822 438 2852 ιεν
453 2809 591 2852 nas-.997:

283 2843 320 2883 ibi
338 2851 395 2877 Itib.
414 2843 680 2883 υεῖηὲιὶιιιςιρρεναι
695 2864 702 2876 ,
721 2851 780 2878 cap.
798 2843 824 2870 5.

283 2879 318 2916 lrl
337 2884 414 2912 Tom.
429 2885 459 2916 ll,
476 2889 534 2916 pag.
551 2879 629 2906 1067.

1085 1593 1242 1620 existimare
1265 1592 1355 1627 plures
1367 1591 1478 1618 Latinos
1494 1591 1576 1618 fuisse
1595 1591 1657 1617 olim
1685 1591 1786 1618 similes
1800 1591 1874 1617 codi-

1085 1647 1141 1670 ces,
1157 1643 1184 1666 et
1208 1639 1325 1666 fortasse
1352 1639 1440 1665 adhuc
1462 1638 1560 1665 alicubi
1594 1637 1770 1672 deiitescere;
1797 1638 1877 1672 idque

1086 1686 1167 1721 probe
1184 1685 1467 1717 auimmlvertcndum,
1484 1692 1516 1711 ne
1537 1684 1596 1719 quis
1615 1692 1646 1711 ex
1663 1692 1696 1711 eo
1715 1684 1786 1719 quod
1808 1692 1877 1712 unus

1086 1732 1271 1758 tantunnnodo
1294 1736 1322 1758 et
1340 1731 1487 1765 singularis
1500 1731 1672 1758 existimetur
1692 1738 1752 1758 csse
1770 1730 1878 1758 Vatica-

1085 1785 1136 1805 nus
1155 1779 1251 1810 codex,
1276 1777 1312 1804 illi
1338 1785 1448 1812 parvam
1469 1777 1548 1804 iidem
1574 1777 1724 1805 habendam
1739 1784 1799 1805 esse
1813 1785 1878 1805 cou—

1086 1824 1188 1851 leudat.
1200 1823 1266 1850 Cum
1291 1823 1371 1857 igitur
1385 1822 1510 1849 Latinum
1525 1824 1750 1850 commentarium
1774 1827 1877 1850 constet

1084 1877 1145 1897 esse
1156 1869 1242 1897 (ἓνωεί
1252 1869 1402 1896 Philoniani
1418 1870 1582 1898 versionem:
1596 1869 1752 1897 alterutrum
1765 1870 1879 1904 pseudo-

1085 1915 1259 1950 epigraphum
1288 1922 1347 1942 esse
1367 1920 1482 1949 oportet.
1509 1914 1584 1943 Hanc
1614 1915 1797 1943 dillicultatcm
1832 1916 1879 1942 ha-

1089 1969 1146 1988 rum
1173 1968 1263 1988 rerum
1293 1961 1504 1996 intelligentibus
1527 1962 1720 1996 expediendam
1745 1962 1877 1996 relinquo.

1093 2008 1173 2036 Certe
1188 2008 1315 2036 Garetius
1328 2008 1372 2042 qui
1397 2008 1467 2043 apud
1485 2008 1616 2043 Bigotium
1643 2013 1787 2044 utrumque
1803 2009 1878 2041 vidit,

1095 2054 1319 2082 commentarium
1332 2053 1455 2082 Griecum
1472 2060 1499 2082 et
1516 2053 1653 2088 Latinum,
1677 2055 1775 2082 nodum
1797 2054 1880 2080 auda-

1086 2104 1144 2128 cter
1178 2105 1301 2135 amputat
1329 2106 1357 2128 et
1385 2101 1494 2136 oblique
1515 2102 1668 2129 Cassiodori
1694 2099 1878 2127 testimonium

1088 2145 1197 2172 videtur
1209 2145 1335 2181 rejicere,
1352 2146 1537 2182 lectoremque
1557 2145 1749 2182 propemodum
1773 2144 1799 2170 in
1819 2151 1879 2171 eam

1089 2191 1225 2218 adducere
1241 2191 1454 2224 dubitationem,
1467 2196 1557 2218 utrum
1581 2188 1748 2223 Epiphanius
1766 2188 1880 2215 antistes

1054 2242 1075 2269 υ
1089 2236 1205 2271 Cyprius
1227 2236 1453 2263 commentarium
1488 2231 1681 2267 consoripserit
1704 2231 1823 2266 aliquem
1853 2231 1881 2258 in

1091 2282 1230 2310 Canticum
1248 2282 1420 2309 canticorum.
1543 2307 1549 2313 ,

1129 2328 1198 2362 Quid
1213 2328 1236 2356 si
1254 2326 1401 2355 contendat
1430 2323 1527 2358 aliquis
1541 2323 1672 2350 memoria
1693 2322 1798 2357 lapsum
1815 2321 1882 2349 Cas—

1091 2374 1241 2404 siodorum,
1265 2380 1315 2406 pro
1329 2370 1443 2398 Philone
1470 2368 1610 2404 Epiphauii
1625 2369 1721 2403 aequali
1739 2372 1767 2395 et
1782 2368 1882 2399 amico,

1092 2418 1269 2452 Epiphaniam
1284 2415 1429 2450 posuisse?
1441 2414 1510 2448 Quid
1528 2414 1549 2442 si
1561 2414 1680 2441 codicem
1693 2421 1773 2448 quem
1788 2413 1882 2441 habuit

1090 2463 1282 2495 Cassiodorus,
1301 2466 1330 2488 ut
1349 2462 1450 2496 majore
1465 2461 1551 2496 pretio
1566 2460 1677 2495 dignum
1694 2459 1795 2487 faceret
1809 2467 1884 2487 ama-

1092 2510 1212 2542 nuensis,
1235 2508 1376 2543 Epiphanii
1394 2514 1498 2542 magnae
1515 2507 1596 2534 fama:
1612 2514 1708 2534 nomen
1726 2514 1776 2542 pro
1785 2507 1883 2533 obscu-

1093 2554 1164 2581 riore
1178 2553 1299 2580 Philonis
1316 2553 1424 2579 nomine
1439 2552 1475 2579 illi
1492 2552 1650 2586 inscripsit?
1663 2552 1695 2579 Et
1711 2551 1884 2579 consuevisse

1093 2600 1202 2635 quidem
1229 2598 1364 2630 librarios,
1393 2603 1421 2625 ut
1440 2598 1480 2625 vel
1509 2598 1633 2632 peritiam
1650 2598 1692 2625 vel
1717 2597 1884 2632 diligentiam

1095 2645 1317 2672 commendarent
1344 2651 1431 2677 suam,
1458 2644 1503 2679 qui
1528 2645 1635 2672 codices
1665 2644 1706 2671 vel
1727 2644 1828 2670 nullum
1843 2642 1884 2669 vel

1095 2692 1216 2726 ignotum
1235 2691 1414 2718 obscurumve
1433 2691 1590 2725 praeferrent
1605 2695 1752 2722 auctorem,
1769 2690 1802 2716 iis
1819 2689 1884 2716 iusi-

1094 2745 1147 2773 gne
1163 2737 1278 2771 alicujus
1299 2737 1414 2765 celebris
1437 2738 1581 2772 scriptoris
1613 2744 1710 2764 nomen
1735 2735 1885 2770 prtel‘tgere,

1127 2806 1166 2840 (tl)
1183 2805 1253 2833 Loco
1265 2814 1346 2840 supra
1362 2807 1407 2833 cit.

1129 2838 1164 2876 (ε)
1184 2840 1261 2868 Tom.
1276 2838 1307 2868 IV
1324 2841 1424 2868 Concil.
1445 2839 1586 2871 llarduini,
1599 2839 1650 2866 col.
1664 2838 1726 2866 785-
