2078 3153
301 179 336 200 ιω
848 172 950 200 ι’ΠΙΙεΟ
972 175 1172 205 CARPASIL'S
1194 178 1393 207 EPISCOI’ES.
1892 185 1928 214 24

295 232 351 252 σευ.
371 222 407 255 ὡς
427 224 579 258 Ἑλλάνικος
600 227 629 253 ὲν
645 229 836 262 Κυπριακοῖς.
849 231 986 264 Διονύσιος
1000 233 1028 259 δὲ
1042 233 1079 260 διὸ

296 268 308 278 δ
341 269 352 278 Ι.
363 270 369 276 ι
466 272 486 278 ιν
558 272 563 278 ι
689 274 695 278 ι
725 275 730 278 .

1140 237 1164 264 in
1184 237 1251 265 locis
1268 239 1466 265 coniunctiores
1480 238 1592 266 exhibet
1612 240 1829 275 explanationes,
1847 250 1927 278 quam

296 268 438 304 Βιψθόγγου
466 272 644 307 Καρπάσειαν
667 274 751 310 αὐτήν
765 284 847 311 φησιν
866 278 895 304 ὲν
909 279 992 314 τρίτῳ
1010 281 1085 307 Βασ-

295 314 425 348 ί-ιιρίκῶν
439 323 445 329 ·
891 321 895 323 “

299 359 355 386 Ἠδ*
373 362 478 388 ὁπόσοι
497 362 650 397 ’Κινιῖρειον
665 364 702 390 ἴδ’
717 367 858 400 αἰπεινὴν
880 367 1083 402 Κραπάσειαν.

294 405 372 433 Ἐστι
387 407 434 433 καὶ
451 409 531 443 νῆσος
548 410 695 445 Καρπασία
708 414 778 439 κατὰ
794 413 843 450 τὴν
854 416 943 451 ἄκραν
953 416 1001 454 τῂν
1015 418 1085 454 Σαρ-

293 453 432 488 πηδονίαν.
457 455 613 491 Ξεναγόρας
639 457 666 484 δὲ
693 458 843 494 Κάρπαθον
871 462 956 498 αὐτὴν
988 464 1082 491 καλεῖ·

293 499 446 535 Δημήτριος
472 501 500 528 δὲ
523 502 538 527 ὸ
565 503 727 539 Σαλαμίνιος
750 507 911 542 Καρὸασὰιν
933 510 1024 545 φησὶν,
1043 511 1083 537 ὅτι

292 543 360 578 πρὸς
378 544 424 571 τὸν
437 545 602 582 καλούμενον
615 548 715 584 ἄνεμον
732 551 838 584 κεῖσθαι
851 552 932 580 δοκεῖ.
949 543 1084 584 liactenus

291 589 416 624 Allatfns,
434 592 479 627 qui
493 600 600 621 versum
615 603 648 622 ex
663 595 791 632 Dionysio
807 598 917 627 allatum
937 607 951 627 a
966 600 1083 635 Stepha-

291 642 326 662 no
346 643 441 663 sanum
454 638 575 672 exhibet,
590 644 618 667 ut
633 645 675 668 est
689 641 715 668 in
732 642 897 672 editionibus
911 653 970 680 quae
985 645 1083 674 Bellie-

291 680 390 709 lianam
410 689 619 719 prreceSserunt,
639 686 664 714 in
681 694 735 722 qua
751 689 809 723 ipse
824 689 963 719 Berkelius
980 692 1005 719 in
1024 698 1082 720 tex-

291 731 346 754 tum
358 729 466 756 admisit
482 737 557 757 suam
573 732 803 767 emendationem,
818 744 869 771 qua
883 745 990 765 versum
1004 739 1078 766 illum

290 772 457 806 depravavit.
484 775 572 802 Edidit
589 777 662 804 enim

297 818 353 846 Hd"
365 820 474 848 ὀπόσοι
487 823 643 857 Κινύρειον
663 825 710 860 ἠδ’
724 827 855 862 stramine
876 831 1077 865 Ιίναρητιάστιιανὃ

289 868 316 891 et
336 865 375 893 sic
395 867 503 895 tertium
523 873 549 896 et
567 871 690 904 quintum
707 872 864 901 claudicare
881 874 946 902 facit
970 876 1080 910 pedem.

288 908 335 936 Illa
361 915 450 938 autem
476 912 626 941 litterarum
654 917 812 945 metathesis
838 919 864 945 in
883 926 949 947 voce
965 908 1078 956 Κραπάη
1097 910 1117 937 Β

289 964 363 982 σείειν
381 957 475 984 eadem
489 963 541 991 est,
556 968 636 995 quam
656 960 787 990 Homerus
809 964 932 992 adhibuit
950 965 1030 993 Iliad.
1048 966 1078 1000 Β,

289 1009 360 1029 vers.
378 1003 430 1030 676
447 1012 454 1030 :

289 1049 322 1075 Ol
333 1048 358 1075 δ’
369 1049 426 1084 ἄρα
436 1051 572 1086 Νίσιψόν
581 1054 605 1079 τ’
613 1051 706 1089 εἶχον,
717 1055 878 1089 Κράπαθόν
886 1066 917 1084 τε
926 1060 1028 1086 Κασόν
1036 1068 1077 1086 τε.

289 1094 341 1122 Sed
360 1096 411 1124 hoc
437 1098 466 1124 ἐν
487 1099 606 1135 παρόδῳ.

323 1140 458 1170 εωιειιιιιη
484 1144 511 1171 in
544 1145 586 1173 his
613 1146 718 1175 duabus
745 1150 1000 1183 qutestionibus:i'
1014 1160 1078 1180 num

287 1191 497 1218 commentarius
521 1191 635 1220 Latinus
649 1201 664 1221 e
684 1194 809 1223 Vaticana
834 1196 998 1226 bibliotheca
1013 1207 1078 1234 pro-

287 1231 357 1260 latus
373 1240 435 1261 vere
455 1236 488 1263 sit
517 1237 675 1272 Epiphanii;
692 1239 721 1266 2·
734 1248 798 1268 num
821 1241 899 1270 Philo
917 1231 1079 1280 Carpat-hius

287 1285 367 1313 quem
391 1281 488 1309 Suidas
515 1283 597 1311 tradit
623 1286 765 1321 scripsisse
780 1289 806 1315 in
824 1288 934 1316 Cantica
962 1292 1079 1319 cantico-

287 1333 358 1360 rum,
374 1327 445 1356 idem
470 1329 505 1356 sit
526 1331 573 1365 qui
592 1331 737 1367 Carpasius
756 1335 834 1371 cujus
860 1344 956 1365 nomen
981 1339 1076 1373 praele-

287 1377 351 1400 runt
376 1375 484 1403 codices
504 1376 609 1412 Graeci;
625 1386 685 1414 qum
703 1385 765 1408 sunt
784 1389 800 1409 ιι
815 1390 858 1410 me
874 1383 1004 1413 hactenus
1021 1386 1078 1414 dis-

287 1422 389 1453 putata,
414 1421 482 1448 satis
511 1429 571 1450 esse
597 1424 744 1455 lectoribus
769 1428 899 1463 arbitror,
919 1438 972 1466 quo
1002 1439 1078 1460 suam

288 1463 358 1491 ferre
369 1467 532 1494 sententiam
549 1471 664 1504 possint,
678 1473 718 1499 vel
733 1474 819 1501 adhttc
836 1483 888 1502 non
900 1477 1003 1512 liquere
1015 1486 1078 1512 pro-

287 1510 422 1538 nuntient.

321 1555 365 1584 lll.
385 1556 423 1584 De
444 1558 555 1586 Philone
585 1561 698 1597 ejusque
727 1567 925 1594 tommentario
948 1568 1076 1597 disserui.

287 1600 376 1636 Nunc,
394 1604 464 1639 quod
488 1605 565 1633 initio
581 1609 721 1643 proposui,
737 1610 770 1638 de
781 1611 902 1647 ejusdem
917 1614 1079 1650 interpreta-

288 1649 406 1677 tionilms
431 1650 575 1679 dicendum
606 1660 656 1682 est.
690 1655 833 1691 Epiphanii
860 1649 1079 1689 Latinnnvcorn-

287 1695 450 1721 menlarinm
465 1696 492 1722 itt
512 1696 733 1728 adnotationibus
746 1709 815 1734 quas
834 1704 866 1730 ad
882 1704 1003 1734 Philonis
1026 1713 1080 1735 tex-

287 1741 343 1765 tum
365 1739 466 1773 adjeci,
493 1745 601 1768 reterem
624 1744 865 1779 interpretationem
883 1757 958 1783 voco,
978 1757 1004 1779 et
1033 1754 1078 1788 qui

287 1790 346 1809 cam
362 1786 521 1819 composuit,
539 1786 681 1817 brevitatis
695 1795 882 1822 tantummodo
896 1798 993 1831 gratia,
1008 1786 1079 1826 rete-

287 1837 342 1855 rem
362 1829 530 1866 interpretem
547 1835 662 1869 appello.
683 1836 722 1865 De
743 1846 796 1874 quo
809 1829 968 1877 interprete,
985 1829 1007 1872 si
1022 1846 1080 1880 qui-

287 1875 347 1922 dem
370 1876 405 1905 sit
419 1877 586 1914 Epiphanius
603 1881 788 1913 Scholasticus
803 1875 888 1922 quem‘
900 1875 1079 1920 Cassiodorus

287 1921 348 1949 loco
361 1930 443 1958 supra
465 1924 549 1952 citato
564 1934 770 1963 commemorat,
789 1921 852 1960 illud
872 1934 937 1962 mihi
959 1935 985 1962 in
1004 1944 1079 1964 men-

287 1974 341 1996 tem
357 1970 440 2003 venit,
456 1971 529 2006 quod
544 1973 577 2001 de
599 1973 644 2002 illo
655 1974 790 2010 judicavit
809 1977 923 2008 lluetius
936 1980 973 2008 De
988 1981 1079 2009 inter—
1109 1981 1112 1984 ’

285 2017 431 2050 pretatione
449 2017 516 2045 libro
533 2020 669 2047 secundo:
686 2021 860 2056 Epiphanius,
877 2024 975 2060 inquit,
992 2027 1078 2055 Scho~

286 2062 395 2090 lasticus
408 2063 557 2098 Socratem,
575 2065 750 2096 Sozomenum
770 2075 794 2095 et
815 2069 1007 2100 Tlteodoretum
1025 2073 1078 2101 La-

286 2108 341 2134 tine
368 2117 508 2144 exponens,
524 2119 616 2138 nomen
636 2120 712 2139 suum
739 2114 807 2141 inter
830 2117 921 2144 doctos
946 2119 1076 2147 traduxit.

286 2153 380 2181 (In-cca
399 2156 527 2189 siquidem
540 2157 581 2183 vix
595 2165 728 2185 assecutus
739 2166 794 2193 est;
811 2167 833 2187 et
848 2163 871 2188 si
887 2171 945 2197 queo
958 2164 1025 2198 forte
1036 2165 1079 2192 iit--

286 2201 396 2231 tellexit.
413 2211 442 2229 ea
456 2211 486 2229 ne
496 2212 510 2230 a
519 2205 631 2238 posteris
654 2206 871 2241 intelligerentur,
882 2211 1003 2243 obscura,
1016 2212 1077 2238 bar-

1138 292 1198 320 qum
1223 289 1285 311 sunt
1313 285 1339 312 in
1360 284 1454 312 Graeco
1478 285 1600 313 Philonis
1629 289 1840 321 commentario;
1859 296 1928 324 sape

1137 330 1212 357 addit
1231 338 1292 365 qua:
1322 331 1482 358 sententiam
1509 332 1596 366 ipsam
1621 332 1743 361 Philonis
1768 334 1808 361 vel
1832 335 1928 362 obtun-

1137 377 1220 409 dunt,
1243 377 1284 404 vel
1313 381 1453 410 evertunt,
1480 378 1521 405 vel
1549 386 1643 406 errore
1670 379 1762 414 aliquo
1793 380 1924 409 inficiunt.

1136 423 1268 458 Exemplo
1284 423 1337 450 sint
1354 423 1399 450 illa
1416 431 1476 459 pag.
1492 424 1535 457 14,
1553 424 1600 452 lin.
1617 425 1660 457 i7,
1685 424 1745 452 Non
1766 427 1834 453 enim
1853 427 1927 455 solvit

1136 469 1203 497 velut
1221 469 1340 503 ebrietas,
1356 475 1382 496 ut
1403 470 1555 497 obscuratur
1566 472 1624 506 quis
1644 476 1762 505 corruat,
1774 477 1827 500 etc.
1841 471 1928 500 Locus

1134 521 1176 544 est
1201 516 1226 543 in
1245 516 1340 544 Graeco
1365 515 1487 544 Philonis
1514 517 1710 545 commentario
1731 526 1806 547 num.
1820 518 1851 546 il
1867 530 1873 546 :
1889 519 1928 546 Οὔ

1134 562 1190 598 γὰρ
1212 561 1270 589 λύει
1291 570 1324 598 με
1345 562 1471 598 ὥσπερὴ
1494 563 1562 599 μέθη
1583 563 1663 591 τοῦτο
1683 564 1778 599 πόμα,
1797 573 1823 591 κ.
1843 573 1870 592 τ.
1890 564 1928 598 λ.,

1135 616 1249 644 quorum
1273 610 1436 637 sententiam
1455 609 1560 637 dolebis
1587 610 1621 637 ab
1647 611 1794 645 interprete
1813 617 1928 638 enerva-

1136 656 1201 679 tam“
1218 660 1280 688 pag.
1304 653 1345 685 Π,
1373 654 1405 680 ad
1432 653 1476 680 illa
1504 653 1586 681 verbs
1607 664 1613 681 :
1634 654 1696 681 Ideo
1728 655 1929 683 adolescentulo:

1134 699 1284 726 dilexerunt
1317 704 1359 732 te,
1390 699 1591 733 explanationis
1617 699 1783 727 Philonianaz
1816 709 1926 728 sensum

1135 753 1209 772 num.
1222 745 1239 771 4
1251 766 1258 778 ,
1284 753 1337 772 non
1360 750 1402 772 est
1420 750 1572 773 assecutus.
1600 745 1645 773 Sic
1663 754 1723 782 pag.
1737 746 1786 780 22,
1809 747 1857 774 lin.
1873 747 1926 774 i3:

1136 789 1196 816 Non
1216 791 1285 816 enim
1304 794 1363 816 erat
1387 790 1509 817 sensibile
1527 790 1596 825 quod
1621 791 1733 824 dicebat,
1756 793 1802 819 sed
1824 793 1856 819 dc
1874 793 1925 819 isto

1133 841 1188 863 erat
1205 836 1270 868 sole,
1283 840 1346 867 etc.,
1358 843 1418 871 qtue
1430 836 1538 870 quidem
1556 837 1626 864 inter
1639 845 1669 865 se
1684 843 1814 873 pugnant.
1827 838 1927 865 Confer

1133 891 1194 909 cum
1215 882 1258 910 his
1273 881 1365 910 Graeca
1385 882 1506 910 Philonis
1523 891 1598 910 num.
1622 883 1667 917 l2,
1688 888 1716 910 et.
1733 891 1794 919 pag.
1809 883 1854 916 25,
1879 884 1926 910 lin.

1136 929 1180 961 15,
1202 927 1252 956 Ubi
1276 930 1344 956 enini
1370 929 1472 964 paritas
1495 933 1551 962 est,
1574 929 1629 956 illic
1656 930 1798 968 increpatio
1826 937 1928 965 quoque

1134 977 1321 1012 subsequitur;
1350 984 1405 1011 quo
1433 976 1498 1011 qttid
1534 975 1701 1004 absurdius?
1726 976 1829 1012 puritas
1853 976 1927 1004 enim

1135 1023 1199 1051 nulli
1219 1023 1399 1058 increpationi
1421 1026 1508 1058 potest
1530 1030 1592 1050 esse
1615 1022 1743 1050 obnoxia.
1757 1022 1824 1049 Vide
1844 1022 1926 1049 etiam

1135 1067 1253 1095 hominis
1280 1067 1426 1099 inscitiam,
1451 1067 1497 1101 qui
1526 1074 1589 1102 pag.
1609 1067 1654 1098 89,
1680 1072 1789 1094 vertens
1818 1067 1926 1099 Graeca,

1134 1122 1194 1150 quae
1210 1118 1274 1141 sunt
1291 1113 1361 1148 apud
1378 1113 1518 1140 Philonem
1538 1121 1613 1139 num.
1627 1113 1680 1140 205
1695 1123 1700 1140 :
1717 1113 1804 1144 Αὐτὸς
1820 1113 1925 1140 δέδεται

1134 1161 1163 1188 ὲν
1180 1160 1389 1196 παραδρομαῖς,
1410 1159 1461 1186 οὐκ
1480 1158 1603 1194 ἀνάγκης
1625 1159 1750 1193 δεσμοῖς,
1773 1158 1831 1185 ἀλλ’
1847 1159 1926 1185 ἑκου-

1135 1206 1192 1233 σίου
1223 1204 1431 1241 φιλανθρωπίας
1457 1203 1639 1240 χρηστότητι,
1666 1203 1789 1231 scribit:
1817 1203 1922 1230 Vinctus

1133 1258 1170 1280 est
1185 1256 1273 1278 autem
1291 1251 1344 1283 ipse
1366 1258 1418 1277 non
1435 1258 1537 1285 sponsa.-
1552 1257 1608 1277 sua
1632 1250 1793 1282 necessitate,
1817 1249 1862 1277 sed
1881 1258 1926 1276 vo-

1134 1301 1236 1326 luntate
1260 1297 1413 1325 clementior.
1429 1296 1511 1330 Atqui
1536 1295 1664 1323 Ecclesiae
1688 1303 1793 1330 sponsa:
1816 1296 1842 1323 id
1866 1304 1924 1323 ma-

1135 1343 1207 1371 xime
1221 1350 1289 1378 opus
1313 1341 1374 1375 iuit,
1393 1345 1422 1368 ut
1439 1341 1565 1369 Christus
1583 1345 1732 1375 pateretur.
1751 1340 1784 1367 Et
1801 1348 1862 1376 pag.
1878 1341 1923 1374 49,

1134 1392 1225 1420 itidem
1246 1390 1320 1426 addi}
1345 1397 1405 1425 qum
1426 1390 1525 1417 absunt
1547 1397 1561 1415 a
1580 1389 1674 1416 Grteco
1698 1394 1772 1416 textu
1786 1409 1794 1422 ,
1814 1394 1841 1417 et
1862 1395 1924 1424 apta

1134 1442 1198 1466 sunt
1213 1436 1377 1464 insinuando
1392 1435 1492 1467 errori,
1509 1435 1658 1463 Ecclesium
1674 1435 1776 1463 scilicet
1794 1441 1923 1463 constare

1133 1483 1198 1512 solis
1215 1483 1320 1511 electis.
1341 1481 1436 1510 Graeca
1461 1482 1532 1509 enitn
1557 1487 1621 1509 sunt
1647 1490 1720 1509 num.
1735 1482 1791 1509 88:
1813 1482 1923 1517 Ἐπειδὴ

1133 1529 1187 1565 γὰρ
1213 1528 1279 1564 περὶ
1305 1528 1356 1563 τῆς
1380 1527 1501 1563 πληθύος
1527 1525 1587 1554 εἷπε
1608 1527 1658 1562 τῆς
1676 1527 1854 1562 Ἑκκλησίας,
1877 1528 1926 1562 τῆς

1135 1574 1210 1605 ὲντδς
1225 1573 1309 1609 οὖσης
1321 1572 1368 1599 τοῦ
1384 1574 1564 1606 Μονογενοῦς,
1581 1574 1658 1608 φησὶ,
1676 1583 1701 1600 κ.
1716 1583 1739 1601 τ.
1754 1574 1792 1605 λ.,
1805 1582 1865 1608 qua:
1886 1574 1926 1602 sic

1131 1619 1229 1646 Latine
1246 1619 1351 1645 reddita
1365 1623 1427 1645 sunt
1444 1627 1450 1645 :
1465 1618 1534 1650 Quia
1551 1619 1618 1645 enim
1633 1619 1664 1645 de
1676 1619 1845 1646 multitudine
1858 1620 1925 1646 dixit
1955 1648 1962 1654 ,

1131 1665 1259 1692 Ecclesia!
1293 1672 1350 1698 quw
1379 1669 1481 1690 constat
1501 1665 1528 1690 in
1551 1664 1606 1690 suis
1639 1663 1737 1696 eiectis,
1765 1665 1828 1691 istos
1855 1665 1926 1692 intra

1133 1709 1300 1744 Unigenitum
1314 1716 1369 1735 esse
1381 1708 1540 1734 demonstrat
1565 1707 1728 1740 dicens,ctc.
1748 1707 1845 1734 Eorum
1861 1715 1925 1734 vero

1131 1762 1190 1789 qua:
1202 1754 1272 1788 apud
1291 1753 1430 1780 Philonem
1447 1753 1573 1786 leguntur
1589 1761 1663 1780 num.
1677 1752 1711 1779 54
1725 1761 1731 1780 :
1747 1753 1857 1788 Ἐπειδὴ
1871 1751 1925 1786 γὰρ

1131 1801 1159 1828 αἱ
1175 1800 1248 1827 δοκοὶ
1272 1799 1326 1826 τῶν
1344 1798 1534 1834 φατνωμάτων
1550 1798 1619 1825 εἰσὶν
1637 1797 1781 1833 ἐσώτεραι,
1798 1807 1825 1824 κ.
1840 1807 1865 1824 τ.
1885 1798 1923 1830 λ.,

1131 1847 1220 1874 versio
1235 1846 1314 1880 plane
1328 1846 1440 1878 insulsa,
1455 1850 1482 1872 et
1497 1846 1570 1873 omni
1587 1853 1668 1872 sensu
1682 1853 1780 1872 carens
1795 1852 1856 1879 pag.
1869 1845 1903 1872 50
1916 1853 1923 1872 :

1132 1893 1266 1926 Quoniam
1289 1892 1370 1927 igitur
1391 1893 1462 1926 ligna
1490 1891 1608 1918 trabibus
1630 1896 1823 1924 Componuntur
1846 1895 1924 1924 atque

1131 1939 1259 1972 celantur,
1281 1938 1450 1972 pulchritudo
1473 1947 1531 1964 vero
1557 1938 1649 1964 damus
1677 1938 1795 1964 trabibus
1822 1937 1924 1963 indica-

1130 1991 1181 2016 tur,
1198 1990 1251 2012 etc.
1271 1984 1325 2011 Nec
1344 1988 1401 2011 sine
1425 1984 1568 2011 stomacho
1593 1983 1642 2018 legi
1668 1988 1756 2018 potest
1782 1983 1856 2010 locus
1879 1983 1924 2010 ille

1130 2039 1190 2066 pag.
1204 2031 1238 2058 ’56
1260 2032 1286 2058 in
1306 2030 1351 2058 (in.
1374 2031 1406 2057 tle
1420 2030 1551 2057 Christo:
1568 2029 1630 2056 Javn
1654 2030 1723 2056 enim
1743 2037 1789 2055 nec
1813 2033 1922 2056 mortem

1129 2085 1175 2111 pro
1196 2077 1270 2103 nobis
1284 2077 1408 2109 suscepit,
1424 2084 1483 2102 cum
1500 2077 1578 2103 semel
1596 2084 1688 2108 passus
1707 2077 1756 2108 sit,
1780 2075 1922 2103 secundum

1130 2123 1198 2158 quod
1218 2126 1325 2149 sanctus
1346 2122 1410 2148 dicit
1432 2121 1572 2156 Apostolus
1591 2129 1599 2148 :
1617 2131 1624 2147 ι
1642 2121 1711 2148 Mors
1732 2123 1755 2148 ei
1779 2122 1849 2148 ultra
1871 2130 1923 2148 non

1129 2168 1351 2200 dominabitur”,
1364 2176 1373 2193 ι
1389 2174 1441 2195 etc.
1459 2167 1511 2194 Sed
1530 2168 1585 2195 haec
1602 2175 1633 2194 ex
1653 2167 1776 2201 plurimis
1793 2175 1852 2202 utne
1867 2173 1922 2195 ttnn

1130 2223 1143 2241 a
1162 2215 1274 2242 veritate
1289 2219 1343 2241 tum
1359 2222 1373 2240 a
1391 2219 1464 2241 recta
1481 2214 1678 2248 interpretandi
1697 2214 1802 2240 ratione
1819 2214 1922 2249 longis-

286 2247 350 2274 bara
366 2253 389 2274 et
402 2249 529 2284 dissipata
541 2252 659 2278 oratione
674 2253 790 2287 perfecit.
806 2254 883 2286 Quod
895 2259 1039 2291 crgo,dum
1051 2259 1078 2286 in
1094 2266 1116 2294 ι)
1132 2262 1199 2289 sime
1219 2262 1359 2293 aberrant,
1381 2269 1442 2295 cun)
1461 2261 1494 2288 iis
1512 2269 1563 2288 non
1581 2261 1671 2288 Innltis
1697 2261 1841 2296 conjuncta
1862 2268 1924 2295 quae

285 2293 411 2326 cpitomcn
427 2304 442 2321 α
456 2295 614 2324 Cassiodoro
637 2300 811 2333 contra/titur,
831 2301 967 2336 damnum,
988 2309 1015 2330 ut
1032 2305 1074 2339 ﬁt,

284 2347 377 2372 passus
398 2345 447 2373 est,
466 2341 630 2376 aliarumque
646 2344 727 2378 ipsius
745 2346 989 2380 iuterpretationunt
1010 2358 1076 2385 quas

285 2387 346 2413 bene
361 2387 457 2414 multas
473 2394 587 2415 recenset
604 2388 932 2426 Cassiodorus,jacturam
951 2395 1006 2422 sine
1020 2401 1076 2423 sto—

284 2433 377 2459 macho
393 2433 519 2468 feramus.
536 2434 568 2462 Et
583 2441 655 2463 certe
667 2436 847 2465 Cassiodorus
864 2441 960 2468 melius
976 2449 1075 2470 consu-

284 2478 380 2506 luisset
404 2480 583 2515 scriptoribus
599 2482 704 2510 Graacis
724 2491 792 2517 quos
808 2486 833 2511 in
852 2484 980 2513 Latinum
1005 2488 1075 2515 verti

283 2525 402 2556 curavit,
428 2526 450 2552 si
479 2533 587 2562 semper
604 2526 709 2555 Aniano
725 2537 791 2556 usus
819 2535 892 2557 esset
910 2531 1075 2570 interprete,

284 2571 363 2605 cujus
385 2579 495 2606 operam
516 2574 542 2601 in
567 2576 704 2603 vertendis
727 2577 890 2609 quibusdam
913 2577 942 2605 S.
957 2578 1076 2614 Chryso-

285 2616 364 2642 stomi
395 2616 513 2646 homiliis
537 2621 632 2647 merito
659 2621 729 2648 idem
761 2621 874 2650 lluetius
898 2631 1073 2658 summopere

285 2662 387 2690 laudat.
409 2663 542 2692 (Steterunt
571 2665 736 2700 Epiphanius
762 2667 947 2696 Scholastith
973 2670 998 2697 in
1023 2670 1074 2699 hac

285 2714 331 2734 sua
352 2708 503 2737 Philoniani
522 2713 711 2740 cottttnentarii
728 2713 965 2749 interpretatione.
983 2717 1074 2745 multis

321 2766 342 2781 ¹⁰
359 2767 436 2794 Rom.
449 2775 486 2800 vr,
500 2768 526 2795 9.

320 2825 357 2871 ρι’)
378 2825 480 2871 Erodiit
500 2822 992 2871 P'arisiis'esoﬂicin‘a'_)\'eclii-hana
1007 2841 1071 2860 ann.

285 2859 363 2887 4557.
382 2861 484 2890 Beeltsa
507 2864 604 2891 deinde
633 2865 682 2892 init
713 2866 738 2892 in
755 2859 1071 2895 Biblioth.[WA-tuante

282 2901 315 2926 de
335 2896 360 2925 la
380 2895 464 2933 Digne
491 2898 556 2928 edit.
574 2900 585 2927 i
605 2900 630 2928 in
657 2900 805 2936 Appendic.
833 2901 863 2929 Et
882 2903 907 2928 in
935 2903 1000 2931 edit.
1013 2902 1031 2932 ἓ
1045 2909 1070 2932 ct

1133 2308 1158 2334 in
1174 2308 1398 2335 adnotationibus
1414 2306 1567 2338 attulimus,
1588 2307 1653 2334 satis
1676 2315 1735 2334 esse
1751 2312 1861 2342 possunt
1884 2307 1924 2333 in-

1131 2353 1213 2385 dicio,
1234 2361 1314 2388 quam
1330 2353 1479 2384 abnormis,
1502 2361 1582 2387 uitam
1600 2353 1694 2383 inﬁda.
1715 2361 1794 2387 quam
1814 2353 1922 2380 horrida

1127 2400 1244 2434 denique
1259 2405 1287 2426 et
1303 2400 1439 2434 incompta
1453 2400 1487 2426 sit
1505 2399 1600 2426 Latina
1622 2399 1665 2426 illa
1679 2399 1832 2426 Philoniani
1847 2407 1923 2426 com-

1129 2445 1253 2472 mentarii
1270 2450 1347 2472 vetus
1363 2445 1562 2479 interpretatio.

1164 2489 1207 2516 IV.
1229 2489 1287 2517 Jam
1307 2498 1372 2518 vero
1389 2491 1421 2517 de
1437 2490 1575 2525 Stephano
1591 2491 1714 2518 Salutato
1733 2491 1843 2526 ejusque
1860 2499 1922 2519 ver-

1127 2536 1213 2570 sione,
1241 2537 1262 2563 si
1281 2543 1312 2563 ea
1341 2541 1430 2564 tamen
1458 2537 1615 2571 appellanda
1644 2537 1679 2564 sit
1700 2538 1798 2569 versio,
1826 2537 1922 2572 loqua-

1129 2589 1189 2608 mur
1202 2581 1250 2617 (α).
1267 2582 1359 2617 Neque
1372 2583 1457 2615 enim,
1471 2583 1516 2610 ubi
1539 2583 1595 2610 vult
1619 2583 1758 2611 Philonem
1775 2590 1922 2617 reprteseno

1129 2633 1196 2659 tare,
1219 2629 1276 2662 agit
1301 2635 1391 2664 partes
1410 2629 1454 2657 ﬁdi
1480 2630 1646 2664 interpretis,
1662 2629 1736 2663 cujus
1752 2634 1793 2657 est
1810 2630 1923 2656 reddere.

1128 2675 1208 2701 verba
1232 2675 1300 2709 ipsa,
1317 2680 1344 2702 et
1360 2676 1454 2703 eodem
1475 2677 1582 2708 ordine,
1600 2676 1643 2703 ubi
1665 2675 1691 2702 id
1718 2683 1769 2702 non
1792 2675 1922 2709 impediat

1127 2721 1267 2756 utriusque
1284 2722 1420 2750 sermonis
1441 2723 1528 2750 Graeci
1545 2728 1572 2750 et
1587 2721 1674 2750 Latini
1693 2723 1798 2750 diversa
1817 2721 1922 2749 indoles

1127 2835 1153 2866 5,
1172 2837 1273 2899 togati.
1299 2837 1333 2866 Et
1360 2839 1387 2866 in
1404 2837 1529 2866 Biblioth.
1552 2835 1608 2865 PP.
1630 2836 1784 2872 Lngduncu.
1803 2841 1868 2865 tum.
1888 2837 1922 2873 V,

1127 2879 1185 2899 nan.
1253 2889 1260 2897 .

1127 2879 1185 2907 pag.
1200 2879 1260 2899 υυι.
