2078 3153
206 163 242 192 9.5
920 163 1115 193 PREFATIO.
1798 165 1833 191 26

204 227 231 250 et
249 221 440 256 discrepantia,
455 219 499 247 sed
519 228 548 248 se
568 227 595 248 ut
613 227 748 249 oratorem
772 223 851 257 gerit.
872 223 998 257 Quinimo
1012 225 1036 254 Α
1051 229 1104 253 tem
1130 231 1144 252 a
1171 224 1254 252 Suida
1283 224 1436 252 nominatur
1454 223 1615 259 ὑπόμνημα,
1641 223 1665 250 in
1691 223 1834 249 immanem

204 276 264 295 cunt
292 268 319 294 in
348 266 491 294 colla-tione
526 274 664 302 pergerem
693 267 779 295 (ἓΜί
807 277 869 297 eum
898 270 996 298 Latino

203 314 409 345 commentario,
430 313 553 340 videbam
574 312 725 341 Salutatum
745 314 884 343 brevitatis
903 316 996 344 Philo-

205 359 291 388 nianz
316 359 429 387 fortasse
460 365 621 394 pertaesum,
649 360 733 388 lineas
757 369 841 395 usque
868 363 996 390 audacius

206 406 359 437 transilire;
389 406 471 432 multa
500 413 552 432 non
581 405 614 433 de
643 407 732 434 verbis
759 408 862 440 solum,
890 409 937 436 sed
964 409 996 436 de

207 451 348 478 sententiis
373 451 500 483 demere;
525 451 605 485 longe
629 459 693 479 vero
717 453 847 486 plurimas
869 454 997 488 explana-

209 497 303 529 tiones,
319 504 385 531 quas
395 496 494 524 frustra
507 497 533 524 in
549 497 659 526 Philone
672 506 789 532 qumras,
801 499 930 533 inserere,
943 507 997 535 quo

209 543 325 577 pleniore
346 550 407 570 cum
428 544 623 571 commentario
644 544 700 579 ipse
723 545 843 578 prodiret
866 545 890 572 in
909 547 996 580 publi-

208 595 283 621 cum;
302 591 388 623 coque
401 589 426 616 in
445 590 502 616 suis
517 589 699 617 additionibus
716 597 777 618 esse
802 591 995 625 copiosiorem,

207 642 260 668 quo
276 635 389 662 ulterius
407 635 433 662 in
450 643 497 663 sua
518 635 573 667 illa,
589 637 610 663 si
631 636 710 663 talem
726 637 816 664 dicere
832 637 871 664 l'as
890 642 941 670 est,
957 638 997 664 in-

207 681 399 715 terpretatione
414 682 581 716 procederet.
595 681 661 710 Illud
678 687 766 709 tamen
790 683 924 711 afﬁrmare
942 691 996 710 non

205 725 397 759 dubitaverim,
410 727 433 753 si
451 734 502 753 non
521 731 605 754 totum
623 728 846 754 commentarium
864 727 994 762 Philonis,

205 773 353 799 maximam
376 777 464 799 tamen
480 772 537 808 ejus
555 778 658 808 partetn
675 773 702 800 in
723 781 773 801 suo
789 774 835 802 illo
857 782 996 801 commen-

207 819 276 846 tario
293 819 415 853 reperiri,
437 819 485 847 sed
510 825 564 846 tam
583 819 676 847 multis
700 827 760 855 qua:
778 820 929 856 largissima
947 821 996 847 ad-

204 863 269 898 iecit
294 873 373 892 manu
397 873 574 900 oppressam,
599 866 643 893 vix
665 871 694 893 ut
718 872 858 901 appareat.
881 867 995 895 Possutn

205 910 337 943 Philonis,
363 916 391 938 ut
411 912 447 938 ita
465 912 571 944 dicam,
600 911 704 944 frusta,
730 913 774 939 ubi
797 920 827 939 ea
857 913 995 940 Salutatus

206 955 364 988 collocavit,
392 957 522 984 indicare.
548 956 681 984 Caeterum
712 957 850 985 Salutatus
880 958 995 986 lectores

206 1009 270 1029 suos
289 1001 365 1030 ludos
389 1002 464 1034 facit,
479 1010 539 1029 cum
555 1004 580 1029 in
597 1010 644 1030 sua
664 1003 783 1037 priatola
799 1004 833 1030 ad
853 1004 995 1031 Nicolaum

207 1047 383 1083 Bargilesium
404 1049 582 1084 presbyterum
598 1048 790 1077 Bononiensem
805 1050 917 1077 scribit:
934 1049 996 1077 Non

206 1101 274 1121 unus
293 1095 355 1121 milii
379 1094 464 1128 Philo,
478 1096 523 1122 sed
535 1096 623 1130 plures
635 1096 701 1123 mihi
718 1096 847 1128 videnlur,
862 1097 907 1131 qui
920 1099 996 1123 hosce

207 1141 407 1168 commentarios
427 1142 452 1168 in
474 1141 615 1170 Canticum
633 1145 800 1170 canticorum
824 1143 994 1177 confecerint.

209 1185 280 1213 Nam
306 1186 376 1222 quod
406 1187 526 1214 Philonis
563 1188 666 1215 nomine
703 1188 900 1224 circumfertur,
926 1189 996 1223 apud

207 1231 313 1259 Cra'cos
335 1234 409 1260 breve
426 1233 569 1261 admodum
589 1238 637 1261 est.
653 1234 707 1262 Sed
722 1240 781 1261 sunt
799 1235 843 1270 qui
865 1235 943 1262 velint
963 1234 996 1261 ab

207 1278 350 1308 Eustathio
377 1288 477 1316 quoque
495 1285 519 1307 et
538 1279 650 1307 Eusebio
667 1281 788 1315 (quorum
807 1286 900 1315 rogatu
919 1280 997 1308 Philo

207 1325 262 1358 ipse
282 1327 496 1353 commentarium
515 1327 584 1353 [tunc
602 1327 766 1361 confecerat)
797 1328 996 1361 interpretatum

207 1380 274 1406 esse,
287 1379 420 1407 unumque
437 1373 468 1400 de
483 1373 567 1400 tribus
582 1380 637 1400 esse
655 1372 836 1407 conjungtum.
849 1373 884 1398 At
903 1379 998 1406 quam-

208 1426 269 1445 nam
284 1418 320 1445 illi
338 1418 419 1445 fidem
435 1418 606 1451 habebimus,
622 1418 667 1453 qui
684 1418 717 1445 de
732 1418 837 1445 duobus
857 1418 908 1444 illis
923 1425 996 1445 com-

208 1465 349 1492 mentariis
373 1469 470 1492 testem
496 1464 616 1500 proferat
643 1463 800 1490 neminem?
820 1464 921 1490 nullum
947 1471 996 1489 ιιο-

208 1510 293 1538 minet
308 1511 440 1543 codicem,
455 1510 499 1537 tibi
520 1510 748 1537 commentarium
770 1509 844 1536 illum
863 1517 895 1536 ex
912 1509 998 1535 tribtts

208 1556 351 1584 conﬂatum
367 1556 516 1592 repererit?
529 1564 644 1591 cumque
660 1556 858 1584 miscellaneum
874 1555 948 1582 illum
964 1563 996 1582 ex

208 1603 330 1638 pluribus
353 1609 534 1639 compactum,
549 1603 643 1631 Graece
670 1603 799 1638 scriptum
817 1610 879 1630 esse
902 1602 997 1629 existi-

208 1651 275 1677 mari
295 1655 429 1685 oporteat,
445 1658 524 1686 quem
546 1650 683 1678 Salutatus
698 1657 713 1676 a
731 1656 760 1676 sc
776 1649 871 1676 Latine
890 1656 997 1676 versum

209 1696 311 1732 profert
331 1697 357 1724 in
382 1697 486 1730 lucem;
508 1705 556 1724 cur
580 1702 634 1724 tam
661 1697 743 1723 multa
768 1697 795 1723 in
816 1704 847 1723 ea
872 1696 999 1723 versione

209 1749 358 1770 occurrunt
379 1751 438 1778 qum
461 1743 524 1770 nihil
542 1743 632 1771 oleant
654 1743 815 1774 Gratcitatis,
839 1743 885 1769 sed
903 1743 998 1777 primi-

211 1787 263 1814 tiva
282 1796 315 1815 ex
332 1788 429 1815 Latino
450 1788 522 1816 fonte
539 1789 652 1816 deducta
668 1795 729 1816 esse
748 1788 915 1822 appareant?
932 1788 1000 1815 Prte-

212 1838 285 1862 tcrea
304 1834 387 1861 multa
414 1833 536 1862 Philonis
561 1842 613 1861 non
636 1835 733 1869 exigua
758 1834 907 1868 fragmenta
931 1834 1000 1860 male

211 1885 302 1907 assuta
319 1881 376 1908 suis
403 1881 583 1908 additionibus
606 1881 716 1908 exhibet
740 1880 889 1911 Salutatus,
917 1880 999 1906 multa

211 1933 243 1952 ex
259 1925 289 1953 D.
303 1925 431 1960 Gregorio
447 1925 541 1960 Magno
561 1926 642 1952 ctiam
663 1926 813 1959 desumpta,
836 1925 907 1959 quod
929 1924 1000 1958 jam-

210 1971 311 1998 dttdnm
325 1978 338 1996 a
361 1970 483 2005 pltiribtts
505 1976 547 1997 est
563 1971 782 1998 animadversum
798 1981 804 1998 :
821 1975 849 1997 ut
872 1970 930 2004 cjns
954 1978 1000 1997 ne-

211 2025 307 2052 queam
324 2018 389 2044 satis
409 2017 500 2044 tnirari
519 2018 662 2050 rationem,
679 2018 723 2052 qui
748 2017 868 2044 Philonis
884 2018 1000 2052 genuina

211 2063 380 2098 praefatione,
402 2070 487 2098 eaque
512 2064 617 2098 integra
634 2069 748 2096 retenta,
765 2063 940 2098 pluribusque
956 2064 1001 2090 iti-

213 2110 272 2137 dem
294 2109 463 2137 Pltilonianis
480 2109 704 2144 explicationibus
725 2111 795 2137 inter
821 2110 905 2136 mul:o
926 2110 1000 2143 plura

212 2155 396 2182 additamenta
419 2163 466 2182 sua
491 2155 618 2187 insertis,
644 2155 773 2182 audacter
795 2155 926 2190 ejusmodi
953 2164 1002 2182 κυ-

212 2201 302 2229 κεῶνα.
329 2202 451 2229 Philonis
475 2201 586 2230 nomine
611 2201 759 2228 lectoribus
784 2202 840 2228 suis
859 2202 1001 2236 propinare

1053 270 1268 306 magnitudinem
1293 270 1445 297 excrevisse
1469 279 1474 296 :
1499 275 1526 296 ut
1554 269 1669 303 aliquant
1696 268 1835 303 scriptioni

1051 323 1106 344 suae
1134 316 1293 344 conciliaret
1310 317 1404 348 iidem,
1430 316 1545 343 fabulam
1571 316 1644 342 illam
1668 319 1836 343 ccnmtenlus

1050 367 1092 390 est
1119 363 1152 390 de
1166 363 1272 390 duobus
1293 362 1496 390 commentariis
1519 361 1651 389 Eustathii
1677 366 1703 388 et
1726 359 1835 388 Eusebii

1050 415 1109 435 cum
1124 408 1285 435 Philoniano
1299 408 1449 435 commistis
1462 412 1488 434 et
1505 407 1531 434 in
1547 414 1629 434 ttnum
1646 406 1780 434 conﬂatis.

1086 455 1123 482 De
1148 454 1234 482 Graeci
1260 453 1446 482 commentarii
1465 458 1553 486 attate,
1574 453 1632 480 sive
1657 452 1731 480 illum
1758 452 1836 480 Philo

1046 500 1207 536 Carpasius,
1229 500 1286 527 sive
1312 499 1474 534 Carpathius
1497 498 1701 532 conscripserit,
1718 498 1836 526 dubitari

1048 556 1101 576 non
1125 551 1214 583 potest
1233 546 1317 574 fuisse
1339 546 1518 579 compositum
1538 550 1600 573 ante
1614 545 1740 572 Cosmam
1755 544 1836 580 Αἶπυ

1047 595 1145 630 ptium.
1169 593 1227 628 qui,
1251 597 1280 620 ut
1296 600 1376 628 supra
1399 593 1500 620 dictum
1515 596 1567 623 est,
1591 599 1623 619 ex
1647 591 1760 619 Philone
1784 591 1836 618 tria

1047 640 1139 668 attulit
1157 639 1215 667 loca
1232 640 1258 666 in
1271 647 1318 667 sua
1328 638 1510 673 Topographia
1520 637 1681 665 Christiana.
1689 636 1837 672 Scripsisse

1048 692 1137 714 autem
1152 686 1277 714 Cosmam
1302 693 1379 712 suum
1393 692 1461 719 opus
1478 691 1548 711 anno
1569 683 1622 711 555
1640 684 1733 718 prohat
1749 683 1836 710 Mont-

1048 732 1192 759 fattconius
1208 731 1258 768 (α).
1272 731 1322 764 Qui
1347 730 1449 758 Philoni
1472 730 1601 764 Carpasio
1613 729 1835 757 commentarium

1046 779 1119 805 htntc
1129 777 1298 805 tribuendum
1315 776 1541 808 existimaverint,
1555 775 1572 802 ii
1582 780 1710 803 censeant
1720 779 1837 810 oportet,

1047 825 1177 860 criptutn
1188 831 1248 851 esse
1255 823 1295 851 vel
1304 823 1442 850 desinente
1450 822 1547 850 steatlo
1558 826 1667 857 quarto,
1675 821 1717 848 vel
1728 821 1837 848 ineunte

1047 871 1152 906 quinto.
1165 870 1197 897 Et
1211 869 1333 897 Oudinus
1344 869 1445 896 idcirco
1454 868 1487 896 de
1501 868 1613 895 Philone
1623 867 1754 902 Carpasio
1764 866 1838 900 ejus-

1047 924 1100 951 que
1111 917 1212 951 scripto
1226 915 1254 942 in
1269 915 1405 942 Canticum
1420 916 1581 941 canticorum
1597 913 1759 940 mentionem
1774 912 1838 939 facit

1046 963 1079 989 ad
1089 969 1187 988 annum
1197 961 1296 988 Christi
1306 960 1611 995 quadringentesimum.
1622 957 1749 994 Ejusdem
1765 965 1838 985 comv

1048 1007 1173 1034 mentarii
1187 1006 1249 1041 quis
1266 1013 1329 1034 usus
1343 1013 1402 1032 esse
1416 1005 1499 1040 possit
1514 1004 1546 1031 ad
1562 1003 1748 1032 confirmanda
1764 1010 1838 1036 qua:-

1048 1053 1108 1081 dam
1134 1053 1273 1081 catholica:
1298 1052 1359 1080 ﬁdei
1384 1053 1520 1086 dogmata,
1542 1052 1621 1079 docet
1643 1050 1678 1078 cl.
1692 1049 1838 1085 Fogginius

1049 1100 1074 1126 in
1091 1099 1166 1133 praef.
1180 1099 1212 1125 ad
1230 1103 1378 1126 comment.
1394 1098 1490 1134 Epiph.
1505 1105 1532 1132 p.
1546 1097 1580 1124 40
1595 1101 1623 1125 et
1638 1100 1774 1131 sequent.,
1793 1095 1836 1122 ubi

1049 1144 1130 1172 multa
1150 1145 1228 1172 docte
1241 1149 1268 1172 et
1281 1145 1387 1172 erudite
1400 1144 1529 1179 disputat,
1544 1151 1604 1179 quae
1618 1143 1663 1178 qni
1682 1141 1787 1178 legerit,
1802 1149 1836 1170 ea

1048 1199 1077 1219 se
1091 1191 1188 1225 legisse
1202 1198 1255 1219 non
1274 1190 1427 1225 paenitebit.

1086 1237 1117 1264 V.
1135 1237 1256 1271 Denique
1274 1237 1300 1264 in
1319 1237 1371 1264 hoc
1390 1235 1485 1263 Gnaeo
1505 1235 1626 1263 Philonis
1641 1234 1838 1262 commentario

1048 1283 1199 1318 evulgando
1213 1283 1277 1318 quid
1293 1289 1382 1317 opera:
1401 1282 1458 1316 ipse
1474 1282 1660 1316 impenderim,
1677 1281 1771 1315 paucis
1786 1288 1837 1307 ex-

1049 1328 1165 1364 pediam.
1178 1327 1291 1356 Codices
1304 1327 1372 1355 dttos
1388 1327 1564 1354 Barherinum
1575 1331 1602 1353 et
1620 1325 1838 1357 Vallieellanum,

1049 1381 1163 1410 quorum
1184 1373 1228 1400 ille
1247 1373 1272 1400 in
1293 1373 1363 1405 line,
1386 1373 1430 1400 hic
1456 1374 1481 1399 in
1504 1372 1636 1406 principio
1655 1376 1683 1398 et
1705 1373 1757 1398 line
1779 1378 1838 1397 ntu-

1049 1420 1114 1447 tilns
1131 1423 1182 1452 est,
1199 1419 1313 1454 inspexi,
1331 1423 1357 1446 et
1373 1426 1434 1446 eum
1452 1418 1486 1445 iis
1509 1425 1596 1445 meum
1619 1417 1739 1444 codicem
1757 1423 1838 1451 quant

1049 1465 1251 1500 diligentissime
1271 1464 1384 1492 contuli.
1408 1464 1461 1491 llos
1477 1465 1547 1491 enim
1568 1468 1683 1490 tractare
1699 1469 1757 1489 meo
1775 1461 1839 1488 milii

1051 1512 1127 1538 licuit
1147 1511 1281 1538 arbitratu
1305 1519 1312 1538 :
1332 1515 1445 1538 cazteros
1471 1518 1522 1537 non
1543 1510 1618 1542 item,
1644 1509 1837 1540 Mutinensem,

1050 1557 1225 1590 Theatinum,
1245 1557 1445 1590 Auxitnattutti;
1473 1557 1520 1584 sed
1539 1556 1700 1591 quibusdam
1720 1554 1744 1581 in
1772 1554 1839 1581 locis

1051 1603 1077 1630 in
1100 1603 1199 1638 quibus
1216 1603 1363 1635 merebam,
1379 1603 1413 1630 ab
1438 1602 1532 1629 atllit‘is
1549 1602 1705 1629 Graecarum
1729 1600 1835 1627 littera-

1050 1658 1108 1678 rum
1130 1650 1225 1685 peritis
1245 1650 1426 1684 inspiciendus
1445 1648 1548 1676 curavi.
1567 1648 1620 1675 llos
1638 1652 1728 1674 autent
1743 1653 1840 1673 omnes

1051 1703 1111 1724 esse
1140 1696 1260 1731 comperi
1288 1696 1368 1722 nitnis
1388 1695 1479 1722 nmltis
1504 1694 1644 1721 erroribus
1665 1692 1837 1725 maculosos;

1050 1743 1147 1777 quibus
1183 1741 1300 1770 fortasse
1329 1747 1448 1768 veterem
1479 1741 1566 1774 ipsum
1596 1740 1791 1774 interpretem,
1814 1743 1842 1765 et

1051 1789 1216 1823 Stephanum
1236 1789 1388 1816 Salutatnm
1407 1788 1531 1822 suspicor
1558 1795 1609 1814 non
1629 1786 1757 1813 habuisse
1782 1793 1839 1812 mc-

1054 1834 1146 1861 liores.
1169 1833 1198 1860 In
1215 1835 1444 1866 adnotationibus,
1462 1834 1511 1860 mei
1528 1833 1640 1866 codicis,
1655 1832 1699 1867 qui
1719 1831 1842 1866 plurimis

1052 1881 1078 1906 in
1100 1880 1166 1907 locis
1181 1885 1223 1907 est
1239 1880 1410 1914 depravatus,
1424 1887 1542 1912 errores,
1559 1879 1688 1906 adhibitis
1703 1885 1772 1913 quos
1785 1877 1840 1904 disi

1051 1927 1198 1959 codicibus,
1214 1926 1372 1959 emendavi;
1389 1931 1415 1952 ct
1431 1926 1475 1952 ubi
1497 1925 1585 1952 locttm
1607 1925 1724 1959 aliquem
1741 1924 1767 1950 in
1782 1931 1841 1950 om-

1055 1974 1134 2001 nibus
1152 1974 1291 2000 codicibus
1311 1979 1469 2008 corruptum
1489 1972 1665 2007 deprehendi,
1682 1971 1840 2004 conjectura

1053 2021 1127 2048 illum
1156 2021 1300 2048 restituere
1325 2021 1426 2048 studui.
1457 2020 1632 2047 Philonianas
1650 2018 1720 2045 sacri
1751 2022 1842 2044 textus

1053 2066 1183 2094 lectiones
1203 2074 1263 2093 cum
1280 2067 1417 2094 Vaticana:
1439 2066 1566 2093 editionis
1584 2064 1753 2095 lectionibus,
1767 2063 1843 2089 aliis-

1054 2120 1106 2146 que
1121 2113 1289 2140 variantibus
1311 2121 1325 2139 a
1348 2113 1494 2140 Lamberto
1513 2111 1592 2139 Bosio
1608 2111 1634 2137 in
1656 2117 1705 2137 sua
1724 2109 1843 2136 editione

1058 2157 1161 2185 Veteris
1178 2158 1343 2187 Tcstamenti
1361 2158 1448 2186 Gra'ci
1472 2158 1607 2189 adductis,
1630 2160 1757 2183 accurate
1776 2162 1843 2181 con-

1055 2206 1119 2238 tuli;
1137 2213 1163 2233 ct
1179 2207 1242 2241 quid
1261 2207 1286 2233 in
1306 2213 1413 2241 quoque
1429 2206 1486 2232 Ιο(·ο
1502 2205 1579 2232 Philo
1592 2212 1605 2230 ιι
1623 2203 1729 2230 cauet-is
1745 2201 1841 2233 variet,

213 2249 247 2275 sit
276 2256 368 2276 attsns.
394 2249 470 2276 illum
501 2248 655 2283 suscepisse
691 2247 815 2282 suspicor
849 2247 1000 2274 Philoniani
1019 2247 1040 2273 ο
1056 2252 1082 2278 iii
1099 2252 1193 2279 iisdem
1209 2253 1428 2280 adnotationibus
1445 2253 1586 2287 diligenter
1602 2251 1723 2285 exposui.
1742 2250 1768 2275 ln
1791 2248 1843 2275 La-

213 2295 400 2322 commentarii
420 2295 573 2322 versionem
588 2303 594 2322 :
612 2302 727 2328 cumque
748 2301 804 2321 sua:
819 2293 1000 2326 interpolandi

213 2340 318 2367 libidini
342 2341 441 2375 ubique
469 2341 582 2367 nimium
607 2347 635 2368 se
656 2340 884 2366 animadverteret
914 2339 1001 2366 indul-

214 2385 290 2416 sisse.
307 2391 331 2413 ct
348 2387 573 2413 counncntarinm
596 2387 640 2421 qui
661 2392 770 2420 propter
798 2386 856 2421 ejus
881 2386 1000 2414 brevita-

251 2455 288 2492 (It)
307 2455 414 2484 Pi'aelat.
429 2457 460 2483 ad
479 2457 569 2484 Cosm.
582 2455 692 2492 Egypt.
709 2464 767 2491 cap.
781 2455 806 2483 1.

1058 2297 1113 2323 tina
1132 2297 1248 2332 denique
1259 2298 1393 2331 versione,
1408 2305 1489 2333 quam
1502 2305 1516 2325 e
1529 2297 1637 2331 regione
1650 2295 1736 2323 Graeci
1755 2299 1845 2321 textus

1059 2343 1184 2378 apposui,
1203 2344 1288 2378 magis
1305 2345 1369 2371 mihi
1388 2344 1502 2372 fidelitas
1516 2351 1585 2371 curae
1606 2342 1666 2373 l'uit,
1686 2348 1764 2375 quam
1787 2339 1843 2366 διες

1055 2389 1155 2422 gantia.
