2078 3153
166 161 200 189 37
626 158 828 187 ENARRATIO
850 157 884 186 IN
903 157 1081 188 CANTICUM
1101 160 1341 191 CANTICORUM.
1766 163 1803 193 38

166 220 219 247 ἀπὸ
247 218 393 255 προσώπου
425 217 589 254 εὐπρεπείας
621 218 700 254 δόξης
732 219 832 246 αὐτοῦ·
860 229 869 245 ι
900 220 948 255 τὴν
971 221 1122 256 ὑπερὸολὴν
1144 222 1194 258 τῆς
1213 223 1362 258 εὐφρασίας
1381 223 1435 251 τῶν
1460 225 1504 251 τοῦ
1539 225 1605 253 Θεοῦ
1641 224 1736 262 λογίων
1757 228 1803 254 ὲκ.

167 267 362 302 πληττόμενος.

201 313 237 339 t".
253 312 299 338 Στ.
320 311 352 346 β’.
370 311 424 338 Kal
442 310 521 345 ὀσμὴ
532 311 636 345 μύρων
648 319 706 338 σου
721 310 796 345 ὑπὲρ
812 311 911 338 πάντα
922 311 959 338 τὰ
974 316 996 343 Α

167 358 314 393 ἀρώματα.

203 405 250 435 Et;
273 403 439 439 προτροπὴν,
464 400 551 438 οἶμαι,
574 404 624 438 τῆς
649 402 812 438 Ἐκκλησίας
833 402 864 429 τὸ
883 403 960 436 ἅγιον

168 449 280 484 Πνεῦμα
299 448 412 475 τοιαῦτα
430 447 544 483 μελῳδεῖ
563 447 618 483 (Mi)
636 447 675 482 τῷ
690 448 785 483 Κυρίῳ
799 455 805 461 “
833 447 865 474 ἵν’
880 448 960 483 ἡμεῖς

167 495 294 530 τοιαύτης
312 493 425 525 εὐωδίας
441 493 608 529 αἰσθόμενοι,
623 493 671 528 τὴν
684 494 817 521 δυσωδίαν
835 494 889 521 τῶν
909 503 960 529 μυ-

169 540 260 576 σαρῶν
273 539 479 575 ἁμαρτημάτων
496 538 709 574 ἀποπτύσωμεν·
730 539 780 575 τὴν
801 539 830 565 δὲ
847 539 961 566 εὐωδίαν

167 587 215 622 τῆς
229 586 275 612 τοῦ
298 584 416 621 Χριστοῦ
434 584 608 620 δικαιοσύνης
629 585 669 616 εἰς
689 585 802 616 ἑαυτοὺς
823 585 962 619 ἀντλήσω-

171 640 228 667 μεν.
247 640 256 656 ι
279 630 366 665 Ὀσμὴ
395 629 489 665 μύρων
517 637 574 660 σου,
596 639 605 654 ι
631 628 723 664 φησὶν,
748 639 756 654 1
778 629 847 664 ὑπὲρ
873 629 961 655 πάντα

169 677 311 713 ἀρώματα.
334 685 342 702 ι
360 675 397 701 Τὸ
415 675 510 710 μύρον,
533 675 643 709 ἀδελιροὶ
666 674 732 710 ιιίιῖ),
752 675 798 701 ἐπὶ
819 674 961 710 βασιλικῆς

170 733 199 750 τε
213 724 259 750 καὶ
271 721 409 758 ἱερατικῆς
421 720 499 753 ἀξίας
511 721 639 756 τετάχθαι
651 721 704 747 ἀπὸ
717 721 770 747 τῶν
784 721 869 755 ἁγίων
882 721 962 756 ῂσῧή-

173 770 240 806 μεοα
255 769 381 805 Γραφῶν.
398 769 456 794 Οὐκ
471 768 577 803 ἄσημον
598 768 652 803 γὰρ
669 768 733 803 ὑμῖν
750 767 820 794 δοκῶ
839 769 894 799 τοῖς
911 776 960 794 πο-

170 816 329 852 λυμαθέσιν,
345 816 386 842 ὅτι
400 815 424 841 οί
439 815 468 840 ὲν
480 816 540 846 ταῖς
555 814 677 848 Γραφαῐς
695 813 814 848 βασιλεῖς
827 813 866 848 τῷ
879 813 961 848 ἐλαίῳ

170 864 217 898 τῆς
238 862 353 898 χρίσεως
372 860 522 895 βασιλεύειν
536 859 708 888 καθίσταντο.
726 860 844 885 Κάκεῐνο
855 859 883 885 δὲ
897 859 961 894 ὑμῖν

171 909 286 944 φανερὸν
301 906 370 934 εἶναι
396 907 537 942 βούλομαι,
554 907 595 932 ὅτι
611 906 657 932 καὶ
668 907 692 932 οἱ
707 906 767 932 τότε
783 907 865 942 ἱερεῖς
883 905 962 941 μύρῳ

170 955 318 992 χρώμενοι,
346 952 375 979 τὸ
401 951 549 987 ἱερατεύειν
575 950 726 985 ἐλάμϐανον
750 950 817 984 (48).
853 949 962 985 Ἐπειδὴ

1048 309 1091 336 Ill.
1115 308 1196 336 Vens.
1216 309 1243 336 2.
1265 309 1298 336 Et
1313 310 1379 337 odor
1391 316 1580 346 unguentorum
1603 317 1707 340 tuorum
1728 323 1803 348 super

1014 356 1105 383 omnia
1118 360 1250 382 aromata.

1049 401 1089 428 Ad
1105 401 1311 432 eohortandant,
1331 406 1361 428 ut
1383 402 1489 436 opinor,
1513 403 1661 430 Ecclesiam
1686 404 1805 439 Spiritus

1014 453 1126 475 sanctus
1144 447 1206 474 talia
1224 447 1295 473 cauit
1312 447 1440 480 Domino;
1460 454 1488 475 ut
1508 456 1556 476 nos
1569 450 1699 483 ejusmodi
1717 451 1805 477 suavi.

1015 494 1078 522 tatis
1091 495 1174 521 odore
1195 493 1270 524 tacti,
1297 493 1463 527 impurorum
1494 493 1608 522 fetorem
1628 501 1802 530 peccatorum

1015 548 1182 572 aversemnr.
1199 545 1225 566 et
1238 540 1386 574 jucundum
1402 540 1515 575 justitite
1533 541 1632 569 Christi
1648 543 1759 569 odorem
1777 543 1804 569 in

1015 595 1065 614 nos
1081 586 1246 614 hauriamus.
1260 595 1269 611 1
1283 585 1383 617 Odor,»
1401 586 1498 622 inquit,
1515 596 1524 613 1
1537 593 1731 622 unguentorum
1747 594 1806 615 tuo-

1016 641 1073 660 rum
1094 640 1175 666 super
1200 631 1289 659 omnia
1316 630 1476 658 aromalafr
1506 631 1694 668 Unguentum.
1716 633 1804 661 dilecti

1015 679 1125 710 fratres,
1139 678 1171 704 ad
1189 677 1291 712 regiam
1307 683 1334 704 et
1348 678 1543 706 sacerdotalem
1558 679 1712 714 dignitatem
1729 679 1806 706 iusti-

1017 730 1101 752 tutum
1116 732 1174 751 esse
1188 731 1202 750 ει
1220 725 1305 751 sacris
1315 724 1463 758 Scripturis
1478 725 1618 757 novimus;
1635 725 1715 760 idque
1731 726 1806 752 vobis

1015 771 1178 798 doctissimis
1198 770 1264 797 viris
1285 770 1423 804 cognitum
1441 778 1502 798 esse
1525 771 1654 802 arbitror.
1681 771 1751 806 quod
1779 771 1805 798 in

1016 817 1101 845 sacris
1133 817 1281 851 Scripturis
1310 824 1387 851 reges
1413 824 1460 851 per
1492 817 1578 844 oleum
1609 817 1745 844 unctionis
1772 818 1805 844 ad

1016 864 1182 899 regnandum
1193 863 1444 890 constituebantur.
1461 862 1526 889 lllml
1541 864 1623 890 etiam
1640 871 1687 890 vos
1701 863 1806 889 nescios

1015 918 1077 937 esse
1102 909 1174 942 nolo,
1193 909 1262 943 quod
1283 909 1439 934 sacerdotes
1465 915 1573 943 quoque
1597 913 1652 934 tum
1678 908 1806 942 temporis

1016 956 1075 984 oleo
1089 955 1212 990 peruncti
1225 954 1407 982 sacerdotium
1426 955 1622 989 suscipiebant.
1641 954 1708 981 Cum
1725 954 1806 988 igitur

170 1001 259 1028 τοίνυν
274 999 344 1026 κατὰ
371 998 452 1033 νόμον
477 997 555 1032 μύρῳ
578 997 700 1032 ἐχρίοντο
728 995 844 1031 βασιλεῖς
858 1004 886 1021 τε
908 995 962 1030 (49)

1018 1002 1042 1028 in
1060 1002 1117 1037 lege
1141 1007 1195 1028 tum
1217 1007 1302 1035 reges.
1324 1005 1378 1026 tum
1401 1001 1556 1027 Sacerdotes
1571 1004 1705 1034 unguento
1721 1006 1806 1034 unge.

171 1047 218 1074 καὶ
231 1047 323 1081 ἱερεῖς,
344 1043 478 1080 λαμπρῶς
497 1042 547 1078 ἤδη
572 1042 621 1077 τὴν
642 1040 788 1076 περιϐολὴν
811 1041 860 1075 τῆς
887 1040 962 1074 βασι-

172 1093 245 1124 λείας
259 1091 312 1125 (50)
328 1091 375 1117 καὶ
395 1089 530 1125 ἱερατείας
544 1088 591 1115 τοῦ
609 1086 778 1121 Μονογενοῦς
795 1086 931 1113 ἐκτίθεται
944 1087 961 1121 ἡ

172 1137 231 1165 θεία
247 1138 351 1173 Γραφὴ,
367 1146 376 1162 1
400 1135 487 1171 Ὀσμὴ
502 1134 595 1170 μύρων
613 1142 670 1165 σου,
689 1143 698 1159 ι
715 1133 842 1166 λέγουσα,
865 1142 874 1158 1
893 1133 962 1169 ὑπὲρ

172 1185 259 1211 ’πάντα
275 1184 308 1210 τὰ.
320 1181 453 1220 ἀρώματα
465 1191 473 1207 ι
492 1181 529 1212 ὡς
546 1181 640 1208 εἰπεῖν·
656 1179 742 1215 Ὀσμὴ
757 1180 807 1215 τῆς
819 1179 869 1214 σῆς
885 1179 963 1215 βασι-

171 1229 245 1262 λείας
264 1231 311 1256 καί.
333 1227 539 1265 ἀρχιερωσύνης
563 1227 632 1262 ὑπὲρ
652 1226 742 1257 πάσας
760 1226 809 1258 τὰς
826 1225 964 1260 βασιλείας

171 1278 218 1303 καὶ
235 1275 436 1312 ἁρχιερατείας-
454 1273 543 1306 καθὼς
560 1273 573 1299 ὁ
584 1272 684 1308 Δανιήλ
694 1280 784 1307 φησιν·
804 1281 813 1297 1
835 1272 966 1307 Ἀναστή-

173 1331 214 1349 σει
230 1323 244 1349 ὁ
255 1322 320 1354 Θεὸς
334 1321 381 1347 τοῦ
398 1319 514 1356 ούρανοῦ
531 1319 679 1354 βασιλείαν,
695 1318 756 1353 ἣτις
771 1317 896 1353 ὑπερέξει
913 1317 965 1344 πά-

174 1378 223 1400 σας
239 1370 289 1400 τὰς
305 1367 442 1403 βασιλείας
464 1366 514 1401 τῆς
533 1366 594 1401 γῆς·
611 1375 620 1391 ι
639 1365 695 1397 καὶ,
718 1374 726 1390 1
751 1365 786 1390 Σὺ
811 1365 900 1400 ἱερεὺς
925 1365 964 1395 εἰς

174 1416 220 1442 τὸν
246 1415 332 1442 αἰῶνα
364 1414 435 1441 κατὰ
457 1413 505 1447 τὴν
529 1412 606 1445 τάξιν
636 1411 813 1446 Μελχισεδὲκ,
837 1420 845 1435 ι
871 1411 962 1445 φησίν.

176 1472 185 1488 ι
204 1459 296 1497 Ὂσμὴ
314 1460 406 1496 μύρων
429 1468 502 1492 σου,ι
520 1458 611 1493 φησιν,
631 1467 639 1482 1
653 1458 724 1493 ὑπὲρ
742 1457 830 1484 πάντα
843 1456 877 1482 τὰ
892 1455 965 1491 ἀρώ-

176 1517 259 1544 ματα.
281 1518 290 1534 ι
311 1508 348 1534 Τὸ
368 1507 462 1542 μύρον,
485 1505 593 1540 ἁδελφὲ,
609 1505 669 1531 καθ’
685 1504 714 1530 ὃν
732 1503 814 1530 τόπον
836 1503 964 1538 ὑπάρχει,

174 1555 264 1581 ἐκεῖσε
284 1554 330 1580 καὶ
350 1553 399 1588 τὴν
418 1553 530 1579 εὐωδίαν
546 1551 671 1587 παρέχει.
691 1549 809 1585 Χριστὸς
832 1549 860 1576 δὲ
874 1549 965 1575 τοίνυν

174 1601 203 1627 ὲν
218 1599 324 1636 οὐρανῷ
339 1599 385 1626 ml.
399 1599 433 1634 γῇ
449 1599 494 1626 καὶ
508 1598 629 1634 Θαλάττῃ
646 1597 736 1623 πάντα
753 1596 896 1631 περιέχων,
917 1595 966 1630 τὴν

174 1645 332 1672 δεσποτείαν
346 1645 403 1681 (51)
420 1643 503 1671 αὑτοῦ
519 1644 565 1670 καὶ
582 1642 719 1678 βασιλείαν
735 1642 823 1676 πάντη
841 1641 896 1675 (52)
920 1640 967 1666 καὶ

1017 1047 1125 1079 bantur,
1141 1046 1280 1080 perspicue
1296 1046 1351 1080 jam
1370 1052 1447 1073 sacra
1465 1045 1604 1080 Scriptura
1618 1050 1644 1072 et
1661 1046 1760 1080 regiam
1779 1047 1807 1073 et

1017 1091 1210 1119 sacerdotalem
1235 1091 1391 1125 dignitatem
1415 1092 1440 1118 in
1464 1090 1606 1126 Uuigenito
1623 1091 1732 1125 exponit
1747 1099 1807 1119 esse

1019 1137 1201 1172 conjunctam.
1219 1147 1227 1164 1
1243 1138 1316 1165 Odor
1337 1143 1532 1172 unguentorum
1552 1142 1668 1169 tuorum,
1683 1148 1691 1163 ι
1710 1138 1805 1172 inquit,

1021 1193 1031 1210 1
1045 1192 1125 1219 super
1139 1185 1229 1211 omnia
1251 1188 1372 1211 aromata
1388 1191 1395 1210 :
1413 1193 1421 1209 )
1439 1184 1516 1218 quasi
1536 1184 1626 1211 dicat:
1643 1183 1716 1211 Odor
1733 1184 1806 1218 regni

1017 1235 1044 1257 et
1059 1230 1204 1257 sacerdotii
1227 1231 1264 1257 tui
1283 1238 1365 1264 super
1386 1231 1478 1258 omnia
1498 1237 1578 1265 regna
1595 1235 1621 1256 et
1638 1230 1807 1262 sacerdotia;

1018 1276 1244 1310 quemadmodum
1264 1276 1300 1302 ait
1320 1275 1411 1303 Daniel
1429 1285 1435 1304 :
1461 1286 1468 1302 1
1485 1276 1633 1303 Sust-itabit
1651 1277 1720 1302 Deus
1745 1276 1806 1303 coeli

1019 1329 1129 1356 regnum
1150 1322 1221 1356 quod
1235 1322 1371 1356 superabit
1385 1323 1473 1349 omnia
1490 1329 1569 1356 regna
1585 1326 1663 1349 terrae
1676 1322 1715 1354 ¹⁸;
1731 1331 1740 1347 ι
1757 1327 1781 1348 et
1800 1330 1806 1348 :

1022 1377 1030 1392 1
1046 1367 1085 1394 Tu
1102 1368 1228 1394 sacerdos
1250 1367 1274 1393 iIt
1291 1372 1422 1394 aeternum
1440 1367 1587 1394 scentulum
1603 1368 1724 1393 ordinent
1742 1367 1807 1393 Mcl-

1019 1413 1143 1441 cluisedec
1153 1413 1253 1438 ".t—t
1267 1411 1338 1439 Odor
1350 1418 1545 1447 unguentorum
1557 1416 1690 1444 tuorum»
1711 1413 1807 1447 inquit,

1021 1468 1030 1485 1
1045 1466 1125 1493 super
1141 1458 1231 1485 omnia
1256 1463 1386 1485 aromata.
1401 1467 1410 1483 ι
1427 1457 1595 1493 Unguentum
1606 1479 1614 1489 ,
1644 1459 1737 1491 frater,
1756 1467 1809 1493 quo

1019 1502 1078 1529 loco
1092 1507 1144 1533 est,
1161 1502 1195 1529 ibi
1210 1509 1320 1529 suavem
1335 1502 1436 1537 praebet
1450 1504 1573 1530 odorem.
1601 1503 1738 1531 Christum
1760 1504 1810 1539 igi-

1021 1553 1064 1574 tur
1084 1548 1110 1574 iu
1126 1546 1196 1574 caelo
1215 1552 1242 1574 et
1262 1547 1287 1574 in
1313 1552 1383 1574 terra
1398 1552 1424 1575 et
1442 1548 1467 1575 iu
1491 1549 1559 1576 mari
1585 1549 1674 1576 omnia
1690 1551 1810 1584 comple—

1020 1599 1106 1626 ctens,
1131 1594 1344 1621 dominationem
1362 1585 1437 1622 suam
1462 1600 1488 1621 et
1507 1603 1617 1629 regnum
1641 1603 1811 1631 quoquover-

1021 1650 1080 1669 sum
1099 1646 1125 1669 et
1141 1642 1240 1676 ubique
1257 1642 1398 1669 suavitatis
1412 1642 1495 1669 odore
1519 1642 1646 1677 corripiet.
1672 1642 1808 1670 Luculen-

175 1693 313 1728 πανταχοῦ
331 1691 483 1723 εὐωδιάζει.
502 1689 644 1726 Λαμπρῶς
658 1689 690 1724 δὴ
705 1688 751 1715 καὶ
766 1687 893 1719 ἐνταῦθα,
918 1687 964 1713 καὶ

1024 1694 1064 1715 ter
1073 1687 1129 1722 jam
1144 1693 1169 1715 et
1184 1688 1231 1720 ibi,
1247 1693 1273 1715 et
1287 1688 1431 1716 admodum
1453 1688 1527 1715 clare
1547 1687 1685 1723 Scriptura
1705 1689 1810 1715 divino-

174 1739 278 1774 ,σφόδρα
293 1737 450 1773 περιφανῶς
470 1737 487 1772 ἡ
500 1736 554 1763 τῶν
570 1736 649 1762 θείων
669 1735 714 1762 καί
730 1733 897 1770 ἀποκρύφων
914 1742 966 1768 μυ-

176 1784 294 1819 στηρίων
323 1781 536 1818 ὲμπεφορημένη
559 1779 665 1816 Γραφὴ,
695 1780 741 1806 καὶ
762 1779 791 1806 τὸ
815 1779 901 1814 ὄνομα
919 1777 966 1804 τοῦ

177 1829 294 1866 μεγάλου
307 1828 443 1859 Βασιλέως
453 1826 635 1860 ἀναδείκνυσι,
647 1825 772 1860 λέγουσα·

211 1876 246 1902 Δ¹.
265 1876 367 1909 Illi-por
392 1873 558 1901 ἐκκενωθὲν
586 1872 680 1908 ὄνομά
711 1880 780 1904 σου,
802 1872 851 1899 διὰ
880 1871 967 1899 τοῦτο

174 1920 312 1954 νεάνιδες
328 1919 492 1955 ἠγάπησάν
507 1926 553 1952 σε,
567 1919 716 1946 εἵλκυσάν
730 1926 767 1945 σε
786 1919 882 1945 ὀπίσω
896 1925 965 1945 σου.

211 1968 334 2002 Λέγονσα
362 1967 389 1994 δὲ
414 1966 430 2002 ἡ
458 1965 517 1993 Oeta
538 1965 642 2001 Γραφὴ,
672 1974 680 1990 1
702 1965 794 2000 Μύρον
817 1963 967 1991 ὲκκενωθὲν

175 2015 261 2051 δνομά
272 2023 328 2046 σου,
347 2023 356 2040 ι
369 2013 486 2048 Χριστὸν
501 2012 581 2039 αὑτὸν
598 2011 770 2047 ἐπονομάζει.
792 2010 828 2038 Τὸ
849 2010 903 2046 γὰρ
915 2010 966 2046 μύ-

178 2069 222 2096 ρον
244 2058 438 2094 ὲκκενούμενον
460 2057 561 2092 δηλαδὴ
577 2058 617 2089 εἰς
633 2057 722 2092 χρίσιν
744 2057 800 2091 (55)
818 2057 965 2092 προχωρεῖ.

178 2107 258 2133 Ὂθεν
271 2107 319 2132 καὶ
331 2105 361 2131 τὸ
373 2103 508 2139 ίερατικὺν
523 2102 607 2138 μύρον
621 2102 729 2136 λέγεται
744 2102 857 2138 χρίσμα.
877 2102 929 2128 Καὶ
943 2101 968 2128 οἱ

178 2152 310 2188 προτερον
329 2149 449 2186 βασιλεῖς
472 2148 510 2183 τῷ
535 2148 613 2183 μύρῳ
635 2148 792 2183 χριόμενοι,
815 2147 968 2182 βασιλεύειν

177 2197 349 2224 καθίσταντο.
373 2196 456 2221 Ὅταν
480 2192 526 2221 οὖν
550 2193 640 2227 λέγει,
667 2203 676 2218 1
701 2193 794 2228 Μύρον
818 2193 967 2220 ὲκκενωθὲν

178 2243 263 2278 ὄνομά
283 2251 341 2275 σου,
362 2253 371 2269 ι
393 2240 439 2268 δύο
463 2240 646 2275 ὑποσημαίνει
670 2239 789 2274 τρόπους
805 2239 872 2274 (54).
892 2239 968 2266 Καθ-

179 2288 250 2324 άπερ
264 2288 318 2322 γὰρ
331 2287 385 2320 ίῦῖὶ)
401 2286 485 2322 μύρον
502 2284 652 2312 ὲκκενωθὲν
671 2284 745 2310 οἷκον
761 2283 909 2316 εὑωδιὰζει·
923 2282 968 2310 οἴο-

179 2343 217 2360 τω
228 2333 275 2360 τοῦ
289 2333 392 2369 Κυρίου
407 2333 485 2368 ἡμῶν
507 2331 594 2367 Ἰησοῦ
609 2330 727 2368 Χριστοῦ
743 2330 791 2357 ἐπὶ
804 2330 856 2366 γῆς
871 2329 969 2356 κατελ-

1020 1743 1080 1762 rutn
1099 1739 1125 1762 et
1143 1734 1283 1762 latentium
1304 1735 1381 1770 plena
1401 1735 1601 1770 mysteriorum,
1618 1735 1700 1762 etiam
1720 1735 1810 1771 magni

1021 1781 1101 1816 Regis
1113 1788 1210 1809 nomen
1227 1781 1329 1808 indicat
1341 1781 1432 1809 dicens
1448 1790 1455 1808 :

1055 1873 1099 1901 1V.
1118 1872 1284 1908 Unguentum
1298 1873 1410 1907 effusum
1425 1881 1517 1900 nomen
1543 1877 1627 1905 tuum,
1648 1873 1706 1900 ideo
1721 1872 1809 1901 adola-

1010 1919 1144 1947 ,ισριιιιιΙω
1164 1919 1312 1945 dilexerunt
1333 1925 1367 1951 te,
1386 1923 1408 1946 et
1424 1923 1560 1945 traxerunt
1580 1924 1604 1945 te
1623 1924 1680 1951 post
1694 1924 1728 1945 te.

1058 1967 1123 1993 Dum
1134 1965 1199 1992 dicit
1213 1964 1351 1999 Scriptura
1367 1964 1466 1996 divina,
1488 1973 1496 1990 1
1513 1964 1682 1999 Unguentum
1696 1964 1810 1991 cll'usum

1021 2019 1117 2040 nomen
1135 2017 1221 2043 tuum,
1238 2021 1248 2037 ι
1268 2011 1353 2046 ipsqu
1368 2010 1505 2037 Christum
1527 2010 1658 2037 nominat.
1681 2009 1810 2045 Unguent-

1023 2062 1077 2084 tum
1103 2057 1175 2084 enim
1196 2056 1308 2084 ellusum
1332 2056 1365 2082 ad
1389 2055 1542 2083 unctionem
1565 2055 1669 2082 scilicet
1693 2055 1809 2090 proiicit.

1023 2102 1099 2130 Unde
1113 2108 1139 2130 et
1156 2103 1324 2130 sacerdotale
1338 2107 1504 2137 unguentum
1521 2102 1620 2130 dicitur
1633 2102 1761 2130 chrisma.
1780 2102 1812 2129 lCt

1021 2154 1127 2177 veteres
1140 2157 1216 2185 rcges
1230 2154 1365 2184 unguento
1382 2148 1502 2183 peruncti
1518 2156 1595 2183 reges
1609 2148 1812 2176 constitueban-

1022 2201 1076 2224 tur.
1101 2195 1168 2224 Cum
1192 2196 1274 2231 igitur
1299 2195 1388 2223 dicit:
1406 2205 1415 2221 1
1431 2195 1603 2230 Unguentum
1625 2194 1738 2222 effusura
1763 2203 1812 2221 ιιο-

1022 2246 1083 2266 men
1100 2244 1187 2272 tuum,
1201 2248 1210 2265 ι
1231 2240 1299 2267 duos
1312 2244 1404 2274 tropos
1421 2239 1532 2266 indicat.
1548 2239 1582 2267 Ut
1599 2239 1670 2266 enim
1690 2247 1812 2274 unguen—

1023 2290 1078 2312 tum
1112 2284 1226 2312 el‘fusmn
1258 2285 1366 2312 domum
1398 2284 1474 2312 suavi
1504 2284 1619 2319 complet
1642 2284 1724 2312 odore
1745 2294 1752 2311 :
1773 2286 1813 2312 sic

1023 2334 1164 2365 postquam
1182 2330 1310 2358 Dominus
1326 2335 1417 2358 noster
1431 2330 1510 2358 Jesus
1527 2330 1651 2357 Christus
1665 2330 1691 2356 in
1711 2334 1810 2356 terram

180 2379 281 2412 δόντος,
297 2381 343 2405 καὶ
354 2378 403 2413 τῆς
414 2378 538 2413 οὐρανίου
556 2378 698 2413 δυνάμεως
713 2377 758 2403 ἐπὶ
773 2378 838 2410 τοῦς
853 2375 964 2405 ἀποπτύ-

1022 2375 1170 2409 dcsccudit,
1183 2381 1210 2403 et
1225 2376 1344 2404 caelestis
1360 2377 1446 2404 virtus
1470 2383 1551 2411 super
1568 2375 1703 2410 apos1ulns
1728 2375 1812 2403 ι-ίΐιδει

217 2456 242 2471 ’⁸
269 2457 333 2484 Dan.
358 2465 388 2490 ιι,
411 2458 459 2491 M;
479 2465 527 2492 vn,
549 2457 594 2485 25.
634 2458 656 2474 "
677 2457 749 2485 Psal.
778 2465 823 2489 cx,
852 2464 877 2482 ο.

217 2535 272 2572 (46)
293 2535 338 2573 Si_c
362 2537 526 2573 emendanda
550 2544 600 2564 vox
623 2537 747 2573 μελῳδῇ,
769 2543 851 2572 quam
867 2537 967 2565 habent

180 2578 257 2599 meus
270 2576 297 2598 et
314 2571 394 2598 Barb.

215 2606 270 2642 (47)
293 2606 437 2642 Ἀδελφοί,
455 2607 560 2642 reposui
586 2608 619 2634 ad
646 2607 807 2642 implendam
843 2608 967 2634 lacunam

181 2642 232 2678 mei
248 2643 308 2669 cod.
322 2648 348 2669 et
367 2643 477 2669 Barher.
493 2650 526 2670 ex
543 2643 626 2670 veteri
651 2643 809 2678 interprete,
826 2643 869 2678 qui
887 2642 968 2670 habet

182 2685 191 2702 1
207 2676 316 2704 Fratres
327 2678 489 2705 charissimi.
502 2687 512 2704 ι

215 2712 272 2772 ςιίὶζ)
290 2712 369 2739 Barh.
395 2712 634 2754 ὲλλάμδανον,-‹ιυί
657 2720 728 2754 saepe
751 2713 870 2740 occurrit
894 2712 968 2752 ineo

215 2756 217 2771 |
232 2767 238 2772 .
255 2754 332 2772 error
346 2748 499 2772 dnnltcandt
519 2749 646 2772 lutuulas.
661 2753 690 2772 ut
707 2756 732 2772 ιη
746 2751 805 2772 md.
828 2748 887 2772 Val.
900 2747 966 2772 edlt.

179 2747 332 2783 corbem-or
346 2747 499 2782 duplic-aridi
519 2749 646 2783 liquidas,
661 2753 690 2775 ut
707 2750 732 2774 in
746 2751 805 2775 cod.
828 2748 887 2775 Vat.
900 2747 966 2774 edit.

180 2781 262 2818 LXX,
280 2783 349 2809 unde
365 2781 475 2817 apparet
490 2781 617 2818 quaa'tum
633 2782 711 2810 fuerit
725 2783 917 2818 pronuntiatio.

215 2817 270 2851 (49)
285 2818 370 2844 Abest
382 2826 396 2844 ιι
412 2817 522 2845 Barber.
539 2827 589 2845 vox
603 2827 643 2846 τε.

216 2851 272 2888 (50)
289 2852 355 2884 Quae
373 2853 535 2887 interjareut
553 2854 622 2881 inter
645 2853 713 2881 duas
732 2859 812 2880 voces
829 2853 969 2888 βασιλείας

183 2890 208 2914 et
226 2886 416 2923 ἀρχιερατείας
431 2886 529 2915 desunt
547 2889 573 2916 in
587 2889 666 2916 Batb.
683 2894 709 2915 et
730 2889 755 2915 in
773 2886 834 2915 meo
853 2890 912 2915 cod.
931 2889 968 2915 Ea

1020 2545 1052 2565 ex
1068 2537 1243 2565 Vallicellano
1255 2539 1404 2572 desumpsi.

1055 2572 1112 2643 ἓῦι)
1127 2573 1238 2600 Barber.
1256 2573 1412 2602 δεσποτίαν.

1067 2608 1112 2642 52)
1127 2608 1222 2641 Παντί,
1244 2610 1314 2643 quod
1330 2610 1412 2636 haben

1041 2608 1112 2670 ά(52)
1127 2608 1222 2641 Παντί,
1244 2610 1314 2643 quod
1330 2610 1428 2636 habent
1442 2615 1537 2636 omnes
1551 2608 1643 2641 codd,
1660 2609 1762 2636 mutavi
1785 2609 1812 2636 in

1059 2652 1117 2670 ντη.

1020 2652 1106 2670 παντη
1111 2664 1117 2670 .

1128 2679 1232 2714 Χρῆσιν
1250 2678 1275 2705 ἱιι
1291 2678 1402 2714 Barber.
1416 2683 1443 2706 et
1457 2687 1526 2712 meo,
1542 2679 1643 2706 mutavi
1662 2678 1689 2705 in
1709 2679 1810 2714 χρίσιν.

1021 2713 1089 2741 Male
1103 2713 1179 2740 vetus
1198 2718 1342 2747 tuterpres,
1357 2713 1491 2741 Christum
1505 2723 1574 2747 eum,
1595 2715 1621 2740 id
1638 2719 1674 2741 est
1691 2720 1810 2742 unrtnm.

1020 2749 1172 2776 denominat
1188 2754 1370 2783 :ungucntum
1399 2751 1469 2776 attint
1495 2750 1607 2784 effusum
1633 2749 1763 2784 signiﬁcat
1777 2749 1811 2774 ad

1019 2785 1167 2810 unctionem
1185 2784 1320 2818 pro/icere.

1056 2818 1195 2858 (54)puos
1215 2824 1312 2858 tropos.
1330 2819 1420 2858 idest
1444 2820 1510 2858 duos
1534 2819 1692 2856 allegoricos
1706 2826 1809 2846 sensus.

1022 2854 1106 2881 Vetus
1122 2854 1221 2888 interp.
1233 2854 1313 2880 vertit
1329 2863 1338 2879 1
1351 2855 1416 2881 duos
1433 2856 1537 2882 modos.
1551 2865 1559 2881 ι

1057 2889 1112 2921 (55)
1130 2888 1213 2918 Codd.
1233 2889 1331 2916 habent
1348 2890 1395 2916 καὶ
1413 2889 1474 2916 (ίαν.
