2078 3153
273 142 313 171 '59
829 139 991 169 PHILONlS
1012 139 1168 169 EPISCOPI
1189 140 1352 169 CARPAS"
1873 141 1908 170 40

268 210 322 239 ost,
348 203 420 232 bono
445 201 555 239 pietatis
579 202 662 232 odore
691 200 834 229 universus
869 201 995 234 perfusus
1024 205 1065 228 est

1118 201 1179 233 λους
1199 202 1338 236 χυθεισης,
1362 200 1422 232 ὅλος
1443 200 1456 227 ὁ
1476 200 1577 235 κόσμος
1597 200 1630 235 τῇ
1651 199 1776 236 etSt-reﬁgi;
1794 199 1906 226 εὐωδιά-

272 250 405 282 mundus,
438 248 663 284 quemadmodum
697 254 766 274 uutts
801 254 833 273 ex
865 246 898 274 iis
934 245 1060 274 Paulus:

273 305 282 321 ι
299 295 411 328 Christi,
441 295 538 330 inquit.
567 294 653 321 bonus
677 293 743 319 odor
773 299 868 320 sumus
894 293 919 319 in
943 293 984 319 his
1016 293 1062 327 qui

272 342 339 368 S.t|\'i
355 342 432 374 liuut,
447 347 472 368 ct
491 341 516 367 in
539 341 571 367 iis
587 340 630 373 qtti
645 344 777 374 pereunt:
791 339 851 366 aliis
865 339 974 373 quidem
996 340 1063 366 odor

273 389 368 415 mortis
382 388 408 414 in
423 393 548 418 mortem,
564 386 604 413 his
618 391 707 412 autent
720 386 786 414 odor
801 386 861 412 vita:
878 385 903 412 iu
919 385 1000 412 vitam
1010 385 1059 411 ³⁰.ι

273 433 343 461 Idem
365 434 431 460 odor
454 432 597 459 suavitatis
620 432 680 459 aliis
697 432 804 466 quidem
821 432 846 458 in
863 436 988 464 mortem,
1004 432 1063 458 aliis

272 479 297 505 in
313 479 395 505 vitam
411 478 529 505 suaviter
545 477 608 504 olet.
631 476 704 504 Odor
727 477 799 504 enim
825 477 920 504 mortis
936 477 968 503 iis
985 480 1065 503 erant

271 524 396 558 apostoli,
419 525 464 558 qui
482 532 510 551 se
527 525 769 558 persequebantur,
792 522 958 557 alnigo-bant,
977 523 1063 556 conji—

271 571 378 597 cicbant
404 570 429 596 in
450 569 571 602 vincula;
593 576 688 595 rursus
705 569 764 594 vitae
790 568 857 595 odor
879 567 1062 598 credentibus.

271 617 316 647 qui
332 617 403 649 digni
417 616 500 644 habiti
513 621 576 643 sunt
595 615 812 650 prmdicatiouem
834 614 982 648 suscipere,
1003 614 1064 649 qui-

271 672 324 698 que
354 664 432 690 ﬁdem
448 662 560 696 justitize
585 662 712 697 operibus
739 660 947 688 conﬁrmabant.
984 660 1063 687 tUn-

272 715 399 745 gucntum
418 709 532 736 ell'nsum
549 717 646 735 nomen
663 714 748 735 tuum.
765 717 773 733 ι
798 707 897 735 Eodem
924 707 974 734 hoc
991 711 1064 733 textu

272 755 459 789 propheticum
478 755 560 781 etiam
580 760 687 788 tropum
711 754 845 789 signiticat
861 754 946 780 beata:
964 753 1062 786 Mai-ire,

273 809 332 835 qua:
347 801 474 836 unguenti
488 801 626 828 alabastro
635 799 775 827 coul‘racto
789 800 930 826 Dominum
943 805 1064 826 nostrum

271 847 363 875 .lcsum
380 847 518 874 Christum
537 847 680 881 perunxit;
697 851 724 873 et
740 846 805 873 illud
819 851 982 881 unguentum
999 845 1064 872 elIu-

272 902 331 921 sum
347 894 453 921 celebre
477 893 538 924 fuit,
568 898 596 920 ut
620 893 689 920 dixit
705 892 851 920 Christus:
872 901 881 917 ι
897 893 981 918 Amen
1005 891 1065 918 dico

273 939 360 972 vobis,
374 939 526 974 ubicunque
539 939 714 973 praedicatum
732 938 812 965 fuerit
827 939 876 965 hoc
891 937 1065 971 Evangeliutn

272 984 299 1012 in
318 984 445 1011 universo
467 983 577 1014 mundo.
596 983 702 1010 dicetur
725 987 752 1009 et
778 982 850 1016 quod
873 983 929 1009 haec
955 981 1017 1008 fecit
1039 982 1065 1008 itt

271 1030 331 1065 ejus
358 1029 562 1057 memoriam“.
581 1039 589 1054 ι
609 1028 666 1056 llos
684 1029 750 1055 duos
779 1028 941 1062 allegoricos
970 1035 1066 1055 sensus

272 1077 401 1103 existimo
429 1083 534 1102 sacram
566 1075 636 1101 hanc
663 1074 832 1108 Scripturam
855 1074 978 1100 indicare
1004 1081 1065 1100 cum

273 1122 338 1149 dicit
355 1131 361 1149 :
382 1130 391 1146 ‹
409 1120 580 1155 Unguentum
608 1120 723 1147 ell‘usum
757 1128 855 1146 nomen
889 1124 964 1146 tuum
983 1129 989 1146 :
1007 1120 1066 1146 ideo

274 1167 482 1196 adolescentuhe
509 1167 663 1193 dilexenuut
688 1171 723 1193 te.
738 1175 747 1191 ι
767 1165 897 1198 Quoniam
918 1165 1002 1198 enim,
1026 1165 1067 1192 in-

273 1213 343 1249 quit,
370 1219 481 1246 regnum
500 1216 574 1239 tunm
599 1215 626 1237 et
653 1210 792 1238 incantata
821 1210 962 1245 przesentia
982 1211 1067 1236 instar

274 1259 403 1294 unguenti
434 1257 512 1284 effusi
543 1257 698 1284 universum
728 1256 858 1283 tnundutn
887 1257 958 1283 bono
983 1255 1067 1283 odore

274 1306 403 1342 perludit,
418 1309 560 1339 propterea
584 1302 793 1330 adulescentula:
807 1302 959 1330 dilexerunt
974 1307 1018 1336 te;
1040 1301 1067 1329 id

273 1356 314 1379 est
345 1351 442 1377 anima:
468 1349 614 1385 iustorum.
649 1348 742 1383 Neque
767 1356 830 1375 vero
857 1353 934 1383 putes
959 1355 1066 1376 sacram

274 1397 444 1432 Scripturam
469 1396 502 1423 de
531 1394 690 1422 mulieribus
718 1397 823 1421 tantum
854 1394 1067 1421 adolescentulis

273 1444 362 1478 loqui;
385 1443 432 1470 sed
451 1442 533 1469 etiam
559 1441 630 1468 inter
648 1440 778 1467 mulieres
805 1440 956 1474 reperimus
972 1441 1066 1468 adole-

274 1489 421 1521 scentulus,
436 1495 490 1515 non
515 1493 638 1521 corpore,
670 1488 777 1521 (neque
799 1486 872 1513 enim
893 1487 1007 1521 quaestio
1025 1492 1067 1513 est

275 1538 380 1562 tantum
421 1533 454 1560 de
486 1531 736 1567 corporeuCaro
764 1531 836 1559 enim
874 1539 926 1558 non
958 1532 1067 1566 prodest

274 1581 440 1616 quidquam;
469 1579 582 1615 spiritus
600 1583 690 1607 autem
703 1577 822 1606 viviﬁcat
837 1577 910 1613 ³³),ι
940 1578 986 1605 sed
1014 1578 1066 1605 tide

277 1625 506 1655 adolescentulas.
528 1625 595 1653 Vide
609 1624 840 1653 adolescentulam
857 1625 940 1657 illam,
954 1632 1068 1658 corpore

275 1672 383 1708 quidem
406 1680 518 1707 aegram,
544 1672 642 1699 animat
663 1678 727 1698 vero
751 1671 802 1698 title
818 1670 932 1698 validam
950 1671 1066 1698 luet-or-

276 1719 421 1750 rhoissam,
448 1726 509 1753 qua:
531 1725 592 1745 cum
619 1722 694 1745 retro
719 1717 853 1752 tetigisset
876 1723 976 1745 vestem
991 1716 1066 1750 Jesn,

277 1765 417 1800 sanguinis
432 1764 534 1791 ﬂuxum
556 1764 674 1791 inhibuit
688 1771 741 1791 non
754 1764 877 1798 corporis
900 1765 1008 1797 robore,
1021 1765 1068 1792 sed

278 1812 340 1839 ﬁdei
356 1812 456 1838 virtute
474 1811 506 1838 ³³.
520 1810 576 1837 Νοιι
593 1810 665 1837 enim
685 1811 782 1838 robore
800 1810 936 1845 corporis,
951 1811 999 1838 sed
1017 1819 1067 1838 va-

277 1859 331 1886 lido
351 1858 410 1885 ﬁdei
428 1857 524 1892 spiritu
538 1857 704 1884 inﬁrmitatis
719 1857 815 1884 morbo
831 1857 911 1884 tinem
927 1858 1065 1892 imposuit.

277 1904 340 1932 [hec
360 1903 559 1931 adolescentula
583 1903 668 1930 traxit
690 1902 777 1937 ipsum
795 1906 868 1929 retro
892 1906 1021 1938 tangens,
1039 1906 1069 1930 ut.

277 1951 303 1978 in
328 1958 359 1978 ea
378 1949 536 1985 impleretur
553 1949 625 1984 quod
652 1949 785 1983 scriptum
809 1953 875 1975 est:
895 1957 905 1974 ι
922 1947 1068 1982 Propterea

278 1995 488 2023 adolescentqu
501 1994 651 2022 dilexerunt
674 1998 710 2026 te,
733 1998 873 2021 traxerunt
890 1998 916 2022 te
929 1999 990 2029 post
1004 1999 1039 2021 te.
1055 2002 1066 2019 ι

278 2041 376 2068 Etalia
394 2048 488 2068 rursus
509 2039 708 2067 edolescentula
735 2044 808 2068 retro
828 2045 888 2075 post
907 2039 1070 2068 Iesum-cla-

279 2087 371 2114 ntlhat
382 2086 546 2117 Cha-lanata,
559 2086 628 2120 Syro
641 2084 781 2113 Phoenissa
795 2093 905 2121 genere,
914 2086 1070 2114 adolescen-

280 2133 335 2160 tula
363 2139 426 2160 vero
461 2132 580 2159 lidc:et
607 2131 732 2166 discipuli
767 2132 876 2167 quidem
911 2132 1037 2160 dicebant
1060 2141 1067 2159 :

282 2188 291 2205 ι
308 2178 420 2206 Dimitte
443 2177 526 2210 illam,
551 2177 614 2212 quia
636 2177 736 2205 clamat
763 2184 823 2214 post
850 2186 900 2206 nos
923 2178 955 2206 “.
972 2188 981 2205 ι
1011 2178 1069 2214 Ipsa

1115 248 1177 282 σθη·
1195 248 1232 279 ὼς
1247 247 1293 274 καὶ
1312 244 1352 278 εἷς
1367 246 1397 278 ἐξ
1411 246 1500 273 αὐτῶν
1514 245 1629 278 Παῦλος·
1647 256 1655 272 t
1673 246 1790 281 Χριστοῦ
1808 246 1904 273 εὐωδία

1115 291 1197 326 ἐσμὲν
1215 292 1243 318 ὲν
1263 292 1318 321 τοῖς
1332 291 1497 325 σωζομένοις
1512 290 1560 317 καὶ
1582 291 1610 317 ἐν
1628 292 1683 322 τοῖς
1701 290 1905 326 ἀπολλυμένοις·

1115 335 1154 369 οἷς
1177 338 1226 373 μὲν
1247 338 1319 373 ὀσμὴ
1338 339 1370 364 ἐκ
1392 338 1447 372 (56)
1470 337 1585 364 θανάτου
1612 339 1652 369 εἰς
1678 337 1801 366 θάνατον·
1818 336 1857 369 οἷς
1881 336 1906 365 δὲ

1114 384 1186 420 ὀσμὴ
1214 385 1246 410 ὲκ
1275 385 1348 420 ζωῆς
1375 385 1414 415 εἰς
1440 384 1522 420 ζωήν.
1544 393 1553 410 ι
1573 384 1604 410 ’11
1621 384 1690 418 αὑτὴ
1708 385 1779 419 ὀσμὴ
1799 383 1847 419 τῆς
1863 383 1907 410 εὖ·

1115 430 1206 462 ωδίας,
1224 427 1265 462 οἷς
1283 430 1333 465 μὲν
1358 431 1398 461 εἰς
1417 429 1541 463 θάνατον,
1554 428 1594 461 οἷς
1608 429 1635 456 δὲ
1652 431 1691 461 εἰς
1711 428 1783 465 ζωὴν
1799 429 1912 456 εὐωδιά-

1115 477 1166 509 ζει.
1185 476 1273 512 Ὸσμὴ
1292 476 1347 512 γὰρ
1359 476 1475 503 θανάτου
1488 474 1559 511 ἦσαν
1573 477 1595 502 οἱ
1609 475 1753 502 ἀπόστολοι
1771 477 1828 507 τοῖς
1847 474 1912 501 διώ-

1114 531 1192 549 κουσι
1220 523 1266 549 καὶ
1288 522 1410 548 θλίϐουσι
1432 521 1477 548 καὶ
1501 521 1672 557 δεσμεύουσι*
1695 521 1766 556 ὀσμὴ
1789 521 1817 547 δὲ
1838 519 1913 555 ζωῆς

1115 569 1196 595 πάλιν
1213 569 1269 600 τοῖς
1292 568 1460 601 πιστεύουσι,
1487 569 1545 600 τοῖς
1567 567 1598 594 τὺ
1625 568 1756 604 κήρυγιια
1784 567 1912 599 δέξασθαι

1115 614 1338 650 καταξιουμένοις
1357 614 1423 648 (57),
1441 615 1497 645 τοῖς
1521 613 1570 649 τὴν
1593 613 1685 640 πίστιν
1709 614 1738 639 ὲν
1759 613 1848 648 ἔργοις
1873 612 1913 639 δι-

1115 659 1263 694 καιοσύνης
1295 658 1458 694 βεϐαιοῦσιν.
1493 667 1502 684 ε
1524 658 1618 694 Μύρον
1638 658 1790 684 ἐκκενωοὲν
1825 658 1913 693 ὄνομά

1117 715 1173 734 σου.
1197 716 1206 732 ι
1230 707 1274 733 Ἑν
1293 705 1385 741 ταυτῷ
1396 706 1424 732 δὲ
1445 706 1614 741 προφητικὸν
1629 705 1756 742 σημαίνει
1777 705 1831 741 (58)
1849 705 1913 740 τρά-

1115 763 1165 781 πον
1179 754 1288 788 καὶτῆς
1305 754 1444 789 μακαρίας
1461 753 1582 788 Μαρίας,
1603 753 1663 788 ἥτις
1694 753 1862 788 συντρίψασα
1882 752 1913 779 τὸ

1115 800 1286 835 ἀλάϐαστρον
1307 799 1354 826 τοῦ
1378 800 1463 835 μύρου
1476 799 1570 835 ἤλειφε
1588 799 1634 825 τὸν
1647 799 1748 834 Κύριον
1765 799 1843 835 ἡμῶν
1860 799 1914 834 ’1η-

1117 846 1180 872 σοῦν
1210 846 1337 881 Χριστόν·
1364 847 1474 872 κάκεῖνο
1499 845 1529 872 τὸ
1553 845 1638 881 μύρον
1657 846 1809 872 ὲκκενωθὲν
1827 846 1912 881 δνομα

1083 885 1194 925 Βέσχεν
1216 891 1290 925 (59).
1313 890 1350 922 ὡς
1378 892 1392 917 ὁ
1422 890 1523 925 Κύριος
1553 891 1660 924 ἔλεγεν·
1692 900 1699 916 l
1729 891 1814 927 Ἀμὴν
1842 892 1913 925 λέγω

1117 937 1193 972 ὑμῖν,
1208 937 1276 963 ὅπου
1290 937 1337 964 ἐὰν
1354 937 1478 973 κηρυχθῇ
1493 937 1523 964 τὸ
1534 938 1702 972 Εὑαγγέλιον
1718 937 1797 964 τοῦτο
1817 939 1845 964 ὲν
1860 938 1914 974 ὅλῳ

1115 983 1155 1019 τῷ
1169 983 1274 1019 κόσμῳ,
1288 984 1471 1019 λαληθήσεται
1486 984 1533 1010 καὶ
1545 984 1559 1010 ὃ
1571 984 1698 1019 ἐποίησεν
1709 982 1779 1018 αὕτη
1795 984 1834 1015 εἰς
1845 993 1914 1020 μνη-

1118 1029 1233 1064 μόσυνον
1254 1029 1350 1065 αὐτῆς,
1369 1039 1378 1055 ι
1396 1029 1514 1061 Τούτους
1538 1030 1602 1061 τοὺς
1628 1029 1674 1055 δύο
1698 1030 1814 1065 τρόπους
1836 1027 1913 1064 οἶμαι

1118 1075 1319 1111 ὑποσημαίνειν
1334 1075 1382 1110 τὴν
1399 1075 1474 1102 θείαν
1487 1075 1590 1111 ταύτην
1602 1075 1724 1111 Γραφὴν,
1738 1076 1894 1110 φάσκουσαν
1906 1084 1911 1090 ·

1120 1131 1129 1147 ι
1150 1121 1243 1156 Μύρον
1256 1121 1407 1147 ὲκκενωθὲν
1427 1121 1457 1147 τὸ
1467 1121 1552 1156 ὄνομά
1568 1129 1625 1147 σου·
1640 1121 1683 1147 διὰ
1697 1120 1777 1147 τοῦτο
1794 1120 1913 1152 νεάνιδες

1116 1167 1264 1203 ἠγάπησαν
1277 1176 1317 1194 σε.
1334 1177 1342 1193 ι
1363 1167 1472 1203 Ἐπειδὴ
1483 1168 1548 1203 γὰρ,
1564 1168 1640 1203 φησὶ,
1653 1168 1668 1202 ἡ
1684 1167 1718 1202 σὴ
1731 1167 1853 1202 βασιλεία
1867 1168 1914 1194 καὶ

1118 1213 1249 1248 ἐνσαρκος
1275 1213 1412 1248 παρουσία
1431 1212 1517 1248 μύρου
1541 1212 1619 1243 δίκην
1641 1211 1839 1243 ὲκκενωθέντος
1853 1212 1914 1238 ὅλον

1118 1259 1265 1286 εὐωδίασεν
1277 1260 1322 1286 τὸν
1340 1259 1453 1294 κόσμον,
1473 1259 1519 1286 διὰ
1537 1258 1616 1285 τοῦτο
1631 1258 1750 1290 νεάνιδες
1766 1259 1914 1294 ὴγάπησάν

1118 1314 1165 1332 σε·
1182 1305 1251 1341 ὅπερ
1270 1306 1353 1337 ἐστὶν,
1368 1306 1396 1331 αἱ
1414 1305 1498 1340 ψυχαὶ
1516 1304 1570 1331 τῶν
1584 1305 1705 1331 δικαίων.
1727 1305 1772 1340 Μὴ
1794 1305 1847 1340 γάρ
1867 1314 1914 1340 μοι

1117 1351 1212 1388 νόμιζε
1224 1351 1304 1387 μόνον
1319 1351 1442 1383 νεάνιδας
1453 1351 1503 1383 τὰς
1520 1352 1652 1386 γυναῖκας
1663 1351 1753 1385 λέγειν
1768 1351 1817 1387 τὴν
1833 1351 1914 1386 ἁγίαν

1118 1399 1242 1435 Γραφήν·
1259 1397 1327 1425 ἀλλὰ
1345 1398 1392 1425 καὶ
1406 1400 1435 1425 ὲν
1455 1397 1563 1433 γυναιξὶ
1581 1399 1631 1434 μὲν
1647 1399 1770 1431 νεάνιδας
1787 1399 1912 1435 εὑρίσκο-

1120 1454 1169 1481 μεν
1181 1445 1212 1471 οὐ
1225 1444 1263 1480 τῷ
1276 1444 1381 1480 σώματι
1395 1444 1434 1480 (οὐ
1451 1445 1505 1481 γὰρ
1522 1445 1555 1471 τὰ
1571 1444 1618 1472 τοῦ
1634 1445 1759 1481 σώματος
1776 1446 1855 1481 μόνον
1870 1445 1914 1481 ζη-

1118 1492 1204 1519 τεῖται
1216 1499 1222 1506 ·
1244 1501 1252 1516 t
1271 1491 1304 1518 ’11
1322 1491 1390 1527 σὰρξ
1403 1490 1457 1527 γὰρ
1473 1491 1549 1518 οὐδὲν
1564 1491 1674 1526 ὠφελεῖ·
1686 1492 1717 1519 τὸ
1732 1492 1840 1528 πνεῦμά
1855 1493 1914 1520 ἐστι

1118 1536 1149 1562 τὸ
1162 1535 1322 1568 ζωοποιοῦν,
1338 1537 1359 1570 ι)
1374 1535 1442 1562 ἀλλὰ
1464 1536 1553 1562 πίστει
1573 1536 1705 1567 νεάνιδας.
1724 1537 1809 1564 Βλέπε
1826 1538 1915 1565 νεάνι-

1119 1582 1150 1609 δα
1169 1582 1277 1618 ὲκείνην
1303 1582 1352 1618 τὴν
1372 1582 1410 1617 τῷ
1425 1581 1531 1616 σώματι
1549 1582 1757 1617 ἀσθενεστέραν,
1779 1582 1868 1618 ψυχῆς
1886 1584 1915 1610 δὲ

1120 1628 1210 1654 πίστει
1240 1628 1417 1664 ἰσχυροτέραν
1444 1627 1512 1663 (60),
1529 1627 1578 1663 τὴν
1608 1629 1818 1664 αἱμορῤοοῦσαν,
1853 1630 1915 1665 ἣτις

1120 1674 1247 1710 ἁψαμένη
1261 1674 1315 1700 τῶν
1331 1674 1446 1710 ἱματίων
1459 1674 1572 1700 ὄπισθεν
1583 1674 1631 1700 τοῦ
1652 1674 1750 1710 Ἰησοῦ,
1769 1676 1818 1711 τὴν
1833 1676 1915 1712 αἱμά-

1118 1731 1174 1748 των
1194 1721 1291 1756 ἔστησε
1305 1720 1359 1756 (61)
1382 1720 1470 1755 ῥύσιν,
1492 1721 1521 1746 οὗ
1541 1720 1666 1756 σώματος
1689 1722 1771 1757 ἰσχύϊ,
1788 1723 1856 1750 ἀλλὰ
1871 1724 1914 1750 πί-

1120 1775 1206 1799 στεως
1235 1767 1359 1801 δυνάμει.
1382 1766 1419 1792 Οὐ
1445 1765 1498 1802 γὰρ
1521 1768 1711 1804 νεανιευομένη
1737 1769 1776 1804 τῷ
1796 1769 1913 1805 σώματι,

1119 1813 1235 1849 νεανικῷ
1251 1813 1279 1840 δὲ
1296 1812 1335 1848 τῷ
1359 1813 1408 1848 τῆς
1435 1813 1553 1845 πίστεως
1577 1816 1740 1850 φρονήματι,
1756 1816 1842 1851 πέρας
1865 1817 1913 1842 ἐπ-

1121 1860 1204 1896 έθηκε
1224 1859 1264 1895 τῷ
1289 1859 1338 1895 τῆς
1365 1859 1508 1890 ἀσθενείας
1533 1861 1682 1895 νοσήματι·
1711 1860 1780 1895 αὓτη
1807 1862 1822 1896 ἡ
1850 1863 1914 1888 νεᾶ-

1120 1915 1161 1938 νις
1178 1906 1304 1932 εἵλκυσεν
1318 1904 1408 1937 αὐτὸν,
1428 1905 1539 1932 ὀπισθεν
1553 1906 1689 1940 ἁψαμένη·
1706 1906 1743 1938 ὡς
1756 1907 1803 1933 καὶ
1813 1907 1852 1938 εἰς
1866 1907 1913 1934 αὑ-

1120 1951 1169 1987 τὴν
1197 1951 1367 1987 πληροῦσθαι
1394 1952 1425 1978 τὸ
1445 1952 1647 1988 γεγραμμένον·
1675 1962 1684 1978 ι
1705 1953 1754 1980 Διὰ
1775 1953 1854 1980 τοῦτο
1886 1955 1913 1980 αἱ

1121 1997 1244 2029 νεάνιδες
1272 1997 1418 2032 ἡγάπησάν
1450 2006 1490 2023 σε·
1519 1998 1645 2024 εἵλκυσάν
1662 2007 1692 2025 σε
1712 1998 1799 2026 ὀπίσω
1824 2008 1882 2026 σου.
1904 2010 1912 2026 ι

1121 2044 1177 2071 Καὶ
1197 2044 1277 2080 ὲτέρα
1294 2045 1322 2070 δὲ
1337 2044 1419 2071 πάλιν
1436 2045 1526 2076 νεᾶνις
1540 2045 1651 2071 ὄπισθεν
1664 2046 1779 2082 ἔκραζεν
1795 2047 1841 2073 τοῦ
1863 2048 1914 2082 ’1η-

1123 2090 1180 2124 σοῦ,
1194 2091 1211 2126 ή
1228 2091 1369 2118 Χαναναία
1385 2092 1402 2127 ἡ
1419 2091 1617 2127 Συροφοίνισσα
1632 2092 1688 2127 (62)
1701 2093 1740 2128 τῷ
1754 2093 1836 2128 γένει,
1854 2095 1915 2120 νεᾶ-

1121 2146 1161 2169 νις
1178 2137 1205 2164 δὲ
1217 2139 1250 2174 τῇ
1268 2138 1368 2165 πίστει·
1382 2139 1428 2165 καὶ
1441 2139 1465 2165 οἱ
1480 2139 1529 2174 μὲν
1546 2139 1666 2174 μαθηταὶ
1683 2139 1784 2173 ἔλεγον·
1803 2149 1811 2165 t
1837 2141 1915 2167 ’Λπό-

1121 2183 1201 2211 λυσον
1216 2184 1310 2220 αὐτὴν,
1328 2185 1369 2211 ὅτι
1387 2185 1484 2221 κράζει
1501 2185 1612 2211 ΰπισθεν
1628 2184 1714 2220 ἡμῶν.
1736 2195 1744 2211 ι
1766 2186 1821 2213 Καὶ
1847 2187 1915 2224 αὐτὴ

279 2225 363 2260 igitur
377 2230 450 2251 retro
462 2223 554 2252 Jesum
571 2225 664 2257 traxit,
676 2225 719 2252 cui
736 2225 794 2260 ipse
805 2225 888 2252 dixit:
904 2235 913 2251 ι
924 2224 981 2252 Non
992 2225 1066 2253 decet

1122 2227 1168 2256 οὖν
1181 2229 1294 2257 ὄπισθεν
1308 2230 1416 2258 εἷλκυσε
1430 2231 1476 2258 τὸν
1499 2231 1612 2266 Ἰησοῦν·
1629 2230 1696 2266 πρὸς
1711 2232 1744 2267 ἣν
1757 2227 1837 2265 αὐτὸς
1853 2233 1914 2269 ἐστη-

281 2271 374 2299 tollere
392 2279 488 2306 panem
514 2271 587 2303 ﬁliis,
612 2275 640 2298 et
662 2271 797 2306 projicere
816 2271 930 2299 canibus
944 2271 977 2298 ³⁸.
994 2281 1002 2297 ι
1022 2271 1068 2299 llla

279 2326 344 2346 vero
357 2318 556 2345 adolescattula
578 2318 667 2346 adhuc
691 2319 753 2350 lide,
770 2318 897 2345 innovata
912 2323 1002 2345 tamen
1016 2319 1070 2353 spi-

278 2374 338 2438 26"
356 2373 376 2402 ll
391 2374 454 2402 Cor.
469 2382 498 2406 It.
516 2375 559 2408 15,
574 2374 616 2402 l6.

316 2454 372 2490 (56)
387 2454 527 2490 Pratposit.
551 2458 584 2484 ὲκ
603 2458 679 2485 abest
694 2464 708 2483 a
727 2455 759 2483 N.
776 2455 807 2482 Τ.
825 2455 896 2489 typis
918 2455 1062 2489 impresso.

280 2490 345 2518 Eam
367 2496 456 2517 tamen
481 2493 602 2526 agnoscit
621 2498 699 2519 vetus
724 2491 868 2523 interpres,
892 2491 937 2524 qui
960 2495 1063 2526 vertit:

283 2535 292 2551 ί
305 2526 366 2552 aliis
383 2526 491 2560 quidem
501 2524 573 2554 odor
589 2528 621 2553 de
646 2531 733 2553 tuorte
746 2526 779 2552 ad
797 2530 923 2557 mortem,
941 2524 1002 2551 aliis
1018 2533 1067 2552 au-

281 2566 334 2588 tem
352 2562 417 2587 otior
430 2562 461 2588 de
476 2563 528 2588 vita
545 2562 577 2587 ad
591 2563 683 2587 vitam.
696 2569 705 2586 ι

316 2597 372 2632 (57)
387 2596 457 2630 Lego
473 2595 696 2631 κατηξιωμένοις.

316 2632 373 2667 (58)
386 2631 453 2657 Male
471 2632 609 2667 Barberin.
625 2636 652 2657 et
666 2639 741 2658 meus
759 2631 889 2666 σιμαίνει.

318 2666 374 2701 (59)
392 2667 500 2700 "Oropi:
517 2666 611 2700 ἔσχεν
633 2666 837 2701 1011111071)Γοὺὶῐὲ
851 2673 930 2695 notat.
949 2667 1026 2694 Plato
1044 2667 1070 2694 in

282 2701 380 2739 Hippia
400 2701 477 2739 Μαλ..
495 2710 555 2739 μσς.
569 2701 612 2732 93,
629 2702 713 2736 1.,ἁφ’
727 2700 765 2728 ὧν
781 2702 810 2728 τὸ
821 2701 906 2737 δνομα
926 2703 998 2739 ἔσχε,
1016 2713 1024 2728 ι
1037 2711 1068 2730 ex

282 2738 379 2770 quibus
394 2737 504 2770 gloriam
517 2737 630 2770 adeptus
644 2742 695 2764 est.
711 2747 718 2762 ι
740 2738 801 2764 Haec
817 2745 880 2764 vero
894 2748 899 2765 :
915 2737 1026 2765 κάκεῖνο
1041 2738 1071 2764 τὸ

284 2771 369 2806 μύρον
389 2773 449 2798 ὲκκ.
472 2772 557 2806 ὄνομα
581 2771 669 2806 ἔσχεν,
690 2772 727 2804 ὡς
743 2774 757 2799 ό
777 2773 879 2808 Κύριος
902 2774 1005 2808 ἔλεγεν,
1025 2775 1072 2801 ab-

284 2812 347 2833 sunt
361 2815 374 2832 ιι
390 2807 473 2833 veteri
490 2807 724 2841 interpretatione,
737 2816 795 2841 quae
815 2807 904 2836 t'aittett
918 2807 1069 2837 necessaria

283 2845 356 2868 sunt.
378 2842 489 2879 Sicinini
503 2843 601 2874 desint,
622 2845 756 2879 quomodo
780 2844 942 2876 cohaereant,
957 2853 1017 2879 quae
1028 2853 1071 2872 sc-

288 2876 422 2911 quuntur?
439 2887 447 2902 ι
460 2877 512 2906 llos
528 2878 594 2906 duos
611 2878 767 2912 allegoricos
786 2886 890 2913 sensus,
906 2889 914 2905 ι
930 2876 982 2907 etc.

656 2375 677 2390 "
694 2375 788 2403 Matth.
803 2383 878 2409 xxvi,
891 2375 934 2403 15.
972 2377 995 2392 ³²
1012 2375 1090 2404 Joan.
1107 2384 1143 2410 Vl,
1159 2377 1221 2412 63._
1243 2377 1266 2392 ³³
1280 2377 1374 2404 Matth.
1389 2385 1426 2410 Ix,
1443 2378 1487 2405 ‘20.
1527 2378 1549 2394 "
1564 2378 1658 2407 Matth.
1670 2387 1714 2413 xv,
1727 2380 1771 2407 Ξῖ).

1126 2283 1135 2300 ι
1151 2275 1208 2301 Οὐκ
1229 2275 1287 2301 ἔστι
1309 2275 1391 2302 καλὸν
1405 2275 1498 2302 λαϐεῖν
1516 2275 1561 2301 τὸν
1576 2275 1657 2310 ἄρτον
1671 2277 1727 2308 τοῖς
1739 2276 1854 2310 τέκνοις,
1870 2278 1916 2304 καὶ

1125 2320 1216 2355 βαλεῖν
1235 2322 1291 2352 τοῖς
1310 2321 1458 2356 κυναρίοις.
1479 2330 1487 2346 ι
1509 2319 1541 2346 ’11
1557 2320 1584 2347 δὲ
1598 2322 1687 2354 νεᾶνις
1706 2322 1761 2357 (65)
1785 2322 1824 2358 τῷ
1837 2325 1916 2350 πνεύ-

1811 2381 1833 2396 ³¹
1851 2381 1913 2409 ibid.

1155 2457 1211 2492 (60)
1225 2456 1337 2483 Barbar.
1348 2461 1374 2483 et
1388 2465 1463 2484 meus
1475 2465 1568 2485 vocem
1584 2458 1658 2486 nihili
1683 2459 1782 2486 habent
1802 2467 1916 2487 πιστειο-

1120 2491 1271 2526 χρωτέραν,
1288 2499 1368 2525 quant
1381 2493 1521 2522 emendavi
1537 2494 1562 2521 iu
1579 2498 1662 2521 textu.
1677 2509 1713 2514 —
1726 2495 1807 2522 Codd.
1824 2495 1916 2522 lectio-

1122 2535 1185 2565 uctn
1194 2527 1350 2565 retinuerim
1361 2528 1497 2565 equidem,
1507 2528 1618 2563 legendo
1631 2529 1720 2557 πίστει
1733 2530 1913 2565 ὀχυρωτέραν.

1158 2562 1213 2597 (61)
1233 2562 1316 2599 Vetus
1329 2565 1417 2590 versio
1432 2563 1523 2597 habet,
1536 2562 1675 2599 ianguiuis
1692 2562 1793 2599 ﬂuxum
1814 2562 1916 2599 repente

1123 2597 1266 2638 denotavit.
1282 2598 1362 2624 Error
1382 2599 1553 2628 manifestus.
1572 2597 1726 2635 Legeudum
1741 2597 1914 2633 crediderim,

1124 2638 1238 2660 sanavit.

1234 2668 1347 2706 Barber.
1365 2674 1392 2695 et
1407 2677 1482 2697 tuens
1499 2670 1736 2706 Συροφοινήκισσα.

1161 2704 1218 2740 (65)
1233 2704 1330 2736 Locus,
1342 2710 1370 2731 ut
1385 2711 1505 2738 apparet,
1521 2704 1674 2739 corinptus.
1687 2705 1741 2739 Ego
1751 2706 1777 2732 in
1794 2705 1916 2732 versione

1125 2741 1220 2774 scripsi
1243 2745 1271 2766 ιιι
1294 2740 1453 2767 Salulatus:
1473 2750 1481 2766 ι
1499 2741 1703 2767 Adolcsrcnlula
1733 2740 1820 2767 adhuc
1852 2741 1914 2771 lide.

1126 2776 1252 2802 innovata
1276 2780 1364 2802 tamen
1391 2777 1485 2808 spiritu
1502 2781 1526 2801 ct
1544 2776 1604 2803 tidc.
1620 2785 1629 2801 ι
1652 2775 1726 2803 Unde
1745 2776 1849 2802 videtur
1869 2777 1913 2802 ha~

1125 2811 1216 2838 buisse
1239 2810 1265 2836 iu
1294 2818 1343 2836 suo
1367 2811 1478 2837 codice:
1492 2809 1585 2836 Πίστει
1612 2810 1660 2845 μὲν
1675 2810 1714 2836 ἔτι
1734 2811 1833 2843 νεᾶνις,
1851 2811 1916 2837 ἀνα-

1125 2845 1256 2880 νεουμένη
1267 2845 1295 2880 δὲ
1313 2845 1351 2880 τῷ
1362 2845 1501 2879 Πνεύματι
1522 2845 1570 2871 καὶ
1586 2847 1617 2880 τῇ
1633 2846 1741 2872 πίστει·
1757 2851 1798 2873 est
1813 2847 1917 2880 phrasis

1127 2879 1250 2913 Paulina,
1267 2879 1364 2914 Epltcs.
1383 2887 1419 2914 IV,
1438 2881 1482 2906 ‘25.
