2078 3153
267 174 309 202 45
831 169 992 198 PHILONIS
1010 169 1165 199 EPISCOPI
1184 169 1345 198 CARPASII
1452 193 1459 203 κ
1860 169 1896 197 Μ

274 231 405 260 thesauri.
439 229 566 258 Caelestis
591 225 663 265 regis
698 230 912 264 promptuarium
940 229 1058 256 ostendit

1114 228 1143 255 τὰ
1155 229 1375 264 θησαυρίσματα.
1394 227 1446 254 Τοῦ
1461 228 1489 255 δὲ
1506 227 1564 264 (75)
1581 228 1741 265 ἐπουρανίου
1765 228 1896 264 βασιλέως

275 281 362 316 primo
386 285 445 306 esse
467 283 576 312 corpus,
601 276 628 303 in
653 283 707 310 quo
729 276 786 310 ipse
818 284 829 302 ‹
843 275 987 304 πάἱηειινῑι
1007 274 1059 302 sibi

274 325 383 353 domum
411 323 454 350 “z
471 332 480 349 ι
508 322 604 350 deinde
633 321 764 350 caelorum
795 328 919 358 regnum.
948 321 1060 355 Quando

275 371 356 407 igitur
384 370 510 398 Salvator
533 368 622 396 dicit:
644 377 653 393 ι
668 367 743 396 Beati
770 368 816 402 qui
842 368 1058 403 persecutionem

275 418 415 452 patiuntur
438 418 548 451 propter
562 413 705 448 justitiam,
725 413 852 448 quoniam
875 413 993 449 ipsorum
1018 417 1061 440 est

275 470 387 497 regnum
404 461 533 490 caelorum
546 461 587 493 “;
603 469 612 486 ι
632 460 729 487 merito
740 465 767 488 et
780 464 977 494 consequenter
990 466 1057 493 pra:-

274 509 345 536 dicta
365 512 407 535 est
429 515 460 535 ea
478 514 529 534 vox
545 506 594 534 :hi
609 505 681 533 enim
704 506 873 533 intraverunt
896 505 923 532 in
947 511 1058 539 regnum

276 553 417 581 malorum.
434 552 565 585 Quoniam
577 558 642 578 vero
654 555 681 578 et
695 551 744 586 ipsi
758 550 974 586 persecutionem
987 549 1058 584 passi

278 602 342 625 sunt
365 600 476 632 propter
489 595 637 630 justitiam,
665 600 807 630 propterea
828 599 856 622 et
878 594 1014 622 exsultant
1032 593 1059 621 in

276 643 333 674 illo,
347 648 374 670 et
388 642 513 669 laetantur
525 641 643 668 dicentes
657 649 664 667 :
681 649 690 666 ι
703 639 916 672 Exsultabimus,
941 643 968 666 et
986 639 1061 666 laeta-

277 689 368 715 bimur
402 688 429 714 in
461 692 521 714 te.»
555 685 684 714 Videnles
713 691 874 713 aelernarum
908 685 1060 720 nuptiarum

274 732 410 764 laetitiam;
450 732 572 758 videntes
611 738 671 766 quae
707 735 856 765 prteparata
892 735 955 757 sunt
997 734 1060 756 ante

274 774 367 805 mundi
392 777 629 809 constitutionem,
651 781 678 804 et
703 781 844 804 narrantes
868 775 1060 811 promissioncs

275 824 367 850 dicunt
385 831 392 849 :

310 868 366 896 VII.
385 867 529 903 Diligemus
540 867 620 894 ubera
635 872 680 894 tua
694 875 771 901 super
784 867 883 894 vinum.

311 914 338 941 Id
351 917 394 941 est
409 922 417 940 :
436 913 582 947 Diligemus
596 913 649 940 duo
665 912 850 944 Testamenta,
868 919 916 946 per
935 919 994 947 qua:
1010 919 1059 939 nos
1074 906 1095 934 Β

275 961 376 987 docens
397 958 456 986 Rex
478 959 505 986 in
527 958 740 993 promptuarium
769 958 918 985 introduxit
939 958 1059 986 caeleste.

275 1005 344 1033 Nam
359 1005 430 1040 quod
451 1011 499 1039 per
519 1004 571 1032 duo
596 1004 769 1031 Testamenta
797 1003 927 1031 cmlorum
947 1011 1060 1038 regnum

275 1050 392 1078 assecuti
417 1056 522 1081 sumus,
543 1049 606 1076 vide
627 1048 712 1076 Vetus
736 1054 764 1075 et
787 1048 890 1076 Novum
913 1048 1059 1084 quemlibet

221 1115 227 1119 ς
275 1095 468 1126 adhortanlia,
504 1099 534 1121 ut
566 1102 616 1129 pro
637 1093 743 1128 iustitia
771 1098 799 1121 et
824 1095 933 1121 nomine
959 1093 1060 1121 Christi

277 1142 423 1178 patiamur,
447 1145 475 1168 et
489 1147 537 1174 per
551 1143 693 1175 angustam
706 1144 734 1167 et
750 1144 854 1167 arctam
868 1140 930 1167 vitae
945 1139 1017 1166 viam
1037 1139 1060 1155 “

276 1187 455 1216 ambulemus.
471 1185 504 1214 Et
520 1193 552 1213 ex
569 1186 658 1213 Veteri
674 1186 781 1224 quidem
801 1185 976 1215 Testamento
999 1186 1060 1213 audi

276 1235 455 1272 Sapientiam.
476 1241 538 1269 qua;
553 1233 639 1261 dicit:
658 1242 668 1260 ι
684 1233 778 1269 Usque
798 1234 832 1261 ad
851 1237 964 1261 mortem
989 1237 1062 1260 certa

276 1289 326 1317 pro
339 1281 454 1308 veritate
467 1280 501 1307 ".
518 1289 528 1306 ι
548 1278 642 1307 Simile
653 1279 780 1314 quiddam
793 1279 820 1306 in
836 1278 922 1312 Novo,
938 1279 964 1306 in
979 1278 1062 1306 Evan-

276 1327 353 1363 geliis
383 1326 445 1354 audi
472 1326 560 1361 ipsum
594 1325 736 1352 Dominum
770 1325 928 1353 dicentem:
950 1324 1062 1352 «Nolite

280 1373 375 1400 timere
391 1379 437 1400 eos
460 1374 505 1407 qui
521 1371 650 1399 occidunt
667 1378 778 1406 corpus,
801 1371 899 1398 animae
914 1377 978 1398 vero
995 1370 1062 1398 nihil

276 1423 388 1454 possunt
403 1418 492 1445 facere
506 1419 556 1444 δι.»
573 1417 640 1444 Audi
653 1422 743 1444 autem
758 1420 786 1443 et
804 1416 885 1444 Vetus
900 1416 1062 1444 Testamen-

276 1471 332 1492 tum
349 1464 463 1492 dicens:
485 1472 494 1489 ι
509 1463 606 1490 Audite
627 1462 738 1489 verbum
759 1461 876 1493 Domini,
897 1461 943 1496 qui
962 1460 1062 1488 timetis

275 1511 385 1538 verbum
400 1509 476 1544 ejus;
493 1508 584 1541 dicite,
600 1507 708 1534 Fratres
719 1507 816 1538 nostri,
831 1507 893 1534 odio
904 1513 950 1534 vos
965 1507 1064 1534 haben-

276 1556 349 1583 tibus
364 1559 391 1582 et
404 1554 624 1582 abominantibus
642 1553 676 1581 “.
690 1562 699 1579 ι
719 1553 758 1580 Ex
780 1552 932 1587 Evangeliis
949 1559 1013 1580 vero
1027 1560 1061 1580 ex

276 1608 324 1628 ore
351 1599 436 1634 ipsius
470 1598 575 1626 Domini
602 1598 663 1625 audi
681 1605 687 1624 :
704 1607 715 1624 ι
731 1597 839 1632 Diligite
862 1597 988 1626 inimicos
1014 1605 1060 1625 ve-

276 1653 349 1674 stros
363 1646 405 1679 “;
421 1654 431 1671 ι
448 1648 478 1673 et
495 1651 589 1672 rursus
605 1652 612 1671 :
629 1653 639 1669 ι
654 1643 808 1671 Benefacite
828 1644 869 1671 his
883 1643 928 1678 qui
948 1643 1063 1671 oderunt

275 1699 325 1719 vos
338 1691 372 1718 ".
388 1700 398 1716 ι
416 1689 445 1717 In
465 1689 524 1725 lege
537 1694 626 1716 autem
641 1689 728 1716 simile
741 1688 805 1716 illud
820 1697 827 1715 :
843 1697 853 1714 ι
866 1688 894 1716 Si
912 1688 1063 1717 obviaveris

275 1737 429 1773 jumentqu
447 1735 548 1763 inimici
566 1735 602 1762 tui
621 1735 693 1769 quod
708 1735 811 1762 corruit
823 1735 873 1762 sub
889 1742 957 1762 onus
971 1742 1061 1768 suum,

277 1791 330 1810 non
346 1786 502 1817 praetereas,
516 1780 563 1808 sed
580 1779 664 1808 alleva
680 1780 746 1807 illud
760 1780 800 1814 ‘5;
815 1790 824 1806 ι
845 1779 917 1815 quod
934 1780 1004 1807 idem
1021 1785 1062 1807 est

276 1836 309 1856 ae
326 1827 391 1855 illud
407 1836 414 1854 :
431 1835 442 1853 ι
460 1826 614 1854 Benefacite
628 1826 672 1853 his
687 1825 734 1861 qui
751 1826 936 1869 oderuntgos.
950 1834 959 1852 ι
988 1824 1062 1853 Unus

276 1875 349 1903 enim
369 1878 397 1900 et
419 1873 489 1900 idem
507 1877 549 1899 est
569 1871 717 1908 legislator,
745 1872 789 1907 qui
815 1877 947 1906 priecepta
974 1872 1062 1899 datin

278 1926 394 1955 utroque
419 1919 601 1947 Testamento.
624 1918 681 1946 Duo
703 1918 785 1953 igitur
803 1920 884 1945 ubera
908 1918 993 1952 ipsius
1010 1918 1063 1945 duo

277 1966 448 2002 appellantur
471 1965 657 1998 Testamenta,
685 1969 766 2000 atque
789 1972 822 1992 ex
848 1971 901 1991 uno
918 1963 1062 1992 immortali

277 2013 352 2040 l‘onte
362 2011 510 2046 spiritualis
523 2011 599 2038 lactis
611 2011 774 2038 allluentiam
785 2009 921 2038 trahentia.
938 2009 1065 2044 Propter—

277 2066 309 2085 ea
330 2057 384 2093 qui,
394 2058 418 2085 in
431 2056 562 2084 caelorum
577 2056 729 2083 cubiculqu
741 2055 855 2090 ingressi
870 2060 943 2088 sunt,
956 2056 1062 2083 dicunt:

280 2113 290 2130 ‹
307 2104 454 2138 Diligemus
477 2103 560 2130 ubera
579 2107 623 2130 tua
643 2109 724 2136 super
744 2102 870 2129 vinum.»
897 2102 967 2135 Quid
991 2102 1062 2128 enim

278 2149 344 2176 facit
363 2148 477 2176 vinum?
501 2147 598 2175 Vinum
617 2147 761 2175 immodice
781 2149 908 2175 haustum
938 2148 1064 2175 tenebras

277 2193 393 2222 offundit
420 2203 427 2221 :
451 2193 590 2228 splendida
628 2201 693 2221 vero
732 2193 904 2222 Testamenta
947 2197 1062 2221 mentem

1109 276 1221 310 ταμεῖον
1246 275 1324 308 δῆλον
1344 275 1385 301 ὅτι
1405 274 1513 310 πρῶτον
1535 276 1583 310 μὲν
1600 275 1632 302 τὸ
1655 275 1749 310 σῶμα,
1772 285 1781 301 ι
1803 272 1825 309 ᾧ
1840 275 1896 311 (74)

1109 321 1199 357 ἐαυτῷ
1213 321 1388 357 ᾠκοδόμησεν
1400 319 1474 348 οἶκον
1484 331 1490 336 ·
1511 331 1520 347 ι
1540 321 1635 349 ἔπειτα
1649 322 1677 349 δὲ
1693 323 1740 349 καὶ
1755 323 1772 357 ἡ
1786 322 1839 349 τῶν
1853 322 1898 348 οὑ-

1111 367 1199 403 ρανῶν
1222 367 1355 402 βασιλεία.
1379 367 1464 394 Ὅταν
1479 365 1527 394 οὖν
1546 367 1620 402 λέγει
1637 369 1651 395 ὁ
1670 369 1782 404 Σωτήρ*
1804 377 1814 394 ι
1835 369 1897 395 Μα-

1111 413 1201 449 κάριοι
1220 414 1244 440 oi
1268 413 1441 448 δεδιωγμένοι
1458 413 1550 441 ἕνεκεν
1566 413 1758 450 δικαιοσύνης,
1785 414 1825 440 ὅτι
1849 413 1898 441 αὐ-

1112 459 1166 486 τῶν
1183 459 1257 486 ἐστιν
1281 459 1297 495 ἡ
1315 459 1437 494 βασιλεία
1452 459 1507 486 τῶν
1530 460 1668 495 οὐρανῶν,
1687 469 1696 485 ι
1717 459 1829 491 εἰκότως
1850 459 1898 486 καὶ

1110 507 1263 540 ἀκολούθως
1281 507 1442 543 προείρηται
1462 507 1509 534 καὶ
1527 507 1595 543 αὑτὴ
1612 509 1628 541 ἡ
1646 508 1721 543 φωνή
1734 516 1740 522 ·
1759 504 1831 534 οὗτοι
1844 507 1898 543 γὰρ

1110 553 1234 588 εἰσῆλθον
1245 553 1285 584 εἰς
1301 552 1350 588 τὴν
1365 552 1419 579 τῶν
1431 552 1554 588 οὐρανῶν
1566 552 1715 587 βασιλείαν.
1735 552 1898 588 Ἐπειόήπερ

1111 600 1158 625 καὶ
1187 599 1264 626 αὐτοὶ
1282 598 1448 634 ἐδιώχθησαν
1473 598 1566 625 ἕνεκεν
1583 598 1772 634 δικαιοσύνης,
1793 598 1833 624 διο
1852 599 1898 625 καὶ

1110 644 1291 678 ἀγαλλιῶνται
1318 645 1347 670 ἐν
1367 643 1458 679 αὐτῷ,
1480 644 1527 671 καὶ
1544 640 1735 680 ἐὐφραίνονται
1758 644 1896 678 λέγοντες·

1114 699 1122 716 ι
1145 689 1384 725 Ἀγαλλιασὼμεθα
1407 689 1455 716 καὶ
1469 689 1665 725 εὐφρανθῶμεν
1685 690 1713 716 ἐν
1733 689 1783 716 σοί.
1809 699 1818 715 ι
1834 689 1899 716 Βλέ-

1111 744 1207 767 ποντες
1223 736 1280 771 τὴν·
1291 735 1345 762 τῶν
1361 735 1477 762 αίωνίων
1495 735 1595 770 χαράν·
1615 735 1759 770 βλέποντες
1774 735 1808 762 τὰ
1827 736 1900 771 ἡτοι-

1112 781 1238 816 μασμένα
1251 781 1304 816 πρὸ
1322 780 1475 816 καταϐολῆς
1489 780 1604 816 κόσμου,
1620 781 1667 807 καὶ
1683 781 1899 816 ἀπαγγέλλοντες

1109 827 1160 858 τὰς
1172 826 1336 860 ἐπαγγελίας
1345 846 1352 857 ,
1366 826 1457 861 φασίν⁶

1146 871 1183 898 Ζ’,
1199 871 1408 905 Ἀγαπήσωμεν
1419 870 1554 905 μαστούς
1569 877 1627 897 σου
1643 870 1718 905 ὑπὲρ
1733 869 1826 898 οἶνον.

1148 916 1237 951 Ὅπερ
1253 916 1340 943 ἐστίν⁹
1359 916 1559 951 Ἀγαπήσωμεν
1574 916 1623 948 τὰς
1638 915 1684 943 δύο
1699 916 1846 952 Διαθήκας,
1863 916 1897 943 δι’

1109 958 1147 989 ὦν
1166 962 1239 997 ἡμᾶς
1255 962 1269 987 ὁ
1293 961 1421 996 βασιλεὺς
1438 961 1670 997 παιδαγωγήσας,
1685 962 1724 993 εἰς
1738 962 1768 988 τὸ
1787 963 1899 997 ταμεῖον

1110 1006 1240 1041 εῑσήγαγε
1254 1006 1284 1032 τὸ
1303 1006 1464 1042 ἐπουράνιον
1475 1014 1482 1021 ·
1500 1006 1540 1032 ὃτι
1552 1006 1604 1042 γὰρ
1620 1005 1663 1033 διὰ
1677 1006 1732 1033 τῶν
1743 1006 1789 1033 δύο
1802 1006 1900 1042 Διαθη-

1110 1052 1166 1079 κῶν
1181 1051 1312 1086 ἐτύχομεν
1327 1051 1376 1087 τῆς
1391 1053 1517 1091 οὐρανίου
1529 1053 1678 1088 βασιλείας,
1696 1052 1777 1087 βλέπε
1790 1053 1837 1079 καὶ
1850 1053 1900 1088 τὴν

1111 1097 1231 1125 Παλαιὰν
1247 1097 1294 1124 καὶ¹
1311 1097 1359 1133 τὴν
1374 1099 1477 1134 Καινὴν
1490 1098 1628 1134 Διαθήκην
1641 1098 1826 1134 παρορμῶσαν
1837 1099 1900 1131 τοὺς

1112 1142 1291 1178 βουλομένους
1305 1142 1376 1178 ὑπὲρ
1391 1143 1441 1179 τῆς
1454 1143 1627 1178 δικαιοσύνης
1643 1143 1691 1170 καὶ
1703 1143 1749 1169 τοῦ
1768 1143 1900 1178 ὀνόματος

1110 1189 1156 1215 τοῦ
1171 1188 1291 1224 Χριστοῦ
1310 1188 1435 1224 πάσχειν,
1450 1189 1498 1215 καὶ
1511 1188 1560 1224 τὴν
1575 1188 1670 1221 στενὴν
1688 1189 1735 1216 καὶ
1753 1187 1900 1223 τεθλιμμέ-
1946 1205 1948 1207 τ

1111 1243 1160 1270 νην
1175 1235 1234 1261 ὁδὸν
1247 1235 1296 1270 τῆς
1313 1234 1385 1270 ζωῆς
1403 1234 1518 1262 ὁδεύειν.
1534 1235 1590 1262 Καὶ
1606 1235 1638 1262 ἐκ
1656 1235 1704 1270 μὲν
1719 1235 1768 1270 τῆς
1779 1235 1900 1267 Halani;

1110 1280 1161 1316 τὴν
1177 1280 1277 1315 Σοφίαν
1292 1281 1373 1307 ἄκουε
1390 1280 1521 1315 λέγουσαν
1531 1289 1538 1296 ·
1559 1290 1568 1307 ι
1585 1281 1657 1313 ’Ἕως
1669 1280 1784 1308 θανάτου
1799 1280 1899 1315 ἀγώνι-

1113 1335 1158 1353 σαι
1172 1326 1242 1362 ὑπέρ
1255 1326 1304 1361 τῆς
1314 1326 1452 1361 ἀληθείας.
1471 1337 1480 1353 ι
1493 1327 1530 1354 Τὸ
1543 1328 1634 1362 ὅμοιον
1652 1328 1699 1354 καὶ
1709 1329 1737 1355 ἐν
1753 1329 1786 1363 τῇ
1800 1328 1900 1363 Καινῇ,

1112 1372 1141 1399 ἐν
1163 1373 1220 1403 τοῖς
1236 1371 1412 1406 Εὑαγγελίοις
1432 1372 1512 1399 αὐτὸν
1535 1373 1581 1400 τὸν
1599 1373 1699 1409 Κύριον
1716 1373 1843 1406 ἐνωτίζου
1857 1374 1901 1401 λέ-

1112 1425 1208 1452 γοντα·
1232 1427 1241 1443 ‹
1262 1418 1307 1453 Μὴ
1326 1417 1463 1454 φοϐηθῆτε
1487 1418 1541 1445 ἀπὸ
1563 1417 1617 1445 τῶν
1640 1419 1856 1446 ἀποκτεινόντων
1871 1420 1901 1447 τὸ

1114 1463 1211 1498 σῶμα,
1237 1463 1286 1499 τὴν
1317 1463 1346 1489 δέ
1371 1463 1460 1499 ψυχὴν
1495 1464 1531 1500 μὴ
1553 1465 1670 1500 ἐχόντων
1689 1474 1716 1492 τι
1737 1466 1857 1501 ποιῆσαι.
1889 1474 1898 1491 ι

1116 1509 1214 1535 Ἄκουε
1233 1509 1261 1535 δέ
1277 1509 1388 1545 καὶτῆς
1410 1509 1532 1542 Παλαιᾱς
1548 1510 1698 1546 λεγούσης·
1720 1520 1730 1537 ι
1755 1511 1900 1538 Ἀκούσατε

1113 1555 1158 1581 τὸν
1180 1554 1258 1589 λόγον
1282 1555 1401 1590 Κυρίου,
1425 1556 1449 1581 οἱ
1476 1555 1625 1591 τρέμοντες
1651 1556 1679 1583 τὸ
1703 1557 1778 1592 ῥῆμα
1800 1557 1900 1584 αὐτοῦ’

1114 1600 1208 1626 εἴπατε
1233 1600 1288 1631 τοῖς
1310 1600 1436 1635 μισοῦσιν
1457 1600 1545 1636 ὑμᾶς·
1570 1601 1791 1637 Ἀδελφοὶήμῶν.
1821 1611 1831 1627 ι
1858 1601 1902 1628 Ἐν

1115 1646 1291 1680 Εὐαγγελίοις
1310 1646 1338 1673 δέ
1355 1647 1386 1673 ἐκ
1404 1646 1451 1673 τοῦ
1467 1647 1633 1674 Δεσποτικοῦ
1651 1648 1781 1683 στόματος
1802 1647 1900 1674 ἄκουε·

1117 1701 1127 1718 t
1151 1693 1290 1726 Ἀγαπᾶτε
1304 1692 1368 1724 τοὺς
1383 1692 1496 1728 ἐχθροὺς
1507 1693 1599 1728 ὑμῶν·
1617 1702 1626 1719 ι
1645 1694 1692 1720 καὶ
1708 1694 1788 1722 πάλιν
1798 1703 1804 1709 ·
1821 1703 1830 1719 t
1845 1695 1902 1721 Κα-

1114 1737 1167 1770 λῶς
1180 1739 1281 1765 ποιεῖτε
1298 1739 1354 1770 τοῖς
1368 1738 1493 1773 μισοῦσιν
1508 1739 1565 1776 (75)
1582 1740 1654 1775 ὑμᾶς
1664 1748 1671 1756 ·
1690 1749 1699 1766 ι
1720 1740 1749 1766 ἐν
1763 1740 1792 1766 δέ
1807 1739 1845 1775 τῷ
1860 1740 1902 1767 νό-

1116 1793 1159 1820 μῳ
1171 1784 1202 1810 τὸ
1215 1783 1322 1819 ὅμοιον·
1346 1793 1356 1811 ι
1386 1783 1448 1811 Ἐὰν
1471 1785 1628 1821 ἀπαντήσῃς
1644 1785 1683 1821 τῷ
1699 1785 1836 1820 ὑποζυγίῳ
1855 1785 1901 1812 τοῦ

1114 1829 1212 1865 ἐχθροῦ
1224 1838 1271 1856 σου
1284 1829 1440 1857 πεπτωκότι
1453 1830 1505 1857 ὑπὸ
1516 1830 1561 1858 τὸν
1572 1831 1656 1866 γόμον
1676 1831 1769 1862 αὐτοῦ,
1785 1832 1815 1858 οὐ
1832 1840 1901 1867 παρ-

1115 1875 1298 1911 ελεύσῃ,ἀλλὰ
1309 1876 1612 1912 συνεγερεῖς(76)αὑτό.
1634 1886 1643 1903 ι
1654 1892 1688 1896 -
1702 1885 1711 1902 t
1731 1877 1828 1908 Καλῶς
1844 1877 1900 1912 (77)

1115 1923 1217 1948 ποιεῖτε
1229 1923 1286 1952 τοῖς
1302 1921 1424 1957 μισοῦσιν
1437 1922 1523 1956 ὑμᾶς·
1542 1931 1551 1948 ι
1571 1919 1611 1953 εἷς
1633 1921 1687 1957 γὰρ
1704 1921 1751 1948 καὶ
1764 1922 1844 1953 αὐτὸς
1859 1930 1901 1948 νο-

1117 1966 1233 2002 μοθέτης
1250 1966 1394 2002 ἑκατέραις
1407 1966 1558 1994 διετάττετο
1577 1967 1734 2010 Διαοηκαις.
1747 1967 1798 1994 Δύο
1812 1967 1901 1994 τοίνυν

1117 2012 1215 2048 μαστοὶ
1236 2011 1318 2038 αὐτοῦ
1334 2013 1363 2039 αἱ
1385 2011 1431 2038 δύο
1459 2012 1604 2048 κέκληνται
1625 2012 1778 2048 Διαθῆκαι·
1802 2013 1850 2039 καὶ
1870 2013 1902 2040 ὲκ

1118 2056 1182 2092 μιᾶς
1197 2056 1246 2092 τῆς
1266 2055 1400 2082 ἀθανάτου
1422 2056 1514 2092 πηγῆς
1534 2056 1583 2092 τὴν
1603 2057 1734 2093 ἐπιρροήν
1752 2056 1800 2083 τοῦ
1819 2065 1902 2084 πνευ-

1118 2101 1233 2138 ματικοῦ
1255 2101 1390 2135 γάλακτος
1412 2101 1531 2137 ἔχουσαι.
1553 2102 1598 2129 Διὸ
1618 2102 1742 2137 λέγουσιν
1762 2103 1786 2129 of.
1807 2103 1848 2134 είς
1873 2103 1903 2129 τὸ

1114 2148 1227 2182 ταμεῖον
1241 2147 1295 2174 τῶν
1306 2147 1427 2183 οὐρανῶν
1439 2148 1639 2184 εἰσεληλυθότες
1650 2156 1657 2163 ⁸
1674 2157 1683 2173 ι
1704 2147 1902 2183 ’Λγαπήσωμεν

1118 2192 1236 2228 μαστούς
1251 2201 1297 2220 σου
1313 2193 1382 2228 ὑπὲρ
1396 2191 1476 2220 οἶνον.
1497 2203 1506 2220 ι
1524 2193 1556 2220 Τί
1570 2193 1624 2229 γὰρ
1640 2194 1711 2220 ποιεῖ
1725 2191 1811 2226 οῐνος;
1827 2191 1903 2225 Οἶνος

277 2240 449 2274 ronlirmaut,
463 2239 542 2267 iidem
556 2239 704 2272 stabiliunt,
717 2239 828 2267 fundant
839 2239 873 2267 ad
887 2246 997 2274 regnum
1010 2246 1062 2266 coe-

1117 2238 1245 2274 ἀμέτρως
1259 2238 1351 2271 ποθεὶς
1365 2239 1496 2271 σκοτίζει·
1512 2239 1540 2266 αἱ
1553 2239 1580 2265 δὲ
1595 2239 1756 2274 φωταγωγοὶ
1770 2239 1903 2275 Διαθῆκαι

277 2286 372 2314 lorum.

311 2375 378 2404 VIII.
398 2374 534 2402 Reclt'tudo
553 2374 643 2402 dilexit
656 2379 690 2402 te.

313 2421 408 2450 Omnia
425 2421 536 2456 quidem
556 2421 707 2448 divinarum
729 2419 932 2455 Scripturarum
954 2420 1062 2455 eloquia

1119 2283 1276 2320 στηρίζουσι
1289 2284 1319 2311 τὸ
1334 2284 1470 2320 φρόνημα,
1484 2283 1621 2319 στερεοῦσι
1637 2284 1693 2319 (78)
1708 2285 1809 2318 πίστιν,
1821 2285 1902 2320 θεμε-

1117 2328 1219 2356 λιοῦσιν
1233 2330 1272 2361 είς
1285 2330 1333 2365 τὴν
1347 2329 1469 2365 οὐρανῶν
1483 2328 1630 2364 βασιλείαν.

1153 2378 1194 2404 H’.
1212 2376 1348 2409 Εὑθύτης
1363 2374 1501 2409 ἠγάπησέ
1517 2383 1563 2402 σε.

1151 2422 1254 2454 Πάντες
1271 2421 1320 2456 μὲν
1338 2421 1363 2447 oi
1381 2420 1436 2447 τῶν
1455 2420 1534 2448 Θείων
1547 2422 1567 2448 Γ
1571 2421 1663 2457 ραφῶν
1677 2422 1762 2456 λόγοι,
1779 2421 1826 2448 καῖ
1840 2421 1903 2449 ταὺ-

313 2491 336 2507 ⁷⁴⁶
347 2491 426 2518 Prov.
440 2499 479 2521 ix,
498 2491 524 2518 i.
562 2490 583 2506 “
601 2490 696 2518 Matth.
709 2489 803 2525 vtio.
840 2490 862 2505 "
877 2490 971 2518 Matth.
994 2499 1042 2524 vu,
1060 2500 1062 2519 τ

1142 2492 1164 2508 ⁴³
1179 2491 1261 2519 Eccli.
1273 2498 1311 2524 tv,
1324 2490 1370 2518 28.
1408 2491 1430 2506 “
1447 2490 1542 2518 Matth.
1561 2499 1587 2524 ι,
1600 2492 1645 2519 ‘28.
1683 2491 1705 2508 "
1719 2491 1769 2519 lsa.
1787 2500 1859 2525 ιλιι,
1876 2492 1902 2519 5.

277 2527 300 2544 ⁸⁸
317 2525 411 2553 Matth.
426 2533 453 2559 ν,
470 2526 515 2553 44.
554 2525 577 2541 ⁸⁷
592 2526 658 2553 ibid.
710 2525 733 2541 ⁸⁸
746 2524 831 2552 Exod.
849 2533 927 2559 mn,
943 2525 969 2554 5.

314 2582 372 2619 (75)
385 2582 487 2611 Locum
498 2584 570 2611 hunc
583 2591 617 2619 οξ
631 2582 742 2611 Philone
753 2583 831 2619 θίγω
844 2583 1069 2612 Cosmasludico-

244 2646 247 2648 _
278 2617 395 2654 pleust'es
405 2619 490 2654 lib.x,
502 2617 704 2654 p.5296011ecl.
719 2627 790 2645 nova:
804 2618 996 2654 ΡΡ.σταίεον.,
1006 2625 1025 2646 t.
1035 2620 1067 2646 ll.

317 2654 374 2688 (74)
391 2653 451 2681 Vet.
469 2652 567 2688 interp.
584 2653 646 2688 legit
661 2653 687 2685 ὅ,
704 2661 753 2681 nec
768 2655 889 2688 agnoscit
905 2652 989 2681 οἷκον.

314 2687 370 2724 (75)
385 2689 468 2715 Sacer
482 2687 569 2715 tentis
580 2687 696 2724 hlatthtni
714 2687 866 2719 habet—toﬁ;
880 2688 1036 2724 μισοῦντας.

313 2722 370 2758 (76)
385 2723 432 2751 Sic
461 2722 614 2750 emendavi.
641 2723 753 2750 Codices
767 2722 908 2758 "corrupte
935 2724 1066 2751 exhibent

280 2757 448 2794 συναγερεῖς.
463 2758 551 2794 Locus
563 2762 651 2794 autem
667 2758 710 2794 hic
724 2759 749 2786 in
766 2757 1012 2794 Bibliis’impressis
1027 2760 1064 2786 ita

280 2792 394 2830 legitur}
411 2794 475 2830 Ἐὰν
485 2792 513 2830 δέ
522 2792 579 2828 ἴδῃς
589 2792 619 2830 τὸ
627 2792 773 2830 ὑποζύγιον
785 2792 942 2830 τρῦᾼέχοροῦ
954 2802 1065 2830 πεπτωέ

280 2830 328 2859 κδς
345 2828 398 2871 ὑπρ
414 2828 458 2871 τον
471 2827 557 2872 γόμον
577 2827 671 2870 αὐτοῦ,
683 2829 713 2854 οὐ
726 2827 882 2864 παρελεύσῄ
897 2827 982 2861 ἀύτὸ,
997 2829 1064 2856 ἀλλὰ

280 2865 406 2904 συναρεῐς
418 2863 483 2890 αὐτὸ
495 2863 551 2902 μετ’
565 2863 656 2902 αὑτοῦ.
725 2898 730 2903 ι
771 2898 777 2903 .
869 2863 881 2864 ⁷⁷

316 2899 341 2926 Π
352 2899 372 2927 ι)
391 2899 461 2925 Ante
478 2897 566 2927 καλως
583 2899 687 2925 γιιῐριιιι·
697 2897 797 2931 aliquid
812 2898 915 2928 deesse.
927 2898 1008 2927 Vetus
1022 2899 1064 2926 in-

1123 2589 1225 2619 terpres
1238 2583 1276 2611 ait
1289 2591 1297 2610 :
1312 2592 1321 2609 ‹
1335 2582 1403 2617 Quid
1415 2588 1457 2610 est
1473 2582 1518 2619 hic
1533 2583 1604 2611 aliud
1627 2583 1678 2611 nisi
1698 2583 1772 2615 illud.
1791 2583 1903 2619 Benefa-

1121 2618 1207 2651 εἰῶ.»
1233 2625 1286 2646 etc.
1309 2619 1343 2645 At
1370 2626 1384 2644 a
1410 2619 1470 2645 cod.
1487 2618 1582 2645 Theal.
1609 2619 1704 2645 abstini.
1731 2619 1798 2649 hmo,
1815 2618 1903 2649 καλῶς

1122 2656 1224 2681 ποιεῖτε
1243 2655 1299 2685 τοῖς
1315 2652 1439 2689 μισοῦσιν
1451 2653 1534 2689 ὑμᾶς.
1556 2653 1608 2680 Sed
1623 2658 1685 2689 post
1696 2653 1738 2679 illa
1751 2655 1903 2689 συνεγερείς

1121 2690 1186 2716 αὑτό
1204 2687 1417 2723 seqriitttrei_x1l.
1427 2687 1480 2723 γὰρ
1492 2689 1505 2714 ὁ
1513 2689 1594 2719 αὐτὸς
1609 2687 1766 2723 νομοθέτης,
1775 2696 1834 2721 quae
1845 2687 1902 2715 cor-

1123 2729 1199 2759 rupta
1207 2721 1269 2751 sunt
1278 2731 1336 2758 pro,
1345 2721 1385 2755 εἷς
1395 2721 1448 2759 γὰρ
1463 2721 1508 2749 καὶ
1519 2723 1599 2759 αὐτὸς
1610 2721 1766 2759 νομοθέτης.
1774 2723 1903 2759 (lat-terum

1121 2756 1285 2786 inversione—
1309 2758 1369 2786 ideo
1394 2756 1482 2785 addidi
1498 2766 1505 2783 :
1519 2767 1528 2782 ε
1541 2756 1617 2790 Quod
1634 2757 1704 2783 idem
1717 2756 1757 2785 est
1769 2765 1800 2784 ac
1820 2758 1902 2785 illud:

1119 2793 1284 2825 Bcnei‘acite,
1297 2803 1306 2819 ι
1332 2798 1397 2826 etc.,
1419 2797 1448 2819 ut
1467 2793 1535 2818 bene
1558 2791 1712 2818 cohaereant
1732 2799 1762 2819 ea
1781 2799 1839 2826 qua:
1861 2800 1904 2820 se-

1119 2834 1239 2863 quuntur
1256 2836 1261 2853 :
1280 2837 1288 2853 ι
1303 2827 1377 2863 Unus
1392 2828 1463 2855 enim
1485 2833 1511 2863 et
1524 2826 1593 2852 idem
1609 2831 1650 2863 e_st
1663 2826 1810 2863 legislalor,
1825 2836 1833 2852 ι
1851 2833 1903 2855 etc.

1155 2863 1214 2905 (Ἱὶξλ
1226 2863 1262 2889 Ex
1281 2862 1372 2891 Vallic.
1392 2860 1498 2896 reposui
1520 2860 1667 2895 στερεοῦσι.
1695 2861 1774 2889 Bari).
1789 2867 1815 2890 et
1830 2871 1903 2891 tuens

1119 2897 1283 2932 στηρίζουσι.
