2078 3153
190 192 224 220 45
448 167 451 172 Ἴ
647 191 844 219 ENARRATlO
864 191 897 219 IN
914 191 1090 220 CANTICUM
1109 191 1345 221 CANTICORUM.
1442 224 1445 227 ι
1512 185 1515 189 ’
1651 209 1654 212 -
1773 197 1807 225 ιδ

189 258 236 285 της
247 249 295 284 τῆς
306 249 388 283 ἁγίας
396 248 443 276 καὶ
457 248 659 285 μυστηριὼδους
670 250 789 285 γραφῆς,
799 249 865 285 εὑθῆ
875 249 908 276 τὰ
918 249 971 284 (79)

1027 254 1106 284 atque
1131 250 1209 285 hujus
1236 255 1335 278 sancta:
1359 255 1386 279 et
1408 251 1528 287 mysticae
1554 252 1701 288 Scriptum
1726 255 1807 282 verba

188 297 311 333 ῥήματα·
325 293 402 327 οὗτος
416 295 444 321 δὲ
459 295 473 319 ὁ
484 295 549 330 περὶ
563 295 612 330 τῆς
623 295 769 331 εὐθύτητος
782 296 827 322 καὶ
844 295 970 331 μάλιστα,

188 354 197 368 t
217 342 333 377 εὐθύτης
356 351 366 367 ι
381 341 445 376 γὰρ,
457 341 556 375 φησὶν,
577 350 586 366 ι
605 341 731 377 ἠγάπησέ
755 350 794 369 σε.
818 350 827 367 ι
852 341 915 368 Ἐὰν
935 342 971 377 μή

187 397 237 415 τινι
249 388 304 423 γὰρ
316 386 430 421 εὐθύτης
443 386 570 421 ὑπάρχει,
580 386 625 413 τὸν
639 386 779 422 Μονογενῆ
793 387 830 422 μὴ
844 387 893 413 οὐκ
906 387 973 421 ἀγα-

188 434 272 470 πὴσῃ.
283 442 292 458 ι
303 432 444 467 Βδέλυγμα
456 431 510 466 γὰρ
526 432 678 468 ἁμαρτωλῷ
689 432 769 466 σοφία
779 432 846 467 (80).
859 442 867 457 t
885 432 972 464 Εὐθὺς

188 478 214 504 δὲ
229 477 328 512 καρδία
350 478 441 513 ἀγαπᾷ
463 477 513 512 τὴν
533 477 639 512 σοφίαν.
657 477 780 513 suam;
800 478 856 511 (81)
869 477 897 505 δέ
914 478 972 504 ἐστι

189 523 218 549 τὸ
229 522 443 550 ἀπαλλάττεσθαι
461 523 512 558 μὲν
532 524 667 550 παντοίων
690 524 793 554 κακῶν,
812 523 972 559 συνήδεσθαι

190 569 216 596 δὲ
229 568 266 604 τῷ
279 569 351 604 νόμῳ
363 569 408 595 τοῦ
421 569 499 600 Θεοῦ,
511 570 558 596 καὶ
572 570 621 600 τὰς
636 569 745 602 ἐντολὰς
758 570 840 596 αὐτοῦ
855 571 884 597 ἐν
897 571 972 596 ὲκτε-

189 614 230 650 νίᾳ
244 614 297 650 (82)
313 614 427 650 καρδίας
440 615 586 641 ὲπιτελεῖν”
599 615 637 647 ὦς
651 624 733 651 φησιν
747 617 760 642 ὁ
777 616 874 642 Δαῦίδ·
894 624 903 641 t
927 616 971 642 Ἐν

186 659 263 695 βουλῇ
283 658 384 686 εὑθέων
401 660 448 686 καὶ
465 662 627 696 συναγωγῇ,
647 661 751 696 μεγάλα
771 661 807 688 τὰ
824 661 893 697 ἔργα
912 662 971 688 Κυ-
986 693 990 697 ι

184 705 252 741 ρίου,
271 715 281 731 ι

221 748 258 776 Θ’.
275 750 323 776 Στ.
335 749 366 776 δ’.
382 750 517 777 Μέλαινὰ
530 752 588 786 εἰμι
604 751 653 778 καὶ
669 752 759 785 καλή.
802 747 808 752 ’

216 795 338 822 Μέλαινα
357 795 401 822 διὰ
417 796 466 828 τὰς
483 797 636 832 ἁμαρτίας·
660 798 729 834 καλὴ
748 798 793 826 διὰ
814 798 863 834 τὴν
886 799 969 834 μετά-

183 849 265 868 νοιαν.
286 841 324 868 Οὐ
348 841 473 877 σώματος
495 842 551 877 (85)
572 843 588 878 ὴ
610 843 740 878 μελανία·
762 844 822 870 οὐδὲ
841 844 971 879 σαρκικὺν

183 887 260 914 πάλιν
272 887 374 922 ταύτης
385 888 434 923 τῆς
449 887 558 924 νύμφης
574 888 604 915 τὸ
617 889 722 921 κάλλος.
748 889 828 916 Ἀλλὰ
842 889 971 924 μέλαιναν

1025 300 1086 323 sunt
1109 301 1206 324 rccta':
1224 297 1275 324 hoc
1299 305 1364 325 vero
1395 297 1426 326 de
1450 299 1575 333 aequitate
1600 299 1806 327 rectissimum:

1026 349 1036 366 ‹
1054 340 1196 368 Rectitudo
1207 350 1218 368 ι
1235 341 1318 374 enim,
1335 343 1383 374 ait,
1400 351 1409 368 ι
1421 342 1515 370 dilexit
1528 347 1563 371 te.
1578 353 1587 370 ι
1607 343 1654 371 Cui
1669 344 1739 371 enim
1754 352 1808 373 non

1023 388 1066 411 est
1081 385 1226 419 rectitudo,
1247 385 1270 413 is
1285 385 1456 421 Unigenitum
1474 395 1526 415 non
1545 389 1637 424 diliget
1652 397 1659 415 :
1678 398 1688 415 ι
1699 390 1810 418 Abomi-

1025 430 1099 457 natio
1124 431 1196 457 enim
1221 432 1357 466 peccatori
1389 433 1562 468 sapientia".
1592 443 1601 460 ι
1635 434 1689 462 Cor
1718 440 1809 464 autem

1024 479 1126 502 rectunt
1154 476 1241 511 diligit
1275 478 1443 512 sapientiam.
1475 479 1616 508 Rectitttdo
1647 486 1738 509 autem
1768 486 1810 510 est

1023 521 1057 548 ab
1070 521 1221 556 omnigenis
1235 522 1312 551 malis
1321 531 1380 551 sese
1392 524 1543 559 sejungere,
1556 525 1748 563 delectarilege
1762 527 1808 555 Dei

1023 571 1050 593 et
1070 569 1196 595 mandata
1219 568 1278 604 ejus
1305 569 1410 597 itttento
1433 571 1514 598 corde
1539 572 1677 606 perficere.
1710 572 1744 600 Ut
1771 573 1810 600 ait

1024 612 1130 640 David:
1152 622 1162 639 ι
1178 613 1205 641 In
1231 615 1346 642 consilio
1372 621 1508 644 rectorum
1535 620 1563 644 et
1589 618 1808 654 congregatione,

1023 656 1118 693 magna
1134 666 1215 694 opera
1233 660 1337 687 Domini
1355 661 1389 688 ⁵ο.
1406 670 1416 685 ι

1057 747 1102 774 IX.
1128 746 1208 774 VERS.
1237 748 1263 775 d.
1290 747 1377 783 Nigra
1393 757 1451 775 sum
1465 754 1488 776 et
1504 750 1631 785 fortnam.

1059 793 1139 828 Nigra
1167 799 1276 829 propter
1291 799 1402 829 peccata
1419 802 1427 821 :
1443 795 1561 824 formosa
1584 801 1695 831 propter
1718 796 1808 832 pani-

1024 840 1146 867 tetttiaut.
1163 839 1222 866 Non
1240 832 1361 875 corporis
1384 841 1491 875 nigror;
1518 849 1605 876 neque
1630 850 1723 871 rursus
1744 851 1806 871 car-

1026 885 1095 912 nalis
1109 885 1189 919 hujus
1201 893 1306 920 sponsae
1322 886 1513 921 pulchritudo:
1528 889 1574 916 sed
1590 889 1694 924 nigram
1708 896 1737 917 se
1747 896 1809 917 esse

181 933 279 969 ὶαυτὴν
309 934 383 968 λέγει
411 934 455 961 διὰ
475 934 525 966 τὰς
547 935 672 971 ἀνομίας,
693 936 787 971 ἐπειδὴ
809 936 920 967 ταύταις
938 934 971 971 ἦν

1024 930 1089 958 dicit
1111 935 1220 965 propter
1242 930 1417 965 iniquitates;
1436 933 1562 966 quoniam
1585 940 1619 960 ex
1639 934 1704 968 ipsis
1719 934 1809 969 nigro-

182 978 408 1015 μεμελανωμένη,
422 978 450 1006 ἐν
465 988 495 1006 τε
508 981 540 1015 τῇ
558 979 765 1016 εἰδωλολατρείᾳ
780 981 826 1007 καὶ
841 982 900 1012 ταῖς
917 980 971 1007 λοι-

138 1052 143 1055 ,
183 1026 245 1056 παῖς
256 1025 306 1060 τῆς
321 1024 477 1061 ἀφροσύνης
491 1024 619 1057 ἀπάταις.

216 1071 243 1098 l'.
257 1070 390 1098 Μέλαινά
403 1073 461 1106 ειμι
471 1072 521 1098 καὶ
537 1071 627 1107 καλὴ,
641 1072 803 1107 θυγατέρες
822 1072 971 1107 Ἰερουσα-

181 1116 253 1151 λήμ.

215 1163 373 1199 Θυγατέρας
392 1163 570 1200 Ἰερουσαλὴμ
589 1161 665 1200 οἶμαι
682 1164 774 1191 καλεῖν
796 1164 845 1200 τὴν
861 1164 970 1200 νύμφην

180 1209 228 1240 τὰς
250 1209 424 1245 προφητικὰς
445 1209 500 1236 τῶν
520 1209 633 1236 δικαίων
652 1208 750 1244 ψυχάς.
771 1208 971 1244 Ἐξομολογου-

182 1255 248 1290 μένη
268 1255 317 1289 μὲν
332 1254 367 1281 τὰ
380 1255 579 1290 ἁμαρτήματα,
595 1254 794 1290 φαιδρυνομένη
806 1254 834 1281 δὲ
850 1254 906 1289 (84)
923 1255 971 1281 ἐπὶ

180 1303 212 1337 τῇ
229 1301 275 1327 τοῦ
295 1301 412 1336 νυμφίου
430 1300 640 1336 φιλανθρωπίᾳ·
659 1301 700 1327 δτι
718 1300 825 1327 δίδωσιν
849 1300 904 1335 (85)
923 1299 971 1326 ἐπὶ

181 1347 359 1382 ἁμαρτήμασι
382 1346 536 1382 μετάνοιαν.
557 1346 608 1373 Ἴδε
624 1345 727 1382 ταύτην
745 1346 873 1382 μέλαιναν
887 1343 970 1372 οὖσαν

179 1393 217 1424 ὡς
251 1392 372 1428 ἀληθῶς,
400 1393 447 1419 καὶ
479 1392 575 1428 καλὴν,
611 1391 797 1427 ἐναρχομένην
837 1391 891 1418 ἀπὸ
922 1391 969 1418 τοῦ

178 1437 305 1470 Αἰθίοπος
317 1438 364 1465 τοῦ
378 1438 504 1473 εὐνούχου
517 1438 547 1464 τὺ
564 1438 694 1473 κήρυγμα
709 1437 834 1472 δέχεσθαι
851 1436 898 1463 τοῦ
914 1437 970 1464 Μο-

180 1484 304 1518 νογενοῦς
317 1484 363 1511 διὰ
376 1484 510 1510 Φιλίππου
525 1483 572 1510 τοῦ
585 1483 735 1509 ἀποστόλου
747 1482 814 1518 (86).
829 1483 909 1509 Ὅθεν
923 1483 970 1510 καὶ

180 1533 261 1561 Δαὸίδ
275 1541 357 1568 φησιν
367 1541 375 1548 ·
390 1542 400 1559 ι
418 1532 558 1559 Αίθιωπία
574 1531 726 1568 προφθάσει
740 1532 819 1567 χεῖρα
834 1530 919 1567 αὐτῆς
932 1531 970 1567 τῷ

179 1579 246 1606 Θεῶ.
278 1589 288 1605 ›

215 1627 265 1654 IA’.
292 1627 341 1659 Ὠς
361 1625 540 1660 σκηνώματα
564 1624 681 1659 Κηδὰρ,
701 1624 742 1657 ὡς
757 1623 856 1658 δέρῤις
870 1625 966 1651 Σαλο-

178 1681 249 1708 μων.

214 1718 308 1754 Κηδὰρ
336 1718 392 1753 (87)
421 1717 601 1754 ἑρμηνεύεται
641 1717 826 1752 Ὀστρακίνη.
858 1716 968 1752 Ἐπειδὴ

180 1763 304 1798 πανταχῆ
315 1763 340 1789 οὶ
358 1762 509 1797 Κηδαρῖται
532 1762 711 1798 διεϐλήθησαν
727 1762 802 1797 (88),
827 1761 863 1793 ὥς
886 1771 968 1797 φησιν

185 1809 319 1844 Ἱερεμίας
328 1816 334 1822 ·
351 1816 359 1833 l
375 1807 498 1834 Διέλθετε
511 1808 551 1840 εἰς
561 1808 660 1843 νήσους
670 1809 811 1843 Κεττιεὶμ,
826 1807 873 1834 καὶ
885 1807 965 1839 ἴδετε,

180 1855 226 1882 καὶ
242 1855 282 1886 είς
295 1854 391 1889 Κηόὰρ
408 1853 603 1885 ἁποστείλατε.
618 1854 665 1881 καὶ
681 1855 795 1890 νοήσατε
810 1853 912 1888 σφόδρα
922 1873 929 1884 ,
943 1853 967 1880 εἰ

179 1901 273 1935 γέγονε
287 1900 398 1927 τοιαῦτα
411 1908 418 1915 ·
441 1900 464 1926 εἰ
484 1899 652 1931 ἀλλάξωνται
669 1899 731 1935 ἔθνη
746 1899 823 1931 θεοὺς
838 1899 937 1926 αὐτῶν.
955 1909 964 1925 ι

185 1946 294 1982 Ἐπειδὴ
312 1946 365 1981 γὰρ
382 1945 412 1977 ἐξ
427 1945 538 1972 ἐκείνων
557 1945 746 1980 είδωλομανῶν
761 1943 823 1981 ἧνὴ
843 1945 967 1980 ἐξομολο-

178 1992 308 2026 γουμένη,
321 1991 410 2024 λέγει·
430 1999 437 2016 t
463 1990 506 2022 Ὡς
520 1990 687 2026 σκηνώματα
700 1991 805 2026 Κηδὰρ,
826 1991 864 2022 ὡς
875 1991 967 2027 δὲῤῥις

178 2035 317 2071 Σαλομών.
336 2046 346 2061 ι
367 2035 447 2070 Λέγει
470 2036 516 2062 καὶ
537 2037 567 2062 τὸ
588 2035 618 2068 ἐξ
646 2037 780 2063 Ἰουδαίων
801 2036 856 2072 (89)
873 2037 919 2063 καὶ
936 2037 965 2070 ἐξ

179 2082 280 2114 ἐθνῶν,
301 2081 461 2116 σκηνώμασι
480 2083 529 2117 μὲν
550 2082 646 2118 Κηδὰρ
667 2083 731 2114 τοὺς
750 2082 780 2114 ἐξ
795 2082 880 2109 ἐθνῶν
897 2083 965 2118 αὐτῇ

177 2129 294 2164 ἥκοντας
320 2127 523 2159 ἀπεικάζουσα,
545 2129 580 2164 τῇ
608 2128 683 2163 δὲρρι
706 2128 735 2154 δὲ
764 2127 810 2154 τοῦ
836 2127 965 2163 Σαλομὼν

177 2174 277 2209 ὁμοίως
290 2173 353 2204 τοὺς
365 2173 419 2199 ἀπὸ
441 2172 573 2200 Ἰουδαίων
587 2173 709 2204 πιστοὺς,
721 2173 769 2199 καὶ
783 2173 888 2205 πάντας
902 2173 966 2205 τοὺς

178 2220 272 2254 σάκκῳ
290 2218 493 2253 ὲξιλεουμὲνους
505 2219 535 2245 τὸ
550 2218 636 2246 Θεῖον.

211 2265 260 2292 ῙΒ¹.
280 2265 326 2291 Στ.
343 2268 374 2291 ε’.
395 2264 442 2299 Μὴ
457 2264 596 2299 βλέψητέ
614 2273 652 2299 με
670 2264 715 2290 ὅτι
731 2264 787 2298 ἐγώ
801 2265 860 2298 ειμι
874 2272 961 2299 μεμε-

176 2310 344 2346 larum.
363 2311 407 2337 ὅτι
423 2310 593 2345 παρέϐλεψέ
605 2319 644 2345 με
660 2311 676 2337 ὀ
691 2309 785 2344 ἥλιος.

211 2357 257 2392 Μὴ
276 2355 444 2391 ἀπελπίσητέ
462 2365 511 2391 με,
526 2356 610 2392 φησὶ,
623 2355 668 2382 διὰ
687 2356 737 2387 τὰς
750 2354 804 2381 τῶν
821 2354 964 2390 ἁμαρτιῶν

213 2413 235 2430 δ’
249 2414 329 2441 Eccli.
343 2421 363 2448 t,
379 2414 423 2442 5%.
462 2414 486 2430 '°
499 2413 622 2446 Psal.cx,
639 2414 664 2446 t,
683 2413 710 2442 ‘2.
749 2414 770 2429 “
785 2414 846 2440 Act.
860 2420 920 2445 vut,
933 2413 967 2440 30
980 2418 1041 2447 sqq.

226 2471 270 2505 79)
286 2469 329 2498 Sic
355 2471 506 2505 legendum.
533 2471 612 2499 Barb.
631 2470 712 2498 babct
723 2470 872 2506 εὐθύτητα.
890 2470 959 2498 Vall.

178 2511 203 2533 et
220 2506 313 2532 Tlteat.
327 2507 390 2533 εὐθὺ
404 2506 447 2534 τά.

212 2540 269 2576 (80)
287 2541 368 2568 Sacer
384 2547 473 2568 textus
489 2540 569 2568 habet
581 2539 732 2567 θεοσέϐεια.

211 2576 265 2610 (81)
283 2576 403 2603 Pessime
430 2581 483 2603 vet.
505 2576 620 2610 interpr.
651 2583 768 2608 «aequus
793 2579 884 2602 autem
907 2581 963 2608 est,

177 2613 220 2646 qui
232 2612 308 2638 malis
316 2612 441 2638 omnibus
450 2610 581 2644 privatur.
591 2611 795 2638 condelectatur
804 2618 894 2642 vero.)
909 2616 964 2638 etc.

210 2646 264 2681 (8:!)
278 2646 348 2680 Lego
362 2645 478 2681 ὲντονίᾳ.

209 2679 265 2717 (85)
282 2679 343 2717 Htth
356 2687 410 2708 vet.
430 2679 542 2714 interpr.
557 2679 597 2707 sic
611 2680 712 2717 vertit:
726 2679 804 2717 t_Non
820 2685 861 2708 est
875 2685 964 2707 autem

175 2715 296 2750 corporis
312 2715 428 2743 fuscatio
446 2724 452 2730 -
466 2723 553 2750 neque
566 2715 683 2750 carnalis
699 2715 777 2748 ltujus
788 2722 893 2750 sponsa:
911 2717 960 2742 ite-

177 2724 296 2750 corports
312 2723 428 2743 tuscatto
446 2724 452 2730 ·
466 2723 499 2742 ne
521 2723 553 2742 ue
566 2723 683 2742 caruaus
699 2723 777 2748 lituus
788 2723 893 2750 sponsa:
911 2723 960 2742 tte-

177 2759 233 2778 rum
243 2756 353 2785 ptttetur
367 2723 721 2785 pttlehritttgo.Sedrfuscam
735 2757 794 2777 eaut
807 2751 897 2785 dicit,»
907 2755 960 2778 etc.

176 2784 248 2813 Nutit
263 2784 400 2821 ejusmodi
410 2787 558 2820 interprete
574 2784 720 2812 infelicius.

209 2820 265 2856 (εὖ)
277 2819 319 2848 ’Δέ
333 2828 367 2847 ex
380 2819 510 2848 Vallicell.

210 2854 268 2891 (85')
295 2855 445 2891 Salutatus,
475 2855 596 2891 «quippe
621 2855 654 2883 de
679 2855 796 2891 peccatis
822 2854 958 2891 acceperit

1023 984 1080 1004 rem
1110 981 1284 1004 contraxerat
1316 975 1344 1004 i'n
1376 977 1508 1007 idolorum
1539 980 1612 1008 cultu
1650 982 1808 1018 exterisque

1021 1023 1164 1051 dementia
1178 1031 1233 1051 sua:
1244 1023 1392 1051 erroribus.

1057 1068 1090 1096 Χ.
1113 1068 1199 1105 Nigra
1216 1078 1274 1098 sum
1292 1075 1316 1098 et
1335 1073 1463 1106 formosa,
1479 1072 1543 1106 ﬁliae
1555 1073 1733 1102 Hierusalem.

1057 1160 1189 1196 Sponsam
1218 1161 1338 1189 arbitror
1372 1162 1441 1190 tilias
1473 1162 1638 1191 Hierusalem
1672 1165 1807 1200 appellare

1022 1206 1194 1241 propheticas
1215 1206 1348 1241 justorunt
1377 1208 1492 1236 animas.
1520 1209 1553 1237 Et
1572 1216 1681 1245 peccata
1697 1211 1807 1246 quidem

1022 1253 1180 1285 confitetur;
1206 1253 1299 1287 sponsi
1322 1261 1388 1281 vero
1415 1254 1584 1284 humanitate
1606 1256 1722 1291 laetatur,
1742 1257 1806 1292 quia

1021 1297 1145 1324 concedit
1177 1293 1349 1332 peccatorum
1392 1298 1592 1333 pmnitentiant.
1633 1298 1701 1328 Vide
1737 1300 1808 1327 hanc

1021 1341 1124 1369 fuscam
1150 1349 1244 1370 revera
1260 1347 1287 1370 et
1310 1340 1472 1377 formosam,
1494 1353 1554 1380 qua:
1569 1345 1646 1372 initio
1673 1345 1753 1372 dttcto
1774 1346 1807 1373 ab

1021 1388 1145 1414 eunucho
1162 1388 1289 1422 IEthiope
1301 1389 1520 1422 praedicationem
1537 1390 1671 1425 Unigeniti
1691 1391 1806 1425 suscepit

1022 1441 1070 1468 per
1086 1433 1237 1467 Philippum
1256 1434 1406 1469 apostolum
1423 1435 1456 1461 ".
1474 1434 1549 1462 Unde
1559 1436 1638 1462 etiam
1655 1436 1737 1463 David
1750 1435 1807 1463 ait:

1024 1488 1033 1504 ι
1048 1479 1186 1514 Altltiopia
1201 1480 1346 1514 praeveniet
1358 1488 1467 1508 ntattum
1484 1481 1543 1516 ejus
1559 1482 1612 1509 Deo
1625 1482 1657 1509 ⁸¹.
1672 1491 1682 1508 »

982 1612 1003 1641 c
1055 1606 1101 1635 XL
1124 1606 1157 1634 Ut
1177 1607 1346 1635 tabernacula
1361 1607 1455 1643 Cedar,
1472 1613 1500 1636 ut
1519 1609 1597 1643 pellet
1612 1608 1772 1639 Salomonis.

1058 1706 1145 1735 Cedar
1168 1707 1363 1742 interpretatur
1382 1706 1528 1735 Ostracine.
1550 1707 1681 1742 Quoniam
1708 1702 1806 1744 ultique

1018 1753 1150 1782 Cedarita:
1164 1753 1233 1780 male
1253 1753 1408 1786 audiebant,
1424 1758 1452 1781 ut
1465 1753 1502 1781 ait
1516 1752 1648 1782 Jeremias
1670 1763 1676 1781 :
1693 1754 1806 1783 «Trans-

1018 1800 1055 1828 ite
1077 1799 1110 1826 ad
1132 1799 1233 1827 insulas
1262 1799 1407 1832 Cltettiim',
1430 1803 1458 1826 et
1481 1799 1592 1827 videte:
1613 1804 1640 1828 et
1665 1799 1691 1827 in
1720 1800 1806 1828 Cedar

1018 1845 1128 1877 mittite.
1149 1850 1177 1872 et
1196 1845 1368 1872 considerate
1395 1846 1580 1878 vehementer,
1601 1846 1624 1873 si
1648 1845 1719 1873 facta
1743 1852 1806 1874 sunt

1018 1891 1096 1923 talia;
1120 1891 1142 1918 si
1172 1891 1335 1917 mutaverint
1356 1896 1449 1926 gentes
1471 1891 1536 1918 deos
1563 1898 1626 1920 suos
1651 1892 1707 1918 ".t
1738 1892 1805 1919 Cum

1017 1938 1089 1965 enim
1106 1944 1137 1964 ea
1154 1942 1225 1964 esset
1250 1938 1283 1964 de
1304 1937 1406 1964 insanis
1421 1937 1472 1964 illis
1497 1937 1628 1964 idolorum
1644 1938 1804 1971 cultoribus,

1018 1983 1162 2010 confitetur
1186 1986 1214 2010 et
1242 1983 1330 2010 dicit:
1349 1992 1357 2007 ι
1375 1981 1409 2010 Ut
1439 1982 1610 2010 tabernacula
1643 1982 1740 2016 Cedar,
1775 1988 1805 2010 ut

1017 2029 1098 2065 pelles
1114 2029 1278 2057 Salomonis.
1295 2038 1304 2054 ι
1333 2027 1404 2056 Dicit
1417 2035 1446 2056 se
1463 2027 1547 2062 ipsam
1568 2035 1638 2062 esse,
1658 2033 1683 2056 el
1707 2036 1738 2056 ex
1755 2029 1805 2056 Ju-

1017 2077 1092 2111 (ἱροῖς,
1114 2081 1142 2104 et
1160 2084 1192 2104 ex
1210 2076 1356 2112 gentibus:
1375 2075 1557 2104 tabernaculis
1583 2076 1690 2110 quidem
1715 2076 1805 2104 Cedar

1016 2123 1170 2151 assimilans
1196 2130 1243 2150 eos
1258 2123 1304 2158 qui
1325 2123 1358 2150 ad
1380 2131 1438 2151 eam
1456 2123 1588 2151 venerunt
1604 2131 1636 2150 ex
1658 2123 1802 2158 gentibus;

1017 2169 1078 2204 pulli
1093 2173 1183 2196 autent
1202 2168 1355 2196 Salomonis
1371 2169 1496 2197 similiter
1514 2169 1615 2202 tideles,
1642 2170 1687 2204 qui
1709 2170 1742 2196 ab
1757 2168 1804 2196 Ju-

1015 2213 1080 2240 docis
1095 2212 1207 2248 profecti
1222 2218 1304 2246 sunt;
1328 2218 1355 2241 et
1368 2221 1464 2241 omnes
1479 2222 1558 2241 sacco
1576 2214 1658 2243 Deum
1683 2214 1803 2249 placant.

1051 2258 1108 2286 Xll.
1130 2258 1213 2286 Vens.
1238 2259 1265 2285 5.
1286 2257 1329 2286 Ne
1348 2259 1456 2286 videatis
1480 2259 1550 2293 quod
1575 2267 1622 2294 ego
1646 2258 1721 2294 fusca
1741 2260 1803 2293 sim,

979 2295 999 2322 Π
1016 2306 1138 2341 quoniam
1151 2305 1266 2340 despexit
1279 2313 1318 2332 me
1331 2305 1381 2332 sol.

1053 2351 1093 2378 Ne
1106 2358 1158 2383 me,
1174 2350 1273 2385 inquit,
1290 2351 1434 2386 desperare
1450 2351 1566 2383 faciatis,
1579 2357 1689 2386 proptcr
1701 2359 1799 2385 pecca-

1090 2409 1113 2426 ⁸²
1127 2409 1198 2437 Psal.
1215 2416 1299 2442 vau,
1318 2408 1363 2435 5L

1013 2469 1099 2496 moth.
1114 2475 1144 2499 tt,
1160 2466 1207 2498 '25,
1222 2467 1326 2503 μήποτε
1351 2467 1389 2502 δῷ
1415 2468 1507 2499 αὐτοῖς
1532 2468 1546 2494 ὁ
1571 2467 1638 2499 Θεὸς
1656 2468 1801 2503 μετάνοιαν

1014 2504 1053 2535 είς
1067 2503 1211 2537 ἐπίγνωσιν
1227 2502 1365 2537 ἀληθείας.

1051 2538 1108 2573 (86)
1124 2538 1259 2573 Philippus
1285 2537 1328 2573 ille
1354 2543 1413 2564 erat
1430 2545 1500 2564 unus
1516 2545 1531 2564 e
1551 2542 1653 2571 septem
1679 2538 1802 2567 diarouis

1017 2582 1086 2608 quos
1098 2573 1157 2599 Act.
1174 2580 1211 2604 Vl,
1226 2572 1252 2605 5,
1267 2573 1296 2598 D.
1313 2572 1399 2600 Lucas
1412 2577 1615 2599 commemorat.
1635 2573 1688 2600 Sed
1699 2579 1803 2603 veteres

1019 2607 1141 2636 solebant
1158 2607 1320 2641 apostolicos
1334 2608 1406 2634 viros
1421 2608 1557 2641 appellare
1572 2608 1719 2642 apostolus.
1736 2608 1801 2636 Vittc

1020 2651 1078 2678 quae
1091 2643 1190 2678 veteris
1205 2642 1337 2678 versionis
1351 2642 1439 2669 editor
1450 2643 1554 2675 erudite
1568 2644 1601 2669 ad
1617 2644 1689 2670 hunc
1701 2643 1800 2672 locum.

1054 2678 1108 2712 (87)
1118 2677 1153 2703 De
1168 2677 1254 2703 Cctlar
1264 2681 1291 2703 et
1305 2677 1446 2704 Ostracine
1466 2678 1549 2704 multa
1563 2678 1671 2706 disserit
1684 2680 1716 2705 :ttl
1729 2679 1800 2706 hunc

1017 2712 1105 2739 locum
1124 2712 1192 2738 lectu
1209 2711 1286 2746 plane
1299 2712 1378 2746 digna
1401 2712 1470 2740 idetn
1486 2718 1539 2740 vet.
1554 2713 1687 2740 versiouis
1699 2713 1798 2740 editor.

1049 2747 1105 2782 (88)
1121 2747 1351 2782 Vetusrittterpres
1371 2747 1534 2775 luculautius
1556 2755 1666 2774 sensum
1681 2749 1799 2776 auctoris

1013 2781 1123 2815 exponit
1139 2790 1145 2808 ι
1166 2790 1174 2807 ι
1190 2781 1293 2814 Ubique
1311 2782 1477 2810 Cedarenses
1493 2782 1519 2809 in
1547 2781 1685 2815 Scriptura
1708 2783 1799 2810 divina

1013 2817 1046 2844 dc
1060 2816 1210 2843 idololatria
1227 2816 1378 2850 culpantur,
1393 2819 1462 2844 sicut
1474 2818 1510 2844 ait
1523 2821 1550 2844 et
1564 2817 1725 2845 Jeremias.»

1046 2851 1102 2885 (89)
1120 2850 1154 2878 Τὸ
1171 2850 1206 2882 ἐξ
1229 2851 1385 2879 Ἰουδαίων.
1407 2852 1471 2879 Illud
1495 2851 1526 2878 τό
1553 2851 1596 2878 est
1610 2860 1624 2878 π
1642 2853 1701 2879 cod.
1722 2852 1800 2878 Valli-

1418 2409 1440 2425 ⁵³
1455 2409 1554 2437 Jerem.
1570 2417 1600 2442 tt.
1616 2409 1659 2436 10.

177 2885 372 2925 νοξιιὶιέιιιὶεω.
387 2885 475 2918 ..νει
505 2885 647 2923 interpres,
675 2885 686 2915 t'
694 2890 821 2925 quoniam
839 2889 862 2916 ei
872 2885 958 2925 tiatur

1018 2887 1133 2925 :elliano.
1148 2885 1276 2925 Legeretn
1293 2887 1398 2925 lubens,
1416 2886 1447 2925 τὸ
1460 2886 1509 2921 μὲν
1525 2886 1552 2925 ἐξ
1574 2886 1719 2925 Ἰουδαίωνἱ
1729 2888 1759 2913 τὸ
1771 2887 1800 2913 δὲ

176 2923 332 2959 poenitentia
355 2930 556 2960 peccatorum»
572 2925 617 2953 Est
631 2923 740 2953 Paulina
764 2924 860 2952 locutio
871 2923 891 2950 ll
907 2923 954 2952 Ti—

1009 2921 1038 2954 t5
1052 2920 1145 2954 ἐθνῶν,
1163 2922 1280 2956 «partim
1294 2929 1326 2950 ex
1343 2920 1571 2956 .Iudmis,'partttn
1587 2929 1618 2949 ex
1637 2923 1773 2953 gentibus.
1786 2930 1796 2946 ι
