2078 3153
277 180 311 208 6⁸1

844 176 1003 206 PlllLONIS
1021 177 1176 206 EPISCOPI
1197 177 1354 206 CARPASII

277 246 364 268 torum
382 248 502 270 meorum
520 240 668 275 uigrorcm,
687 238 758 274 quod
771 238 879 273 oblique
894 246 937 267 me
952 246 1063 274 aspexe-

1118 239 1256 275 μελανίας.
1269 239 1310 266 ὅτι
1323 239 1476 275 autem:
1493 248 1526 275 με
1541 237 1668 273 Χριστδς.
1707 237 1756 272 τῆς
1767 233 1902 262 δικαιοσῶ

277 286 450 315 ritCht'isltts
467 286 580 321 justitite
603 284 653 312 sol.
677 284 705 312 Si
721 285 792 312 enim
807 284 934 312 sensibile
949 289 1022 312 esset
1037 284 1063 312 id

278 333 310 359 de
323 340 377 368 quo
391 339 480 360 sermo
493 337 545 364 est,
561 335 588 358 et
599 331 633 358 de
648 331 704 358 sole
718 329 873 365 aspectabili
896 329 1063 365 loqueretur,

278 386 332 406 non
348 379 459 410 diceret,
487 387 497 402 l
511 377 624 411 Oblique
646 383 689 403 me
706 375 750 402 bic
764 375 804 403 sol
820 375 923 409 aspexit
937 385 944 403 :
959 385 969 401 ι
990 383 1063 408 nam,

279 424 325 459 qui
342 425 368 451 in
386 425 480 450 umbra
492 422 713 456 alti~educalique
723 426 794 454 sunt,
809 421 901 456 potius
912 421 1060 449 albescunt.

279 470 325 497 llla
354 473 443 497 autem
472 473 534 496 ante
553 468 630 495 ﬁdem
655 467 681 495 in
704 474 804 494 vesano
833 467 964 495 idolorum
990 467 1063 495 cultu

278 519 395 547 versata,
420 519 448 542 et
475 514 509 542 al)
532 513 642 548 iustitia:
665 512 720 540 sole
750 513 924 540 transversim
943 517 1063 548 aspecta,

278 561 351 588 fusca
371 560 441 588 facta
458 563 510 592 est,
529 559 614 586 donec
638 568 648 584 ‹
663 557 801 592 speciosus
823 557 908 584 forma
928 565 984 592 pne
1001 557 1062 585 ﬁliis

279 606 415 635 hominum
436 605 458 622 ”
474 614 483 631 ι
513 605 622 632 veniens
643 604 780 639 impressit
801 604 828 630 in
859 609 891 630 ea
913 610 961 637 per
975 603 1064 638 bapti-

281 659 368 678 smum
386 649 612 685 pulchritudinem
628 648 946 682 suatn,quemadmodum
960 648 998 675 ait
1011 648 1065 674 Da-

279 697 321 724 vid
338 707 345 724 :
364 696 526 731 «Signatum
556 699 598 722 est
622 695 648 721 in
682 694 759 721 nobis
783 694 872 720 lumen
899 693 988 721 vultus
1015 693 1062 726 tui,

280 743 391 771 Domine
413 743 458 774 ";
475 751 483 767 ι
498 745 525 768 et
552 747 646 768 rursus
672 739 739 767 alibi
755 748 762 766 ε
781 739 840 766 (Et
863 739 916 766 erit
937 738 1063 774 splendor

279 788 383 817 Domini
401 788 447 815 Dei
463 787 546 815 nostri
565 793 647 821 super
662 793 711 814 nos
723 785 756 812 '9.
771 794 781 812 ι

314 888 382 916 XIII.
403 887 468 915 Filii
487 886 578 914 matris
595 894 661 913 mea:
679 890 858 921 pugnaverunt
878 886 905 914 in
927 894 978 914 me.

1118 293 1167 320 νης
1183 284 1292 319 ὀῆλιος,
1309 284 1341 310 Ei
1360 283 1415 319 γὰρ
1435 283 1562 318 αἰσθητὸν
1582 281 1637 318 (90)
1654 279 1687 316 ἦν
1711 280 1742 306 τὸ
1757 279 1902 314 λεγόμενον

1118 330 1166 356 καὶ
1178 331 1242 365 περὶ
1253 330 1348 356 τούτου
1365 329 1412 356 τοῦ
1429 329 1503 364 ἡλίου
1516 326 1551 363 ἦν
1567 328 1596 354 τὸ
1614 325 1786 361 λαλούμενον,
1802 325 1853 351 οὐκ
1869 324 1903 350 ἂν

1119 374 1211 409 ἔλεγεν
1222 394 1229 406 ,
1240 375 1281 401 ὃτι
1299 374 1470 410 (Παρέσλεψέ
1489 383 1523 410 με
1534 373 1630 408 ὁῆλιος
1644 367 1721 402 οὗτος
1731 379 1737 386 ·
1746 379 1755 396 ›
1766 369 1834 397 ἀλλά
1846 369 1886 405 (91
1892 374 1902 404 )

1121 421 1270 457 μᾶλλονοί
1308 422 1371 456 σκιᾷ
1402 421 1581 457 τροφούμενοι
1611 418 1677 454 (92)
1706 416 1899 444 λευκαίνονται.

1125 467 1230 502 Ἐκείνη
1245 466 1273 493 δέ
1286 467 1314 494 ἐν
1330 468 1389 499 ταῖς
1403 467 1456 493 τῶν
1472 465 1587 493 εἰδώλων
1597 462 1777 498 ἐξεταζομένη
1795 459 1902 496 μανίαις

1119 512 1172 548 πρὸ
1184 513 1233 548 τῆς
1248 513 1375 545 πίστεως,
1388 513 1434 539 κα)⁴
1452 512 1504 539 ὑπὸ
1519 511 1566 539 τοῦ
1577 511 1626 546 τῆς
1640 508 1812 544 δικαιοσύνης
1827 505 1902 542 ήλίου

1119 558 1320 594 παρεωραμένη
1352 559 1457 594 ὑπῆρχε
1484 556 1713 593 μεμελανωμένη·
1743 554 1795 585 ἕως
1814 550 1844 580 οὗ
1866 561 1875 578 ι
1889 553 1904 579 ὸ

1117 604 1216 640 ὡραῖος
1224 604 1314 632 κάλλει
1328 604 1403 639 παρά
1414 604 1476 635 τοὺς
1488 603 1561 635 υἱοὺς
1568 601 1621 629 τῶν
1633 599 1782 636 ἀνθρώπων
1797 608 1807 626 ι
1817 606 1899 634 παρα»

1117 650 1273 685 γενόμενος,
1292 650 1323 677 τὸ
1345 650 1441 677 ἐαυτοῦ
1464 649 1562 681 κάλλος
1584 649 1628 676 διὰ
1648 647 1695 674 τοῦ
1718 645 1902 682 βαπτίσματος

1117 696 1326 724 ἐναπετύπωσεν
1343 697 1383 727 εἰς
1401 696 1500 732 αὑτήν⁹
1525 694 1617 726 καθὼς
1629 693 1676 721 καὶ
1694 693 1776 720 Δασὶδ
1790 692 1901 727 φάσκει·

1120 752 1130 769 ι
1155 742 1327 778 Ἐσ-ημειώθη
1342 743 1384 777 ἐφ’
1405 743 1479 778 ἡμᾶς
1493 741 1523 769 τὸ
1538 741 1595 776 φῶς
1614 740 1660 767 τοῦ
1681 738 1826 775 προσώπου
1843 745 1901 768 σου,

1117 788 1220 824 Κύριε·
1240 798 1249 815 ι
1266 789 1314 816 καὶ
1324 788 1440 823 ἀλλαχοῦ
1458 788 1538 814 πάλιν
1548 795 1555 802 ·
1575 797 1583 812 ι
1598 787 1653 813 Καὶ
1667 787 1736 812 ἐστω
1749 786 1766 821 ἡ
1782 783 1903 820 λαμπρό-

1117 844 1167 871 της
1180 835 1282 872 Κυρίου
1298 834 1345 862 τοῦ
1358 835 1425 862 Θεοῦ
1438 834 1515 870 ἡμῶν
1530 834 1572 868 ἐφ’
1587 833 1668 869 ἡμᾶς.
1689 841 1697 858 ι

1153 891 1202 918 ll".
1221 891 1281 918 Υἱοὶ
1292 891 1407 926 μητρός
1417 899 1477 926 μου
1490 889 1676 925 ἐμαχέσαντο
1692 888 1728 914 ὲν
1740 887 1816 922 ἐμοί.

311 935 395 963 Filios
419 934 514 962 matris
537 940 593 960 sua:
615 933 733 960 arbitror
757 932 846 960 dicere
859 933 995 967 sapientes
1012 939 1063 960 coa-

1154 937 1235 969 Υίοὺς
1248 924 1442 973 maga-51;};
1455 924 1532 971 οἶμαι
1541 935 1604 966 τοὺς
1616 934 1714 969 σοφοὺς
1723 933 1773 968 τῆς
1786 933 1905 968 ἐπουρα-
1923 924 1927 928 ’

280 981 355 1008 lestis
374 980 447 1016 regni
469 979 555 1011 ﬁlios,
573 977 717 1014 apostolos.
738 977 773 1006 Ut
801 982 891 1006 autem
919 978 1069 1006 luculenter

279 1029 478 1055 demonstretur
501 1030 638 1053 strenuam
666 1029 693 1051 et
715 1024 854 1059 pulchram
877 1031 993 1059 pugnam
1021 1032 1068 1059 pa-

279 1080 338 1100 rere
351 1079 459 1107 pacem,
480 1071 621 1105 zelumque
640 1069 732 1097 aﬂlare
754 1070 892 1102 divinum,
925 1070 984 1098 \‘ide
1005 1070 1067 1105 quid

280 1119 377 1146 Paulus
391 1118 482 1146 dicat:
498 1127 507 1143 ι
523 1118 581 1144 Dixi
597 1117 694 1152 Ceplne
707 1136 715 1149 ,
734 1126 743 1142 I
761 1116 863 1150 inquit,
879 1126 889 1142 ‹
905 1123 996 1144 coram
1010 1124 1067 1143 om-

278 1164 358 1191 nibus
372 1173 378 1190 :
398 1163 426 1190 Si
445 1168 472 1190 tu
487 1171 547 1190 cum
560 1162 669 1190 Judteus
684 1162 721 1188 sis
731 1181 738 1194 ,
754 1161 893 1197 gentiliter
905 1167 933 1189 et
949 1169 1001 1189 non
1019 1161 1067 1190 Ju-

243 1227 246 1229 .
279 1208 357 1235 daice
367 1207 457 1234 vivere
475 1206 612 1235 instituisti
629 1211 739 1241 propter
752 1206 888 1234 Christum
903 1212 930 1234 et
944 1207 1063 1234 :edifica-

279 1252 379 1279 tionem
401 1251 533 1285 fidelium,
552 1259 601 1279 cur
623 1256 717 1286 gentes
738 1251 814 1286 cogis
835 1251 978 1285 judaizare
990 1252 1014 1269 "'
1028 1251 1038 1278 ?
1053 1261 1062 1277 ι

279 1299 436 1335 Huiusmodi
463 1298 603 1334 paciﬁcam
629 1305 784 1333 pugnavere
811 1305 929 1333 pugnam
956 1299 982 1326 in
1008 1306 1062 1332 ea;

278 1352 420 1381 propterea
439 1345 505 1373 dicit
523 1354 530 1373 :
551 1353 560 1370 ι
582 1343 641 1371 Filii
662 1344 758 1371 matris
784 1351 850 1371 meae
875 1348 1066 1379 pugnaverunt

278 1393 306 1420 in
324 1400 376 1420 me.
392 1402 402 1419 ι

311 1448 383 1477 XIV.
406 1449 553 1477 Posuerunt
572 1457 612 1476 me
631 1447 765 1476 custodem
789 1448 816 1474 in
835 1447 925 1474 uineis.
957 1446 1064 1474 Vineam

278 1501 362 1520 meum
383 1501 434 1520 non
453 1494 590 1520 custodivi.

318 1539 399 1566 Vinea
420 1538 540 1573 pluribus
552 1539 620 1567 locis
640 1539 667 1566 in
688 1537 775 1566 sacris
795 1537 943 1572 Seriptnris
964 1538 1063 1572 scripta

1118 983 1174 1010 νίου
1193 982 1329 1018 βασιλείας
1346 983 1431 1014 υίοὺς,
1444 981 1507 1013 τοὺς
1519 980 1685 1012 ἀποστόλους
1699 977 1903 1014 λέγειν.’1ναδέ

1119 1028 1275 1062 σαφέστατα
1287 1028 1378 1063 δειχθῇ
1396 1027 1451 1063 (95)
1466 1019 1571 1062 ἀγαθήν
1595 1034 1623 1052 τε
1641 1025 1687 1052 καὶ
1713 1024 1798 1060 καλὴν
1813 1023 1903 1058 μάχην

1115 1073 1165 1100 καὶ
1180 1073 1289 1108 είρήνης
1306 1071 1489 1106 παρεκτικὴν,
1513 1070 1560 1097 καὶ
1578 1070 1659 1105 ζήλου
1675 1068 1845 1104 ἐμπνέουσαν
1859 1068 1903 1094 ἐν·

1118 1118 1190 1151 οέου,
1213 1117 1294 1153 βλέπε
1305 1117 1331 1143 τί
1348 1116 1453 1148 Παῦλος
1468 1116 1556 1150 λέγει·
1574 1125 1583 1141 ι
1605 1114 1779 1150 ’Ἐμπροσθεν
1793 1114 1901 1141 πάντων

1117 1163 1191 1191 εἶπον
1210 1164 1249 1199 τῷ
1263 1164 1346 1199 Κηφᾷ
1357 1171 1363 1177 ·
1384 1163 1416 1190 El
1436 1163 1467 1190 σὺ
1486 1162 1609 1193 Ἰουδαῖος
1623 1162 1762 1197 ὑπάρχων,
1774 1159 1899 1191 ἐθνικῶς,

1116 1211 1162 1238 καὶ
1181 1211 1230 1237 οὐκ
1247 1210 1408 1242 Ἰουδαϊκῶς,
1424 1209 1473 1245 ζῇν
1488 1209 1642 1244 προῄρησαι
1662 1207 1717 1243 (94)
1728 1206 1770 1233 διὰ
1784 1206 1901 1242 Χριστὸν

1115 1258 1163 1283 καὶ
1178 1256 1226 1292 τὴν
1240 1255 1382 1292 οἰκοδομὴν
1396 1255 1450 1282 τῶν
1459 1255 1572 1286 πιστῶν,
1589 1254 1648 1286 πῶς
1658 1253 1692 1280 τὰ
1706 1253 1769 1288 ἔθνη
1782 1252 1902 1287 ἀναγκά-

1116 1301 1172 1334 ζεις
1195 1301 1350 1333 Εουδαῖζειν;
1372 1310 1381 1326 ι
1401 1299 1535 1335 Τοιαύτην
1556 1300 1697 1335 εἰρηνικὴν
1733 1298 1902 1334 ἐμαχέσαντο

1117 1348 1206 1383 μάχην
1221 1348 1249 1373 ἐν
1265 1347 1333 1382 αὐτῇ
1348 1356 1354 1362 ·
1372 1347 1412 1373 διὸ
1425 1346 1500 1381 λέγει
1510 1354 1517 1360 ·
1533 1355 1542 1371 t
1564 1345 1623 1372 Υἱοὶ
1637 1344 1741 1380 μητρός
1762 1353 1812 1379 μου
1834 1344 1903 1379 ἐμα-

1115 1393 1227 1429 χέσαντο
1240 1394 1267 1420 ἐν
1279 1393 1350 1429 ἐμοί.
1366 1403 1376 1419 1

1150 1451 1199 1477 lA'.
1216 1451 1339 1477 Ἕθεντό
1348 1459 1385 1485 με
1398 1450 1595 1485 φυλάχισσαν
1606 1450 1642 1476 ἐν
1659 1449 1832 1484 ἀμπελῶσι·
1850 1448 1902 1475 τὸν

1115 1496 1274 1531 ἀμπελῶνα
1289 1496 1343 1532 (95)
1355 1497 1428 1531 ἐμὸν
1443 1497 1498 1523 οὐκ
1509 1496 1655 1531 ἐφύλαξα.

1156 1542 1298 1577 ’Λμπελὼν
1331 1541 1537 1578 ἀναγέγραπται
1569 1541 1689 1577 πολλαχῆ
1714 1541 1764 1577 μέν
1788 1542 1817 1568 ἐν
1843 1541 1903 1572 ταῖς

282 1586 426 1621 reperitur.
445 1583 569 1611 Breviter
585 1584 726 1612 dicendum
744 1589 787 1610 est
800 1583 983 1617 evangelicum
1000 1581 1063 1608 illud

1117 1587 1201 1618 Θείαις
1213 1587 1333 1621 Γραφαῖς
1344 1595 1350 1601 ·
1366 1587 1394 1612 ἐν
1409 1587 1525 1622 ἐπιτομῇ
1539 1586 1567 1612 δέ
1580 1586 1688 1612 λεκτέον
1708 1586 1738 1612 τὸ
1763 1586 1902 1620 εὐαγγελι-

280 1631 386 1658 Domini
413 1631 445 1658 de
470 1631 503 1658 iis
519 1630 564 1665 qui
594 1638 646 1658 non
672 1631 738 1657 dant
762 1629 884 1661 fructus,
909 1629 942 1655 iis
961 1628 1006 1662 qui
1027 1627 1065 1663 (a

279 1675 493 1710 patrefamilias)
523 1675 597 1702 missi
624 1674 732 1702 fuerunt
755 1682 761 1701 :
789 1681 798 1698 ι
815 1672 910 1699 Veniet
941 1671 1065 1699 dominus

278 1721 379 1752 vineae.
403 1725 430 1748 et
458 1720 544 1748 malos
569 1720 639 1748 male
663 1720 757 1755 perdet
784 1718 856 1753 ipsos
871 1737 878 1750 ,
906 1722 933 1745 et
960 1717 1064 1745 vineam

279 1766 380 1794 locabit
395 1766 456 1793 aliis
472 1765 599 1800 agricolis
615 1765 660 1801 qui
685 1765 799 1793 reddent
816 1764 924 1791 "fructus
947 1768 1066 1798 tempore

278 1819 328 1839 suo
346 1812 380 1839 ".
400 1821 409 1838 ι
435 1812 587 1839 Conﬁrmat
617 1816 707 1839 autent
739 1810 867 1839 Dominus
894 1810 1013 1843 dietum,
1039 1814 1067 1837 et

278 1858 370 1885 subdit
388 1858 482 1885 dicens
498 1858 531 1884 ad
550 1864 617 1885 eos:
638 1866 647 1882 ι
666 1856 811 1883 Anferetur
827 1863 841 1882 a
860 1855 937 1882 vobis
953 1862 1065 1890 regnum

278 1902 325 1930 Dei
343 1902 378 1931 ".
398 1912 407 1928 ι
439 1902 540 1930 Deinde
565 1901 683 1936 loquitur
710 1902 743 1928 de
767 1902 817 1928 hac
843 1907 955 1936 sponsa,
984 1907 1064 1935 quam

277 1948 352 1974 novit
376 1948 402 1974 in
427 1947 548 1975 Canticis
572 1947 740 1974 canticorum
768 1954 829 1973 cum
855 1953 884 1972 se
903 1945 963 1980 ipso
980 1945 1064 1972 collo-

277 1994 370 2028 quium
389 1994 490 2021 habere
507 2002 514 2020 ι
532 2003 541 2019 ι
555 1993 593 2020 Et
609 1993 717 2020 dabitur
735 1993 808 2027 genti
829 1992 938 2019 facienti
959 1990 1065 2018 fructus

278 2041 335 2074 ejus
352 2040 386 2067 '°.
402 2049 412 2066 ι
428 2040 490 2067 Haec
516 2039 550 2066 ab
576 2039 705 2074 apostolis
732 2038 893 2073 poniturin
925 2038 975 2065 hac
1003 2037 1064 2065 ﬁdei

278 2086 356 2112 vinea
385 2090 476 2113 custos
507 2084 611 2111 fructus
642 2084 741 2111 tnnltos
774 2091 898 2111 racemos
929 2083 1062 2111 habentis.

280 2140 290 2157 ι
312 2131 462 2158 Posnernm
482 2138 525 2157 me
538 2130 677 2157 custodem
697 2130 725 2156 in
743 2129 832 2156 vinea.
849 2138 858 2155 ι
877 2128 979 2155 Deinde
995 2135 1062 2155 con-

278 2177 422 2204 fessionem
471 2184 547 2204 snam
580 2176 690 2210 exponit
721 2174 872 2202 Juda-orum
908 2181 1078 2210 synagoga,

277 2220 393 2257 ipsaque
414 2222 524 2255 fatetur,
551 2229 580 2249 se
603 2230 618 2249 a
640 2221 740 2249 'Judaeis
757 2221 790 2248 ad
811 2226 932 2248 sanctam
956 2221 1062 2248 venisse

1117 1632 1164 1659 κδν
1180 1632 1268 1659 ἐκεῖνο
1281 1632 1382 1668 Κυρίου
1404 1632 1461 1667 (96)
1476 1632 1539 1668 περὶ
1562 1631 1615 1658 τῶν
1635 1632 1671 1666 μὴ
1691 1631 1816 1659 διδόντων
1840 1631 1902 1663 τοὺς

1117 1678 1239 1713 καρποὺς
1257 1678 1312 1708 τοῖς
1334 1677 1540 1704 ἀποσταλεῖσιν·
1561 1687 1570 1702 ι
1598 1676 1752 1703 Ἐλεύσεται
1768 1677 1783 1703 ὀ
1810 1676 1904 1713 κύριος

1115 1722 1162 1749 τοῦ
1176 1722 1346 1758 ἀμπελῶνος,
1363 1723 1410 1750 καὶ
1421 1723 1523 1754 κακοὺς
1535 1723 1627 1754 κακῶς
1642 1722 1770 1749 ἀπολέσει
1786 1722 1901 1754 αὑτοῦς·

1116 1769 1163 1795 καὶ
1177 1769 1222 1794 τὸν
1232 1768 1382 1804 ἀμπελῶνα
1403 1767 1551 1795 ἐκδώσεται
1575 1767 1665 1799 ἀλλοις
1680 1769 1823 1803 γεωργοῖς,
1837 1767 1906 1794 οἵτι-

1116 1822 1160 1845 νες
1179 1813 1294 1840 δώσουσι
1314 1814 1377 1845 τοὺς
1396 1814 1520 1849 καρποὺς
1533 1814 1562 1840 ἐν
1578 1814 1634 1844 τοῖς
1650 1814 1756 1848 καιροῖς
1769 1812 1869 1840 αὐτῶν.
1889 1822 1899 1839 ι

1122 1858 1150 1885 Ὀ
1170 1858 1199 1884 δὲ
1222 1857 1322 1894 Κύριος
1346 1858 1450 1893 βεϐαιοί
1467 1857 1498 1884 τὸ
1520 1859 1606 1893 ῥῆμα,
1628 1859 1677 1883 καὶ
1699 1858 1795 1891 ἐπάγει
1815 1856 1902 1891 λέγων

1116 1904 1184 1940 πρὸς
1194 1905 1328 1936 ἐκείνους’
1348 1913 1358 1930 t
1385 1903 1546 1940 Ἀροὴσεται
1563 1903 1609 1937 ἀφ’
1631 1902 1709 1938 ὑμῶν
1729 1903 1746 1938 ἡ
1778 1902 1900 1937 βασιλεία

1115 1949 1162 1976 τοῦ
1178 1949 1255 1976 Θεοῦ.
1266 1959 1282 1975 τ)
1296 1949 1351 1976 Καὶ
1370 1949 1444 1982 λέγει
1460 1949 1525 1984 περὶ
1543 1948 1653 1982 ταύτης,
1671 1945 1773 1983 ἦςνοῖδε
1789 1947 1900 1983 νύμφης

1115 1993 1166 2028 τῆς
1181 1994 1210 2019 ἐν
1227 1993 1361 2029 ’ᾊσμασιν
1374 1992 1447 2028 αὐτῷ
1467 1991 1697 2028 προσομιλούσης·
1716 2002 1725 2018 ι
1743 1992 1798 2019 Καὶ
1811 1992 1899 2029 mea-

1116 2046 1191 2064 σεται
1208 2038 1278 2065 ἕονει
1288 2038 1326 2073 τῷ
1339 2037 1459 2064 ποιοῦντι
1474 2039 1537 2069 τοὺς
1553 2038 1678 2073 καρποὺς
1695 2038 1789 2065 αὑτοῦ.
1803 2048 1812 2064 ι
1824 2029 1898 2075 Ᾰΰτη

1115 2083 1168 2110 ὑπὸ
1181 2083 1235 2110 τῶν
1250 2084 1404 2111 ἀποστόλων
1419 2083 1523 2110 τίθεται
1543 2083 1697 2119 φυλάκισσα
1715 2085 1743 2110 ἐν
1758 2084 1899 2119 ἀμπελῶνι

1113 2129 1200 2164 τούτῳ
1213 2130 1262 2164 τῆς
1277 2130 1393 2161 πίστεως
1404 2129 1566 2165 πολυϐότρυῖ
1583 2129 1690 2166 καρπῷ.
1711 2138 1721 2155 ι
1739 2129 1850 2156 "same
1865 2139 1899 2165 με

1114 2174 1284 2208 φυλάκισσαν
1301 2176 1329 2202 ἐν
1344 2175 1495 2210 ἀμπελῶνι.
1512 2185 1522 2201 ι
1539 2174 1606 2202 Εἶτα
1627 2175 1859 2211 ἐξομολογουμένη
1882 2177 1898 2211 ἡ

1119 2220 1254 2247 Ἰουδαίων
1273 2221 1428 2256 συναγωγὴ,
1442 2221 1489 2248 καὶ
1507 2221 1574 2255 αὑτὴ
1592 2220 1717 2255 ὁμολογεῖ
1732 2220 1769 2253 ὼς
1784 2221 1898 2247 ἐλθοῦσα

277 2268 446 2301 Ecciesiam,
475 2273 503 2296 et
529 2268 590 2295 ait:
608 2267 746 2295 «Vineam
776 2274 862 2294 meam
891 2274 944 2293 non
969 2271 1059 2293 custo-

1116 2266 1168 2293 ἀπὸ
1191 2267 1325 2294 Ἰουδαίων
1336 2269 1375 2299 εἰς
1388 2268 1437 2302 τὴν
1449 2268 1530 2301 ἁγίαν
1553 2266 1726 2301 Ἐκκλησίαν,
1744 2267 1790 2294 καί
1812 2275 1896 2302 φησι·
1930 2275 1935 2280 ·

277 2315 329 2342 divi
346 2323 354 2342 :
372 2324 382 2342 ι
398 2314 424 2342 id
440 2319 498 2348 est,
515 2322 575 2349 qua:
598 2314 627 2341 in
651 2313 709 2348 lege
731 2317 813 2340 antea
836 2316 970 2347 prmcepta
999 2311 1059 2339 fue-

310 2414 334 2432 "
352 2413 423 2441 Psal.
439 2421 512 2447 XLIV,
530 2413 557 2441 3.
595 2412 618 2429 "
642 2411 713 2440 Psal.
727 2419 764 2444 tv,
779 2411 807 2438 7.
845 2411 868 2427 "
887 2410 959 2439 Psal.
977 2418 1091 2444 umx,

276 2451 321 2478 45.
360 2449 383 2465 ⁶⁹
402 2449 468 2476 ibid.

312 2538 369 2574 (ςο)
388 2539 422 2566 Et
437 2537 492 2573 γὰρ
508 2539 662 2574 αισθητόν.
687 2537 749 2574 Haec
775 2537 890 2574 barbare
913 2538 953 2574 sic
980 2538 1060 2574 vertit

277 2572 331 2602 vet.
342 2572 483 2607 interpres,
497 2579 525 2600 nt
535 2581 567 2600 ea
578 2572 630 2600 non
645 2573 722 2600 facile
734 2573 865 2607 intelligas
877 2581 904 2599 :1
916 2572 974 2600 Non
987 2573 1058 2600 enim

276 2613 335 2636 erat
355 2608 481 2635 sensibile
504 2609 574 2643 quod
598 2608 714 2640 dicebat,
731 2608 777 2635 sed
796 2609 829 2635 de
845 2607 897 2635 isto
913 2613 971 2636 erat
992 2607 1058 2641 sole,

276 2643 348 2679 quod
362 2643 610 2679 loquebatur.rNam
631 2650 683 2670 non
700 2643 838 2679 dicereut
850 2644 914 2678 quia
936 2643 1060 2679 despexit

276 2677 319 2706 ine
333 2678 383 2705 sol.
404 2687 413 2703 ι
427 2677 483 2704 Νοη
499 2678 569 2705 enim
583 2677 797 2712 fuscantnrquos
810 2677 924 2712 despicit
935 2678 975 2705 sol
992 2679 1057 2710 iste;

277 2713 322 2740 sed
332 2713 427 2747 magis,
435 2713 496 2739 dum
506 2713 600 2739 umbra
613 2718 769 2746 pascuntur,
781 2713 950 2740 calididiores
963 2714 1056 2739 fiunt.)

310 2748 366 2782 (9i)
395 2747 458 2783 Inde
478 2753 589 2783 apparet
612 2747 750 2774 Philonem
783 2747 826 2774 illa
851 2748 920 2775 sacri
947 2753 1053 2775 textus:

275 2783 336 2809 ὀτι
352 2781 552 2818 παρέόλεψέμε
563 2781 578 2808 ό
591 2782 912 2818 ﬁltocgicinteliexisse.
930 2787 959 2810 ut
973 2783 1057 2810 inter-

278 2802 959 2852 lEéiai'J'ifK..ii§r5;iii§"i123.fii&'727222.3:
966 2802 1058 2852 aura;

277 2851 427 2913 obfcrnvglt
442 2851 573 2886 Nobilius,
589 2851 668 2880 vertit
682 2860 688 2878 :
707 2861 716 2878 ι
729 2851 860 2886 Quoniam
873 2860 926 2881 non
943 2851 1058 2881 intuitus

277 2895 305 2913 BS
328 2894 352 2913 lll
427 2905 433 2912 ο
444 2894 454 2913 ι

275 2891 318 2914 est
328 2893 371 2917 HIC
383 2891 433 2914 501.
444 2894 454 2913 ι

1115 2321 1125 2338 ‹
1145 2313 1197 2340 Τὸν
1207 2313 1354 2348 ἀμπελῶνα
1370 2313 1435 2348 ἐμὸν
1451 2314 1500 2339 οὐκ
1510 2312 1642 2347 ἐφύλαξα·
1660 2323 1669 2339 ι
1688 2313 1757 2349 ὅπερ
1771 2313 1830 2341 ἐστί
1841 2322 1848 2330 ·
1858 2313 1898 2340 Τὰ

1112 2411 1155 2438 Π.
1193 2414 1215 2430 ι’
1233 2412 1319 2441 Galat.
1344 2421 1374 2445 ιι,
1393 2413 1436 2440 u.
1475 2413 1499 2428 "
1520 2412 1614 2440 Matth.
1633 2421 1689 2448 ut,
1704 2414 1749 2442 41.
1789 2414 1812 2431 ⁸⁹
1831 2415 1896 2443 ibid.

1144 2537 1397 2576 (92)_0mnes_quos
1414 2538 1495 2576 _vidi,_
1509 2538 1684 2572 manuscripti
1707 2538 1809 2576 habent
1833 2541 1897 2576 σκιᾷ

1108 2573 1297 2610 τροφούμενοι.
1315 2573 1468 2610 Legendum
1484 2573 1598 2610 fortasse
1617 2574 1875 2610 σκιατραφούμενοι.

1147 2609 1203 2644 (95)
1221 2609 1267 2636 Sic
1288 2609 1440 2640 emendavi,
1461 2616 1521 2636 cum
1541 2609 1622 2636 Barb.
1646 2613 1674 2637 et
1695 2609 1794 2637 Vallia.
1813 2610 1894 2638 liabe-

1109 2643 1166 2671 rent
1186 2644 1278 2679 λεχθῇ.
1297 2648 1322 2671 et
1343 2643 1434 2672 itidem
1451 2643 1544 2679 Thcat.

1145 2679 1202 2713 (94)
1217 2677 1266 2706 Sic
1290 2679 1441 2714 legendum.
1463 2678 1543 2706 Barh.
1565 2680 1746 2715 προαιρεῖται.
1761 2677 1891 2708 Valiicell.

1109 2715 1260 2750 προαιρείς.
1282 2714 1377 2741 'l‘lteat.
1395 2715 1563 2750 «pompeium,

1148 2748 1203 2784 (95)
1222 2749 1283 2775 llazc
1298 2750 1378 2776 verba
1393 2748 1501 2784 addidi,
1518 2749 1580 2784 quia
1601 2755 1632 2775 ea
1653 2749 1786 2784 explicata
1811 2748 1895 2777 habes

1113 2784 1140 2811 in
1154 2783 1212 2810 'tine
1233 2784 1312 2817 hujus
1338 2783 1542 2819 explanationis.
1560 2783 1645 2819 ‘Vetns
1673 2783 1784 2819 interpr.
1804 2785 1840 2811 ita
1861 2791 1893 2812 ea

1113 2823 1234 2852 separata
1256 2818 1330 2852 ponit
1351 2817 1411 2845 cum
1432 2817 1629 2852 explanatione,
1648 2823 1676 2846 ut
1693 2817 1799 2847 veréum
1820 2826 1895 2847 seor-

1113 2853 1163 2880 sim
1174 2853 1207 2879 ab
1220 2852 1279 2880 aliis
1293 2853 1466 2880 constituant.

1149 2886 1203 2922 (96)
1225 2887 1267 2915 Sic
1284 2887 1432 2922 legendum.
1447 2886 1514 2915 Male
1525 2887 1603 2916 Barb.
1617 2893 1643 2917 et
1659 2888 1752 2916 Yallic.
1779 2887 1891 2925 κυρίως.
