2078 3153
181 170 216 198 53
646 169 845 198 ENARBATIO
866 169 899 196 IN
919 169 1094 198 CANTICUM
1113 167 1350 198 CANTICOIIUM.
1771 166 1805 192 5t

182 232 272 264 στούς.
286 231 364 258 Μετὰ
378 230 433 266 γάρ
446 231 477 257 τὸ
491 231 588 263 εἰπεῖν,
604 241 612 257 ι
628 231 755 266 Σιαγόνες
764 240 822 263 σου,
839 241 848 257 ι
859 231 967 266 ἐπάγει·

1023 231 1158 260 collcctos.
1180 230 1325 265 Postquam
1343 230 1414 257 enim
1433 228 1555 259 dixisset.
1579 237 1588 253 ι
1609 227 1689 255 Cenm
1709 231 1771 258 tum,
1791 235 1803 252 ι

185 288 193 303 ι
211 277 350 312 Τράχηλός
372 285 420 304 σου
439 276 479 308 ὡς
492 278 622 313 ὁρμίσκος
633 286 639 294 ’
660 288 669 304 ι
694 277 737 305 ἵνα
750 277 823 313 δείξῃ
839 277 886 304 καὶ
906 278 969 309 τοὺς

181 323 235 350 ἀπὸ
249 323 384 349 Ἰουδαίων
396 323 622 355 πεπιστευκότας,
631 323 676 351 τὸν
685 322 816 358 ὁρμίσκον
826 321 871 349 τοῦ
887 321 970 349 Ἰούδα

181 368 226 394 τὸν
248 367 360 395 δοθέντα
374 368 407 403 τῇ
422 367 520 403 Θάμαρ
532 368 700 404 ὑπομνήσας.
725 377 734 394 ι
753 368 890 404 Πρόδηλον
903 367 969 403 γὰρ,

182 414 223 440 ὅτι
246 413 278 445 ἐξ
303 413 389 440 Ἰούδα
409 413 588 440 ἀνατέταλκεν
611 414 625 440 ὸ
645 414 746 450 Κύριος
763 413 842 449 ἡμῶν
868 414 971 450 Ἰησοῦς

184 457 313 494 Χριστὸς,
337 467 346 483 ι
363 457 431 484 κατὰ
452 457 498 484 τὸν
525 458 695 485 ’Λπόστολον.
720 456 786 485 Εἶτα
805 458 854 494 τὴν
875 458 970 493 γενεάν

185 498 272 539 αὐτῆς
285 503 482 538 διηγησάμενος
498 504 565 539 (22),
576 505 623 531 καὶ
634 504 680 531 τὸν
691 504 792 540 κόσμον
805 504 889 539 ὅνπερ
902 504 970 540 αὐτῇ

187 548 325 586 χαρίζεται
341 550 356 576 ὁ
370 550 496 585 νυμφίος,
512 550 659 585 ἐπάγουσιν
672 552 696 578 οἱ
710 550 868 578 ἀπόστολοι·

221 638 281 666 KI“.
307 638 351 665 Στ.
376 642 402 666 ι’.
432 638 613 673 ὀμοιώματα
638 639 769 674 χρυσίου
785 636 971 673 ποιήσωμέν

184 692 232 711 σοι
241 683 317 718 μετὰ
331 683 501 719 στιγμάτων
516 684 569 711 τοῦ
584 684 737 719 ἀργυρίου.

225 729 401 766 Ὀμοιώματα
413 731 525 766 χρυσίου
538 731 587 766 οὐχ
602 731 683 766 ἕτερα
699 728 777 766 οἶμαι
788 727 867 761 εἶναι,
882 728 939 755 ἀλλ’
953 728 970 764 ἢ

183 775 247 806 τοὺς
261 775 356 809 ἁγίους
373 774 515 812 μάρτυρας
525 783 532 790 ·
548 775 698 810 ἐπειδήπερ
711 774 755 801 διὰ
766 774 851 810 πυρὸς
863 774 971 808 δοκιμα-

185 819 305 853 σθέντες,
319 819 514 855 λαμπροτέραν
530 819 702 851 ἐπεδείξαντο
718 819 766 854 τὴν
779 819 878 845 πίστιν.
896 827 905 844 ι
929 817 972 849 Ὠς

185 866 295 901 χρυσίον
312 875 322 892 ι
341 865 407 901 γάρ,
430 866 523 900 φησιν,
541 874 550 890 ι
570 866 599 892 ὲν
621 865 796 900 χωνευτηρίῳ
811 864 970 899 ἐδοκίμασεν

185 911 300 943 αὐτοὺς,
329 911 378 938 καὶ
398 910 436 942 ὠς
461 910 645 946 ὁλοκάρπωμα
669 910 763 941 θυσίας
793 901 1007 946 προσεδέξατολΒ

185 955 294 988 αὐτούς.
309 965 318 982 ι
332 956 391 983 ’Ίνα
407 955 436 982 δὲ
450 956 482 982 ὲκ
493 956 545 991 τῆς
562 955 722 987 ἀκολουθίας
733 955 837 990 δειχθῇ,
849 954 891 982 ὅτι
907 954 972 990 περ)¹

187 1001 332 1038 μαρτύρων
342 1001 425 1036 λέγει,
441 1001 522 1036 βλέπε
537 1001 563 1027 τί
576 1001 674 1034 ἐπάγει
683 1009 690 1016 ο
703 1009 712 1026 ι
728 1000 805 1027 Μετὰ
816 999 971 1034 στιγμάτων

185 1046 232 1073 τοῦ
255 1046 397 1082 ἀργυρίου.
419 1055 428 1072 ι
447 1045 588 1081 Στίγματα
603 1044 657 1080 γὰρ
681 1044 773 1079 σαφῶς
792 1044 820 1071 αἱ
842 1044 972 1079 μάστιγες

189 1092 234 1118 καὶ
251 1092 278 1118 ai
298 1091 408 1126 βάσανοι
421 1091 475 1117 τῶν
487 1091 556 1126 ὑπὲρ
567 1089 685 1126 Χριστοῦ
696 1089 867 1125 πασχόντων·
881 1087 972 1120 καθώς

188 1146 233 1173 μοι
251 1138 385 1172 μαρτυρεῖ
399 1137 446 1163 καὶ
459 1136 474 1162 ὁ
494 1135 599 1167 Παῦλος
614 1135 716 1170 λέγων·
741 1145 749 1161 ι
778 1134 849 1169 Ἐγὼ
868 1134 921 1170 γὰρ
937 1134 971 1161 τὰ

187 1182 323 1217 στίγματα
346 1181 393 1208 τοῦ
417 1181 519 1217 Κυρίου
543 1180 622 1216 ἡμῶν
646 1180 732 1216 Ἰησοῦ
756 1179 874 1215 Χριστοῦ
889 1181 917 1206 ὲν
932 1179 972 1215 τῷ

189 1227 293 1264 σώματί
310 1236 361 1263 μου
378 1227 513 1262 βαστάζω.
532 1235 542 1252 ι
564 1226 714 1260 Ἑπάγειδὲ
726 1227 740 1252 ὁ
752 1225 847 1260 λόγος·

222 1317 284 1343 KA'.
305 1316 351 1343 Στ.
370 1299 418 1343 ία’.
435 1315 512 1348 Ἕως
526 1312 561 1343 οὗ
579 1315 595 1342 ό
607 1314 757 1348 ,βασιλεὺς
769 1314 804 1341 ἐν
815 1314 972 1342 ἀνακλίσει

186 1370 289 1388 αυτου.

223 1407 281 1434 Ἵνα
298 1407 362 1442 εἴπῃ
375 1415 383 1423 ·
405 1407 478 1438 Ἕως
494 1406 544 1442 τῆς
563 1405 774 1440 παλιγγενεσίας
794 1404 839 1432 διὰ
854 1405 903 1440 τῆς
918 1405 972 1432 τῶν

185 1454 283 1489 γάμων
307 1452 438 1488 εὐωχίας·
453 1453 505 1484 ἕως
517 1452 577 1479 τότε
594 1451 628 1478 τὰ
647 1450 807 1486 ὁμοιώματα
817 1450 910 1483 ,ταῦτα
924 1448 971 1476 τοῦ

186 1499 318 1535 ἀργυρίου
333 1499 493 1532 συνάγεται·
503 1497 641 1524 τουτέστιν
649 1505 655 1512 ·
669 1497 701 1522 0i.
714 1496 784 1530 ὑπὲρ
795 1496 844 1531 τῆς
854 1496 972 1527 πίστεως

187 1545 347 1579 πάσχοντες,
365 1544 396 1570 οὺ
411 1543 491 1579 μόνον
502 1543 531 1569 ἐν
545 1541 632 1577 καιρῷ
641 1540 769 1576 διωγμῶν
778 1541 822 1567 διὰ
837 1541 970 1575 βασάνων,
985 1535 1006 1563 C

186 1589 311 1616 ἀλλὰκαὶ
327 1590 356 1617 ὲν
377 1588 465 1624 καιρῷ
482 1588 594 1623 εἰρήνης
608 1586 652 1614 διὰ
670 1586 718 1613 τοῦ
739 1586 788 1622 τὴν
810 1585 906 1621 στενὴν
926 1586 973 1613 καὶ

185 1634 370 1670 τεθλιμμένην
386 1634 443 1669 (25)
458 1633 516 1660 ὁδὸν
526 1633 646 1668 τρέχειν,
658 1633 705 1659 καὶ
715 1633 774 1664 ταῖς
788 1631 844 1667 (24)
856 1631 972 1668 πράξεσι

185 1678 247 1710 τοὺς
272 1677 417 1714 μάρτυρας
442 1677 592 1712 μιμεῖσθαι.
610 1674 678 1703 Εἶτα
702 1676 928 1712 ἀνταποκρίνεται
955 1677 972 1712 ἡ

185 1723 288 1760 νύμφη,
302 1724 350 1750 καὶ
365 1723 439 1758 λέγει
454 1723 522 1758 πρὸς
538 1723 583 1750 τὸν
599 1723 713 1759 νυμφίον
726 1731 732 1738 ·

221 1769 285 1796 κεν.
307 1768 424 1803 Νάρδος
436 1778 496 1803 μου
511 1768 623 1796 ἔδωκεν
639 1769 740 1803 ὀσμὴν
753 1768 857 1796 αὑτοῦ.

227 1815 270 1841 Ἐν
289 1814 332 1852 τεῇ
348 1814 403 1849 γὰρ
420 1814 466 1841 τὸν
482 1810 700 1850 νυμφίονάὺτὸν
726 1816 811 1841 εἲπεῖν
837 1815 901 1852 περὶ
919 1814 972 1842 τῶν

187 1859 343 1895 μαρτύρων,
363 1860 593 1895 ἀνταποκρίνεται
609 1860 807 1895 εὐχαριστοῦσα
820 1860 904 1896 αὐτῷ,
926 1861 973 1888 καὶ

184 1903 272 1939 λέγει·
293 1915 302 1931 ‹
318 1905 423 1940 Νάρδος
449 1914 500 1941 μου
524 1905 624 1933 ἔδωκεν
638 1907 725 1943 ὀσμὴν
748 1906 831 1933 αὐτοῦ
842 1915 848 1921 ·
865 1916 875 1932 ι
893 1915 970 1933 τουτ-

184 1949 242 1978 έστι
256 1950 312 1986 (25)
323 1958 329 1965 ’
344 1951 379 1978 Σὺ
392 1951 478 1978 ταῦτα
489 1952 523 1978 τὰ
535 1952 625 1987 ἀγαθὰ
646 1953 772 1988 ἀπήρξω.
785 1953 834 1980 Διὰ
855 1953 908 1989 γὰρ
922 1953 972 1988 τῆς

184 1995 294 2031 νάρδου,
305 1996 351 2023 τοῦ
362 1996 417 2032 (26)
428 1997 598 2033 άλαϐάστρου
611 1998 657 2025 τοῦ
669 1998 765 2034 μύρου,
781 1999 844 2034 περὶ
854 1996 883 2026 οὗ
892 2001 906 2026 6
916 1999 973 2025 Κύ-

185 2049 244 2076 ριος
256 2041 344 2075 λέγει’
365 2051 373 2067 ι
382 2043 492 2077 Ἅφετε,
502 2043 549 2070 καὶ
560 2043 598 2079 μὴ
609 2043 709 2075 κόπους
724 2044 858 2079 παρέχετε
868 2046 901 2080 τῇ
919 2052 968 2078 γυ-

185 2087 259 2113 ναικί
269 2095 276 2102 ’
292 2087 374 2114 καλὸν
389 2087 444 2122 γὰρ
456 2088 535 2124 ἔργον
549 2089 696 2125 εἰργάσατο
709 2091 749 2121 είς
766 2090 826 2125 ἐμὲ,
848 2100 856 2116 ι
874 2091 921 2116 καὶ
935 2089 970 2116 τὰ

186 2131 270 2171 ἑξῆς..
280 2133 386 2168 Ὠσπερ
406 2131 452 2159 οὖν
471 2134 662 2168 ἀντιφωνοῦσα
678 2137 710 2171 τῇ
725 2136 885 2172 εὐχαριστίᾳ
899 2136 971 2170 λέγει

185 2179 325 2229 ὴῦνύμφη·
337 2179 493 2229 iit-rdquo:
507 2180 556 2229 τὴν
571 2181 685 2229 εὐωδίαν
707 2181 811 2214 ἔδωκας
824 2183 879 2209 τῶν
899 2191 970 2218 μαρ-
987 2201 1009 2229 D

185 2223 285 2259 τύρων.
303 2234 312 2250 ι
337 2225 368 2252 Ἦ
380 2225 477 2260 νάρδος
498 2235 506 2251 ι
523 2226 577 2262 γὰρ
593 2235 603 2252 ‹
620 2226 719 2253 ἔδωκεν
735 2227 822 2263 ὀσμὴν
841 2227 940 2254 αὑτοῦ·
958 2238 968 2254 ι

185 2271 252 2306 ὅπερ
276 2270 351 2297 ἐστί’
375 2271 411 2297 Τὸ
436 2271 481 2298 σὸν
509 2272 673 2309 μαρτύριον,
699 2273 746 2300 καὶ
768 2273 785 2308 ἡ
812 2273 845 2308 σὴ
874 2274 972 2301 εὐωδία

189 2316 376 2352 προετρέψατο
391 2317 453 2348 τοὺς
470 2318 611 2353 μάρτυρας
624 2318 693 2354 ὑπὲρ
706 2318 753 2345 τοῦ
765 2319 862 2346 παθεῖν
872 2328 879 2334 ·
897 2320 972 2346 ἐπει-

186 2362 272 2397 δήπερ
287 2362 334 2388 καὶ
352 2362 384 2388 σὺ
399 2362 500 2394 ἔπαθες
515 2363 585 2399 ὑπὲρ
605 2364 694 2399 ἡμῶν.
722 2364 788 2391 Ἀπὸ
799 2365 827 2391 δὲ
843 2365 893 2400 τῆς
908 2364 973 2392 ἀκο-

188 2407 296 2440 λουθίας
317 2410 475 2443 γινωσκέτω
498 2411 551 2442 πᾶς
572 2420 612 2443 τις
631 2411 685 2438 τῶν
708 2411 794 2446 λόγων
816 2411 864 2447 τὴν
887 2412 973 2448 ἁρμο-

187 2460 200 2478 ν
205 2453 256 2480 ίαν.

224 2501 295 2533 KC’.
316 2501 361 2527 Στ.
383 2501 426 2528 16'.
455 2501 633 2537 Ἀπόδευνμος
649 2501 704 2537 τῆς
725 2502 860 2536 στακτῆς
882 2502 970 2530 ἀδελ-

187 2545 272 2580 φιδός
281 2554 340 2580 μου
356 2546 432 2581 ἐμοί.

222 2591 309 2624 Εὐθὺς
324 2592 527 2627 ὑπομιμνήσκει
541 2591 571 2619 τὸ
584 2589 654 2628 αἷμα
667 2593 714 2620 καὶ
727 2593 757 2619 τὸ
771 2593 841 2630 ὕδωρ
858 2594 888 2620 τὸ
905 2595 969 2622 στάς

1022 276 1127 307 suhdit:
1154 285 1163 302 ι
1181 275 1284 303 Collum
1306 279 1380 302 tuum
1404 274 1474 302 sicut
1496 273 1611 306 monile;
1629 281 1638 298 ι
1659 276 1689 299 ιιι
1707 271 1806 299 indicet

1021 321 1101 349 etiam
1115 328 1161 348 eos
1178 321 1222 356 qui
1238 327 1270 347 ex
1285 319 1386 347 Judmis
1398 319 1589 347 crediderunt:
1603 318 1629 345 in
1648 317 1805 345 memoriam

1022 375 1150 394 revocans
1164 366 1238 394 Juda:
1255 365 1353 393 monile
1363 365 1386 381 ⁸⁸
1403 365 1475 400 quod
1494 364 1613 392 Thamar
1632 364 1727 391 datum
1745 362 1805 389 fuit.

1025 423 1033 439 ι
1053 412 1222 440 Manifestum
1250 411 1322 439 enim
1343 414 1396 443 est,
1420 409 1492 445 quod
1515 417 1549 437 ex
1575 409 1642 436 Juda
1667 413 1744 436 ortus
1763 411 1807 434 est

1022 458 1150 486 Dominus
1171 451 1264 484 noster
1278 455 1356 484 Jesus
1371 455 1496 484 Christus
1508 474 1516 488 ,
1537 464 1547 481 ι
1565 455 1714 482 secundum
1731 453 1806 488 Apo-

1021 501 1163 529 stolam".
1183 501 1284 528 Deinde
1301 500 1502 536 generationem
1523 498 1581 534 ejus
1597 498 1723 534 (sponszc)
1743 505 1807 526 cum

1021 546 1199 579 enarraverit,
1224 551 1253 573 et
1274 550 1398 573 ornatum
1423 553 1502 581 quem
1525 545 1563 573 illi
1581 545 1664 573 donat
1680 551 1805 579 sponsus,

1022 592 1140 620 subdunt
1152 591 1281 627 apostoli:
1535 588 1537 592 ⁷

1056 637 1149 664 XXIII.
1166 637 1248 664 Vens.
1266 636 1309 664 10.
1330 635 1522 664 Similitudines
1543 635 1602 662 auri
1618 635 1744 670 faciemus
1759 633 1808 660 tibi

1022 691 1080 710 cum
1090 683 1255 718 stigmatibus
1268 683 1378 717 argenti.

1059 728 1258 757 Similitudines
1275 728 1333 755 auri
1354 735 1408 755 non
1426 727 1493 755 alias
1511 734 1571 755 esse
1593 725 1712 754 arbitror
1727 731 1807 759 qnam

1025 779 1133 803 sanctos
1142 778 1293 809 martyres;
1306 772 1522 808 quandoquidem
1532 772 1594 807 igne
1604 770 1708 806 probati
1720 769 1808 804 splen-

1022 820 1152 848 didiorem
1176 819 1357 847 exhibuorunt
1380 819 1478 852 ﬁdem;
1497 819 1535 846 ait
1551 818 1622 845 enim
1644 816 1807 850 Scriptura:

1025 875 1034 892 ι
1055 865 1195 900 'I‘anquam
1224 871 1319 891 aurum
1345 864 1372 891 in
1397 863 1507 891 fornace
1533 862 1663 891 conﬂatos
1687 859 1808 895 probavit

1022 917 1080 943 eos,
1098 915 1126 937 et
1138 910 1207 938 sicut
1222 910 1407 937 holocaustum
1427 909 1553 937 sacriﬁcii
1568 906 1781 941 suscepiteOs".
1797 914 1806 930 ι

1022 954 1058 983 Ut.
1071 960 1160 982 autem
1175 963 1209 983 ex
1225 955 1258 982 iis
1270 963 1330 990 quae
1347 959 1497 989 sequuntur
1516 954 1723 981 demonstretur
1748 958 1808 978 ser-

1022 1008 1128 1029 monem
1141 1008 1201 1029 esse
1214 1002 1246 1029 de
1257 1000 1429 1036 martyribus,
1439 1000 1500 1028 vide
1512 999 1583 1034 quod
1594 998 1697 1026 subdit:
1713 1006 1723 1023 ι
1742 997 1809 1024 Cum

1022 1049 1195 1084 stigmatibus
1220 1048 1334 1083 argenti.
1364 1057 1373 1073 ι
1405 1047 1536 1083 Stigmata
1566 1047 1638 1074 enim
1666 1044 1808 1073 manifesto

1022 1100 1084 1123 sunt
1107 1095 1220 1122 verbera
1250 1099 1277 1122 et
1299 1098 1431 1122 tormenta
1453 1100 1550 1122 eorum
1573 1092 1620 1127 qui
1636 1098 1685 1126 pro
1701 1089 1809 1118 Christo

1025 1141 1099 1176 passi
1114 1145 1193 1169 sunt:
1214 1140 1440 1176 quemadmodum
1456 1143 1570 1166 testatur
1585 1137 1685 1165 Paulus
1699 1136 1809 1164 dicens:

1025 1197 1034 1214 ι
1053 1187 1108 1222 Ego
1121 1188 1192 1215 enim
1209 1187 1335 1222 stigmata
1353 1185 1458 1213 Domini
1475 1185 1559 1212 nostri
1578 1183 1641 1211 Jesu
1661 1182 1760 1211 Christi
1781 1182 1809 1209 in

1022 1240 1138 1268 corpore
1164 1239 1225 1260 meo
1252 1231 1374 1267 porto“.
1405 1239 1414 1257 ι
1445 1229 1574 1265 Sequitur
1602 1233 1691 1256 autem
1719 1227 1810 1255 oratio

1022 1279 1133 1306 dicens:

1023 1323 1118 1352 XXIV.
1135 1322 1216 1351 Vens.
1234 1323 1277 1352 il.
1297 1322 1393 1355 Quoad
1410 1329 1492 1357 usque
1511 1328 1557 1348 rea:
1575 1321 1602 1348 in
1618 1319 1735 1348 recubitu
1749 1327 1807 1347 suo.

1061 1412 1094 1440 Ut
1105 1412 1175 1439 dicat
1186 1421 1194 1439 :
1207 1412 1296 1446 Usque
1311 1412 1344 1438 ad
1355 1410 1584 1446 regenerationem
1597 1416 1645 1444 per
1656 1408 1809 1436 convivium

1025 1458 1200 1493 (caelestium)
1219 1458 1384 1494 nuptiarum.
1405 1457 1496 1491 Usque
1509 1461 1573 1485 tunc
1591 1457 1633 1484 hae
1648 1456 1753 1491 argenti
1768 1455 1808 1483 si-

1023 1503 1186 1532 militudines
1202 1508 1416 1539 congregantur:
1432 1503 1483 1531 hoc
1497 1507 1549 1535 est,
1563 1502 1613 1535 Qui
1629 1509 1678 1536 pro
1692 1501 1745 1529 tide
1763 1509 1810 1536 pa-

1025 1550 1126 1577 tiuntur
1140 1556 1193 1577 non
1211 1549 1298 1577 solum
1314 1549 1531 1584 persecutionum
1555 1553 1675 1582 tempore
1689 1554 1737 1583 per
1754 1551 1811 1574 tor-

1024 1601 1125 1628 menta,
1147 1596 1194 1624 sed
1214 1595 1295 1623 etiam
1320 1596 1395 1629 pacis
1419 1600 1541 1630 tempore
1557 1601 1605 1629 per
1627 1598 1769 1629 angustam
1782 1597 1812 1620 et

1024 1646 1127 1669 arctam
1143 1641 1213 1669 viam
1231 1641 1374 1673 currendo,
1391 1644 1419 1668 et
1433 1640 1586 1668 actionibus
1601 1639 1658 1667 suis
1676 1643 1810 1673 martyres

1024 1687 1166 1715 imitando.
1185 1687 1286 1715 Deinde
1301 1687 1421 1714 vicissim
1438 1693 1536 1722 sponsa
1553 1684 1706 1720 respondet,
1723 1689 1750 1711 et
1771 1684 1811 1712 di-

1023 1735 1059 1761 cit
1075 1741 1190 1768 sponso:

1059 1777 1141 1806 XXV.
1157 1777 1267 1805 Nardus
1283 1785 1341 1804 mea
1355 1775 1426 1804 dedit
1440 1777 1547 1804 odorem
1562 1784 1650 1804 suum.

1059 1822 1126 1849 Dum
1141 1822 1199 1857 ipse
1212 1822 1458 1858 sponsusloquitnr
1472 1822 1505 1849 de
1516 1822 1691 1857 martyribus,
1705 1822 1808 1856 gratias

1023 1869 1060 1904 i_lli
1085 1875 1167 1902 agens
1188 1875 1286 1901 sponsa
1303 1867 1458 1901 respondet,
1481 1872 1510 1894 et
1529 1867 1584 1894 ait:
1603 1876 1613 1893 ι
1628 1867 1733 1894 Nardus
1752 1875 1812 1894 mea

1023 1914 1096 1941 dedit
1111 1913 1221 1940 odorem
1242 1920 1340 1940 suum:
1361 1921 1370 1938 ›
1387 1912 1439 1939 hoc
1457 1916 1508 1944 est,
1526 1911 1588 1939 Haec
1615 1913 1686 1940 hona
1700 1917 1727 1940 tn
1743 1913 1809 1940 deli-

1023 1959 1109 1992 basti;
1124 1965 1185 1985 nam
1200 1965 1249 1993 per
1276 1957 1389 1984 nardum
1409 1957 1574 1984 alabastrum
1588 1956 1717 1992 unguenti
1734 1965 1809 1986 com-

1023 2006 1166 2036 memorat,
1185 2004 1218 2030 de
1236 2010 1289 2037 quo
1305 2003 1433 2030 Dominus
1449 2002 1529 2029 dicit:
1548 2011 1558 2027 ι
1578 2002 1674 2036 Sinite,
1690 2010 1740 2030 nec
1752 2011 1810 2030 mo-

1024 2050 1084 2079 lesti
1097 2050 1157 2078 sitis
1172 2049 1293 2081 mulieri;
1311 2049 1410 2077 bonum
1426 2049 1498 2076 enim
1514 2055 1582 2084 opus
1595 2053 1706 2083 operata
1725 2053 1768 2076 est
1783 2049 1810 2076 in

1024 2094 1114 2127 me";
1134 2102 1144 2120 ›
1159 2097 1186 2120 et
1199 2101 1259 2128 quae
1275 2093 1410 2127 deinceps.
1436 2093 1541 2127 Sponsa
1557 2093 1639 2128 igitur
1651 2093 1732 2121 veluti
1747 2101 1808 2121 cum

1024 2139 1174 2175 gratiarum
1186 2140 1293 2166 actione
1307 2138 1475 2173 respondens
1490 2139 1545 2167 ait:
1562 2138 1621 2174 Ipse
1635 2139 1700 2166 mihi
1713 2139 1811 2167 dedisti

1023 2185 1132 2213 odorem
1147 2188 1307 2219 martyrum.
1328 2193 1337 2210 ι
1354 2183 1458 2212 Nardus
1475 2193 1484 2210 ι
1500 2184 1572 2212 enim
1587 2194 1596 2211 ι
1612 2185 1684 2213 dedit
1696 2185 1809 2213 odorem

1024 2239 1117 2264 suum;
1134 2240 1144 2257 ι
1160 2231 1212 2259 hoc
1226 2234 1278 2263 est,
1293 2229 1380 2257 Tuum
1396 2231 1554 2266 martyrium
1566 2236 1593 2258 et
1604 2232 1672 2259 odor
1687 2236 1748 2259 tuus
1764 2239 1810 2258 co-

1025 2277 1149 2304 hortatus
1163 2280 1204 2304 est
1220 2281 1367 2312 martyres,
1386 2281 1416 2303 ut
1429 2284 1478 2311 pro
1493 2281 1519 2304 te
1534 2281 1702 2312 paterentur,
1717 2285 1807 2311 quan-

1025 2323 1168 2357 doquidem
1183 2328 1210 2350 tu
1232 2330 1342 2358 quoque
1364 2331 1413 2358 pro
1436 2323 1514 2350 nobis
1538 2330 1567 2350 es
1589 2330 1694 2357 passus.
1714 2323 1752 2350 Ex
1777 2323 1811 2350 iis

1025 2375 1090 2394 vero
1106 2375 1166 2402 quae
1180 2371 1339 2402 sequuntur,
1356 2368 1469 2402 quisque
1489 2367 1639 2403 intelligere
1654 2368 1753 2402 poterit
1767 2372 1809 2394 to-

1026 2413 1079 2441 tius
1092 2413 1222 2441 orationis
1233 2413 1436 2441 connexionem.

1060 2504 1152 2532 XXVI.
1166 2503 1247 2532 Vens.
1271 2503 1316 2530 I2.
1330 2503 1485 2531 Fasciculus
1498 2508 1578 2539 gum:
1593 2501 1726 2538 fratruelis
1736 2510 1807 2528 naeus

1023 2552 1096 2578 mihi.

1060 2595 1156 2624 Statim
1172 2600 1367 2623 commemorat
1390 2594 1549 2629 sanguinem
1575 2598 1603 2622 et
1623 2601 1731 2629 aquam,
1750 2601 1810 2627 qua:

222 2647 244 2663 ⁸⁸
261 2648 513 2681 Gen.xxxvnt,ls.
552 2649 574 2665 θ’
587 2648 669 2676 Hebr.
680 2657 727 2682 vn,
743 2650 786 2677 II.
827 2650 925 2685 "Sap.
939 2659 980 2684 ιιι,
998 2651 1024 2679 6.
1061 2651 1084 2672 1‘
1097 2650 1183 2679 Galat.
1213 2657 1250 2683 VI,
1278 2648 1320 2676 I7.
1357 2649 1380 2664 "
1405 2648 1499 2677 Matth.
1518 2657 1594 2683 nrt,
1616 2649 1659 2677 I0.

223 2704 279 2740 (2‘2)
295 2703 482 2741 BQIDIIIMVIVIIS
513 2705 669 2740 absolutus;
699 2714 786 2741 neque
808 2707 908 2735 idcirco
931 2707 975 2735 hic

186 2740 260 2766 locus
272 2739 469 2767 sollicitandus.

223 2773 279 2811 (25)
298 2774 509 2811 Ίζεθλιμμένην.
527 2775 665 2802 Salutatus
688 2776 783 2811 legisse
807 2776 914 2804 videtur
930 2785 975 2803 τε·

187 2808 485 2845 τελειωμένηνλγνετιίι
499 2811 571 2838 enim
590 2820 598 2836 ι
611 2808 759 2845 perfectam
772 2811 854 2839 viam.
871 2822 881 2838 υ

224 2844 282 2878 (24)
300 2844 336 2870 Ex
355 2844 485 2873 Valliccll.
506 2844 618 2874 restitui?
630 2847 699 2878 ταῖς.
725 2846 804 2874 Marb.
830 2847 910 2875 habet
929 2847 975 2874 mi.

187 2878 273 2906 ταῦτα
287 2878 411 2913 πράξεσι.

1061 2706 1118 2742 (25)
1136 2706 1286 2735 Τουτέστι.
1302 2704 1352 2742 Hic
1369 2705 1395 2732 in
1411 2713 1484 2742 meo,
1500 2711 1527 2734 et
1548 2707 1630 2733 Barb.
1651 2706 1745 2740 incipit
1759 2705 1807 2732 hu-

1025 2740 1072 2775 ius
1082 2740 1177 2769 versus
1188 2740 1352 2776 explanatio,
1364 2741 1471 2776 omissis
1485 2742 1669 2776 superioribus
1680 2748 1740 2775 quae
1751 2748 1812 2775 snp-

1025 2774 1093 2818 plevi
1107 2785 1140 2804 ex
1167 2774 1260 2804 codice
1285 2774 1469 2808 Vallicellano.
1490 2774 1576 2812 eaque
1589 2774 1719 2811 agnoscit
1734 2774 1809 2803 vetus

1024 2818 1204 2881 Ιῗιὲἕῖειῗέςο
1224 2846 1268 2872 τὸν
1287 2846 1455 2881 ἀλάδασ-τρον
1469 2845 1541 2879 λέγει
1566 2846 1612 2872 τοῦ
1626 2845 1712 2881 μύρου
1723 2853 1730 2861 ο
1747 2845 1808 2880 περὶ

1024 2879 1055 2908 οὗ
1069 2883 1083 2909 ὁ
1097 2879 1207 2916 Κύριος·
1223 2882 1331 2916 Ἅφετε,
1347 2891 1373 2909 κ.
1391 2879 1416 2908 τζ
1435 2881 1457 2908 λ.
