2078 3153
221 135 252 163 $9
783 133 942 161 Pilli.0.\’lS
962 129 1116 161 EPISCOPI
1136 131 1297 160 CARPASII
1814 132 1849 159 60

222 193 305 220 sta-ha
332 197 425 228 surget
452 194 643 228 cupressus".
661 192 905 227 )Quaudoquitlcm
939 192 1009 219 enim

1065 199 1147 227 φησι·
1169 201 1178 216 ι
1196 192 1250 218 Καὶ
1266 191 1327 218 ἀντὶ
1346 191 1395 226 τῆς
1413 191 1522 227 ποιὸῆς
1537 191 1593 226 (55)
1619 191 1784 226 ἀναϐήσεται
1801 200 1848 218 κυ-

222 238 293 272 ligna
316 238 430 266 interius
450 243 523 270 sunt,
538 243 565 265 et
582 237 754 272 laquearibus
781 237 852 272 tigna
868 237 1008 264 occultauv

222 286 280 312 tur;
300 281 435 316 laquearia
461 287 550 309 autem
576 282 685 309 domum
704 281 852 315 jucundam
873 281 1008 314 eiiiciunt;

222 332 363 361 propterea
378 329 492 362 primum
507 328 651 362 prophetas
661 328 741 363 tignis
757 328 899 360 assimilat,
913 329 1010 357 deinde

222 379 332 408 propter
349 375 453 401 illustre
466 369 655 402 ornamentum
672 375 798 402 Eculesiaa
811 374 882 410 quod
897 375 930 402 ab
944 382 1010 410 apo-

222 419 297 446 stolis
310 421 499 454 proﬁciscitur.
516 421 554 448 ait
568 429 575 447 :
594 430 603 446 ι
617 421 765 455 Laqncaria
781 426 884 453 nostra,
901 428 1010 455 cupres-

223 465 243 492 si
259 473 266 492 :
283 474 291 490 ι
310 470 337 492 ιιι
359 466 537 500 apostolicum
560 467 624 494 illud
642 470 874 501 pnemonstretur,
891 467 986 494 dicens
1000 476 1007 494 τ

223 509 335 536 tPosuit
348 509 478 538 Dominus
490 512 516 538 in
530 511 648 538 Ecclesia
667 512 783 545 primum
802 511 948 545 apostolos,
967 519 1010 539 se-

222 555 310 582 cundo
339 557 549 591 prophetas".r
579 557 741 590 Prteinlgent
771 557 843 584 enim
872 557 1011 591 prophetis

222 602 354 634 apostoli;
378 603 594 637 quandoquidem
619 609 729 638 propter
751 610 798 630 eos
816 603 947 637 appellata
967 607 1010 630 est

223 646 334 679 pulchra
350 647 450 674 Christi
465 656 576 683 sponsa,
593 655 654 683 quae
672 653 699 674 et
715 647 880 681 insequendo
896 647 933 674 ait
948 656 955 676 :

1061 238 1202 274 πάρισσος.
1224 248 1232 264 ι
1260 238 1368 274 Ἐπειδὴ
1386 238 1441 274 γὰρ
1457 238 1514 274 (56)
1532 238 1560 265 αἱ
1577 238 1649 265 δοκοὶ
1664 238 1719 265 τῶν
1743 246 1850 272 φατνω-

1062 284 1154 319 μάτων
1172 284 1241 311 εἰσὶν
1256 284 1401 320 ὲσώτεραι,
1417 284 1464 311 καὶ
1481 284 1534 311 uno
1549 284 1604 311 τῶν
1616 283 1804 319 φατνωμάτων
1818 284 1844 310 αι

1063 331 1136 358 δοκοὶ
1155 331 1338 358 καλύπτονται
1350 338 1358 346 ·
1375 331 1525 367 τερπνὸτης
1539 330 1568 357 δὲ
1582 330 1629 357 τοῦ
1646 331 1721 356 οίκου
1744 329 1779 356 τὰ
1795 339 1848 365 φα-

1060 376 1205 412 τνώματα·
1225 377 1269 403 διὰ
1285 377 1364 404 τοῦτο
1388 377 1496 411 πρῶτον
1517 377 1580 409 τοὺς
1601 377 1744 412 προφήτας
1760 376 1848 409 δοκοῖς

1061 421 1222 454 ἀπεικάζει·
1249 422 1345 449 ἔπειτα
1369 421 1413 448 διὰ
1438 422 1484 449 τὸν
1509 421 1645 457 περιφανῆ
1673 421 1775 455 κόσμον
1800 421 1849 456 τῆς

1068 467 1230 501 Ἐκκλησίας
1255 468 1287 494 ἐκ
1312 467 1365 494 τῶν
1392 468 1548 494 ἀποστόλων
1571 467 1639 502 αὐτῇ
1668 467 1849 502 γεγενημένον

1061 513 1150 547 λέγει·
1170 523 1178 539 ι
1190 513 1360 549 Φατνώματα
1371 512 1460 549 ἡμῶν,
1470 513 1645 548 κυπάρισσον
1659 522 1668 539 ›
1683 511 1727 540 ἵνα
1740 512 1771 538 τὸ
1786 512 1850 538 ἀπο·

1066 559 1189 585 στολικὸν
1215 560 1302 585 ὲκεῖνο
1331 558 1493 595 προμηνυθῇ
1523 558 1596 594 (57),
1626 558 1657 585 τὸ
1686 557 1849 593 λεγόμενον⁸

1065 613 1074 630 ι
1095 604 1190 630 Ἔθετο
1206 603 1308 640 Κύριος
1331 605 1360 631 ὲν
1379 606 1413 641 τῇ
1439 603 1587 639 Ἐκκλησία
1606 602 1713 638 πρῶτον
1732 603 1849 629 ἀποστό-

1062 648 1134 680 λους,
1150 649 1275 685 δεύτερον
1289 651 1440 686 προφήτας.
1461 659 1471 677 ι
1491 649 1685 685 Προλάμπουσι
1703 649 1756 685 γὰρ
1771 650 1799 676 ὲν
1815 650 1849 684 τῇ

227 691 376 729 Ἐκκλησία
395 693 449 720 τῶν
468 694 616 729 προφητῶν
635 694 660 721 οἰ
681 693 841 720 ἀπόστολοι·
861 693 1010 731 ὲπειδῂπερ
1028 693 1061 720 δι’
1078 695 1168 722 αὐτῶν
1203 695 1304 731 ἐκλήθη
1336 697 1353 732 ἡ
1371 695 1439 732 καλὴ
1461 696 1507 723 τοῦ
1525 695 1642 732 Χριστοῦ
1658 695 1749 732 νύμφη
1764 704 1770 710 ·
1791 696 1851 732 ἥτις

223 738 269 766 καὶ
284 739 469 767 ἀκολουθοῦσα
483 739 556 775 λέγει
567 749 573 756 ·

579 788 632 816 AP.
646 789 676 816 ll.

579 788 632 816 AP.
668 808 676 816 .

225 830 332 860 XXXV.
347 832 426 860 V'Etts.
439 833 463 861 Ι.
473 832 529 869 Ego
545 788 595 868 [iis
607 789 694 868 εαι11ρί
707 840 731 862 et
742 835 827 863 lilium
841 835 1009 864 convallium.

258 922 398 959 Tanquam
417 925 578 953 blandiendo
591 933 641 954 suo
658 926 743 961 ipsius
760 935 859 963 sponso
874 929 899 956 in
915 929 1010 957 iisdem

223 969 399 1005 immoratur;
418 973 612 1000 convenienter
633 974 690 1008 ipsa
713 981 743 1002 se
756 974 848 1003 iloretn
863 977 950 1011 campi
963 984 1010 1012 ap-

222 1017 315 1051 pellat,
328 1018 391 1052 quia
410 1026 470 1046 cum
487 1020 615 1047 meditata
637 1021 671 1047 sit
690 1021 847 1056 prophetica
870 1024 1010 1057 vaticinia,

224 1063 298 1090 audit
316 1064 349 1099 ab
373 1064 450 1096 lsaia,
481 1074 490 1090 ι
507 1064 626 1097 Lzetare,
642 1066 748 1094 deserta
767 1067 880 1094 sitiens:
895 1069 1012 1095 exsultet

183 1102 186 1104 λ
224 1108 329 1136 deserta
346 1118 353 1136 :
368 1115 396 1137 et
421 1109 516 1137 ﬂoreat
547 1116 575 1138 ut
595 1111 677 1138 lilium
692 1121 698 1138 :
712 1116 739 1139 et
755 1111 887 1140 eﬂlorebit
904 1113 1010 1141 deserta

224 1155 376 1190 antiqua".
393 1165 402 1182 ›
422 1156 475 1183 Sed
503 1165 574 1184 nunc
601 1165 653 1184 non
681 1157 766 1185 solum
791 1158 902 1186 tioribus
929 1167 1012 1187 suave

224 1200 289 1233 olet,
309 1201 355 1228 sed
374 1206 400 1228 et
413 1201 524 1236 iustitia:
542 1201 674 1229 fructibus
694 1202 861 1230 dulcedinem
882 1204 1010 1237 multipli-

224 1251 279 1273 cat.
292 1246 359 1274 Cum
380 1247 460 1282 igitur
476 1248 561 1275 dicit:
580 1257 589 1273 ι
601 1248 655 1283 Ego
672 1247 721 1276 llos
743 1249 842 1283 campi,
855 1258 864 1274 ι
883 1249 1010 1277 vaticinia

224 1292 367 1326 edisserit;
383 1301 444 1320 cum
458 1298 546 1321 autem
569 1302 662 1321 rursus
681 1295 764 1322 dicit:
778 1304 787 1320 t
801 1295 833 1322 Et
849 1295 931 1321 lilium
946 1303 1012 1322 con-

224 1337 364 1371 vallium,»
383 1338 543 1373 evangelicis
562 1339 763 1375 salutiferisque
780 1345 807 1367 et
830 1340 958 1367 suavibus
971 1340 1013 1367 di-

224 1383 276 1410 ctis
303 1383 452 1411 delectatur
468 1384 508 1411 sui
534 1385 637 1420 sponsi,
658 1386 765 1420 quando
782 1385 928 1421 discipulos
949 1393 1013 1413 suos

224 1429 360 1461 hortatur,
378 1435 407 1456 ut
424 1430 490 1457 nihil
506 1430 613 1458 solliciti
637 1431 701 1462 sint,
725 1431 838 1458 dicens:
858 1441 867 1457 ι
882 1432 1012 1459 Conside-

224 1481 283 1502 rate
309 1476 364 1503 lilia
386 1477 454 1511 agri,
471 1477 607 1510 quomodo
633 1477 801 1508 adolescunt,
826 1478 897 1512 quod
926 1466 1050 1512 nequec

225 1520 348 1548 laborant
365 1529 451 1555 neque
468 1526 530 1549 nent
542 1522 576 1549 '".
591 1531 600 1548 ι
619 1521 686 1548 Cum
706 1522 788 1557 igitur
803 1531 832 1550 se
851 1523 936 1558 ipsam
958 1532 967 1548 ι
980 1523 1013 1550 li-

225 1567 291 1594 lium
321 1568 507 1595 convalliunn
544 1568 669 1604 appellat,
696 1569 851 1604 evangelica
881 1573 1015 1604 praecepta

226 1619 440 1642 commemorat:
457 1623 518 1642 cum
545 1623 609 1642 vero
634 1615 701 1643 dicit
727 1624 737 1641 ι
752 1616 800 1643 llos
820 1616 918 1650 campi.
932 1624 941 1641 ι
958 1622 1016 1650 pro-

228 1662 395 1695 pheticorum
427 1663 616 1690 vaticiniorum
646 1663 816 1689 characteres
852 1661 1014 1689 subindicat.

227 1707 329 1734 Deinde
355 1707 379 1734 ei
405 1709 548 1743 respondet
574 1716 699 1743 sponsus,
721 1708 815 1736 dicens
836 1708 870 1735 ad
899 1715 928 1735 ea
956 1714 1016 1742 quae

227 1752 315 1779 locuta
332 1758 371 1780 est
385 1762 392 1780 :

266 1841 386 1869 XXXVI.
405 1842 484 1870 Vsus.
499 1843 527 1870 2.
549 1842 583 1870 Ut
603 1842 689 1869 lilium
713 1843 739 1869 in
761 1843 846 1870 medio
869 1843 1015 1878 spinarum,

228 1888 266 1914 ita
284 1889 404 1921 proxima
418 1897 473 1915 mea
486 1889 512 1916 in
531 1890 614 1916 media
630 1889 759 1924 ﬁliarum.

266 1934 294 1960 Id
313 1933 380 1967 νιιιι,
395 1934 466 1961 illam
479 1933 581 1968 justam
594 1941 654 1962 esse
672 1934 697 1961 in
721 1934 808 1962 medio
832 1934 1016 1970 injustorum,

230 1981 302 2015 piam
327 1980 354 2007 in
381 1980 469 2007 medio
494 1981 637 2015 impiorum
661 1981 766 2007 versari
784 1980 810 2007 in
829 1981 880 2008 hoc
894 1982 1014 2009 mundo:

230 2026 274 2054 cui
289 2027 354 2054 dicit
374 2026 517 2060 Apostolus
531 2035 537 2053 :
558 2035 567 2052 t
581 2025 614 2054 Ut
626 2026 687 2053 sitis
700 2027 746 2054 lilii
760 2027 806 2055 Dei
820 2028 1017 2062 irreprehensi-

233 2072 299 2100 biles
313 2072 339 2100 in
355 2073 443 2100 medio
459 2073 643 2108 generationis
663 2080 753 2108 prava:
771 2078 798 2100 et
813 2075 987 2109 perversa)".
1004 2084 1014 2101 ›

232 2118 333 2146 Deinde
350 2119 468 2146 vicissim
484 2127 581 2154 sponsa
598 2119 631 2146 ad
648 2127 726 2147 suum
746 2128 875 2155 sponsum
892 2127 901 2148 :

265 2206 395 2234 XXXVII.
414 2207 495 2234 Vsus.
511 2206 538 2234 5.
557 2205 589 2233 Ut
606 2207 703 2233 malum
726 2207 752 2234 in
774 2207 852 2243 lignis
878 2208 962 2240 silum,
979 2208 1016 2235 sic

229 2253 364 2287 fratruelis
378 2261 449 2280 meus
468 2254 495 2280 in
507 2254 591 2281 medio
603 2253 728 2289 ﬁliorum.

265 2342 363 2370 Malum
391 2344 417 2370 in
440 2351 469 2371 se
493 2345 550 2379 ipso
572 2344 661 2372 cibum
686 2348 715 2371 et
729 2348 821 2379 potum
836 2343 966 2371 continet.
982 2343 1014 2371 Ut

228 2387 310 2424 igitur
326 2389 459 2426 significet
473 2391 613 2426 mysticam
626 2391 747 2418 lanitium
761 2398 841 2425 quam
860 2390 897 2417 illi
912 2391 1015 2425 peperit

265 2470 288 2486 ⁷⁸
301 2470 352 2497 lsa.
368 2478 412 2502 Lv,
427 2470 471 2497 15.
507 2469 552 2496 "l
568 2469 630 2496 Cor.
640 2477 688 2502 χιι,
700 2469 747 2497 28.
785 2470 806 2486 ⁸ο
818 2469 869 2497 lsa.
887 2479 968 2504 xxxv,
985 2472 1011 2505 i,
1031 2472 1058 2498 2.

267 2548 323 2583 (55)
339 2547 421 2574 Vetus
448 2547 589 2584 interpres
607 2548 688 2575 vertit
703 2558 709 2575 :
729 2558 738 2574 ι
754 2557 801 2584 pro
819 2549 1016 2583 constipatione

231 2587 334 2612 orietur
361 2583 524 2617 cyparissus.
540 2592 555 2616 ι,
578 2582 665 2618 Locus
695 2589 737 2611 est
754 2582 834 2611 'isaia:
851 2593 893 2618 LV,
910 2582 954 2616 15,
983 2585 1016 2612 ad

231 2627 310 2654 qnetu
332 2618 418 2654 locum
441 2618 583 2654 adnotavit
595 2617 732 2654 l‘lohilitts.
748 2629 757 2645 ι
771 2618 873 2652 Sueba,
887 2617 950 2646 'hoc
966 2625 1018 2654 est,

232 2652 363 2690 vilissimo
386 2653 476 2690 stipite
493 2653 567 2690 juxta
595 2653 625 2679 D.
641 2652 844 2690 Hieronymum.
859 2665 868 2681 ι
885 2652 1018 2682 Caeterum

233 2689 326 2724 στοιὸή
346 2689 488 2724 herbarum
504 2688 612 2716 frondes
626 2694 698 2721 sunt,
715 2688 814 2724 quibus
829 2691 879 2717 tori
894 2696 921 2718 et
937 2691 1020 2718 culci-

234 2729 282 2751 tras
298 2723 446 2751 farciuntur
461 2729 489 2750 et
503 2725 646 2756 stipantur.

269 2761 326 2791 (56)
339 2759 402 2793 Γάρ
415 2766 449 2786 ex
461 2759 521 2786 cod.
536 2759 631 2786 Valitc.

281 2794 325 2829 57)
341 2794 420 2829 Bari).
433 2799 460 2822 et
473 2802 549 2821 meus
562 2795 744 2829 προμηνυθέν.

282 2828 502 2866 578)7Vatic.ﬂnon
520 2828 676 2866 habetadi,
703 2838 788 2866 neque
819 2835 860 2860 cst
882 2832 908 2860 in
936 2832 1019 2860 variis

235 2863 394 2893 lectionibus
406 2865 470 2893 edit.
484 2864 578 2893 Lamb.
600 2864 679 2892 Bosii.

1390 789 1467 816 ΚΕΦ.
1486 789 1507 814 Β
1517 808 1526 814 .

1060 834 1123 862 ΛΕ¹.
1140 834 1186 860 Στ.
1202 836 1236 860 α’.
1261 832 1332 868 Ἐγὼ
1346 832 1438 866 ἄνθος
1451 833 1503 860 τοῦ
1517 835 1632 866 πεδίου,
1650 833 1700 860 καὶ
1717 833 1773 870 (58)
1790 834 1852 868 κρι-

1308 888 1363 906 νον
1378 879 1436 906 τῶν
1452 879 1610 906 κοιλάδων.

1099 925 1204 961 ’Ὠσπερ
1221 925 1445 965 χαριεντιζομένη
1470 925 1538 961 πρὸς
1554 925 1599 952 τὸν
1615 926 1715 962 ἑαυτῆς
1736 926 1852 961 νυμφίον

1062 973 1091 998 ὲν
1103 973 1158 1004 τοῖς
1180 973 1272 1004 αὐτοῖς
1293 972 1466 1008 διατρίϐουσα
1480 972 1536 1008 (59)
1551 993 1558 1005 ,
1575 972 1731 1004 ἀκολούθως
1753 973 1852 1008 ἑαυτὴν

1061 1018 1140 1050 ἄνθος
1156 1018 1229 1052 λέγει
1245 1019 1292 1045 τοῦ
1307 1018 1409 1050 πεδίου,
1428 1019 1468 1045 ὃτι
1479 1018 1514 1045 τὰ
1526 1019 1683 1054 προφητικὰ
1700 1019 1850 1055 μελετῶσα,

1061 1064 1154 1091 ἀκούει
1165 1064 1239 1100 παρὰ
1258 1064 1378 1090 Ἦσαῒου-
1395 1073 1403 1090 t
1421 1063 1605 1099 Εὐφράνθητι,
1623 1064 1726 1100 ἔρημος
1735 1065 1850 1099 διψῶσα·

1061 1109 1234 1144 ἁγαλλιάσθω
1250 1110 1266 1144 ἡ
1281 1108 1395 1144 ἕρημος,
1425 1108 1472 1135 καὶ
1488 1108 1603 1135 ἀνθείτω
1619 1109 1657 1140 ὡς
1679 1109 1782 1144 κρίνον·
1805 1109 1852 1137 καὶ

1061 1156 1202 1191 ἐξανθήσει
1224 1155 1325 1191 ἔρημος
1347 1157 1364 1190 ἡ
1385 1154 1498 1181 παλαιά.
1518 1163 1526 1180 ι
1557 1154 1636 1181 Ἀλλὰ
1655 1155 1703 1181 νῦν
1725 1155 1755 1181 οὗ
1773 1155 1852 1190 μόνον

1061 1203 1116 1233 τοῖς
1146 1200 1254 1228 ἄνθεσιν
1286 1199 1442 1232 εὐωδιάζει,
1477 1199 1544 1226 ἀλλὰ
1569 1200 1615 1227 καὶ
1646 1202 1700 1232 τοῖς
1733 1200 1782 1235 τῆς
1814 1200 1854 1227 δι-

1062 1247 1209 1282 καιοσύνης
1237 1248 1355 1282 καρποῖς
1379 1246 1434 1281 (60)
1465 1246 1514 1282 τὴν
1536 1246 1692 1283 γλυκύτητα
1714 1247 1853 1274 πολυπλα-

1063 1293 1159 1326 σιάζει.
1178 1294 1242 1320 Ὅτε
1269 1291 1314 1320 οὖν
1331 1293 1415 1327 λέγει,
1433 1301 1443 1318 ι
1468 1292 1539 1326 Ἐγὼ
1556 1293 1635 1324 ἄνθος
1651 1293 1697 1319 τοῦ
1713 1293 1805 1320 πεδίου
1818 1314 1824 1325 ,
1843 1303 1852 1320 ι

1062 1339 1095 1366 τὰ
1117 1340 1272 1374 προφητικὰ
1296 1338 1492 1374 διαλαμϐάνει·
1521 1339 1565 1364 ὅτε
1591 1337 1619 1364 δὲ
1643 1337 1734 1370 πάλιν,
1758 1348 1767 1364 ι
1799 1339 1854 1366 Καὶ

1063 1385 1155 1420 κρίνον
1172 1385 1225 1411 τῶν
1241 1384 1384 1416 κοιλάδων,
1404 1393 1413 1410 ι
1431 1385 1488 1416 τοῖς
1501 1383 1690 1418 εὐαγγελικοῖς
1704 1385 1854 1420 ἐπιτέρπε-

1063 1439 1107 1457 ται
1125 1429 1310 1465 σωτηριώδεσι
1325 1429 1371 1456 κα),
1388 1429 1512 1464 εὑόδμοις
1528 1429 1631 1464 ῥήμασι
1643 1428 1691 1455 τοῦ
1707 1428 1772 1455 ἰδίου
1787 1438 1855 1464 νυμ-

1066 1476 1139 1510 φίου,
1155 1477 1200 1502 ὅτε
1218 1476 1248 1502 τὸ
1265 1475 1415 1511 ἀμέριμνον
1430 1475 1487 1506 τοῖς
1507 1473 1589 1500 αὑτοῦ
1611 1473 1747 1508 μαθηταῖς
1760 1473 1854 1509 εὑτρε-

1066 1521 1137 1553 πίςει
1151 1521 1197 1548 καὶ
1213 1521 1305 1553 αὐτὸς,
1319 1521 1406 1555 λέγων
1418 1528 1425 1535 ·
1445 1529 1454 1545 ι
1471 1518 1655 1554 Καταμάθετε
1667 1518 1700 1545 τὰ
1713 1519 1794 1555 κρίνα
1808 1519 1854 1545 τοῦ

1065 1566 1150 1601 ἀγροῦ
1165 1566 1224 1598 πῶς
1235 1567 1356 1599 αὐξάνει,
1366 1567 1407 1592 ὃτι
1423 1566 1453 1592 οὐ
1466 1566 1559 1601 κοπιᾷ,
1572 1564 1632 1591 οὔτε
1647 1564 1732 1600 νήθει.
1747 1574 1756 1590 ι
1771 1564 1856 1591 Ὅταν

1065 1609 1111 1638 οὗν
1132 1612 1243 1647 ἑαυτὴν,
1266 1621 1275 1637 ι
1294 1611 1387 1647 κρίνον
1413 1611 1469 1637 τῶν
1495 1611 1636 1641 κοιλὰδων,
1659 1619 1668 1635 ι
1692 1610 1777 1644 λέγει,
1801 1609 1856 1636 τῶν

1066 1657 1250 1692 εὑαγγελικῶν
1261 1657 1404 1692 δογμάτων
1420 1657 1602 1693 μνημονεύει·
1617 1657 1680 1683 ὅταν
1694 1655 1731 1688 δὲ,
1751 1665 1760 1681 ι
1776 1655 1856 1687 ἄνθος

1069 1702 1116 1729 τοῦ
1133 1702 1238 1734 πεδίου,
1259 1712 1268 1728 ι
1281 1702 1336 1728 τῶν
1351 1703 1529 1738 προφητικῶν
1549 1701 1719 1738 μηνυμάτων
1729 1702 1791 1734 τοὺς
1807 1711 1856 1737 χα-

1068 1748 1207 1783 ρακτῆρας
1215 1748 1408 1783 ὑποσημαίνει.
1421 1747 1487 1775 Εἶτα
1495 1742 1677 1783 ’ἀποκρίνεται
1690 1747 1758 1783 πρὸς
1771 1747 1856 1784 αὐτὴν

1066 1794 1081 1821 ὁ
1094 1794 1221 1829 νυμφίος,
1238 1795 1325 1828 λέγων
1342 1795 1410 1830 πρὸς
1425 1794 1442 1821 ἃ
1457 1793 1517 1821 εἷπε
1527 1803 1534 1810 ·

1103 1840 1175 1875 AG’.
1192 1841 1237 1868 Στ.
1258 1841 1290 1876 β’.
1314 1841 1361 1874 Ὧς
1375 1841 1479 1875 κρίνον
1495 1841 1530 1867 ἐν
1541 1840 1625 1875 μέσῳ
1636 1839 1785 1872 ἀκανθῶν,
1807 1838 1856 1866 οὔ·

1067 1895 1124 1919 τως
1137 1886 1156 1920 ἡ
1174 1887 1308 1920 πλησίον
1318 1896 1377 1922 μου
1394 1886 1548 1920 ἀναμέσον
1563 1886 1623 1913 τῶν
1633 1885 1818 1920 θυγατέρων.

1103 1933 1162 1958 Ἵνα
1176 1933 1261 1968 αὐτὴν
1278 1934 1343 1970 εἴπῃ
1361 1932 1467 1959 δικαίαν
1481 1931 1618 1967 ἀναμέσον
1631 1922 1741 1963 ἀδίκωνῖ
1755 1930 1855 1966 εὐσεσῆ

1067 1977 1097 2004 ἐν
1113 1977 1188 2013 μέσῳ
1208 1978 1324 2011 ἁσεῦῶν,
1343 1979 1372 2004 ὲν
1394 1977 1462 2012 τῷδε
1479 1977 1518 2012 τῷ
1539 1977 1633 2013 κόσμῳ
1648 1977 1856 2012 ἀναστρεφομέ-

1067 2033 1126 2059 νην,
1142 2024 1211 2060 πρὸς
1225 2025 1259 2059 ἣν
1275 2033 1341 2059 φησι
1354 2024 1400 2050 καὶ
1415 2025 1428 2050 ὁ
1448 2023 1609 2056 Ἀπόστολος
1619 2033 1625 2040 ι
1644 2033 1653 2049 ι
1671 2023 1730 2050 Ἵνα
1741 2023 1857 2058 γένησθε

1067 2071 1150 2097 τέκνα
1165 2070 1232 2097 Θεοῦ
1257 2069 1395 2106 ἀμώμητοι
1415 2071 1443 2097 ὲν
1468 2070 1542 2106 μέσῳ
1567 2071 1665 2105 γενεᾶς
1682 2070 1791 2102 σκολιᾶς
1811 2069 1858 2096 καὶ

1069 2116 1296 2152 διεστραμμένης.
1312 2126 1321 2142 ›
1337 2114 1402 2143 Εἶτα
1412 2117 1429 2152 ἡ
1441 2116 1534 2153 νύμφη
1550 2117 1630 2143 πάλιν
1642 2116 1709 2152 πρὸς
1718 2116 1764 2142 τὸν
1774 2115 1857 2151 αὐτῆς

1070 2162 1185 2198 νυμφίον
1197 2169 1204 2176 ·

1106 2210 1167 2235 AZ’.
1189 2209 1234 2235 Στ.
1251 2212 1285 2243 γ’.
1319 2209 1365 2242 Ὧς
1373 2207 1475 2243 μῆλον
1490 2208 1544 2244 (61)
1562 2209 1597 2235 ἐν
1608 2207 1671 2240 τοῖς
1687 2207 1790 2240 ξύλοις
1805 2206 1857 2233 τοῦ

1070 2254 1199 2288 δρυμοῦ,
1225 2254 1319 2287 οὕτως
1349 2253 1512 2288 ἁδελφιδός
1534 2261 1593 2287 μου
1620 2252 1774 2287 ἀναμέσω-
1800 2251 1858 2278 τῶν

1072 2299 1152 2327 υἱῶν.

1108 2346 1144 2372 Τδ
1163 2345 1247 2381 μῆλον
1262 2346 1290 2372 ὲν
1305 2345 1343 2381 τῷ
1359 2345 1434 2380 αὐτῷ
1453 2345 1501 2371 καὶ
1516 2345 1616 2380 βρῶσιν
1629 2345 1686 2381 ἔχει
1705 2345 1751 2372 καὶ
1767 2344 1855 2370 πόσιν.

1068 2392 1127 2418 Ἵνα
1152 2392 1217 2426 γοῦν
1243 2391 1292 2427 τὴν
1316 2392 1450 2431 μυστικὴν
1475 2391 1539 2428 εἴπῃ
1566 2392 1746 2428 εὐφροσύνην,
1769 2391 1857 2426 ἥνπερ

1096 2472 1117 2488 ¹¹
1130 2470 1225 2500 Matth.
1238 2479 1277 2504 vr,
1295 2471 1340 2499 98.
1397 2472 1419 2488 “
1431 2471 1545 2507 Philipp.
1558 2479 1587 2506 l!,
1604 2471 1648 2499 15.

1180 2549 1272 2587 Ῠιιιιίσ.
1288 2551 1501 2587 ἐνδιατρίῦουσα.

1106 2585 1163 2618 (60)
1182 2585 1228 2613 Sic
1256 2585 1417 2621 legendum:
1436 2587 1505 2614 male
1531 2586 1611 2614 Barb.
1638 2590 1666 2613 et
1690 2593 1765 2613 meus
1793 2586 1856 2618 τοὺς

1071 2620 1202 2656 καρπούς.

1109 2655 1165 2691 (61)
1182 2655 1277 2683 Neseio
1301 2663 1350 2683 cur
1376 2661 1425 2683 vet.
1444 2656 1566 2691 interpr.
1581 2655 1744 2682 reddiderit:
1762 2664 1770 2680 ι
1783 2655 1856 2682 Sit-ut

1073 2690 1159 2719 arbor
1179 2691 1242 2718 tuali
1267 2692 1292 2718 in
1319 2691 1406 2719 medio
1421 2690 1528 2718 silvai.)
1548 2690 1613 2717 Tota
1634 2698 1698 2716 vero
1714 2691 1856 2725 explicatio

1074 2728 1131 2754 luteo
1156 2727 1181 2753 in
1203 2734 1234 2753 ea
1256 2726 1381 2753 versione
1397 2732 1437 2754 est
1454 2727 1579 2760 implexa,
1595 2729 1621 2752 et
1633 2725 1755 2760 quaadam
1774 2727 1856 2752 etiam

1076 2763 1167 2793 habet,
1183 2769 1243 2795 qua:
1258 2769 1336 2788 sensu
1353 2765 1494 2793 carcnt,ut
1511 2760 1553 2786 illa
1569 2768 1576 2786 :
1592 2760 1702 2795 tArhor
1715 2767 1779 2794 ergo
1796 2761 1855 2787 tnali

1071 2802 1114 2824 est
1133 2797 1223 2828 homo,
1241 2795 1341 2822 Christi
1359 2797 1453 2823 dooms
1482 2795 1551 2822 inter
1566 2795 1638 2828 ligna
1659 2795 1741 2826 silvas,
1762 2796 1801 2822 sic
1830 2797 1855 2822 in

1072 2831 1160 2892 Pedio
1189 2829 1342 2859 Judaeorum
1373 2831 1524 2863 cxsistcus,
1548 2830 1626 2858 sicut'
1643 2830 1675 2858 de
1701 2830 1765 2865 ipsis
1789 2830 1854 2858 dicit

1084 2873 1164 2892 satas.
1178 2874 1186 2890 ι
1203 2870 1254 2892 etc.

1084 2873 1164 2897 satas,
1178 2874 1186 2890 ι
1203 2870 1254 2892 etc.
