2078 3153
210 151 241 179 GI
674 151 877 180 ENARRATIO
895 153 930 180 IN
949 153 1126 183 CANTICUM
1146 155 1382 186 CANTICOBUM.

1809 159 1844 186 62

211 207 280 243 αὑτῇ
297 207 413 234 δέδωκεν
428 208 442 234 ό
459 207 584 243 νυμφίος,
600 208 702 242 λέγων·
722 218 731 234 ι
753 209 867 242 Λάῆετε,
882 206 998 244 φάγετε·

1054 220 1167 248 sponsus
1207 215 1317 243 dicens:
1334 216 1491 252 «Accipite,
1519 218 1693 252 manducata;
1719 218 1769 245 hoc
1801 216 1842 246 r-s‘

213 252 295 279 τοῦτό,
307 261 357 288 μου
374 253 434 279 ἐστὶ
452 253 481 279 τὸ
500 253 598 288 σῶμα·
621 262 631 280 ι
651 253 709 286 καὶ,
737 263 746 280 ‹
767 255 889 287 Λάϐετε,
910 256 1002 283 πίε-τε·

212 297 291 324 τοῦτό
305 298 362 324 ἐστι
376 297 407 324 τὸ
421 295 492 333 αἷμά
508 307 558 334 μου
570 319 578 331 ,
603 299 633 325 τὸ
647 300 717 336 ὑπὲρ
733 300 810 335 ὑμῶν
825 301 1004 337 ἐκχυνόμενον

213 344 253 374 είς
279 343 375 377 ἄφεσιν
400 343 558 379 ἀμαρτιῶνο
587 353 596 370 ι
623 343 666 370 διὰ
694 345 783 377 τοῦτο,
808 343 902 381 οἶμαι,
931 356 939 371 ι
967 346 1005 379 ὡς

216 388 311 423 μῆλον,
333 398 343 414 ι
371 389 454 424 λέγει,
477 389 546 424 Τρία
570 389 624 426 γὰρ
649 390 738 424 ἀγαθά
763 391 794 417 τὸ
822 391 906 427 μῆλον
928 391 1001 428 ἔχει·

217 434 330 470 βρῶσιν,
358 435 390 461 δι’
407 433 440 471 ἧς
457 435 640 471 ὑποσημαίνει
657 436 687 463 τὸ
703 436 822 472 Χριστοῦ
842 437 921 472 σῶμα
933 445 939 452 ·
959 437 1004 464 καὶ

216 479 306 513 πόσιν,
322 479 354 506 δι’
377 477 410 516 ἧς
433 481 613 516 ὑποσημαίνει
634 481 664 508 τὸ
694 472 827 518 σωτήριον
848 480 934 518 αἴμα’
959 483 1004 509 καὶ

218 527 339 558 εὐωδίαν,
363 528 424 563 ἥτις
446 528 502 564 (62)
528 529 727 566 χαρακτηρίζει
753 524 802 566 τῆν
827 530 926 558 πίστιν.
948 531 1004 558 Καὶ

219 571 297 598 πάλιν
323 572 399 608 μήλῳ
424 573 568 605 ἀπεικάζει
589 574 634 601 τὺν
655 575 824 611 ἀνθρώπινον
850 576 897 602 τοῦ
916 576 1003 610 Λόγου

217 619 375 652 χαρακτῆρα
393 618 449 654 (65)
466 620 495 646 ὲν
521 619 609 652 ξύλοις
636 620 715 647 ὄντα·
745 620 900 657 προθεμένη
924 621 1004 648 αὐτὸν

216 663 260 689 ἐπὶ
273 662 319 689 τοῦ
334 663 412 696 ξύλου
427 664 474 691 τοῦ
491 666 619 701 σταυροῦ,
638 664 681 693 οἷα
696 666 791 702 μῆλον,
809 667 1002 699 εὐωδιάζοντα.

215 707 268 734 Καί
285 717 367 745 φησιν
379 718 387 725 ·
407 718 416 735 ι
443 710 487 742 Ὠς
507 711 590 747 μῆλον
613 712 642 738 ὲν
654 713 710 744 τοῖς
724 711 812 744 ξύλοις
826 712 872 740 τοῦ
888 712 1002 748 δρυμοῦ,

213 753 299 786 οὕτως
321 755 460 789 ἀδελφιδός
485 765 535 792 μου
562 758 699 793 ἀναμέσον
716 758 771 785 τῶν
794 758 876 785 υἱῶν·
898 769 907 785 ι
936 759 1003 795 ὅπερ

214 800 297 831 ἐστὶν,
316 802 453 837 ἀναμέσον
475 802 528 829 τῶν
554 803 697 830 Ἰουδαίων.
725 804 808 836 Υῑοὺς
824 804 878 839 γὰρ
905 805 1004 836 αὐτοὺς

213 847 243 873 ἐν
272 847 370 884 Ἡσαΐᾳ
393 848 486 881 καλεῖ,
506 849 610 882 λέγων·
643 859 652 876 ‹
682 850 764 882 Υἱοὺς
788 850 937 886 ἐγέννησα,
957 851 1003 878 καὶ

214 892 323 928 ὒψωσα·
339 893 416 920 αὐτοὶ
431 894 460 920 δέ
477 903 511 930 με
530 895 676 931 ἠθέτησαν.
702 905 711 921 ι
732 894 799 923 Εἶτά
813 905 894 932 φησιν
905 906 912 913 ·

247 940 313 966 AH’.
335 939 387 966 Ἐν
418 939 456 975 τῇ
490 939 563 974 σκιᾷ
605 940 698 978 αὐτοῦ
737 942 927 977 ἐπεθύμησα,
955 943 1006 972 καὶ

211 985 348 1013 ἐκάθισα.
390 1014 393 1017 ,

255 1031 397 1068 Ἐπιθυμεῖ
412 1031 466 1068 γὰρ
482 1033 528 1060 καὶ
543 1033 588 1060 τὸν
601 1033 682 1069 νόμον
697 1033 783 1061 τελεῖν
801 1035 817 1069 ή
841 1035 998 1071 Ἐκκλησία.

214 1075 283 1103 Σκιὰ
303 1077 357 1113 γὰρ
375 1078 422 1104 τοῦ
436 1078 606 1113 Μονογενοῦς
619 1080 633 1106 ὁ
655 1079 736 1115 νόμος
748 1088 754 1094 '
773 1081 820 1107 καὶ
833 1080 926 1108 τοῦτον
945 1083 1004 1109 ἐπι-

214 1121 295 1158 θυμεῖ
319 1125 394 1151 πᾶσα
417 1125 536 1152 εὐσεϐῶν
550 1125 642 1161 ψυχὴ,
671 1127 731 1158 ταῖς
753 1126 892 1161 ὃιαταγαῖς
921 1128 1004 1156 αὑτοῦ

212 1169 415 1206 ὲπιτερπομένη
441 1172 501 1203 ταῖς
520 1171 684 1204 κωλυτικαῖς
706 1173 759 1199 τῶν
777 1173 1002 1209 ἁμαρτημάτων·

213 1212 256 1243 τὸ,
276 1222 286 1238 ‹
304 1213 342 1240 Οὐ
364 1215 516 1250 μοιχεύσεις
529 1236 535 1247 ,
549 1216 579 1242 οὺ
597 1217 747 1251 φονεύσεις,
769 1219 799 1244 οὺ
823 1218 943 1254 κλέψεις,
972 1220 1002 1246 οὺ

212 1258 502 1296 ψευδομαρτυρήσεις,
532 1262 599 1296 τίμα
614 1263 659 1289 τὸν
689 1264 796 1299 πατέρα
819 1273 866 1291 σου
885 1265 933 1291 καὶ
955 1265 1004 1301 τὴν
1036 1263 1039 1265 ’

216 1305 331 1341 μητέρα,
346 1316 355 1332 ι
369 1307 415 1333 καὶ
427 1307 476 1339 τὰς
490 1307 572 1340 ἄλλας
584 1308 680 1340 λοιπὰς
694 1310 814 1341 ἐντολάς.
836 1310 880 1336 Ἐν
892 1309 1004 1342 ταύταις

214 1351 273 1382 ταῖς
289 1352 378 1383 σκιαῖς
397 1352 575 1388 ἐπιθυμοῦσιν
595 1354 622 1380 αί
642 1353 695 1381 τῶν
711 1354 830 1382 εὐσεϐῶν
847 1355 932 1390 ψυχαὶ
945 1356 1004 1386 ταῖς

215 1395 268 1422 τῶν
282 1396 489 1433 ἁμαρτημάτων
505 1398 678 1431 κωλυτικαῖς.
696 1400 741 1426 Διὸ
762 1400 863 1436 λέγειή
890 1401 1005 1436 Ἐκκλη-

215 1441 273 1469 σία·
288 1452 297 1468 ι
314 1444 358 1470 Ἐν
371 1445 404 1479 τῇ
425 1444 489 1479 σκιᾷ
501 1444 583 1471 αὑτοῦ
600 1444 771 1479 ἐπεθύμησα,
787 1445 834 1472 καὶ
849 1445 972 1473 ἐκάθισα.
990 1456 999 1472 ι

213 1497 261 1513 -ι
272 1488 351 1514 Σκιάν
362 1488 417 1525 γὰρ
428 1487 499 1524 εἶχεν
509 1491 523 1516 ὁ
535 1489 615 1524 νόμος
627 1489 680 1515 τῶν
693 1490 842 1525 μελλόντων
853 1490 973 1525 ἀγαθῶν,
989 1500 998 1517 ι

214 1534 283 1560 κατά
296 1534 341 1561 τὸν
355 1535 493 1562 Θειότατον
513 1535 672 1562 ’Λπόστολον
682 1544 688 1551 ’
703 1535 742 1562 διὸ
755 1535 836 1568 εὐθὺς
848 1535 921 1571 λέγει
933 1545 940 1552 ·

1055 266 1154 294 corpus
1178 267 1266 288 meum
1279 260 1339 293 “p
1357 266 1402 288 ct:
1422 271 1432 288 ι
1447 262 1576 297 Accipite,
1599 263 1700 302 bibite;
1732 264 1775 290 hic
1798 269 1841 290 est

1056 306 1167 340 sanguis
1183 314 1258 334 uicus
1274 307 1319 341 qui
1336 315 1384 342 pro
1397 308 1474 337 vobis
1489 309 1643 337 eti'undetur
1659 310 1685 336 iu
1702 309 1841 336 remissio-

1055 358 1116 378 nem
1129 358 1302 386 peccatorum
1313 353 1353 381 ’λε
1371 363 1381 380 ι
1397 354 1497 382 ideirco
1509 355 1584 388 dicit,
1602 365 1611 381 ι
1624 356 1694 384 sicut
1710 356 1837 383 malum»

1057 397 1119 424 Tria
1137 398 1209 425 enim
1224 398 1292 425 bona
1309 399 1406 427 malum
1420 401 1558 428 continet:
1576 402 1677 435 cihum,
1693 410 1748 436 quo
1762 401 1843 436 sigui-
1895 429 1901 435 χ

1056 442 1121 470 ﬁcat
1142 451 1241 478 corpus
1255 444 1373 477 Christi;
1392 451 1494 480 potum,
1510 455 1564 482 quo
1580 446 1715 482 signiﬁcat
1739 448 1842 475 saluta-

1057 494 1112 514 rem
1133 489 1309 523 sanguinem;
1335 494 1362 516 et
1385 492 1476 519 odoris
1501 493 1674 524 suavitatem,
1689 500 1738 527 per
1760 501 1840 527 quam

1056 533 1184 568 exprimit
1210 535 1301 562 ﬁdem.
1326 535 1358 562 Et
1373 544 1467 564 rursus
1483 538 1551 565 malo
1565 532 1702 574 compara}
1717 540 1843 566 Immani-

1057 582 1140 605 tatem
1159 578 1236 607 Verbi
1256 586 1432 616 assumplam,
1450 589 1510 616 quae
1531 587 1573 610 est
1599 583 1669 609 inter
1681 582 1762 617 ligna,
1779 590 1842 617 pro-

1055 631 1158 659 ponens
1182 625 1269 660 ipsum
1299 627 1324 654 in
1350 627 1424 662 ligno
1447 629 1537 656 crucis
1569 629 1687 656 suaviter
1714 629 1842 662 olentem,

1055 674 1184 705 tanquam
1203 671 1313 702 malum.
1331 672 1364 699 Et
1385 673 1443 700 ait:
1461 683 1471 700 ς
1488 673 1521 701 Ut
1549 673 1647 701 malum
1672 674 1741 700 inter
1770 673 1841 707 ligna

1055 716 1139 750 silvae,
1165 718 1205 744 sic
1229 718 1364 746 fratruelis
1388 708 1462 746 incus
1490 720 1515 746 iu
1541 720 1629 746 medio
1642 720 1773 752 ﬁliorum;
1789 729 1798 745 ι
1815 719 1843 745 id

1055 768 1106 796 est,
1122 764 1148 791 in
1168 764 1256 792 medio
1270 764 1435 793 Judworum.
1456 766 1531 800 Ipsos
1545 766 1617 793 enim
1640 765 1709 794 ﬁlios
1727 765 1844 800 appellnt

1056 809 1082 836 iu
1112 809 1182 837 Isaia
1212 811 1328 838 dicens;
1345 811 1449 839 «Filios
1474 812 1554 847 genui
1584 817 1612 839 et
1636 812 1772 845 exaltari;
1793 812 1844 847 ipsi

1055 863 1120 883 vero
1133 862 1293 891 spreverunt
1305 857 1386 885 me".
1400 867 1411 884 ι
1425 858 1525 886 Deinde
1539 859 1603 886 dicit
1616 865 1624 885 :

1020 887 1042 917 Β

1090 945 1233 974 XXXVIII.
1251 946 1285 974 In
1306 947 1397 974 umbra
1411 947 1492 981 ipsius
1512 947 1646 982 concupiui
1670 951 1694 973 et
1711 947 1825 974 consedi.

1091 1036 1232 1063 Desiderat
1251 1036 1322 1064 enim
1346 1036 1427 1064 etiam
1445 1036 1530 1072 legem
1552 1035 1683 1070 perﬁcere
1709 1035 1840 1062 Ecclesia.

1056 1081 1158 1110 Umbra
1183 1083 1254 1109 enim
1271 1082 1404 1117 Ilnigeuiti
1427 1087 1467 1109 est
1485 1082 1547 1116 lex;
1564 1086 1589 1109 et
1615 1082 1685 1109 hanc
1707 1081 1843 1108 desiderat

1054 1130 1155 1164 quaevis
1181 1129 1286 1163 piorum
1316 1129 1417 1161 animo,
1443 1128 1527 1163 ipsius
1545 1127 1676 1155 delectata
1703 1128 1844 1162 praeceptis

1054 1182 1113 1210 qua:
1138 1181 1249 1210 peccata
1276 1175 1443 1210 prohibent:
1461 1174 1544 1201 (Non
1573 1174 1763 1207 mmchaberis,
1791 1181 1843 1201 non

1054 1221 1172 1254 occides,
1192 1229 1244 1249 non
1259 1221 1360 1248 furtqu
1373 1221 1467 1253 facies,
1480 1228 1533 1248 non
1546 1220 1641 1247 falsum
1657 1221 1841 1248 testimonium

1054 1268 1137 1300 dices,
1154 1267 1375 1302 honorapatrem
1406 1272 1480 1294 tuum
1507 1272 1535 1294 et
1561 1270 1675 1293 matrem
1683 1265 1717 1298 “,
1729 1275 1738 1292 ι
1754 1270 1781 1292 et
1793 1273 1844 1292 car-
1858 1289 1859 1295 η

1056 1318 1112 1341 tera
1129 1313 1266 1341 mandata.
1285 1312 1313 1340 In
1338 1313 1380 1340 his
1395 1313 1501 1339 umbris
1525 1319 1586 1347 quae
1603 1316 1712 1346 peccata
1740 1316 1844 1343 vetant,

1054 1359 1151 1386 animae
1163 1359 1300 1393 justorum
1322 1358 1526 1392 concupiscunt.
1542 1357 1688 1391 Propterea
1711 1357 1775 1384 dicit
1792 1357 1842 1383 Ec-

1055 1405 1136 1433 clesia
1151 1414 1159 1432 :
1175 1414 1184 1430 ι
1198 1405 1228 1431 In
1245 1404 1338 1430 umbra
1355 1402 1413 1437 ejus
1434 1401 1574 1436 concupivi
1596 1406 1624 1428 et
1644 1401 1766 1428 consedi.
1782 1409 1793 1427 ι
1806 1415 1844 1422 -

1057 1461 1067 1478 ‹
1081 1451 1209 1479 Umbram
1218 1450 1290 1477 enim
1303 1449 1419 1476 habebat
1430 1448 1471 1475 lex
1482 1448 1631 1475 futurorum
1643 1446 1814 1480 honorum",
1831 1455 1841 1472 ι

1052 1497 1129 1532 juxta
1141 1496 1340 1525 divinissimum
1352 1495 1521 1530 Apostolum.
1532 1494 1634 1521 Idcirco
1648 1494 1739 1521 statim
1754 1493 1818 1520 dicit
1833 1500 1840 1519 :

248 1579 311 1606 ΛΘ¹.
327 1580 382 1607 Καὶ
394 1580 511 1614 καρπὸς
521 1580 615 1608 αὑτοῦ
626 1580 741 1615 γλυκὺς
751 1580 786 1607 ἐν
795 1570 923 1616 λάρυγτί
932 1589 1001 1616 μου.

1092 1585 1211 1613 XXXIX.
1231 1585 1265 1611 Et
1280 1584 1381 1619 [ructus
1394 1585 1451 1619 ejus
1467 1583 1551 1611 dulcis
1564 1584 1592 1610 in
1607 1583 1728 1618 faucibus
1744 1582 1820 1609 meis.

249 1625 281 1651 Ol
299 1625 353 1661 γὰρ
366 1626 418 1652 ὑπὸ
431 1626 480 1662 τὴν
494 1625 573 1653 σκιὰν
589 1626 635 1653 τοῦ
651 1626 733 1661 νόμου
751 1626 941 1662 καθεζόμενοι,
956 1626 1004 1663 δῆν

214 1670 268 1703 λον,
283 1671 320 1703 ὡς
336 1672 383 1698 καὶ
396 1671 442 1698 τοῦ
455 1671 633 1706 εὐαγγελιχοῡ
650 1671 757 1707 καρποῦ
774 1671 823 1707 τὴν
842 1672 1002 1709 σωτηριώδη

213 1715 329 1751 εὐωχίαν
358 1716 605 1751 μεταλαμϐάνουσι.
640 1715 707 1743 Εἶτα
738 1716 832 1744 λοιπὸν
860 1718 924 1753 περὶ
955 1717 1002 1744 τοῦ

213 1763 295 1798 νόμου
314 1763 439 1796 εἰποῦσα,
456 1763 495 1795 εἰς
510 1772 540 1790 τε
564 1764 612 1799 τὴν
636 1763 774 1790 τελείωσιν
801 1764 891 1799 ἥνπερ
908 1764 1004 1790 ἐλαϐεν

215 1809 248 1835 ὲκ
269 1807 317 1835 τοῦ
341 1808 436 1844 νόμου,
457 1808 587 1836 εἰσελθεῖν
616 1808 747 1842 Θέλουσα,
767 1809 840 1844 λέγει
862 1811 918 1841 τοῖς
934 1810 1003 1836 ἀπο-

216 1853 318 1886 στόλοις
327 1862 336 1870 ·

250 1901 295 1927 Μ’.
324 1901 368 1928 Στ.
398 1901 432 1928 δ’.
459 1900 603 1937 Εὶσάγετέ
635 1909 674 1936 με
699 1902 742 1935 εἰς
765 1899 852 1929 οἷκον
879 1902 935 1929 τοῦ
961 1902 1003 1929 ol-

213 1953 270 1972 νου
287 1944 354 1980 (64).
775 1970 777 1973 .

249 1991 298 2023 Εἰς
313 1992 344 2018 τὸ
363 1991 411 2018 τοῦ
441 1991 544 2028 Κυρίου
571 1992 652 2028 σῶμα
678 1993 866 2028 συγκεράσατέ
883 2002 917 2029 με
936 1993 1002 2029 (65),

216 2038 291 2074 φησὶ,
308 2038 381 2073 αὐτῷ
396 2037 440 2065 διὰ
454 2037 500 2064 τοῦ
515 2037 626 2073 λουτροῦ
640 2039 690 2074 τῆς
706 2038 924 2073 παλιγγενεσίας.

250 2084 317 2112 MA'.
338 2085 448 2117 Τάξατε
460 2085 505 2111 ἐπ’
516 2085 569 2119 ἐμὲ
583 2085 716 2120 ἀγάπην.
746 2090 753 2095 “

250 2131 314 2158 Δότε
337 2140 382 2167 μοι
411 2131 460 2167 τὴν
483 2128 593 2168 ἀγάτέην
615 2131 664 2167 τὴν
689 2132 736 2158 τοῦ
761 2132 924 2168 ἐπουρανίου
946 2133 1002 2169 (66)

215 2177 331 2212 Πατρὺς,
349 2179 382 2212 ἦν
403 2178 416 2204 ό
440 2177 595 2213 Μονογενὴς
610 2177 700 2211 λέγει·
722 2186 731 2202 ι
752 2177 845 2210 Οὕτως
860 2178 1003 2214 ἠγάπησεν

214 2225 228 2250 ὁ
241 2223 307 2256 Θεὸς
318 2224 363 2250 τὸν
373 2224 484 2259 κόσμον,
499 2224 568 2250 ὥστε
581 2223 626 2250 τὸν
641 2224 703 2250 Υἱὺν
714 2223 797 2250 αὑτοῦ
810 2225 854 2251 τὸν
870 2226 1000 2261 μονογενῆ

214 2271 325 2302 ἔδωκεν,
343 2270 385 2297 ἵνα
403 2271 454 2302 πᾶς
469 2272 482 2297 ὁ
497 2270 631 2297 πιστεύων
647 2271 686 2302 εἰς
703 2271 785 2297 αὑτὸν
807 2271 843 2306 μὴ
857 2260 1002 2307 ἀπόληται,

216 2317 271 2343 ἀλλ’
287 2316 335 2353 ἔχῃ
350 2317 422 2352 ζωὴν
438 2313 556 2344 αἰώνιον.
580 2327 589 2344 ι

250 2363 316 2390 ΜΒ’.
338 2364 382 2390 Στ.
400 2366 430 2388 ε’.
446 2362 611 2396 Στηρίσατέ
626 2362 682 2397 (I57)
699 2371 737 2397 με
751 2362 786 2389 ἐν
796 2363 912 2397 μύροις.

257 2409 301 2436 Ἐν
316 2409 383 2449 nisi.
399 2411 454 2441 τοῖς
469 2410 550 2442 θείοις
565 2410 612 2436 τοῦ
627 2410 747 2445 Χριστοῦ
760 2410 870 2444 λογίοις.

252 2455 316 2482 Ml".
333 2455 515 2482 Στοιϐάσατέ
525 2465 563 2490 με
579 2456 614 2483 ἐν
630 2456 753 2491 μήλοις.

253 2501 359 2536 Θάψατὲ
376 2511 410 2538 με
424 2504 454 2530 ὲν
468 2502 508 2538 τῷ
523 2502 633 2540 ἀριθμῷ
645 2503 699 2529 τῶν
712 2502 835 2531 δικαίων.

252 2570 275 2587 ³³
287 2570 382 2598 Matth.
400 2578 475 2604 xxvi,
495 2571 540 2598 26.
579 2570 678 2598 l“ibid.
695 2571 741 2603 27,
754 2570 799 2598 28.
839 2570 862 2587 "
874 2569 925 2598 Isa.
942 2578 961 2604 1,
973 2571 1001 2598 2.

251 2639 526 2701 (g2)lEmendandnm
539 2639 572 2666 δι’
591 2636 637 2675 ἧς,
652 2643 681 2666 ut
697 2639 795 2668 habent
815 2641 901 2668 codex
929 2648 1004 2668 meus

277 2684 305 2701 111*
315 2684 334 2701 ).

215 2681 241 2702 et
255 2677 334 2702 Barl).

251 2711 308 2745 (65)
324 2709 393 2738 Vide
406 2718 488 2745 supra
504 2713 593 2738 notam
614 2709 646 2736 ad
659 2717 728 2737 vers.
745 2713 799 2745 κη’.
812 2717 912 2737 xxvul.

252 2746 308 2781 (64)
325 2746 383 2772 Vet.
399 2746 524 2781 rinterpr.
542 2754 551 2770 ι
568 2746 595 2772 ἱη
619 2745 727 2781 domum
742 2746 837 2781 viuere.
851 2755 860 2771 ι
877 2745 1002 2772 Fortasse

217 2779 326 2808 secutus
340 2786 381 2808 est
398 2780 459 2808 lect.
473 2781 628 2816 Symmachi
641 2780 684 2816 εἰς
699 2779 745 2816 τὸν
761 2779 869 2811 οίνῶνα,
881 2790 890 2805 ι
906 2781 931 2807 in
947 2782 1001 2808 cel-

217 2816 269 2842 lam
296 2816 440 2846 vinariam,
457 2825 466 2841 ›
484 2814 597 2850 eamque
623 2815 692 2843 idetu
708 2814 820 2849 interpr.
837 2815 938 2849 putavit
951 2823 1000 2850 ap-

219 2850 310 2885 pellari
330 2858 407 2884 posse
423 2859 432 2875 ι
446 2851 553 2877 domum
569 2851 682 2878 vinem.)

254 2885 314 2920 (65)
332 2886 389 2914 Vel.
406 2886 535 2920 interpres
548 2886 610 2920 quid
626 2885 756 2921 intelligat
770 2885 869 2920 ucscio,
883 2885 928 2922 qui
939 2892 1000 2914 ver-

1092 1632 1142 1665 Qui
1159 1631 1230 1659 enim
1245 1631 1295 1659 sub
1313 1631 1379 1665 legis
1398 1630 1492 1657 umbra
1508 1629 1657 1662 consident,
1672 1628 1844 1655 mauilestutn

1055 1682 1097 1705 est
1112 1684 1158 1705 eos
1184 1677 1264 1704 etiam
1283 1675 1409 1703 salutaris
1425 1675 1539 1702 convivii
1567 1673 1593 1700 in
1618 1680 1672 1708 quo
1695 1671 1842 1706 evangelici

1055 1723 1160 1751 fructus
1175 1727 1355 1758 apponuntur,
1373 1729 1432 1748 esse
1445 1721 1602 1756 participes.
1618 1718 1719 1746 Deinde
1736 1718 1769 1745 de
1785 1717 1842 1752 lege

1055 1769 1177 1803 loquens,
1194 1774 1221 1796 et
1232 1769 1264 1796 ad
1280 1776 1339 1796 eam
1356 1767 1546 1802 perfectionem
1559 1765 1650 1793 venire
1658 1765 1750 1792 volens
1761 1771 1842 1799 quam
1898 1790 1913 1800 ,ν

1054 1815 1156 1849 accepit
1173 1823 1188 1848 a
1201 1814 1269 1850 lege,
1285 1814 1351 1841 dicit.
1368 1813 1495 1849 apostolis
1509 1822 1515 1840 :

1089 1904 1145 1932 XL.
1160 1903 1242 1932 Vens.
1259 1904 1287 1931 4.
1304 1902 1466 1930 Introducile
1484 1909 1525 1929 me
1536 1901 1563 1928 in
1577 1901 1683 1928 domum
1695 1899 1758 1927 viui.

1090 1994 1118 2022 In
1135 1993 1240 2021 Domini
1257 1992 1361 2020 scilicet
1379 1999 1476 2026 corpus
1492 1991 1665 2019 commisccte
1676 1995 1728 2022 me,
1746 1987 1842 2023 inquit,

1053 2047 1115 2068 cum
1130 2040 1188 2074 ipso
1203 2046 1250 2073 per
1266 2038 1400 2065 lavacrum
1417 2036 1636 2071 regenerationis.

1089 2084 1158 2113 XLI.
1177 2085 1306 2112 Ordinate
1324 2084 1351 2110 in
1366 2091 1406 2110 me
1425 2083 1590 2110 charilalem.

1089 2131 1155 2159 Date
1175 2131 1241 2159 mihi
1266 2130 1438 2158 dilectionem
1462 2129 1549 2157 Patris
1577 2127 1705 2159 caelestis,
1730 2127 1764 2161 de
1790 2134 1842 2161 qua

1055 2178 1215 2213 Uuigeuitus
1229 2177 1349 2212 loquitur
1362 2186 1369 2204 :
1384 2186 1393 2202 ι
1409 2175 1454 2203 Sic
1472 2175 1541 2202 Deus
1551 2174 1645 2202 dilexit
1661 2173 1801 2204 mundum,
1815 2177 1844 2199 ut

1023 2242 1043 2269 θ
1056 2225 1155 2252 Filium
1170 2232 1247 2252 suum
1262 2223 1431 2259 unigenitum
1447 2223 1536 2257 daret;
1553 2227 1581 2248 ut
1595 2221 1682 2248 omnis
1696 2220 1740 2254 qui
1756 2219 1844 2246 credit

1058 2272 1085 2298 in
1097 2271 1181 2303 illum,
1195 2278 1249 2298 non
1262 2273 1366 2304 pereat,
1382 2268 1430 2296 sed
1444 2268 1543 2296 habeat
1558 2267 1778 2295 vitamteteruani
1789 2264 1840 2292 “.-

1090 2365 1170 2393 XLII.
1191 2365 1273 2392 Vens.
1289 2364 1317 2391 5.
1334 2363 1497 2398 Conﬁrmata
1508 2371 1549 2389 ma
1563 2363 1589 2389 in
1605 2361 1754 2395 unguentis.

1090 2412 1118 2439 In
1129 2413 1255 2439 omuilms
1270 2410 1371 2439 Christi
1388 2411 1486 2438 divinis
1501 2409 1623 2443 eloquiis.

1092 2457 1185 2484 XLIII.
1204 2456 1305 2490 Stipate
1324 2464 1364 2483 me
1380 2456 1406 2482 in
1420 2455 1507 2482 malis.

1092 2504 1209 2540 Sepelite
1225 2511 1267 2532 me
1283 2504 1309 2530 in
1323 2509 1437 2530 numero
1450 2501 1596 2536 justorutu.

1040 2571 1159 2598 “Exod.
1178 2578 1224 2602 xx,
1237 2570 1333 2598 I246.
1369 2569 1393 2585 ⁸⁷
1407 2569 1486 2597 Hebr.
1503 2577 1530 2602 x,
1547 2569 1573 2596 I.
1609 2568 1631 2584 ⁸⁸
1643 2567 1721 2596 Joan.
1741 2576 1782 2599 Ill,
1799 2567 1841 2596 Ili.

1058 2641 1091 2668 tit
1105 2650 1112 2668 :
1127 2650 1137 2666 ‹
1147 2642 1277 2674 Coaptate
1291 2647 1334 2667 me
1350 2639 1374 2666 ei
1388 2646 1435 2673 per
1446 2637 1592 2671 lavacrum,
1606 2646 1615 2663 ι
1630 2641 1683 2664 etc.
1702 2635 1845 2662 Salutatus

1056 2675 1125 2704 bene
1148 2677 1237 2708 vertit,
1256 2675 1447 2703 «commiscete
1458 2681 1509 2700 me.
1523 2683 1532 2699 )

1097 2712 1153 2747 (66)
1168 2705 1236 2739 νει(
1247 2711 1359 2747 interpr.
1369 2745 1372 2747 Δ
1382 2718 1391 2734 ι
1405 2709 1563 2747 (ψει-ίιοιθξιι
1582 2706 1710 2747 unigeniti
1735 2705 1794 2747 Filii
1807 2714 1813 2732 :
1827 2714 1838 2730 ι

1058 2742 1149 2774 minus
1164 2747 1242 2774 bene.
1261 2742 1334 2773 Sane
1359 2745 1391 2772 de
1411 2743 1499 2771 Patris
1519 2743 1652 2771 chanitate
1668 2742 1696 2769 in
1711 2742 1843 2768 mundum

1056 2781 1175 2816 loquitur
1189 2781 1344 2816 Apostolus.
1483 2815 1486 2816 ν
1752 2811 1757 2815 ἡ

1091 2815 1149 2852 (67)
1171 2817 1309 2852 Salutatus
1329 2815 1430 2844 vertit:
1450 2825 1459 2840 ι
1472 2815 1585 2842 Servate
1611 2820 1652 2842 me
1665 2820 1693 2840 ε»
1713 2820 1758 2847 (ιω
1777 2816 1844 2846 pro-

1055 2851 1147 2887 pterea
1161 2852 1257 2888 le'gissc
1269 2851 1374 2880 videtur
1390 2852 1538 2887 τηρήσατε.
