2078 3153
243 162 277 189 63
808 156 968 186 PHILONIS
987 155 1144 185 EPISCOPI
1164 157 1323 185 CARPASII
1834 154 1868 182 61

279 214 370 242 XLIV.
385 214 453 248 Quia
468 215 601 243 uulnerata
613 223 670 243 sum
683 215 822 244 charitate.

279 261 332 288 Per
361 266 471 289 sanctos
491 262 593 289 scilicet
616 266 768 296 martyres;
795 268 844 296 per
866 269 933 296 quos
946 282 954 295 ,
970 269 1030 290 cum

243 306 381 334 Christum
399 307 554 342 diligerem,
568 306 708 333 vulnerata
736 313 794 333 sum
805 325 814 339 ,
837 310 924 334 morte
938 313 987 341 pro
999 313 1031 334 eo

243 359 379 386 sttsrepta.

278 397 358 425 XLV.
380 397 457 425 Vsus.
475 398 502 424 6.
519 397 595 424 Lteva
609 397 666 431 ejus
680 397 825 433 subtapile
840 405 914 430 meo;
925 402 949 425 et
967 397 1030 425 dex-

242 449 296 470 tera
319 444 390 470 illius
409 443 599 476 'aiuplexabitur
618 451 669 470 me.

279 489 356 515 Lreia
369 489 476 522 quidem
490 495 649 523 prtesentem
674 490 756 522 vitam
766 509 774 522 ,
787 494 817 516 ut
834 489 961 520 arbitror,
981 495 1030 515 ex-

240 535 348 569 primit;
362 535 473 561 dextera
491 542 553 561 Vero
569 535 687 562 futuram
706 540 733 562 et
748 540 906 570 perpetuam
922 538 1028 562 sancto-

240 587 298 606 rum
316 579 409 607 vitam.
428 589 438 605 ι
454 579 604 614 Longitudo
622 581 694 608 enim
720 581 823 608 dierum
837 602 844 613 ,
871 590 880 607 ι
899 581 936 608 ait
953 581 1028 608 Scri-

239 631 328 660 ptura,
343 635 353 651 ι
371 630 398 653 et
411 626 474 652 anni
492 626 552 653 vita:
568 626 593 653 in
615 627 725 653 dextera
745 626 822 661 ejus;
841 627 866 653 in
882 626 948 654 laeva
963 635 1027 654 vero

240 671 297 706 ejus
309 672 408 699 divitia:
423 677 451 699 et
464 672 548 706 gloria
559 672 592 700 ".
603 682 612 698 ι
625 671 663 699 lbi
679 673 750 700 enim
765 673 886 700 cmlestis
895 673 1026 708 sapientia

239 720 418 748 indelicieutia
431 722 498 747 bona
512 721 604 748 tribuit
622 720 760 752 Ecclesia,
772 719 847 753 juxta
863 719 1024 755 Prophetam

239 766 392 794 dicentem:
423 775 432 792 ‹
452 766 580 793 Dominus
600 773 652 793 non
677 766 792 800 privabit
815 767 892 794 bonis
914 774 961 794 eos
980 767 1025 802 qui

239 812 377 839 ambulant
399 813 425 839 in
444 812 595 839 innocentia
611 812 645 838 ’°.
667 821 677 838 ι
704 812 736 839 Et
754 812 780 839 in
793 812 883 839 futuro
907 812 1023 845 saeculo,

237 858 367 891 sapientia
386 857 576 892 longitudinem
592 857 653 885 vita;
665 862 692 885 et
708 858 786 892 longa
799 857 897 885 sazcula
910 858 1022 885 dextera

1046 217 1070 246 Α
1121 215 1183 243 MA’.
1205 217 1267 243 ὀτι
1281 214 1444 249 τετρωμὲνη
1457 215 1575 250 ἀγάπης
1592 215 1657 250 ἐγώ.

1117 260 1165 287 Διά
1178 260 1232 286 τῶν
1246 260 1330 294 ἁγίων
1345 259 1499 295 μαρτύρων·
1521 260 1554 287 δι’
1571 256 1617 292 ὧν,
1631 260 1797 295 ἀγαπήσασα
1809 259 1865 295 (68)

1080 305 1126 333 τὸν
1138 305 1263 342 Χριστὸν,
1294 305 1415 342 ὲτρώθην
1427 305 1493 341 (69),
1506 305 1552 333 τὸν
1563 305 1633 341 ὑπὲρ
1641 304 1721 332 αὐτοῦ
1733 304 1866 341 δεξαμένη

1081 353 1205 380 θάνατον.

1110 399 1177 426 ME’.
1192 400 1238 428 Στ.
1255 398 1291 432 ς’.
1308 398 1469 434 Εὐώνυμος
1485 399 1578 426 αὑτοῦ
1586 398 1645 426 ὑπὸ
1662 398 1719 432 τὴν
1729 398 1866 434 κεφαλήν

1076 454 1151 480 μου·
1167 446 1216 472 xui
1229 446 1248 479 ἠ
1262 445 1346 478 δεξιὰ
1359 445 1452 472 αὐτοῦ
1467 445 1664 479 περιλήψεται
1674 453 1722 480 με.

1114 492 1259 528 Εὐώνυμος
1280 492 1329 528 μὲν
1345 493 1465 528 παρόντα
1490 491 1546 527 βίον
1563 492 1715 524 ἀπεικάζει,
1726 491 1763 523 ὡς
1777 486 1864 527 οἵμαυ

1078 537 1152 572 δεξιὰ
1165 539 1193 565 δὲ
1211 539 1257 565 τὸν
1269 538 1409 574 μέλλοντα,
1425 538 1471 565 τὸν
1488 538 1600 565 ἀένναον
1615 538 1670 573 βίον
1686 538 1742 574 (70)
1759 538 1813 564 τῶν
1821 538 1866 564 εὑ-

1079 585 1174 613 σεῦῶν.
1195 584 1204 612 ἃ
1219 586 1313 620 Μῆκος
1326 585 1381 621 γὰρ
1398 585 1471 620 βίους
1486 594 1496 611 ι
1508 585 1583 621 φησὶ,
1604 594 1613 610 ι
1628 585 1674 611 καὶ
1688 584 1735 620 ἐτη
1750 584 1822 620 ζωῆς
1836 585 1865 611 ὲν

1077 634 1110 668 τῇ
1123 631 1197 667 δεξιᾷ
1215 631 1310 667 αὐτῆς·
1325 632 1352 657 ὲν
1363 631 1392 657 δὲ
1404 632 1439 667 τῇ
1450 631 1583 667 ἀριστερᾷ
1596 630 1680 665 αὐτῆς
1695 629 1808 661 πλοῦτος
1817 631 1864 657 καὶ

1076 678 1148 710 δόξα.
1167 687 1176 703 ι
1204 677 1310 705 Ἑνθάδε
1326 677 1381 713 γὰρ
1397 677 1568 713 ἁνυστέρητα
1585 677 1619 703 τὰ
1642 676 1730 711 ἀγαθὰ
1746 677 1762 712 ἡ
1782 677 1864 703 ὲπου-

1077 724 1169 760 ράνιος
1186 723 1298 759 παρέχει
1315 723 1396 758 σοφία
1420 724 1452 758 τῇ
1477 722 1635 758 Ἐκκλησίᾳ,
1664 722 1735 749 κατὰ
1762 722 1806 748 τὸν
1822 721 1865 748 λέ-

1081 779 1162 806 γοντα
1179 771 1338 806 Προφήτην·
1354 779 1364 795 ε
1378 769 1481 805 Κύριος
1501 769 1550 804 οὐχ
1565 769 1708 804 ὑστερήσει
1723 768 1757 795 τὰ
1773 767 1864 802 ἀγαθὲ

1074 818 1137 849 τοὺς
1168 816 1367 852 πορευομένους
1393 817 1420 843 ἐν
1442 815 1574 851 ἀκακία.)
1601 814 1656 841 Καὶ
1685 815 1713 841 ἐν
1737 814 1776 849 τῷ
1803 814 1864 850 μέλ-

1075 862 1146 889 λοντι
1162 862 1243 890 αἰῶνι
1264 863 1352 898 μῆκος
1380 861 1448 896 βίου,
1464 861 1527 893 τοὺς
1548 861 1669 896 μακροὺς
1693 860 1802 892 αἰῶνας-
1817 859 1864 887 καὶ

237 911 286 930 sua
302 909 408 935 tenens,
423 909 580 930 sanctarum
595 904 801 938 promissionum
816 904 910 938 gaudia
922 905 1023 938 przebet

1074 909 1108 936 τὰ
1123 909 1309 944 εὑφραντήρια
1319 908 1372 934 τῶν
1389 907 1474 941 ἁγίων
1498 906 1716 942 ὲπαγγελμάτων
1732 906 1760 932 ὲν
1775 907 1807 941 τῇ
1822 906 1864 932 δε-

237 948 271 975 iis
279 948 376 981 verbis,
390 948 533 983 qumjuxtn
547 949 722 983 Evangelium
739 956 844 984 sponsae
858 957 914 977 sua:
929 957 944 977 a
959 951 1024 978 dcx-

237 994 286 1020 tris
301 995 365 1021 dicit
383 1003 390 1021 :
414 1004 422 1020 ι
441 994 545 1027 Venite,
563 996 696 1023 benedicti
709 996 796 1023 Patris
808 996 878 1030 mei;
895 997 1024 1031 percipite

176 1045 179 1046 '
237 1047 350 1075 regnum
374 1041 445 1075 quod
475 1046 598 1076 paratum
626 1047 667 1069 est
688 1043 765 1070 vobis
790 1050 805 1069 a
831 1043 1023 1070 constitutione

236 1087 368 1115 mundi“.
382 1097 391 1113 ι
406 1088 443 1114 Ita
454 1098 463 1113 ι
478 1093 505 1115 et
521 1089 615 1115 dextra
634 1089 704 1116 illius
720 1088 918 1123 amplexabitur
934 1096 990 1122 me;
1009 1098 1020 1114 Ι

236 1139 296 1159 cum
308 1140 322 1159 a
336 1133 438 1160 dextris
450 1135 506 1161 suis
529 1134 604 1167 quasi
619 1141 696 1161 ovem
718 1141 761 1161 tne
777 1134 923 1161 constituet
938 1133 1022 1161 bonus

235 1176 341 1209 Pastor,
361 1178 405 1212 qui
419 1178 445 1204 in
462 1179 580 1213 paradisi
596 1178 704 1212 pascuis
719 1183 913 1205 commoratur.

270 1266 361 1294 XLVI.
383 1266 465 1294 Vens.
485 1266 512 1293 7.
530 1266 657 1300 Adjuravi
672 1274 730 1298 vos,
751 1265 814 1298 ﬁlia,
836 1265 1020 1297 Hierusalem,

234 1311 261 1338 in
277 1311 417 1338 virtutibus
438 1318 461 1338 ρι
478 1311 576 1338 viribus
599 1312 657 1345 agri
668 1332 675 1343 ,
694 1312 715 1338 si
729 1312 864 1339 suscitatis
877 1317 900 1339 et
915 1311 1022 1347 uigilare

234 1356 342 1391 faciatis
355 1356 521 1388 clmritatem,
536 1356 617 1382 donec
632 1355 701 1383 uelit.

269 1444 352 1472 Filias
371 1444 537 1471 Hierusalem
554 1448 632 1471 vocat
652 1444 758 1472 animas
787 1449 942 1472 sanctorum
958 1451 1024 1479 pm

234 1491 374 1525 phelarum
386 1495 411 1516 et
427 1489 620 1524 apdstolorum.
640 1490 702 1517 Illas
717 1491 824 1525 adjurat
839 1498 887 1525 per
903 1491 1018 1518 virtutes

211 1539 215 1542 ‘
233 1540 261 1562 et
276 1535 348 1561 vires
364 1534 420 1567 agri
433 1535 571 1567 (nimirum
589 1542 637 1568 per
648 1534 740 1562 divina
762 1535 902 1567 miracula,
919 1543 978 1569 quae
993 1535 1020 1562 in

183 1583 186 1586 “
234 1583 334 1608 mundo
362 1580 497 1615 Uuigeniti
524 1580 609 1607 virtus
628 1580 737 1607 edidit:
759 1589 769 1606 ι
794 1581 865 1616 Ager
886 1581 958 1608 enim
971 1580 1022 1608 ‘est

234 1627 359 1658 mundus,
371 1636 380 1653 ι
395 1632 423 1654 ιιι
435 1627 473 1654 ait
486 1627 665 1660 Dominus"),
681 1627 840 1654 utexcitent
857 1627 1021 1654 desiderium

235 1673 325 1706 sponsi
346 1679 409 1705 erga
426 1664 525 1706 ipsam;
542 1671 620 1698 modo
641 1678 688 1705 pro
702 1678 734 1698 ea
750 1678 843 1705 preces
857 1670 1019 1702 adhibendo,

234 1717 324 1749 modo,
337 1723 396 1750 quis
410 1716 458 1750 ipsi
475 1716 571 1750 placita
585 1721 658 1748 sunt,
671 1716 698 1742 in
712 1723 743 1743 ea
758 1716 924 1751 disponendo
936 1725 943 1744 :
960 1723 1023 1752 pro-

233 1767 325 1797 pterea
339 1767 432 1797 aperte
445 1762 551 1796 subdit,
569 1770 579 1788 ‹
595 1762 683 1790 donec
694 1761 768 1790 velit.
786 1771 796 1789 ι

273 1901 374 1930 XLVII.
390 1903 470 1930 Vens.
485 1903 512 1931 8.
537 1903 594 1932 Vos:
607 1904 743 1939 fratruelis
758 1905 819 1933 mei.

269 1947 314 1980 Ut,
333 1956 393 1982 qua:
412 1956 462 1976 vox
474 1949 532 1984 ejus
544 1950 677 1982 voluerit.
692 1951 744 1979 hoc
758 1956 800 1978 est
816 1959 876 1986 quae
893 1951 1021 1987 jusserit,

234 1994 266 2021 de
287 1995 320 2021 iis
338 1995 438 2021 certior
453 1994 522 2022 facta
535 2014 543 2027 ,
561 1996 723 2023 charilatem
743 1997 802 2032 ejus
818 2004 1022 2034 consequatur:

234 2039 459 2074 quemadmodum
475 2045 502 2068 et
527 2041 623 2077 ipsein
638 2042 793 2077 Evangeliis
809 2052 816 2070 :
837 2052 846 2069 ι
867 2044 916 2077 Qui
935 2045 1022 2080 diligit

233 2094 287 2116 me.
305 2095 314 2111 ι
332 2086 427 2119 inquit,
446 2096 455 2112 ι
475 2088 600 2114 mandata
614 2096 671 2115 mea
686 2089 805 2116 servabit
819 2090 853 2117 ".
868 2100 878 2117 ι

273 2131 386 2160 XLVIII.
416 2131 482 2159 Ecce
508 2134 563 2168 ipse
590 2134 657 2161 vertit
685 2135 780 2162 saliens
800 2144 878 2171 super
903 2143 1021 2171 montes,

232 2178 382 2205 transiliens
401 2179 489 2206 colles.

1075 955 1119 990 ξιᾷ
1132 954 1216 990 αὐτῆς
1229 955 1246 990 ὴ
1258 954 1338 988 σοφία
1351 953 1461 989 ἔχουσα,
1481 953 1605 988 παρέχει,
1619 953 1648 979 ὲν
1665 950 1706 984 οἷς
1724 952 1779 986 (71)
1794 952 1864 979 κατά

1073 1001 1104 1026 τὸ
1116 999 1321 1035 Εὑαγγέλιοντῇ
1336 999 1389 1035 ἰδίᾳ
1405 999 1498 1034 νύμφῃ
1508 999 1539 1025 ὲκ
1553 997 1647 1030 δεξιῶν
1660 997 1742 1032 λέγει’
1752 1007 1761 1023 ι
1772 997 1863 1029 Δεῦτε,

1073 1047 1097 1071 οῑ
1117 1045 1293 1080 εὐλογημένοι
1313 1044 1359 1071 τοῦ
1376 1044 1483 1080 Πατρός
1501 1052 1563 1079 μου,
1580 1043 1802 1079 κληρονομήσατε
1814 1043 1863 1078 τὴν

1073 1090 1276 1126 ἡτοιμασμένην
1285 1090 1348 1124 ὑμῖν
1361 1089 1499 1124 βασιλείαν
1511 1089 1563 1124 πρὸ
1571 1089 1725 1124 καταϐολῆς
1733 1089 1861 1124 κόσμου.»

1073 1134 1151 1161 Οὕτω
1172 1143 1181 1160 s
1196 1135 1242 1161 καὶ
1258 1135 1274 1169 ὴ
1289 1134 1361 1166 δεξιὰ
1371 1134 1453 1160 αὑτοῦ
1468 1134 1649 1169 περιλήψεταί
1666 1142 1716 1168 με·
1731 1143 1740 1159 ι
1752 1134 1816 1160 ὅταν
1830 1141 1863 1169 με

1073 1181 1160 1217 στήσῃ
1172 1181 1203 1207 ἐκ
1222 1179 1315 1213 δεξιῶν
1333 1179 1414 1206 αὑτοῦ
1430 1179 1573 1215 προσάτων
1586 1179 1663 1213 δίκην
1676 1179 1690 1205 ό
1706 1178 1787 1210 καλὸς
1804 1178 1864 1205 Ποι-

1074 1227 1136 1262 μὴν,
1155 1227 1194 1257 εἰς
1207 1225 1257 1257 τὰς
1271 1225 1318 1251 τοῦ
1337 1224 1502 1259 παραδείσου
1520 1224 1604 1259 νομὰς
1620 1223 1745 1254 αὐλίζων.

1106 1269 1180 1302 Μςι.
1197 1269 1241 1295 Στ.
1258 1268 1291 1300 ζ’.
1308 1268 1430 1302 Ὤρκισα
1448 1267 1536 1302 ὑμᾶς,
1553 1267 1863 1302 θυγατέρες-Ἰερουσα-

1070 1313 1143 1348 λὴμ,
1156 1314 1191 1341 ἐν
1209 1314 1273 1347 ταῖς
1287 1313 1434 1348 δυνάμεσι
1455 1313 1505 1340 καὶ
1521 1314 1555 1340 ἐν
1573 1313 1639 1346 ταῖς
1651 1313 1706 1349 (72)
1721 1313 1863 1347 ισχύσεσι

1071 1361 1123 1388 τοῦ
1139 1360 1239 1394 ἀγροῦ·
1253 1359 1308 1387 ἐὰν
1318 1361 1450 1395 ἐγείρηται
1471 1360 1520 1387 καὶ
1532 1359 1702 1395 ἐξεγείρητε
1719 1359 1776 1394 τὴν
1789 1358 1862 1394 ἁγά-

1070 1413 1143 1440 any,
1162 1405 1218 1438 ἕως
1233 1404 1270 1434 οὗ
1285 1405 1412 1440 θελήσῃ.

1106 1452 1261 1488 Θυγατέρες
1283 1452 1469 1488 Ἰερουσαλὴμ,
1498 1452 1548 1483 τὰς
1570 1452 1659 1487 ψυχὰς
1692 1451 1746 1478 τῶν
1779 1451 1863 1486 ἁγίων

1071 1499 1144 1533 λέγει
1162 1498 1309 1535 προφητῶν
1339 1507 1368 1525 τε
1390 1499 1438 1525 καὶ
1462 1497 1628 1524 ἀποστόλων·
1642 1497 1748 1530 ὲκείνας
1763 1498 1792 1524 ὲν
1806 1498 1864 1530 ταῖς

1072 1545 1202 1580 δυνάμεσι.
1216 1544 1264 1571 καὶ
1278 1545 1307 1570 ἐν
1320 1545 1381 1576 ταῖς
1405 1543 1526 1579 ἰσχύσεσι
1542 1544 1590 1570 τοῦ
1607 1543 1692 1579 ἀγροῦ
1706 1543 1809 1578 όρκίζει
1823 1543 1864 1577 (ὲν

1073 1591 1129 1622 τοῖς
1145 1590 1325 1625 θεοσημειοις,
1353 1587 1394 1621 οἷς
1419 1589 1547 1624 ἐποίησεν
1561 1590 1590 1616 ἐν
1607 1589 1645 1624 τῷ
1669 1589 1764 1624 κόσμῳ
1780 1589 1796 1624 ἡ
1815 1588 1862 1615 τοῦ

1073 1635 1241 1670 Μονογενοῦς
1255 1626 1392 1670 ίδύναμις·
1409 1644 1418 1660 ι
1440 1634 1536 1669 Ἀγρὸς
1560 1635 1613 1670 γὰρ
1630 1635 1644 1661 ό
1668 1634 1778 1669 κόσμος,
1792 1643 1801 1660 ι
1825 1632 1863 1664 ῶς

1073 1690 1154 1717 φησιν
1176 1682 1189 1708 ὁ
1203 1680 1328 1717 Κύριος)·
1347 1680 1391 1707 ἵνα
1407 1680 1565 1716 ὲξεγείρωσι
1577 1680 1623 1706 τὸν
1639 1679 1720 1706 πόθον
1733 1679 1780 1705 τοῦ
1793 1687 1862 1714 νυμ-

1073 1728 1134 1762 φίου
1161 1727 1230 1762 πρὸς
1257 1727 1351 1762 αὑτήν·
1378 1726 1423 1752 ὁτὲ
1456 1726 1505 1761 μὲν
1531 1724 1676 1762 πρεσϐείας
1693 1724 1864 1760 εἰσφέροντες

1074 1772 1144 1809 ὑπὲρ
1171 1772 1265 1807 αὐτῆς,
1289 1771 1334 1798 ὁτὲ
1355 1771 1384 1798 δὲ
1403 1772 1450 1798 καὶ
1469 1771 1503 1798 τὰ
1517 1771 1619 1806 ἀρεστὰ
1637 1770 1710 1806 αὐτῷ
1737 1771 1804 1806 πρὸς
1818 1770 1863 1796 αὑα

1073 1819 1122 1855 τὴν
1131 1819 1324 1854 διατιθέμενοι.
1342 1818 1387 1845 Διὺ
1402 1817 1494 1853 σαφῶς
1508 1817 1637 1852 ἐπιλέγει·
1653 1826 1662 1843 ‹
1678 1817 1751 1848 Ἕως
1771 1813 1800 1844 οὗ
1816 1816 1861 1843 θεν

1074 1865 1154 1902 λήσῃ.
1176 1874 1186 1891 ι

1108 1910 1173 1938 ΜΖ’.
1191 1911 1238 1937 Στ.
1256 1914 1291 1946 η’.
1306 1909 1392 1944 Φωνὴ
1408 1909 1460 1937 τοῦ
1480 1909 1537 1944 (75)
1550 1907 1713 1943 ἀδελφιδοῦ
1729 1916 1800 1942 μου.

1111 1956 1181 1989 Ἵνα,
1200 1955 1271 1992 ἀπερ
1287 1956 1304 1991 ἠ
1319 1955 1393 1991 φωνὴ
1408 1954 1489 1981 αὐτοῦ
1516 1953 1586 1980 Θέλει
1603 1953 1760 1988 (τουτέστιν,
1790 1954 1861 1988 ᾇπερ

1073 2002 1259 2039 προστάττει),
1273 2001 1358 2029 ταῦτα
1372 1999 1505 2036 μαθοῦσα,
1516 2000 1566 2035 τῆς
1579 1999 1689 2034 ἀγάπης
1704 1998 1785 2026 αὐτοῦ
1802 2000 1862 2026 ἐπι-

1073 2048 1142 2084 τύχῃ
1158 2048 1234 2084 _(7L)-
1259 2046 1349 2078 καθὼς
1365 2046 1412 2073 καὶ
1435 2045 1515 2077 αὑτὸς
1530 2046 1559 2072 ὲν
1579 2045 1754 2080 Εὐαγγελίοις
1777 2045 1861 2080 λέγει·

1076 2104 1086 2120 ‹
1109 2094 1137 2120 '0
1150 2092 1264 2127 ἀγαπῶν
1281 2101 1315 2127 με
1325 2091 1374 2123 τὰς
1399 2091 1509 2128 ἑντολάς
1529 2099 1579 2126 μου
1591 2090 1713 2126 φυλάξει.
1729 2105 1738 2117 ι

1104 2141 1174 2167 MH'.
1191 2138 1269 2166 Ἰὃινὺ
1284 2135 1374 2170 οὗτος
1388 2137 1454 2171 ἣκει
1471 2136 1576 2172 πηδῶν
1585 2136 1635 2164 ἐπὶ
1651 2136 1687 2164 τὰ
1701 2136 1765 2170 ὄρη,
1779 2136 1862 2163 διαλ-

1079 2186 1202 2220 ιόμενος
1215 2183 1264 2210 ἐπὶ
1275 2183 1345 2217 τοὺς
1360 2184 1505 2216 βουνούς.

269 2224 338 2251 Salit
363 2226 434 2251 enim
448 2233 530 2260 super
548 2231 668 2260 montes,
683 2214 734 2254 hoc
749 2231 792 2254 est
806 2234 887 2262 super
905 2230 1021 2264 prophe-

1110 2214 1253 2266 1]ηδᾷ’γάρ
1265 2228 1312 2255 ἐπὶ
1374 2229 1435 2265 ὅρη,
1454 2214 1593 2255 τοντὲστιν
1613 2227 1659 2254 ἐπὶ
1674 2227 1735 2259 τοὺς
1758 2228 1862 2264 προφήο

234 2277 295 2300 tas:
315 2277 342 2299 et
363 2279 458 2300 rursus
488 2272 550 2299 inde
571 2272 687 2300 transilit
707 2280 789 2308 super
813 2274 914 2307 colles,
933 2276 959 2302 id
981 2279 1023 2303 est

232 2317 386 2351 apostolos;
407 2324 454 2351 per
478 2317 680 2352 generationem
696 2323 724 2345 et
747 2318 948 2353 generationem
975 2328 1022 2348 sa-

232 2361 332 2395 pientia
350 2368 432 2396 super
443 2361 549 2388 animas
569 2366 677 2389 sanctas
692 2364 842 2391 ascendens
857 2364 959 2393 amicos
974 2365 1021 2393 Dei

231 2407 311 2434 ellicit
323 2412 350 2434 et
364 2408 520 2442 prophetas.
534 2408 611 2441 Quod
633 2415 698 2436 vero
713 2409 851 2437 montibus
868 2410 1022 2439 assimilen-

233 2458 276 2480 tur
292 2455 430 2488 propheta:
442 2474 450 2486 ,
466 2459 494 2482 et
511 2454 625 2489 apostoli
644 2454 760 2482 collibus
771 2475 780 2487 ,
794 2461 888 2491 aperte
910 2457 1023 2485 habetur

238 2499 308 2534 apud
331 2498 427 2526 Isaiam
447 2500 587 2535 prophetia
598 2500 622 2517 ³⁸
639 2509 646 2528 :
671 2509 681 2526 ι
709 2500 766 2529 Erit
781 2502 868 2534 enim,
891 2512 901 2529 ι
918 2503 1022 2538 inquit,

268 2557 290 2572 "
308 2556 388 2585 Prov.
416 2564 459 2589 ιιι,
487 2557 530 2585 16.

233 2591 256 2608 ⁸⁸
268 2590 320 2618 Isa.
339 2593 373 2623 ii,"
387 2592 417 2619 2.

271 2639 326 2674 (68)
358 2638 468 2676 Bai-her.
493 2642 522 2676 et
544 2645 620 2666 meus
635 2639 792 2676 ἠγάπησας,
818 2639 898 2667 male.
923 2639 1020 2668 Theat.

233 2675 375 2710 ἠγάπησα.
391 2674 569 2710 Scribeudtttn
584 2679 610 2700 ut
621 2675 703 2701 edidi.

282 2710 325 2746 (fit)
349 2709 405 2746 [Ioc
417 2715 457 2735 est
470 2717 536 2746 sper
549 2708 619 2736 latus
632 2716 778 2746 martyrum
791 2712 910 2738 sauciata
926 2718 996 2738 sum.
1009 2720 1020 2737 ι

283 2745 327 2779 70)
349 2744 443 2771 Vallir.
461 2744 557 2771 αἰῶνα.

271 2778 328 2816 (7i)
349 2780 526 2816 Perturbatus
546 2779 657 2816 videtur
682 2778 727 2806 hic
747 2779 837 2816 locus.
864 2780 1022 2816 rLegetnlnm

236 2813 359 2850 putarem
373 2823 379 2841 :
408 2814 463 2841 Καὶ
485 2815 514 2841 ὲν
525 2813 563 2849 τῷ
580 2813 714 2850 μέλλοντι,
725 2815 804 2842 αἰῶνι
816 2835 824 2846 ,
842 2813 928 2850 μῆκος
944 2815 1002 2850 βίου
1015 2834 1022 2846 ,

235 2849 298 2882 τοὺς
325 2849 446 2886 μακροὺς
474 2849 576 2886 αἰῶνας
597 2850 626 2875 ὲν
645 2851 683 2886 τῇ
805 2851 890 2885 αὐτῆς
908 2851 924 2886 ὴ
943 2849 1024 2884 σοφία

237 2859 298 2882 τους
325 2859 446 2912 (seuseu;
474 2859 576 2881 αιωνας
597 2859 626 2875 εν
649 2859 683 2885 τῃ
706 2859 780 2885 οεςιᾳ
805 2859 890 2885 αυτης
908 2859 924 2885 η
943 2859 1024 2884 σοφια

237 2886 352 2921 ιχουσα,
366 2894 380 2912 τ
422 2885 609 2922 εὐφραντήρια
625 2884 676 2911 τῶν
700 2884 784 2920 ἁγίων
809 2885 1024 2921 ιπαγγύμάτιυν

572 2558 609 2584 ,³⁸
623 2557 694 2586 Psal.
713 2567 828 2592 unus,
847 2559 890 2586 15.

940 2561 963 2577 ⁹¹
979 2561 1072 2590 Matth.
1088 2571 1152 2596 xxv,
1175 2562 1220 2590 54.

1070 2285 1131 2309 ⁵ιτας·
1152 2277 1200 2303 καὶ
1222 2275 1302 2302 πάλιν
1324 2274 1429 2302 ἐκεῖθεν
1453 2274 1562 2301 ἅλλεται
1591 2274 1638 2300 ἐπὶ
1657 2274 1720 2306 τοὺς
1742 2273 1862 2308 βουνοὺς,

1070 2326 1139 2359 ὅπερ
1156 2322 1230 2349 ἐστὶν
1242 2321 1289 2348 ἐπὶ
1314 2321 1376 2352 τοὺς
1396 2319 1571 2351 ἀποστόλους.
1587 2319 1667 2346 Κατά
1689 2319 1785 2354 γενεὰν
1809 2319 1866 2354 γὰρ

1071 2370 1118 2397 καὶ
1133 2367 1230 2403 γενεὰν
1241 2368 1256 2402 ἡ
1268 2367 1348 2401 σοφία
1361 2367 1400 2397 εἰς
1415 2365 1504 2400 ψυχὰς
1520 2365 1598 2397 ὁσίας
1610 2365 1804 2397 ἀναϐαίνουσα,
1822 2367 1869 2400 φι-

1070 2415 1133 2446 λους
1146 2412 1213 2441 Θεοῦ
1227 2413 1274 2440 καὶ
1288 2411 1429 2447 προφήτας
1440 2411 1650 2443 κατασκευάζει.
1663 2412 1722 2438 Ὅτι
1738 2411 1791 2446 γὰρ
1804 2411 1864 2446 δρε-

1071 2469 1113 2488 σιν
1127 2458 1319 2490 ἀπεικάζονται
1327 2458 1350 2483 οἱ
1362 2457 1510 2492 προφῆται,
1525 2457 1572 2484 καὶ
1585 2457 1690 2492 βουνοῖς
1704 2458 1729 2484 oi
1749 2458 1863 2484 ἀπόστο-

1070 2506 1121 2538 λοι,
1139 2505 1231 2540 σαφῶς
1251 2504 1280 2530 ὲν
1303 2503 1402 2538 Ἡσαΐᾳ
1421 2504 1509 2530 κεῖται
1525 2504 1542 2539 ἡ
1563 2503 1725 2539 προφητεία.
1741 2512 1750 2529 s
1767 2504 1863 2531 Ἔσται

1270 2561 1293 2577 ’⁸
1308 2559 1402 2588 Matth.
1430 2567 1489 2593 sui,
1504 2560 1549 2588 58.
1602 2560 1624 2577 ⁸³
1642 2559 1720 2588 Joan.
1738 2568 1799 2593 ιιν,
1818 2560 1859 2588 I5.

1074 2643 1205 2680 παρέχει,
1220 2643 1252 2670 ὲν
1266 2640 1307 2674 οἷς
1319 2663 1326 2675 ,
1352 2652 1379 2671 κ.
1402 2652 1428 2670 τ.
1454 2643 1480 2670 λ.
1511 2642 1587 2670 Hanc
1604 2642 1746 2670 lectionem
1763 2642 1789 2669 in
1804 2650 1865 2670 ver-

1075 2680 1150 2705 sione
1163 2684 1271 2704 secutus
1284 2685 1353 2705 sum.

1111 2713 1166 2747 (7‘2)
1188 2713 1292 2739 ll:Ic0tI.
1311 2713 1511 2741 Alexandrinus
1527 2712 1606 2739 habet
1627 2712 1700 2740 hunc
1716 2711 1861 2739 articulum

1075 2749 1135 2779 ταῖς
1145 2767 1152 2779 ,
1168 2748 1213 2782 qui
1227 2748 1303 2782 abest
1322 2755 1338 2774 a
1353 2749 1441 2775 Votic.
1453 2748 1518 2774 edit.

1123 2782 1167 2818 75)
1189 2782 1259 2818 [ζόη.
1281 2781 1339 2809 Vat.
1355 2783 1508 2818 nouiliabet
1521 2781 1578 2818 τοῦ.

1123 2815 1167 2850 τι)
1188 2817 1233 2844 Sic
1245 2818 1395 2846 emendavi.
1411 2817 1485 2846 Meus
1495 2817 1577 2845 codex
1589 2821 1615 2844 et
1631 2816 1711 2846 Barb.
1727 2822 1754 2845 et
1764 2815 1858 2846 Valllc.

1077 2851 1176 2882 habent
1193 2851 1324 2888 ἐπιτύχω.
