2078 3153
230 137 260 166 5'9
792 135 950 164 Pllll.ONlS
970 132 1124 163 EPISCOPI
1144 134 1305 163 CARPASII
1822 134 1857 161 60

231 196 313 223 ςιαὼίι
341 200 433 231 surget
461 203 606 231 cupressus
617 197 651 224 ⁷⁸.
670 195 914 230 rQuandoquidem
947 195 1017 222 enim

1073 202 1155 228 φησι·
1177 203 1185 219 ι
1204 194 1258 220 Καὶ
1274 193 1335 221 ἀντὶ
1354 193 1403 229 τῆς
1421 193 1530 228 ποιῆἦς
1545 193 1601 228 (55)
1627 194 1791 229 ἀναϐήσεται
1809 203 1856 220 χυ-

231 241 301 275 tigna
325 241 438 268 interius
458 246 530 273 sunt,
547 246 573 268 et
591 240 763 274 laquearibus
789 239 861 274 tigna
877 239 1016 266 occultan-

230 289 288 315 tur;
308 283 443 319 laquearia
470 290 559 312 autem
585 285 694 312 domum
713 284 861 319 jucundam
881 284 1016 317 eiIiciunt;

231 335 372 364 pmpterca
386 332 501 365 primum
516 331 659 366 prophetas
670 331 750 366 tignis
766 331 907 363 assimilat,
922 331 1018 359 deinde

231 381 341 410 propter
357 377 461 404 illustre
475 372 664 405 ornamcutum
680 377 807 405 Ecclesiae
819 377 891 412 quod
905 377 939 404 ab
953 385 1019 412 apo-

231 422 306 449 stolis
319 423 508 457 proﬁciscitur.
525 424 563 451 ait
577 432 583 450 :
603 433 612 450 ι
626 424 773 458 Laqncaria
789 429 892 456 nostra,
909 430 1018 458 cupres-

231 468 251 494 si
268 476 275 494 :
291 477 300 493 ›
319 473 346 494 ιιι
368 469 545 502 apostolicum
569 470 633 497 illttd
651 473 882 504 prmmonstretur,
900 469 994 497 dicens
1009 478 1015 496 :

231 511 343 539 (Posuit
356 513 487 541 Dominus
499 515 525 541 in
538 514 656 541 Ecclesia
676 514 791 548 primum
810 514 957 548 apostolos,
976 521 1018 542 se-

231 558 318 585 cundo
347 559 557 594 proplictaST'.»
588 559 749 593 Przefulgent
779 560 852 587 enim
880 560 1020 594 prophetis

231 605 362 637 apostoli;
387 606 602 640 quandoquidem
628 611 737 640 propter
759 613 807 633 eos
824 605 956 640 appellata
976 610 1019 633 est

231 648 342 682 pulchra
358 649 459 677 Christi
473 658 584 685 sponsa,
602 658 662 686 qua:
681 656 708 677 et
724 650 888 683 insequendo
904 650 941 676 ait
957 659 964 678 :

1069 241 1210 277 πάρισα-ος.
1232 250 1240 266 ι
1267 240 1376 276 Ἐπειδὴ
1395 240 1449 275 γὰρ
1465 239 1522 276 (56)
1540 241 1568 267 αἱ
1585 240 1657 267 δοκοὶ
1673 239 1727 266 τῶν
1751 248 1857 274 φατνω-

1071 287 1163 322 μάτων
1180 287 1249 313 είσὶν
1264 286 1409 322 ἑσώτεραι,
1425 286 1473 313 καὶ
1489 286 1542 313 ὑπὸ
1557 286 1612 313 τῶν
1624 286 1812 321 φατνωμάτων
1826 286 1852 312 αἱ

1071 333 1144 360 δοκοὶ
1163 333 1346 360 καλύπτονται
1358 341 1365 349 ·
1383 333 1533 370 τερπνότης
1548 333 1576 359 δὲ
1590 332 1637 359 τοῦ
1655 333 1729 359 οἴκου
1752 332 1787 358 τὰ
1804 341 1857 366 φα-

1068 379 1213 414 τνώματα·
1233 379 1277 406 διὰ
1293 379 1372 406 τοῦτο
1396 379 1504 413 πρῶτον
1525 379 1588 411 τοὺς
1609 379 1753 414 προφήτας
1768 378 1857 411 δοκοῖς

1070 423 1230 456 ἀπεικάζει’
1257 424 1353 451 ἔπειτα
1377 424 1421 451 διὰ
1446 424 1492 451 τὸν
1517 424 1653 459 περιφανῆ
1681 423 1784 458 κόσμον
1808 424 1857 458 τῆς

1076 469 1238 504 Ἑκκλησίας
1263 471 1295 497 ἐκ
1320 469 1373 496 τῶν
1400 470 1556 496 ἀποστόλων
1580 469 1648 505 αὐτῇ
1676 469 1857 504 γεγενημένον

1069 515 1158 549 λέγει·
1177 525 1187 542 ί
1198 515 1368 551 Φατνώματα
1379 515 1468 551 ἡμῶν,
1478 515 1653 551 κυπάρισσον
1667 524 1676 541 ι
1692 514 1735 542 ἵνα
1749 514 1779 541 τὸ
1794 515 1858 541 ἀπο-

1074 561 1197 588 στολικδν
1223 562 1311 588 ἐκεῖνο
1339 561 1501 597 προμηνυθῇ
1530 561 1604 596 (57),
1634 560 1666 587 τὺ
1694 559 1857 595 λεγόμενον·

1073 616 1082 631 ι
1103 606 1198 633 Ἔθετο
1213 606 1316 642 Κύριος
1339 608 1368 634 ὲν
1387 608 1420 643 τῇ
1447 606 1595 642 Ἐκκλησία
1614 605 1720 641 πρῶτον
1741 605 1857 632 ἀποστό-

1070 651 1142 683 λους,
1158 651 1283 687 δεύτερον
1297 653 1448 688 προφήτας.
1469 661 1479 679 ›
1498 651 1694 688 Προλάμπουσι
1711 651 1764 687 γὰρ
1779 652 1808 678 ἐν
1824 652 1857 687 τῇ

235 694 384 731 Ἐκκλησία
403 696 457 723 τῶν
476 696 624 732 προφητῶν
644 697 669 723 οἱ
689 696 849 723 ἀπόστολοι·
869 696 1018 734 ὲπειδῄπερ
1036 695 1070 723 δι’
1087 697 1176 724 αὐτῶν
1211 698 1312 734 ἐκλήθη
1344 699 1361 735 ἡ
1379 698 1447 735 καλὴ
1469 698 1516 725 τοῦ
1533 697 1650 734 Χριστοῦ
1666 697 1757 734 νύμφη
1772 706 1778 712 ·
1799 698 1860 734 ἥτις

231 741 277 769 καὶ
293 741 478 770 ἀκολουθοῦσα
492 742 565 778 λέγει
575 752 582 758 ·

564 791 640 819 CAP.
654 792 685 819 ll.

1398 791 1476 818 ΚΕΦ.
1495 791 1515 816 Β
1525 810 1534 816 .

233 832 340 862 XXXV.
356 835 435 862 VEns.
447 835 471 863 l.
482 835 538 872 Ego
554 836 603 871 ﬂos
616 838 702 870 campi
716 843 739 864 et
750 837 835 865 lilium
850 838 1017 866 convallium.

1073 836 1131 864 AE'.
1149 836 1194 862 Στ.
1211 838 1245 862 α’.
1270 834 1340 870 Ἐγὼ
1354 835 1447 868 ἀῨοος
1459 836 1512 862 τοῦ
1526 836 1641 869 πεδίου,
1659 835 1709 862 καὶ
1726 820 1782 872 (5εῇ
1798 837 1860 870 κρι-

267 925 406 961 Tanqnam
426 927 587 955 blandiendo
600 936 649 957 suo
666 929 752 964 ipsius
768 938 868 966 sponso
882 932 907 958 in
923 931 1018 959 iisdem

231 972 407 1007 immoratur;
426 975 620 1002 convenienter
642 976 699 1010 ipsa
722 984 751 1005 se
764 977 857 1006 ﬂorem
872 979 959 1014 campi
972 987 1019 1014 ap-

230 1019 323 1053 pellat,
337 1020 399 1054 quia
418 1028 478 1048 cum
496 1022 624 1050 meditata
645 1024 680 1050 sit
698 1024 855 1058 prophetica
878 1026 1018 1059 vaticinia,

232 1066 306 1091 audit
324 1065 358 1102 ab
381 1067 459 1098 Isaia,
489 1075 498 1092 ι
515 1066 635 1099 Laetare,
651 1068 757 1096 deserta
776 1069 888 1096 sitiens:
904 1071 1021 1097 exsultet

232 1111 338 1138 deserta
355 1120 361 1138 :
376 1116 403 1138 et
429 1111 524 1139 ﬂoreat
555 1118 584 1140 ut
603 1113 686 1140 lilium
701 1122 707 1140 :
721 1118 748 1141 et
763 1113 896 1141 eﬂlorebit
913 1115 1019 1143 deserta

232 1157 384 1191 antiqua".
401 1167 410 1183 ι
430 1157 483 1185 Sed
511 1166 583 1186 nunc
610 1167 662 1185 non
689 1159 775 1186 solum
799 1160 911 1188 tioribus
938 1168 1020 1189 suave

232 1202 297 1234 olet,
317 1203 363 1230 sed
382 1208 407 1230 et
421 1203 533 1238 justitiae
551 1203 683 1231 fructibus
703 1203 870 1232 dulcedinem
891 1205 1019 1239 multipli-

232 1252 287 1274 cat.
301 1247 367 1275 Cum
388 1249 469 1284 igitur
485 1249 570 1276 dicit:
589 1258 598 1274 ι
609 1249 664 1285 Ego
681 1249 730 1277 llos
751 1251 851 1285 campi,
864 1259 874 1276 ι
892 1251 1020 1278 vaticinia

232 1294 375 1327 edisserit;
391 1302 452 1321 cum
466 1300 555 1322 autem
577 1303 671 1322 rursus
690 1296 754 1323 dicit
767 1304 772 1322 :
786 1305 796 1322 ι
811 1297 842 1324 Ει
857 1297 940 1323 lilittm
955 1304 1022 1324 con-

233 1339 372 1372 vallium”
391 1340 552 1374 evangelicis
570 1340 772 1376 salutiferisque
789 1347 816 1368 et
839 1342 967 1369 suavibus
980 1342 1022 1369 di-

233 1385 285 1412 ctis
311 1385 461 1412 delectatur
476 1385 516 1412 sui
543 1386 646 1421 sponsi,
667 1387 774 1421 quando
791 1387 937 1422 discipulos
958 1394 1022 1415 suos

233 1430 369 1462 hortatur,
387 1436 416 1458 ut
433 1431 498 1458 nihil
515 1431 622 1459 solliciti
646 1431 710 1464 sint,
734 1432 847 1459 dicens:
867 1442 876 1458 ι
891 1433 1020 1460 Conside-

233 1482 292 1504 rate
317 1477 373 1504 lilia
395 1478 463 1512 agri,
481 1479 616 1512 quomodo
642 1478 809 1510 adolescunt,
835 1479 906 1513 quod
936 1467 1058 1514 nequeC

235 1522 357 1549 laborant
374 1531 460 1556 neque
477 1524 585 1550 nent".
600 1533 610 1548 ι
628 1523 695 1550 Cutn
715 1524 797 1558 igitur
813 1532 841 1551 se
859 1525 945 1559 ipsam
967 1534 976 1550 ι
989 1525 1022 1551 li-

234 1569 300 1596 lium
330 1569 516 1596 convallium»
553 1570 678 1605 appellat,
705 1571 860 1606 evangelica
889 1575 1024 1605 pmcepta

235 1621 450 1643 commemorat:
466 1624 527 1643 cutn
554 1624 619 1643 vero
643 1616 710 1644 dicit
736 1626 746 1642 ι
761 1617 809 1644 nos
829 1618 927 1652 campi,
941 1626 950 1643 ι
967 1624 1025 1651 pro-

236 1663 404 1696 pheticorum
436 1664 625 1691 vaticiniorum
655 1664 825 1691 characteres
860 1663 1022 1690 subindicat.

237 1708 338 1735 Deinde
364 1709 557 1749 eirespondet
582 1718 708 1745 sponsus,
730 1710 823 1737 dicens
845 1710 878 1737 ad
907 1717 937 1737 ea
965 1717 1024 1744 qua:

237 1754 324 1781 locuta
341 1760 380 1782 est
394 1763 401 1782 :

275 1843 396 1870 XXXVI.
413 1844 493 1871 Vens.
508 1844 537 1871 2.
558 1844 592 1871 Ut
612 1844 697 1871 lilium
722 1845 747 1871 in
770 1845 855 1872 medio
877 1845 1024 1880 spinarum,

238 1889 275 1916 ita
293 1890 413 1922 proxima
427 1898 483 1917 mea
495 1891 521 1917 in
539 1891 623 1918 medio
639 1891 767 1925 ﬁliarum.

276 1935 304 1961 ιιι
323 1935 389 1968 vult,
404 1935 475 1962 illam
488 1935 589 1970 justam
603 1943 663 1964 esse
680 1936 706 1963 in
729 1937 817 1964 medio
841 1936 1024 1972 iniustorum,

238 1982 310 2016 piam
336 1981 363 2008 in
389 1981 478 2009 medio
503 1982 645 2016 impiorum
670 1983 774 2009 versari
793 1982 819 2009 in
838 1983 888 2010 hoc
903 1984 1023 2011 mundo:

239 2028 283 2056 cui
299 2029 364 2055 dicit
383 2028 526 2062 Apostolus
540 2037 547 2055 :
566 2037 576 2054 ι
590 2027 623 2055 Ut
635 2028 695 2055 sitis
709 2029 755 2056 lilii
769 2029 815 2057 Dei
829 2030 1026 2064 irreprehensi-

242 2073 309 2101 biles
322 2074 348 2101 in
364 2074 451 2101 medio
468 2075 652 2109 generationis
672 2082 762 2110 pravae
780 2080 807 2102 et
822 2076 996 2110 perversa)“.
1013 2086 1022 2103 ι

240 2120 342 2148 Deinde
359 2120 477 2148 vicissim
493 2128 589 2155 sponsa
606 2121 640 2147 ad
657 2129 735 2148 suum
754 2129 884 2156 sponsum
901 2129 909 2149 :

274 2207 404 2235 XXXVII.
423 2207 504 2235 Vens.
520 2207 547 2235 '5.
566 2206 598 2234 Ut
615 2208 712 2234 malum
735 2208 761 2235 in
784 2209 861 2244 lignis
887 2209 970 2242 sitm,
988 2211 1025 2236 sic

238 2253 373 2288 fratruelis
387 2262 458 2281 meus
477 2255 504 2281 in
517 2255 600 2282 medio
612 2254 737 2290 ﬁliorum.

275 2343 372 2371 Malum
400 2345 426 2372 in
450 2352 479 2372 se
502 2345 559 2380 ipso
581 2345 670 2373 cibum
695 2349 723 2372 et
737 2349 830 2382 potum
845 2346 975 2373 continet.
990 2346 1023 2374 Ut

237 2389 319 2425 igitur
335 2391 467 2428 signiﬁcet
482 2392 622 2427 mysticam
635 2391 756 2419 laetitiam
770 2399 850 2427 quam
868 2393 906 2419 illi
920 2393 1024 2428 peperit

274 2471 297 2487 ⁷⁸
311 2471 361 2498 lsa.
377 2479 421 2504 ιν,
437 2471 479 2499 15.
516 2470 560 2497 "l
577 2470 696 2504 Comm,
708 2471 754 2498 28.
793 2471 878 2499 "lsa.
895 2480 976 2505 xxxv,
994 2473 1020 2506 l,
1039 2473 1066 2500 2.

276 2550 331 2585 (55)
348 2549 429 2576 V'etns
457 2549 590 2583 interpres
615 2550 696 2577 vertit
711 2559 717 2576 :
737 2559 746 2575 ι
762 2558 809 2584 pro
827 2551 1024 2584 constipatione

239 2588 343 2613 orietur
369 2585 532 2619 cyparissus.
549 2594 564 2617 ι,
585 2585 673 2611 Locus
703 2590 745 2612 est
768 2586 842 2613 lsaize
859 2593 901 2619 ιν,
919 2586 962 2618 15,
991 2585 1024 2613 ad

240 2628 318 2655 quem
340 2620 426 2647 locum
454 2620 591 2647 adnotavit
606 2619 740 2655 Nobilius.
757 2630 765 2646 ι
779 2619 881 2653 Stmba,
907 2621 957 2647 hoc
974 2626 1025 2654 est,

240 2653 372 2682 vilissimo
394 2655 484 2688 stipite
501 2656 576 2687 juxta
603 2655 633 2681 D.
649 2653 851 2690 Hieronymum.
867 2665 876 2681 ι
893 2655 1026 2682 Caeterum

241 2691 334 2726 στοιϐή
354 2691 496 2726 herbarum
512 2690 620 2717 frondes
634 2695 706 2722 sunt,
723 2690 822 2724 quibus
837 2691 887 2718 tori
902 2696 929 2718 et
944 2690 1028 2718 culci-

242 2731 290 2753 ιντο
307 2725 454 2753 farciuntur
470 2731 497 2753 et
511 2726 654 2758 stipantur.

277 2763 334 2793 (56)
348 2760 411 2795 Γάρ
423 2768 457 2788 ex
470 2761 529 2788 cod.
544 2760 639 2787 Valhc.

289 2797 322 2823 57
349 2795 428 2822 Barb.
441 2801 469 2823 et
481 2803 557 2822 meus
570 2795 752 2830 προμηνυθέν.

290 2797 335 2865 58;
355 2829 439 2858 Vatic.
458 2838 510 2858 non
528 2831 614 2865 habet?
628 2830 684 2861 καί,
710 2838 752 2858 net

290 2829 335 2865 58)
355 2829 439 2858 Vatic.
458 2838 510 2866 non
528 2829 684 2866 Imbéihxai,
710 2838 796 2866 neque
827 2835 867 2859 cst
889 2831 915 2859 in
943 2831 1025 2859 variis

243 2864 403 2895 lectionibus
414 2866 478 2894 edit.
493 2865 586 2894 Lamb.
608 2864 687 2893 Bosii.
753 2864 761 2866 “
882 2876 885 2877 ν

1316 890 1372 908 νον
1387 881 1444 908 τῶν
1462 881 1619 909 κοιλάδων.

1107 927 1212 963 Ὥσπερ
1230 927 1453 968 χαριεντιζομένη
1479 928 1547 963 πρὸς
1563 928 1608 954 τὺν
1623 928 1724 964 ἑαυτῆς
1745 928 1861 963 νυμφίον

1071 975 1099 1000 ἐν
1111 975 1167 1006 τοῖς
1189 975 1281 1006 αὐτοῖς
1301 974 1474 1010 διατρίϐουσα
1489 974 1545 1010 (59)
1560 995 1567 1007 ,
1584 974 1740 1006 ἀκολούθως
1762 975 1861 1010 ἑαυτὴν

1069 1020 1149 1052 ἄνθος
1164 1020 1238 1054 λέγει
1254 1021 1300 1047 τοῦ
1316 1020 1418 1052 πεδίου,
1437 1021 1477 1047 ὅτι
1488 1020 1523 1047 τὰ
1534 1021 1692 1056 προφητικὰ
1708 1021 1860 1057 μελετῶσα,

1070 1065 1164 1092 ἀκούει
1173 1066 1248 1101 παρὰ
1266 1066 1387 1092 Ἠσαῖουι
1404 1075 1412 1091 ι
1429 1065 1614 1101 Εὐφράνθητι,
1631 1066 1734 1102 ἕρημος
1744 1067 1859 1101 διψῶσα·

1070 1111 1242 1145 ἀγαλλιάσθω
1259 1112 1275 1145 ἡ
1290 1110 1404 1146 ἔρημος,
1434 1111 1481 1137 καὶ
1497 1110 1612 1137 ἀνθείτω
1628 1111 1665 1141 ὡς
1687 1111 1791 1146 κρίνον·
1813 1111 1862 1139 καὶ

1070 1157 1210 1193 ὲξανθήσει
1233 1157 1334 1192 ἔρημος
1357 1158 1373 1192 ἡ
1394 1156 1508 1183 παλαιά.
1527 1165 1535 1181 ι
1566 1156 1646 1183 Ἀλλὰ
1665 1157 1711 1183 νῦν
1734 1157 1765 1183 οὐ
1782 1157 1862 1192 μόνον

1071 1204 1125 1234 τοῖς
1155 1202 1264 1230 ἄνθεσιν
1295 1201 1451 1234 εὖωδιάζει,
1486 1201 1554 1228 ἀλλὰ
1578 1202 1624 1229 καὶ
1656 1203 1709 1234 τοῖς
1742 1202 1792 1238 τῆς
1824 1202 1863 1229 δι-

1071 1249 1218 1284 καιοσύνης
1247 1249 1364 1283 καρποῖς
1388 1248 1443 1282 (60)
1475 1248 1524 1284 τὴν
1546 1248 1701 1284 γλυκύτητα
1724 1249 1863 1277 πολυπλα-

1072 1295 1168 1328 σιάςει.
1187 1296 1251 1322 Ὅτε
1278 1293 1324 1322 οὖν
1340 1295 1424 1328 λέγει,
1443 1303 1452 1320 ι
1477 1294 1548 1328 Ἐγὼ
1565 1294 1645 1326 ἄνθος
1660 1295 1707 1321 τοῦ
1722 1295 1814 1322 πεδίου
1827 1316 1833 1327 ,
1852 1305 1861 1322 ι

1071 1341 1105 1367 τὰ
1126 1341 1282 1376 προφητικὰ
1305 1340 1501 1376 διαλαμϐάνει·
1531 1340 1574 1366 ὅτε
1600 1339 1629 1366 δὲ
1652 1340 1743 1372 πάλιν,
1767 1350 1776 1366 ι
1808 1341 1864 1368 Καὶ

1072 1387 1164 1422 κρίνον
1181 1386 1234 1413 τῶν
1250 1386 1393 1418 κοιλάδων,
1414 1395 1423 1412 ›
1441 1387 1497 1418 τοῖς
1511 1385 1699 1420 εὐαγγελικοϊς
1714 1387 1790 1413 ὲπιτέ
1797 1395 1863 1422 ρπε-

1072 1440 1116 1458 ται
1134 1431 1319 1467 σωτηριώδεσι
1334 1431 1381 1458 καὶ
1397 1430 1521 1466 εὐόδμοις
1537 1431 1640 1466 ῥήμασι
1653 1430 1701 1456 τοῦ
1716 1430 1781 1456 ἰδίου
1795 1439 1864 1466 νυμ-

1075 1477 1148 1512 φίου,
1164 1478 1208 1503 ὅτε
1227 1477 1258 1504 τὸ
1273 1477 1424 1512 ἀμέριμνον
1440 1477 1496 1508 τοῖς
1515 1475 1598 1502 αὑτοῦ
1619 1475 1755 1510 μαθηταῖς
1769 1475 1862 1511 εὑτρε-

1075 1522 1146 1555 πίζει
1160 1523 1205 1550 καὶ
1222 1523 1314 1555 αὐτὸς,
1328 1523 1415 1557 λέγων
1427 1530 1434 1536 ·
1454 1531 1463 1547 ι
1480 1520 1664 1556 Καταμάθετε
1675 1521 1709 1547 τὰ
1722 1521 1802 1557 κρίνα
1817 1521 1864 1547 τοῦ

1073 1568 1159 1603 ἀγροῦ
1174 1568 1232 1600 πῶς
1244 1569 1365 1601 αὐξάνει,
1375 1568 1416 1595 ὃτι
1431 1568 1462 1594 οὑ
1475 1568 1567 1603 κοπιᾷ,
1580 1566 1641 1593 οὔτε
1656 1566 1741 1602 νήθει.
1756 1576 1765 1592 ι
1780 1566 1865 1593 Ὅταν

1074 1611 1120 1640 οὖν
1141 1614 1252 1649 ἑαυτὴν,
1275 1623 1284 1639 ε
1303 1614 1396 1649 κρίνον
1422 1613 1478 1639 τῶν
1503 1612 1644 1643 κοιλάδων,
1667 1621 1676 1637 ι
1701 1611 1786 1646 λέγει,
1809 1611 1865 1638 τῶν

1074 1659 1259 1694 εὺαΠελικῶν
1270 1659 1412 1694 δογμάτων
1428 1658 1592 1695 μνημονεύει
1602 1666 1611 1674 '
1625 1658 1689 1684 ὅταν
1702 1658 1740 1690 δὲ,
1759 1667 1769 1684 ι
1785 1657 1865 1689 ἄνθος

1078 1704 1124 1731 τοῦ
1141 1704 1246 1737 πεδίου,
1268 1714 1277 1730 ι
1290 1704 1344 1731 τῶν
1360 1705 1537 1740 προφητικῶν
1558 1703 1727 1739 μηνυμάτων
1738 1704 1800 1736 τοὺς
1816 1712 1865 1739 χα-

1077 1750 1216 1785 ρακτῆρας
1224 1750 1416 1785 ὑποσημαίνει.
1429 1744 1686 1785 Εῒταάποκρίνεται
1698 1749 1767 1785 πρὸς
1780 1749 1865 1786 αὐτὴν

1074 1797 1089 1823 ὁ
1103 1796 1230 1831 νυμφίος,
1246 1797 1333 1830 λέγων
1350 1797 1419 1832 πρὸς
1433 1797 1451 1824 ἃ
1466 1795 1525 1823 εἶπε
1536 1805 1542 1812 ·

1111 1842 1183 1876 AG’.
1201 1843 1246 1870 Στ.
1267 1843 1299 1878 β’.
1323 1843 1370 1876 Ὠς
1384 1844 1488 1877 κρίνον
1504 1843 1634 1878 ἐνμέσῳ
1645 1840 1794 1874 ἀκανθῶν,
1816 1840 1865 1868 οὔ·

1075 1897 1132 1921 τως
1146 1889 1165 1922 ἠ
1181 1889 1317 1923 πλησίον
1326 1897 1386 1924 μου
1402 1888 1557 1923 ἀναμέσον
1572 1888 1632 1915 τῶν
1642 1887 1827 1922 θυγατέρων.

1111 1935 1171 1960 Ἵνα
1184 1935 1270 1970 αὐτὴν
1287 1936 1351 1972 εἴπῃ
1370 1934 1476 1961 δικαίαν
1490 1933 1626 1968 ἀναμέσων
1640 1924 1750 1965 ἀδίκωνί
1764 1932 1864 1968 εὐσεϐῆ

1075 1979 1106 2006 ὲν
1122 1979 1197 2015 μέσῳ
1217 1980 1333 2013 ἀσεϐῶν,
1352 1981 1380 2006 ἐν
1403 1979 1471 2015 τῷδε
1488 1979 1527 2014 τῷ
1547 1979 1642 2015 κόσμῳ
1657 1979 1864 2014 ἀναστρεφομέ-

1076 2034 1134 2061 νην,
1151 2026 1220 2062 πρὸς
1233 2026 1268 2062 ἥν
1284 2035 1350 2061 φησι
1362 2026 1409 2052 καὶ
1424 2027 1437 2052 ὁ
1457 2025 1634 2058 Ἀπόστολοςο
1653 2035 1662 2051 ι
1680 2025 1739 2052 Ἵνα
1751 2024 1865 2060 γένησθε

1075 2072 1158 2099 τέκνα
1174 2072 1241 2099 Θεοῦ
1265 2072 1404 2108 ἅμώμητα
1424 2073 1452 2099 ὲν
1477 2073 1552 2108 μέσῳ
1576 2073 1673 2107 γενεᾶς
1691 2072 1800 2103 σκολιᾶς
1819 2070 1867 2098 καὶ

1077 2118 1305 2154 διεστραμμένης.
1321 2129 1330 2145 ›
1346 2117 1411 2146 Εἶτα
1421 2120 1438 2154 ὴ
1450 2119 1543 2155 νύμφη
1559 2119 1638 2145 πάλιν
1651 2118 1718 2153 πρὸς
1727 2117 1772 2143 τὸν
1783 2117 1866 2152 αὐτῆς

1078 2165 1194 2200 νυμφίον
1205 2171 1212 2179 ·

1114 2212 1176 2238 AZ’.
1198 2211 1243 2237 Στ.
1259 2215 1294 2245 γ’.
1328 2211 1374 2244 Ὡς
1383 2210 1484 2245 μῆλον
1498 2210 1553 2245 (61)
1571 2211 1606 2236 ἐν
1617 2209 1680 2242 τοῖς
1695 2209 1799 2241 ξύλοις
1813 2208 1866 2234 τοῦ

1079 2256 1208 2290 δρυμοῦ,
1234 2257 1328 2289 οὕτως
1359 2255 1520 2290 ἀδελφιδός
1542 2263 1602 2289 μου
1629 2253 1783 2288 ἀναμέσων
1809 2252 1866 2279 τῶν

1081 2302 1161 2329 υἱῶν.

1116 2348 1153 2374 To
1172 2348 1256 2383 μῆλον
1271 2348 1299 2374 ἐν
1313 2347 1352 2382 τῷ
1369 2346 1443 2381 αὐτῷ
1461 2346 1509 2373 καὶ
1525 2346 1625 2381 βρῶσιν
1637 2346 1694 2382 ἔχει
1713 2347 1759 2373 καὶ
1776 2345 1863 2372 πόσιν.

1077 2394 1135 2420 Ἵνα
1161 2394 1226 2428 γοῦν
1251 2394 1301 2429 τὴν
1324 2393 1459 2432 μυστικὴν
1483 2392 1548 2429 εἴπῃ
1574 2393 1755 2429 εὐφροσύνην,
1777 2393 1866 2428 ἥνπερ

1104 2473 1125 2490 ⁸¹
1138 2472 1234 2501 Matth.
1247 2480 1285 2506 νι,
1303 2472 1349 2500 28.
1405 2473 1427 2489 ⁸³
1439 2472 1554 2507 Philipp.
1567 2480 1595 2506 Il,
1612 2473 1656 2500 l5.

1188 2550 1280 2588 YlllllC.
1296 2551 1509 2588 ἐνδιατρίϐουσα.

1114 2585 1171 2619 (60)
1190 2586 1236 2613 Sic
1263 2585 1426 2621 legendum:
1443 2587 1513 2615 male
1539 2586 1620 2614 Barb.
1646 2591 1674 2614 et
1698 2594 1774 2614 meus
1802 2587 1864 2619 τοὺς

1078 2621 1209 2656 καρπούς.

1117 2656 1173 2692 (Gl)
1190 2656 1284 2683 Nescio
1308 2664 1357 2684 cur
1383 2661 1425 2683 ret
1451 2657 1564 2692 interpr.
1589 2657 1753 2683 reddiderit:
1770 2656 1865 2683 «Sicut

1081 2693 1162 2718 arbor
1187 2692 1249 2718 mali
1274 2692 1300 2719 in
1325 2692 1413 2719 medio
1428 2692 1535 2720 silvai.)
1556 2692 1622 2719 Tota
1642 2699 1706 2718 vero
1723 2692 1865 2726 explicatio

1081 2727 1138 2754 haec
1163 2727 1188 2753 in
1210 2734 1241 2753 ea
1264 2727 1388 2754 versione
1404 2733 1444 2754 est
1461 2728 1587 2762 implexa,
1603 2731 1629 2754 et
1641 2727 1764 2761 quaedam
1783 2727 1864 2753 etiam

1083 2762 1174 2794 habet,
1190 2769 1343 2797 qumVSeusu
1360 2761 1505 2795 carcnl,ut
1518 2761 1560 2788 illa
1577 2770 1583 2788 :
1600 2762 1710 2797 qArbor
1723 2768 1787 2795 ergo
1803 2762 1863 2788 mali

1078 2802 1121 2824 cst
1141 2797 1231 2828 homo,
1249 2796 1348 2824 Christi
1366 2798 1461 2824 domus
1490 2797 1559 2824 inter
1574 2797 1646 2829 ligna
1667 2797 1749 2827 silvae,
1770 2797 1809 2823 sic
1839 2798 1864 2823 in

1079 2832 1168 2893 inedia
1196 2830 1349 2860 Judaeorum
1380 2832 1531 2866 cxsistens,
1555 2832 1634 2860 sicut”
1651 2831 1683 2859 de
1709 2831 1773 2866 ipsis
1797 2831 1862 2859 dicit

1091 2874 1171 2893 satas.
1185 2876 1193 2892 ι
1210 2871 1262 2893 εις.

1091 2874 1171 2899 satas,
1185 2876 1193 2892 ι
1210 2871 1262 2895 etc.
