2078 3153
214 145 245 173 GI
677 147 880 178 ENARRATIO
899 150 932 178 IN
951 151 1129 181 CANTICUM
1149 153 1385 185 CANTICOBUM.
1812 160 1846 187 62

215 202 283 237 αὑτῇ
300 202 416 229 δέδωκεν
431 204 445 230 ὁ
461 203 587 239 νυμφίος,
603 204 705 239 λέγων·
725 215 734 230 ι
756 206 870 239 Λάΰετε,
885 203 1001 241 φάγετε·

1054 218 1169 246 sponsus
1210 213 1319 242 dicens:
1337 215 1493 251 «Accipite.
1521 219 1695 252 manducata;
1721 219 1771 246 hoc
1803 217 1844 247 ρει

216 247 298 274 τοῦτό,
309 256 360 282 μου
377 248 436 274 ἐστὶ
454 248 484 275 τὸ
502 249 600 284 σῶμα·
624 259 633 276 ι
654 250 711 283 καὶ,
740 260 749 277 ι
770 252 892 285 Λάϐετε,
912 253 1004 281 πίετε·

215 291 294 318 τοῦτό
307 293 365 319 ἐστι
379 293 410 319 τὸ
424 291 494 329 αἷμά
511 303 561 330 μου
573 315 580 328 ,
605 295 635 321 τὸ
649 296 719 332 ὑπὲρ
736 296 813 332 ὑμῶν
828 298 1007 334 ἐκχυνόμενον

216 338 256 368 είς
281 337 378 372 ἄφεσιν
401 339 560 375 ἁμαρτιῶν·
588 349 598 366 ι
625 340 668 367 διὰ
696 341 786 374 τοῦτο,
811 340 904 378 οἶμαι,
933 353 941 368 ι
969 344 1007 376 ὡς

218 382 313 418 μῆλον,
335 392 345 409 ι
373 383 456 419 λέγει.
479 385 548 420 Τρία
572 385 626 421 γὰρ
651 387 741 420 ἀγαθὰ
766 387 796 414 τὺ
825 388 908 423 μῆλον
930 389 1003 425 ἔχει’

218 427 332 464 βρῶσιν,
360 430 392 456 δι’
409 428 443 466 ἦς
460 431 642 466 ὑποσημαίνει
659 432 689 459 τὸ
705 433 824 468 Χριστοῦ
844 434 923 470 σῶμα
935 443 942 449 ·
961 435 1006 461 καὶ

217 475 307 508 πόσιν,
324 474 356 501 δι’
379 473 413 511 ἧς
435 476 615 512 ὑποσημαίνει
635 478 666 504 τὸ
696 479 829 514 σωτήριον
850 477 936 515 αἷμα·
961 480 1006 507 καὶ

219 522 341 554 εὐωδίαν,
365 523 426 558 ἤτις
448 524 504 559 (62)
530 525 729 562 χαρακτηρίζει
754 520 803 563 τῆν
828 527 927 555 πίστιν.
950 529 1006 555 Καὶ

220 565 299 593 πάλιν
325 567 401 602 μήλῳ
425 568 569 601 ἀπεικάζει
590 570 635 597 τὸν
657 571 826 607 ἀνθρώπινον
851 572 898 599 τοῦ
917 573 1004 607 Λόγου

217 613 376 648 χαρακτῆρα
395 613 450 650 (65)
468 616 496 641 ὲν
522 615 611 648 ξύλοις
637 616 716 644 ὄντα·
746 617 902 654 προθεμένη
925 619 1005 646 αὑτὸν

216 658 261 684 ἐπὶ
274 657 321 684 τοῦ
335 658 413 691 ξύλου
428 660 475 686 τοῦ
492 662 620 698 σταυροῦ,
639 660 682 689 οἷα
697 663 792 698 μῆλον,
810 664 1003 697 εὐωδιάξοντα.

215 702 269 729 Καί
286 712 368 740 φησιν
380 713 388 721 ·
408 713 417 731 ι
444 706 488 738 Ὠς
508 707 592 743 μῆλον
614 709 643 734 ὲν
655 710 710 740 τοῖς
725 708 813 741 ξύλοις
827 710 873 737 τοῦ
889 710 1003 745 δρυμοῦ,

214 747 300 780 οὕτως
322 750 461 785 ἀδελφιόός
486 760 536 787 μου
562 754 700 789 ἀναμέσον
717 755 771 781 τῶν
794 755 876 782 υἱῶν·
899 765 907 782 ι
936 757 1004 792 ὅπερ

215 794 298 826 ἐστὶν,
317 796 454 831 ἀναμέσον
475 797 529 825 τῶν
555 799 697 826 Ἰουδαίων.
726 800 808 832 Υἱοὺς
825 801 878 836 γὰρ
905 803 1004 834 αὐτοὺς

214 841 243 868 ὲν
273 842 371 879 Ἡσαΐᾳ
393 844 487 876 καλεῖ,
507 844 610 878 λέγων·
644 855 653 872 ι
683 846 764 878 Υίοὺς
788 847 937 883 ἐγέννησα,
957 849 1004 875 καὶ

214 887 323 922 ὕψωσα·
339 889 416 915 αὐτοὶ
431 890 460 916 δέ
477 898 510 925 με
530 891 676 927 ἠθέτησαν.
703 901 712 917 ι
732 890 800 919 Elei
813 902 912 928 φησιν·

247 934 312 960 ΑΠ’.
335 934 387 961 Ἑν
418 934 456 970 τῇ
490 935 563 970 σκιᾷ
605 936 698 975 αὑτοῦ
737 938 927 974 ἐπεθύμησα,
955 941 1006 969 καὶ

212 979 347 1007 ἐκάθισα.
389 1008 394 1013 ,

254 1026 397 1063 Ἐπιθυμεϊ
412 1027 466 1063 γὰρ
481 1028 528 1055 καὶ
543 1029 588 1056 τὸν
601 1029 681 1065 νόμον
697 1029 783 1057 τελεῖν
801 1032 816 1067 ἡ
841 1031 998 1068 Ἐκκλησία.

214 1070 281 1098 Σκιᾶ
302 1072 357 1108 γὰρ
375 1073 421 1099 τοῦ
436 1074 605 1108 Μονογενοῦς
618 1076 632 1102 ὁ
654 1075 753 1112 νόμος·
773 1077 820 1104 καὶ
832 1077 926 1105 τοῦτον
945 1080 1004 1106 επι-

214 1116 294 1152 θυμεῖ
319 1119 394 1146 πᾶσα
416 1120 535 1148 εὐσεϐῶν
549 1121 641 1158 ψυχὴ,
670 1124 731 1155 ταῖς
753 1123 892 1158 διαταγαίς
920 1125 1003 1153 αὑτοῦ

212 1163 415 1201 ὲπιτερπομένη
440 1168 500 1198 ταῖς
519 1167 683 1200 κωλυτικαῖς
705 1169 759 1196 τῶν
776 1170 1001 1206 ἁμαρτημάτων·

212 1206 255 1238 τὸ,
275 1216 284 1233 ι
303 1208 341 1234 Οὐ
363 1210 534 1245 μοιχεύσεις,
548 1211 578 1238 οὐ
596 1213 746 1247 φονεύσεις,
769 1215 798 1241 ού
822 1215 942 1250 κλέψεις,
971 1217 1001 1243 οὐ

211 1252 500 1291 ψευδομαρτυρήσεις,
530 1257 598 1292 τίμα
613 1258 658 1285 τὸν
687 1260 795 1295 πατέρα
817 1270 864 1288 σου
884 1262 931 1288 καὶ
954 1263 1003 1298 τὴν
1035 1261 1038 1263 ’

214 1299 330 1336 μητέρα,
344 1311 353 1327 ι
367 1302 413 1328 καὶ
426 1302 475 1334 τὰς
488 1303 571 1335 ἄλλοις
583 1303 680 1336 λοιπὰς
692 1305 812 1338 ἐντολάς,
834 1307 879 1333 Ἐν
890 1307 1003 1340 ταύταις

213 1345 272 1376 ταῖς
287 1347 377 1378 σκιαῖς
395 1347 574 1383 ἐπιθυμοῦσιν
593 1350 621 1376 αι
640 1350 694 1377 τῶν
709 1350 828 1378 εὐσεϐῶν
845 1351 930 1387 ψυχαὶ
943 1354 1002 1384 ταῖς

213 1390 267 1416 τῶν
280 1391 487 1428 ἁμαρτημάτων
503 1394 676 1427 κωλυτικαῖς.
694 1396 740 1422 Διὸ
760 1396 861 1433 λέγει-ἡ
889 1398 1004 1434 Ἐκκλη-

213 1436 270 1463 σία·
285 1446 295 1462 ι
312 1439 356 1464 Ἐν
369 1439 402 1474 τῇ
423 1440 487 1474 σκιᾷ
499 1439 581 1466 αὐτοῦ
597 1440 769 1475 ἐπεθύμησα,
785 1443 832 1469 καὶ
848 1443 970 1470 ἐκάθισα.
988 1453 997 1470 ι

211 1492 258 1507 -ι
269 1483 350 1509 Σκιὰν
360 1483 415 1520 γὰρ
426 1482 498 1520 εἶχεν
507 1486 521 1512 ὁ
533 1485 613 1520 νόμος
625 1485 678 1511 τῶν
691 1486 840 1521 μελλόντων
851 1487 971 1522 ἀγαθῶν,
987 1498 996 1515 ι

211 1528 280 1555 κατὰ
294 1529 338 1556 τὸν
353 1529 491 1557 Θειότατον
511 1531 670 1558 Ἀπόστολον
680 1541 686 1547 -
701 1531 741 1559 διὸ
753 1532 834 1565 εὐθὺς
846 1533 919 1568 λέγει
931 1543 938 1550 ·

1058 264 1157 292 corpus
1180 266 1268 286 meum
1281 259 1320 292 ⁸³;
1333 270 1341 286 ι
1359 265 1405 288 ct:
1424 271 1434 287 ι
1449 262 1578 297 Accipite,
1601 263 1702 296 bibite;
1734 265 1777 290 hic
1800 270 1843 291 est

1059 305 1169 338 sanguis
1185 312 1260 333 meus
1276 306 1321 340 qui
1338 314 1386 341 pro
1399 308 1476 336 vobis
1492 300 1645 337 eil'ubntletur
1660 299 1690 337 in.
1704 310 1843 337 remissio-

1057 357 1118 376 nem
1132 357 1304 385 peccatorum
1315 353 1354 380 “:
1373 363 1383 379 ι
1399 353 1499 382 ideirco
1511 355 1586 388 dicit,
1604 366 1612 382 ι
1626 357 1695 384 sicut
1712 357 1838 384 malum.»

1059 395 1121 422 Tria
1139 396 1211 424 enim
1226 397 1293 424 bona
1310 398 1408 426 malum
1422 400 1560 429 continet:
1577 403 1678 436 cibum,
1695 411 1749 437 quo
1763 403 1845 438 signi-
1896 429 1900 435 κ

1059 440 1122 468 Iicat
1144 449 1242 476 corpus
1257 443 1375 476 Christi;
1393 451 1496 480 potum,
1511 455 1565 482 quo
1581 446 1717 483 significat
1740 449 1843 476 saluta-

1059 492 1114 512 rem
1135 487 1311 522 sanguinem;
1336 493 1364 516 et
1387 491 1478 518 odoris
1503 493 1676 525 suavitatem,
1691 501 1740 527 per
1762 502 1842 528 quant

1057 532 1186 565 exprimit
1211 533 1302 560 ﬁdem.
1328 534 1359 561 Et
1375 543 1469 564 rursus
1484 538 1553 565 malo
1566 533 1704 574 compara‘t
1719 540 1844 566 Immani-

1058 580 1141 602 talern
1160 576 1237 605 Verbi
1257 585 1433 614 assumplam.
1452 589 1511 616 quae
1532 587 1574 610 est
1600 583 1764 618 intcrligna,
1780 591 1844 618 pro-

1057 629 1159 657 ponens
1183 624 1269 658 ipsum
1300 625 1325 653 in
1351 625 1425 660 ligno
1448 628 1538 655 crucis
1570 629 1688 656 suaviter
1715 629 1843 663 olentem,

1056 672 1185 703 tanquam
1204 669 1314 700 malum.
1332 671 1364 698 Et
1386 673 1444 700 ait:
1462 682 1472 699 ι
1489 673 1522 701 Ut
1550 673 1648 700 malum
1673 674 1742 700 inter
1772 674 1843 708 ligna

1056 714 1139 748 silvae,
1166 716 1205 743 sic
1230 716 1365 745 fratruelis
1389 708 1463 745 meus
1491 719 1515 745 in
1542 720 1774 753 mcdiotiliorum;
1790 729 1799 746 ι
1817 719 1843 746 id

1056 766 1106 794 est.
1123 762 1149 789 in
1168 763 1257 790 medio
1271 763 1436 792 Judzeorum.
1457 765 1531 799 Ipsos
1545 766 1618 793 enim
1641 765 1709 795 ﬁlios
1728 765 1845 801 appellat

1056 806 1082 834 in
1113 807 1182 835 Isaia
1213 809 1306 837 dicens
1321 819 1328 837 :
1346 810 1449 838 «Filios
1474 812 1555 846 genui
1585 816 1613 839 et
1637 812 1772 846 exaltari;
1793 813 1844 848 ipsi

1056 860 1120 881 vero
1133 861 1293 889 spreverunt
1305 857 1387 884 me".
1401 866 1411 884 ι
1426 857 1526 885 Deinde
1540 858 1603 886 dicit
1617 866 1624 885 :

1021 885 1042 914 Β

1090 943 1234 972 XXXVIII.
1251 944 1285 972 In
1306 946 1397 973 umbra
1411 946 1493 980 ipsius
1512 946 1646 981 concupiui
1671 951 1694 973 et
1711 948 1825 974 comedi.

1092 1034 1232 1061 Desiderat
1251 1035 1322 1062 enim
1345 1035 1426 1062 etiam
1445 1035 1530 1071 legem
1552 1035 1682 1070 perficere
1708 1035 1840 1063 Ecclesia.

1055 1079 1157 1107 Umbra
1183 1081 1253 1107 enim
1270 1081 1404 1115 Unigeniti
1427 1086 1467 1109 est
1485 1082 1546 1115 lex;
1564 1086 1588 1109 et
1615 1082 1684 1109 hanc
1707 1082 1843 1109 desiderat

1053 1128 1154 1162 qumvis
1181 1127 1286 1162 piorum
1315 1128 1417 1161 anima,
1443 1128 1527 1163 ipsius
1545 1127 1675 1155 delectata
1702 1129 1843 1163 praeceptis

1053 1180 1113 1208 qum
1137 1179 1248 1208 peccata
1275 1174 1420 1209 prohibent
1436 1182 1442 1201 :
1460 1183 1470 1200 ι
1485 1173 1543 1201 Non
1573 1174 1761 1208 minchaberis,
1789 1182 1842 1202 non

1053 1219 1171 1252 occides,
1191 1228 1242 1247 non
1257 1219 1358 1247 furtum
1372 1220 1466 1252 facies,
1479 1228 1532 1247 non
1545 1219 1639 1247 falsum
1656 1221 1840 1248 testimonium

1053 1266 1136 1298 dices,
1153 1266 1256 1294 honora
1272 1271 1374 1301 patrem
1405 1270 1478 1293 tuum
1506 1271 1534 1293 et
1560 1270 1673 1293 matrem
1682 1266 1715 1298 ⁸⁸,
1728 1276 1737 1292 ι
1752 1271 1779 1293 et
1792 1274 1858 1294 (τοι

1054 1315 1110 1339 tera
1128 1311 1265 1339 mandata.
1284 1311 1311 1339 In
1337 1312 1378 1339 his
1394 1312 1499 1338 umbris
1524 1319 1584 1346 qua:
1601 1316 1710 1346 peccata
1739 1316 1843 1344 vetant,

1053 1357 1149 1384 animat
1162 1357 1298 1391 justorum
1321 1357 1523 1391 concupiscunt.
1540 1357 1687 1391 Propterea
1709 1357 1773 1384 dicit
1790 1357 1840 1384 Ec-

1053 1402 1134 1430 clesia
1150 1412 1156 1430 :
1173 1411 1182 1428 ι
1197 1403 1226 1429 In
1243 1403 1337 1429 umbra
1354 1401 1411 1436 ejus
1433 1401 1572 1435 concupivi
1594 1406 1621 1428 et
1642 1401 1763 1428 consedi.
1780 1410 1791 1427 ι
1804 1415 1842 1423 -

1055 1458 1065 1476 ι
1080 1449 1207 1477 Umbram
1217 1448 1289 1475 enim
1301 1448 1417 1475 habebat
1429 1447 1469 1475 lex
1479 1448 1629 1474 futurorum
1642 1447 1812 1480 bonorum",
1829 1456 1839 1473 ι

1050 1495 1128 1530 juxta
1139 1495 1337 1523 divinissimum
1350 1494 1519 1528 Apostolum.
1530 1494 1632 1521 Idcirco
1646 1494 1737 1520 statim
1751 1494 1816 1521 dicit
1831 1501 1838 1520 :

245 1574 308 1601 ΛΘ.
325 1575 379 1602 Καὶ
391 1576 511 1609 καρπὸς
519 1576 612 1604 αὐτοῦ
624 1576 739 1611 γλυκὺς
749 1577 784 1603 ἐν
792 1577 921 1613 λάρυγτί
929 1587 998 1613 μου.

1090 1583 1209 1611 XXXIX.
1229 1583 1262 1610 Et
1278 1583 1379 1618 {ructus
1391 1584 1449 1618 ejus
1464 1583 1549 1610 dulci:
1561 1584 1589 1610 in
1604 1583 1725 1618 faucibus
1741 1583 1817 1610 meis.

246 1620 278 1646 Ol
296 1620 350 1656 γὰρ
363 1621 415 1647 ὑπὸ
428 1622 478 1657 τὴν
491 1621 570 1648 σκιὰν
586 1622 633 1648 τοῦ
648 1623 730 1658 νόμου
748 1622 938 1659 καθεζόμενοι,
953 1624 1001 1661 δῆν

211 1664 265 1698 λον,
280 1665 317 1697 ὡς
334 1666 380 1693 καὶ
393 1667 439 1693 τοῦ
453 1667 631 1702 εὐαγγελικοῦ
647 1668 754 1704 καρποῦ
771 1668 820 1704 τὴν
839 1670 1000 1706 σωτηριώδη

211 1710 326 1745 εὐωχίαν
354 1711 602 1746 μεταλαμϐάνουσι.
636 1711 704 1739 Εἶτα
735 1713 829 1740 λοιπὸν
857 1715 922 1750 περὶ
952 1715 999 1741 τοῦ

210 1757 292 1792 νόμου
311 1757 435 1791 εἰποῦσα,
452 1758 491 1790 είς
507 1767 537 1785 τε
560 1760 610 1795 τὴν
633 1759 771 1786 τελείωσιν
798 1761 888 1796 ἥνπερ
905 1761 1001 1788 ἐλαϐεν

211 1803 244 1829 ὲκ
265 1802 314 1829 τοῦ
338 1803 432 1839 νόμου,
454 1804 584 1832 εἰσελθεῖν
613 1804 743 1838 θέλουσα,
763 1805 837 1841 λέγει
859 1808 915 1838 τοῖς
931 1807 1000 1834 ἁπο-

213 1848 315 1881 στόλοις
323 1856 332 1865 ·

246 1896 291 1922 Μ’.
319 1896 364 1923 Στ.
395 1896 429 1923 δ’.
455 1896 600 1932 Εὶσάγετὲ
631 1905 671 1932 με
695 1899 739 1931 εὶς
762 1896 849 1926 οἷκον
875 1899 931 1926 τοῦ
957 1899 1000 1926 οἵ-

209 1947 266 1966 νου
282 1939 349 1975 (64).
770 1967 774 1969 ι

246 1986 293 2018 Εἰς
308 1986 340 2013 τὸ
359 1985 407 2013 τοῦ
437 1987 540 2023 Κυρίου
567 1987 647 2024 σῶμα
674 1990 862 2024 συγκεράσατέ
880 1999 913 2026 με
932 1991 998 2027 (65),

198 2033 287 2068 κρησὶ,
303 2033 377 2068 αὐτῷ
392 2032 436 2060 διὰ
450 2033 496 2060 τοῦ
511 2033 622 2069 λουτροῦ
636 2036 686 2070 τῆς
702 2035 920 2070 παλιγγενεσίας.

245 2078 313 2106 ΜΛ¹.
333 2080 444 2112 Τάξατε
455 2080 501 2107 ἐπ’
512 2080 564 2115 ἐμὲ
578 2081 678 2116 ἀγάπη
684 2091 712 2109 ν.
741 2087 749 2091 ”

246 2125 309 2152 Δότε
333 2135 378 2162 μοι
407 2126 455 2162 τὴν
479 2123 588 2164 ἀγάτέην
611 2127 659 2163 τὴν
685 2128 731 2155 τοῦ
756 2129 920 2166 ἐπουρανίου
942 2130 997 2166 (66)

210 2171 326 2207 Πατρὸς,
345 2173 377 2207 ἦν
398 2173 412 2199 ὁ
435 2173 590 2209 Μονογενὴς
606 2172 696 2207 λέγει’
717 2182 726 2199 ι
747 2174 840 2206 Οὕτως
855 2175 998 2211 ἠγάπησεν

209 2219 223 2244 ό
236 2217 302 2250 Θεὸς
314 2219 358 2245 τὸν
368 2219 478 2254 κόσμον,
494 2219 564 2246 ὥστε
576 2219 622 2246 τὸν
636 2220 698 2247 Υίδν
710 2220 792 2247 αὑτοῦ
805 2221 850 2248 τὸν
865 2223 995 2258 μονογενῆ

209 2265 320 2297 ἔδωκεν,
338 2265 381 2292 ἵνα
398 2267 450 2298 πᾶς
464 2267 477 2293 ό
492 2265 626 2293 πιστεύων
642 2268 681 2299 είς
698 2267 780 2294 αὐτὸν
801 2268 838 2304 μὴ
852 2257 997 2304 ἀποληται,

210 2311 266 2338 ἀλλ’
281 2311 330 2348 ἔχῃ
345 2312 417 2348 ζωὴν
433 2312 550 2340 αἰώνιον.
575 2323 584 2339 ι

245 2357 311 2385 ΜΒ’.
333 2359 376 2385 Στ.
394 2361 424 2384 ε’.
441 2358 606 2392 Στηρίσατέ
620 2358 676 2393 (67)
693 2367 732 2394 με
745 2359 780 2386 ἐν
790 2360 906 2394 μύροις.

251 2404 296 2430 Ἐν
310 2405 377 2444 πᾷσι
393 2406 448 2436 τοῖς
464 2405 545 2437 θείοις
560 2406 607 2432 τοῦ
622 2406 741 2441 Χριστοῦ
754 2407 864 2441 λογίοις.

246 2450 310 2477 Ml".
328 2450 509 2478 Στοιϐάσατέ
519 2461 557 2486 με
574 2452 608 2479 ἐν
624 2452 746 2487 μήλοις.

247 2497 353 2532 Θάψατέ
370 2507 404 2534 με
418 2500 448 2525 ὲν
462 2498 502 2534 τῷ
517 2498 626 2535 ἀριθμῷ
639 2499 692 2526 τῶν
706 2499 829 2528 δικαίων.

246 2565 268 2582 ⁸³
281 2565 375 2594 Matth.
394 2573 469 2599 xxvt,
489 2566 534 2593 26.
573 2566 596 2582 ⁸⁵
608 2567 672 2594 ibid.
689 2567 734 2599 ‘27,
747 2567 793 2595 28.
833 2567 856 2584 ⁸⁵
867 2566 919 2595 Isa.
936 2576 955 2602 ι,
968 2569 995 2596 2.

244 2634 519 2696 gleflmendandum
533 2635 566 2662 δι’
585 2632 630 2671 ἧς,
646 2639 674 2663 ut
690 2636 788 2664 habent
809 2638 895 2665 codex
923 2645 998 2666 meus

208 2675 234 2696 et
249 2675 327 2697 Buri).

244 2705 301 2742 (ϐξ)
318 2704 386 2742 Υίιίο
399 2713 482 2740 supra
496 2710 586 2733 notam
607 2706 639 2742 ad
652 2713 722 2733 vers.
738 2709 792 2742 κη’.
806 2714 906 2734 xxvtlt.

245 2740 301 2776 (64)
318 2741 376 2768 Vet.
393 2742 517 2776 interpr.
535 2750 544 2766 ι
561 2742 588 2768 in
613 2741 720 2768 domum
736 2740 830 2768 vineae.
844 2752 852 2768 I
870 2742 995 2770 Fortasse

210 2782 319 2803 secutus
333 2781 374 2803 est
391 2775 452 2803 lect.
466 2776 621 2810 Symmachi
637 2777 677 2807 εἰς
692 2775 738 2802 τὸν
754 2776 861 2808 οίνῶνα,
874 2787 882 2803 ι
898 2779 924 2804 in
940 2779 994 2806 cet-

210 2810 262 2848 lum
289 2811 432 2848 vinariam,
448 2821 458 2848 ι
477 2819 590 2848 eamque
615 2811 685 2839 idem
700 2811 812 2846 interpr.
829 2813 931 2846 putavit
944 2821 992 2848 ap-

211 2844 303 2879 pellari
322 2853 400 2879 posse
416 2855 424 2870 ι
439 2844 675 2874 ιιοιιιιιιιινῑιιειςη.»

246 2880 305 2915 (65)
324 2881 382 2908 Vet.
398 2881 528 2916 interpres
540 2882 602 2916 quid
619 2881 749 2917 intelligat
762 2882 862 2916 nescio,
876 2883 920 2918 qui
932 2889 992 2912 ver-

1089 1630 1140 1663 Qui
1157 1630 1227 1657 enim
1242 1631 1292 1658 sub
1311 1629 1376 1664 legis
1395 1629 1489 1656 umbra
1505 1629 1654 1662 consident,
1670 1628 1841 1656 maniiestum

1051 1680 1094 1703 est
1109 1683 1155 1703 eos
1181 1676 1262 1702 etiam
1280 1674 1406 1702 salutaris
1421 1674 1535 1701 convivii
1564 1673 1590 1700 in
1615 1681 1668 1707 quo
1691 1673 1839 1707 evangelici

1052 1721 1157 1749 fructus
1172 1726 1352 1756 apponuntur,
1369 1728 1429 1748 esse
1442 1720 1599 1755 participes.
1615 1719 1716 1746 Deinde
1733 1718 1766 1746 tle
1782 1718 1839 1753 lege

1052 1767 1174 1801 loquens,
1190 1772 1218 1794 et
1229 1767 1261 1794 ad
1277 1775 1336 1795 eam
1353 1767 1543 1801 perfectionem
1556 1765 1747 1794 venircvoleus
1757 1772 1838 1800 quam

1050 1813 1153 1847 accepit
1170 1821 1185 1846 ξι
1198 1813 1265 1848 lege,
1281 1813 1347 1840 dicit
1365 1812 1511 1848 apostolis:

1086 1902 1142 1930 XL.
1156 1902 1238 1930 Vens.
1255 1902 1283 1930 4.
1301 1901 1462 1929 Introducite
1481 1909 1521 1929 me
1532 1901 1559 1928 in
1573 1901 1679 1928 domum
1692 1900 1754 1927 uini.

1086 1992 1114 2019 In
1131 1992 1237 2019 Domini
1253 1991 1357 2019 scilicet
1375 1998 1472 2025 corpus
1487 1991 1660 2019 commiscete
1671 1996 1724 2023 me,
1742 1988 1838 2024 inquit,

1049 2045 1110 2066 cum
1126 2038 1184 2072 ipso
1198 2045 1246 2072 per
1262 2037 1396 2064 lavacrum
1414 2036 1632 2071 regeneratiOnis.

1085 2083 1154 2111 XLI.
1173 2083 1301 2110 Ordinate
1319 2083 1347 2109 in
1362 2091 1402 2110 me
1421 2082 1585 2109 cltaritatem.

1085 2129 1152 2157 Date
1171 2129 1237 2157 mihi
1262 2129 1433 2157 dilectionem
1458 2128 1545 2156 Patris
1572 2128 1700 2160 caelestis,
1726 2128 1759 2162 de
1785 2134 1838 2162 qua

1051 2176 1210 2211 Uuigenitus
1224 2176 1344 2211 loquitur
1358 2185 1364 2203 :
1379 2185 1388 2202 ι
1404 2175 1449 2203 Sic
1467 2175 1536 2202 Deus
1546 2175 1640 2202 dilexit
1657 2174 1796 2205 mundum,
1811 2178 1838 2200 ut

1018 2240 1038 2267 Β
1051 2223 1149 2251 Filium
1165 2231 1242 2251 suum
1257 2223 1426 2258 unigenitum
1441 2223 1531 2257 daret;
1548 2227 1576 2249 ut
1589 2222 1678 2249 omnis
1691 2221 1735 2255 qui
1752 2221 1839 2247 credit

1053 2270 1079 2296 in
1092 2269 1176 2301 illum,
1190 2276 1243 2296 non
1256 2272 1361 2303 pereat,
1377 2267 1424 2296 sed
1439 2268 1538 2295 habeat
1552 2267 1635 2294 vitam
1645 2271 1773 2294 aeternam
1784 2266 1835 2292 ".n

1084 2362 1164 2390 XLII.
1185 2363 1267 2390 Ἶειὶε.
1283 2362 1310 2390 ὃ.
1329 2361 1491 2396 Con/innate
1504 2370 1543 2388 me
1557 2362 1583 2388 in
1599 2361 1748 2395 unguentis.

1085 2409 1112 2436 In
1124 2410 1249 2437 omnibus
1264 2408 1364 2436 Christi
1382 2409 1480 2436 divinis
1496 2408 1618 2443 eloquiis.

1086 2455 1179 2483 XLIII.
1198 2454 1299 2488 Stipate
1318 2463 1358 2481 me
1374 2455 1400 2481 in
1414 2453 1501 2480 mulis.

1086 2503 1203 2538 Sepelite
1219 2510 1261 2530 me
1277 2502 1303 2529 in
1317 2507 1431 2528 numero
1444 2500 1590 2535 iustorum.

1034 2569 1152 2597 "Exod.
1172 2577 1218 2601 xx.
1231 2569 1327 2597 I2-I6.
1363 2568 1387 2584 ⁸⁷
1401 2568 1480 2596 Hebr.
1497 2576 1524 2602 κ,
1541 2569 1567 2596 I.
1602 2567 1625 2584 ⁸⁸
1636 2567 1715 2596 .loan.
1734 2576 1775 2600 ut,
1793 2569 1834 2597 I6.

1052 2639 1085 2665 tit
1098 2648 1105 2666 :
1120 2648 1130 2665 ι
1140 2640 1270 2673 Coaptate
1285 2647 1328 2666 tne
1344 2638 1367 2666 ei
1382 2646 1429 2673 per
1439 2637 1585 2671 lavacrum,
1599 2647 1608 2663 ι
1623 2642 1677 2664 etc.
1695 2636 1838 2664 Salutatus

1049 2673 1118 2702 bene
1141 2675 1230 2707 vertit,
1249 2675 1440 2702 rconnniscete
1452 2680 1503 2700 me.
1517 2683 1526 2699 ›

1090 2710 1146 2746 (66)
1161 2706 1227 2738 Vel.
1240 2710 1384 2746 interpr,‘
1398 2709 1556 2746 c_hari_tate_m
1575 2707 1703 2746 unigeniti
1729 2706 1787 2746 Filii
1800 2715 1806 2733 :
1821 2715 1833 2732 ι

1051 2742 1141 2772 minus
1157 2746 1235 2773 bene.
1254 2742 1328 2772 Sane
1352 2745 1385 2772 de
1404 2743 1493 2770 Patris
1512 2743 1645 2770 chanitate
1661 2742 1689 2769 in
1704 2743 1836 2769 mundum

1048 2779 1168 2814 loquitur
1182 2779 1337 2814 Apostolus.
1384 2814 1389 2816 _
1470 2814 1480 2816 ἡ
1746 2812 1750 2816 θ

1084 2816 1303 2851 (67)rSalutatus
1321 2814 1423 2842 vertit:
1443 2814 1578 2851 tServatc
1604 2820 1686 2841 men
1706 2814 1750 2847 qui
1769 2817 1837 2846 ιντο»

1048 2855 1140 2885 ptcrea
1154 2850 1250 2886 legisse
1262 2850 1366 2878 videtur
1382 2850 1531 2886 τηρήσατε.
