2078 3153
247 161 281 188 65
811 157 972 186 PHILONIS
990 156 1146 185 EPISCOPI
1166 157 1326 186 CARPASII
1837 154 1870 182 65

282 213 374 241 XLIV.
389 214 457 247 Quia
472 214 605 243 uulnerata
616 223 674 243 sum
687 215 824 243 charitate.

283 259 336 287 Per
365 265 475 288 sanctos
495 261 597 288 scilicet
619 266 771 296 martyres;
798 268 847 296 per
870 269 957 296 quos,
973 270 1033 290 eum

247 305 384 332 Christum
403 306 541 341 diligerem
551 326 558 338 ,
572 305 712 332 vulnerata
739 313 798 333 sum
808 325 817 340 ,
840 310 928 334 morte
941 313 990 341 pro
1002 313 1034 334 eo

247 357 382 385 suscepta.

284 396 362 424 XLV.
384 396 461 424 Vens.
479 397 505 423 6.
522 396 598 423 Lteva
613 397 670 431 ejus
683 397 828 432 subeapite
843 405 917 430 meo;
929 402 952 425 et
970 397 1033 425 dea:-

246 448 300 469 τινα
324 443 395 468 illius
413 442 602 475 amplexabitur
622 451 672 470 me.

283 488 360 514 [ιιι-ιλιι
373 488 479 521 quidem
494 494 652 522 prmsentem
677 489 759 522 vitam
769 509 777 521 ,
791 493 820 516 ut
837 489 965 520 arbitror,
984 495 1032 515 ex-

245 533 352 567 primit;
366 534 476 560 dextera
494 541 556 560 vero
573 534 690 562 futuram
709 539 737 562 et
752 540 908 569 perpetuam
924 538 1031 562 sancto-

244 586 302 604 rum
320 578 413 606 vitam.
431 588 441 604 ι
458 579 608 614 Longitudo
625 581 696 607 enim
723 580 826 608 dierum
840 602 847 614 ,
873 590 883 607 ι
901 581 939 608 ait
956 581 1032 608 Scri-

243 630 331 658 ptura.
347 634 356 650 ι
374 629 402 652 et
415 625 478 652 anni
495 625 556 652 vitae
571 626 596 652 in
618 626 729 653 dextera
749 627 826 661 ejus;
844 627 870 654 in
885 626 951 654 laeva
966 635 1030 654 vero

243 670 301 704 ejus
312 671 411 698 divitiae
426 676 454 698 et
467 671 551 706 gloria
562 672 595 699 ".
607 681 616 698 ι
628 671 666 699 Ibi
683 673 754 699 enim
768 673 889 700 cmlestis
898 673 1029 708 sapientia

242 718 422 746 indelicieutia
434 721 502 747 bona
515 721 607 747 tribuit
625 720 763 752 Ecclesiae,
775 719 850 753 juxta
866 720 1028 755 Prophetam

242 765 395 792 dicentem:
426 774 436 791 ‹
456 765 583 793 Dominus
603 773 656 793 non
681 766 795 799 privabit
818 767 895 794 bonis
917 774 964 794 eos
983 767 1028 802 qui

241 811 379 838 ambulant
402 812 428 838 in
447 811 598 838 innocentia
614 812 648 838 ’°.
670 821 680 838 ι
707 812 739 839 Et
758 812 783 838 in
796 812 887 839 futuro
911 812 1026 845 saeculo,

241 856 370 889 sapientia
389 856 579 891 longitudinem
595 857 656 884 vita:
668 862 695 884 et
711 858 789 892 longa
803 857 900 885 sazcula
913 858 1025 886 dextera

240 909 288 929 ana
305 907 411 934 tenens,
426 908 583 930 sanctarum
598 904 804 937 promissionum
819 903 913 937 gaudia
926 905 1026 938 praebet
1043 898 1064 926 Β

241 947 274 974 iis
282 947 379 980 verbis,
394 947 537 982 qmejuxta
550 948 726 983 Evangelium
742 956 848 983 sponsae
861 957 917 976 suae
933 957 947 976 a
962 951 1027 977 dex-

240 993 289 1020 tris
304 994 369 1021 dicit
386 1003 393 1020 :
417 1003 425 1019 I
444 993 548 1026 Venite,
566 995 699 1022 benedicti
713 995 800 1023 Patris
811 996 881 1029 mei;
898 997 1027 1031 percipite

240 1047 353 1074 regnum
377 1041 448 1074 quod
478 1046 601 1076 paratum
629 1047 670 1069 est
692 1043 768 1069 vobis
793 1049 808 1069 a
835 1043 1027 1070 constitutione

239 1086 372 1114 mundi".
385 1096 394 1112 ι
410 1087 446 1114 Ita
457 1097 466 1113 ‹
481 1092 508 1115 et
524 1088 618 1115 dextra
637 1088 708 1115 illius
722 1088 922 1122 amplexabitur
937 1096 994 1122 me;
1013 1098 1023 1114 ι

239 1138 300 1158 cum
312 1139 326 1158 a
339 1132 440 1160 dextris
453 1134 509 1160 suis
532 1133 607 1166 quasi
622 1140 699 1160 ovem
721 1141 764 1160 me
780 1134 926 1161 constituet
941 1133 1026 1162 bonus

239 1175 344 1209 Pastor,
364 1177 408 1212 qui
422 1177 449 1204 in
466 1177 583 1212 paradisi
599 1178 707 1212 pascuis
722 1183 917 1205 commoratur.

273 1265 364 1293 XLVI.
386 1265 468 1293 Vens.
489 1265 515 1292 7.
533 1266 660 1300 Adjuram
676 1273 734 1298 vos,
754 1265 817 1298 [ilia'
839 1265 1023 1297 Hierusalem,

237 1311 264 1336 in
281 1311 420 1337 uirtutibus
442 1317 465 1338 et
481 1311 580 1338 viribus
603 1312 679 1345 agri,
697 1312 719 1338 si
733 1312 868 1339 suscitatis
881 1317 903 1339 et
918 1311 1025 1347 uigilare

237 1355 345 1390 faciatis
358 1355 525 1388 duritatem,
540 1357 621 1383 donec
636 1356 705 1383 uelit.

273 1443 356 1471 Filias
374 1444 541 1471 Hierusalem
557 1448 635 1471 vocat
656 1444 762 1471 animas
791 1449 946 1472 sanctorum
962 1451 1027 1479 proc

237 1490 378 1524 phetarum
389 1495 416 1516 et
430 1490 623 1523 apostolorum.
643 1490 705 1516 Illas
720 1491 828 1525 adjurat
843 1498 891 1525 per
907 1491 1021 1518 virtutes

213 1537 218 1540 ”
237 1538 265 1560 et
280 1533 352 1560 vires
368 1533 424 1565 agri
437 1534 574 1566 (nimirum
593 1541 641 1567 per
652 1534 743 1560 divina
765 1535 906 1567 miracula,
923 1542 982 1568 quae
997 1535 1023 1561 in

187 1580 190 1583 '
237 1581 338 1606 mundo
366 1579 500 1614 Unigenili
528 1580 613 1606 virtus
632 1580 740 1606 edidit:
763 1588 772 1605 ι
797 1581 868 1615 Ager
890 1581 962 1607 enim
975 1570 1060 1608 ‘estc

237 1625 363 1656 mundus,
374 1635 384 1652 ι
398 1630 427 1652 ut
438 1626 476 1652 ait
489 1626 668 1660 Dominus"),
685 1626 844 1653 utexeitent
861 1626 1024 1653 desiderium

237 1670 328 1704 sponsi
349 1677 412 1704 erga
429 1663 529 1704 ipsam;
545 1670 623 1696 modo
644 1677 692 1703 pro
705 1677 737 1698 ea
753 1677 847 1704 preces
861 1669 1023 1702 adhibendo,

237 1714 327 1746 modo,
341 1722 400 1748 quae
413 1715 461 1749 ipsi
478 1714 574 1749 placita
588 1719 662 1747 sunt,
675 1715 700 1741 in
715 1723 746 1741 ea
761 1715 927 1750 disponendo
939 1723 946 1742 :
963 1723 1027 1750 pro-

237 1764 329 1794 pterea
343 1765 435 1796 aperte
448 1761 554 1794 subdit,
572 1769 582 1787 ι
598 1761 686 1789 donec
697 1760 771 1789 velit.
789 1770 799 1788 ›

276 1900 378 1928 XLVII.
393 1902 473 1929 Vens.
488 1902 515 1929 8.
540 1902 597 1930 Vna:
610 1903 746 1938 fratruelis
761 1905 822 1932 mei.

273 1945 317 1978 Ut,
336 1954 396 1981 qum
415 1955 465 1974 vox
477 1948 536 1983 ejus
547 1949 680 1980 voluerit.
696 1950 747 1977 hoc
761 1954 803 1977 est
819 1958 879 1985 quae
896 1950 1024 1986 jusserit,

237 1993 269 2020 de
291 1993 323 2020 iis
341 1993 441 2020 certior
455 1993 525 2021 facta
538 2013 546 2026 ,
564 1995 726 2022 charitatem
745 1996 805 2031 ejus
821 2003 1024 2032 consequatur:

236 2038 462 2073 quemadmodum
477 2044 505 2066 et
530 2040 626 2075 ipse‘in
642 2040 795 2076 Evangeliis
811 2051 819 2069 :
840 2051 849 2068 ι
869 2043 919 2076 Qui
938 2043 1025 2079 diligit

236 2092 290 2116 me,
308 2094 317 2110 ι
335 2084 430 2118 inquit,
449 2094 458 2111 ι
478 2087 603 2112 mandata
617 2094 674 2113 mea
689 2087 808 2115 servabit
821 2089 855 2116 ”.
871 2099 881 2115 ι

276 2130 389 2159 XLVIII.
418 2130 485 2158 Ecce
511 2133 566 2167 ipse
593 2133 660 2160 venit
687 2133 783 2160 saliens
803 2143 880 2170 super
905 2142 1023 2170 montes,

235 2177 384 2204 transiliens
403 2178 491 2205 colles.

1049 216 1073 246 Α
1124 216 1186 242 MA’.
1208 217 1270 242 ὀτι
1284 214 1447 249 τετρωμὲνη
1460 215 1578 250 ἀγάπης
1595 215 1660 250 ἐγώ.

1120 260 1168 287 Διὰ
1181 259 1234 286 τῶν
1249 259 1333 294 ἁγίων
1348 259 1503 295 μαρτύρων-
1523 260 1557 286 δι’
1573 257 1620 292 ὧν,
1634 259 1800 294 ἀγαπήσασα
1812 259 1868 294 (68)

1083 305 1129 332 τὸν
1141 306 1266 341 Χριστὸν,
1297 305 1417 341 ὲτρώθην
1430 305 1496 341 (69),
1509 305 1555 332 τὸν
1566 305 1636 341 ὑπὲρ
1644 304 1724 332 αὑτοῦ
1736 304 1868 340 δεξαμένη

1084 353 1208 380 θάνατον.

1113 399 1180 426 ME’.
1195 400 1240 427 Στ.
1258 399 1294 432 ς’.
1311 398 1472 434 Εὐώνυμος
1488 398 1580 426 αὑτοῦ
1589 397 1648 426 ὑπὸ
1665 397 1722 432 τὴν
1731 398 1870 434 κεφαλήν

1079 453 1154 480 μουο
1171 445 1219 472 καὶ
1232 446 1251 479 ἡ
1265 445 1348 478 δεξιὰ
1362 445 1455 472 αὐτοῦ
1470 444 1667 479 περιλτήψεται
1677 452 1725 479 με.

1117 491 1262 528 Εὐώνυμος
1283 492 1332 528 μὲν
1347 492 1468 528 παρόντα
1493 491 1549 527 βίον
1565 491 1718 523 ἀπεικάζει,
1729 491 1766 523 ὼς
1780 485 1867 526 οἶμαι·

1081 537 1155 572 δεξιὰ
1168 539 1196 565 δὲ
1214 539 1260 565 τὸν
1272 538 1412 574 μέλλοντα,
1428 538 1474 565 τὸν
1491 537 1603 565 ἁένναον
1618 537 1673 573 βίον
1689 538 1745 573 (70)
1762 537 1816 564 τῶν
1824 538 1869 564 εὑ-

1081 585 1178 612 σεῦὧν.
1197 584 1207 611 ἃ
1222 586 1316 620 Μῆκος
1329 585 1383 621 γὰρ
1400 585 1475 620 βίους
1490 594 1499 611 ι
1511 585 1586 620 φησὶ.
1607 594 1616 610 ‹
1631 584 1678 611 καὶ
1691 583 1738 619 ἐτη
1753 583 1825 620 ζωῆς
1839 585 1868 610 ἐν

1079 633 1113 668 τῇ
1126 631 1200 667 δεξιᾷ
1218 631 1313 666 αὐτῆς·
1328 631 1356 657 ὲν
1366 631 1395 657 δὲ
1407 632 1442 666 τῇ
1453 631 1585 667 ἀριστερᾷ
1599 630 1683 665 αὐτῆς
1698 629 1811 661 πλοῦτος
1820 630 1868 656 καὶ

1079 678 1151 710 δόξα.
1170 687 1179 703 ι
1207 677 1314 704 Ἐνθάδε
1330 677 1384 713 γὰρ
1400 677 1570 713 ἀνυστέρητα
1588 676 1622 703 τὰ
1645 676 1734 711 ἀγαθὰ
1749 677 1765 711 ή
1786 677 1867 702 ἐπου-

1080 724 1172 760 ράνιος
1189 723 1302 759 παρέχει
1318 723 1399 757 σοφία
1423 724 1456 758 τῇ
1480 722 1637 758 Ἐκκλησία,
1667 721 1738 749 κατὰ
1765 722 1809 748 τὸν
1825 721 1868 747 λέ-

1084 779 1165 806 γοντα
1183 771 1342 805 Προφήτην
1357 778 1366 795 ι
1382 769 1485 805 Κύριος
1505 769 1554 803 οὺχ
1568 769 1711 804 ὑστερήσει
1726 768 1760 795 τὰ
1776 767 1867 802 ἀγαθὰ

1078 818 1141 849 τοὺς
1171 816 1370 852 πορευομένους
1396 816 1423 842 ἐν
1446 815 1578 851 ἀκακία.)
1604 814 1659 841 Καὶ
1688 815 1717 840 ὲν
1740 813 1779 849 τῷ
1806 813 1867 850 μέλ-

1078 862 1149 890 λοντι
1164 862 1246 889 αἰῶνι
1268 863 1355 897 μῆκος
1383 861 1451 896 βίου,
1467 861 1530 892 τοὺς
1551 861 1673 896 μακροὺς
1696 860 1805 891 αἰῶνας·
1820 859 1866 886 καὶ

1078 908 1112 936 τὰ
1126 909 1312 944 εὐφραντήρια
1322 907 1376 934 τῶν
1392 907 1477 941 ἁγίων
1501 905 1718 941 ὲπαγγελμάτων
1735 906 1764 932 ὲν
1778 907 1810 942 τῇ
1825 906 1868 932 δε-

1078 955 1122 990 ξιᾷ
1136 954 1219 989 αὐτῆς
1232 954 1249 989 ή
1261 954 1341 988 σοφία
1354 953 1464 989 ἔχουσα,
1484 952 1608 988 παρέχει,
1623 953 1652 979 ὲν
1668 950 1709 984 οἷς
1727 951 1782 986 (Ἠ)
1797 951 1868 979 κατὰ

1077 1000 1108 1026 τὸ
1119 999 1285 1034 Εὑαγγέλιον
1292 1001 1324 1035 τῇ
1339 999 1392 1034 [δία
1409 999 1439 1026 νύ
1444 1007 1501 1034 μφῃ
1511 999 1542 1025 ὲκ
1556 997 1650 1030 δεξιῶν
1663 997 1745 1032 λέγει·
1755 1007 1764 1022 ι
1775 997 1866 1029 Δεῦτε,

1077 1046 1101 1071 oI
1120 1045 1297 1080 εὐλογημένοι
1316 1044 1363 1070 τοῦ
1380 1044 1486 1079 Πατρός
1504 1052 1566 1079 μου,
1583 1043 1805 1079 κληρονομήσατε
1817 1043 1866 1078 τὴν

1076 1090 1280 1125 ἡτοιμασμένην
1288 1089 1352 1124 ὑμῖν
1365 1089 1502 1124 βασιλείαν
1514 1089 1566 1123 πρὸ
1575 1089 1728 1124 καταδολῆς
1736 1089 1846 1124 κόσμου.
1855 1098 1864 1114 ι

1077 1134 1154 1161 Οὕτω
1175 1143 1185 1160 ι
1199 1136 1245 1161 καὶ⁴
1261 1135 1277 1169 ὴ
1292 1134 1365 1166 δεξιὰ
1375 1134 1456 1160 αὑτοῦ
1471 1133 1652 1169 περιλήψεταί
1670 1142 1703 1168 με
1713 1142 1719 1148 ·
1735 1142 1743 1158 ι
1755 1133 1819 1159 ὅταν
1833 1141 1866 1168 με

1077 1181 1164 1217 στήσῃ
1176 1181 1207 1206 ἐκ
1225 1179 1319 1213 δεξιῶν
1337 1179 1418 1206 αὐτοῦ
1433 1179 1576 1214 προϐάτων
1589 1178 1666 1213 δίκην
1680 1179 1694 1205 ό
1709 1178 1790 1210 καλὸς
1807 1178 1867 1205 Ποι-

1077 1226 1140 1261 μὴν.
1159 1227 1198 1257 εἰς
1211 1225 1260 1256 τὰς
1275 1224 1321 1251 τοῦ
1340 1224 1505 1260 παραδείσου
1523 1223 1608 1259 νομὰς
1623 1223 1749 1255 αὑλίζων.

1110 1269 1184 1302 Μςι.
1201 1269 1245 1295 Στ.
1262 1268 1294 1300 ζ’.
1311 1269 1433 1302 ’Ὡρκίσα
1451 1267 1540 1302 ὑμᾶς,
1556 1267 1867 1302 θυγατέρεςἾερουσα-

1074 1313 1147 1349 λὴμ.
1160 1314 1195 1341 ἐν
1212 1313 1276 1346 ταῖς
1292 1313 1438 1348 δυνάμεσι
1459 1313 1508 1340 καὶ
1524 1314 1558 1340 ὲν
1577 1313 1642 1346 ταῖς
1654 1313 1710 1348 (72)
1724 1313 1867 1347 ισχύσεσι

1075 1360 1127 1388 τοῦ
1142 1360 1243 1394 ἀγροῦ·
1257 1359 1312 1386 ἐὰν
1321 1360 1454 1394 ere/pnes
1474 1360 1523 1386 καὶ
1535 1359 1705 1395 ὲξεγείρητδ
1722 1359 1780 1394 τὴν
1792 1359 1865 1394 ἀτᾶ-

1074 1413 1146 1440 πην,
1165 1405 1222 1438 ἕως
1237 1403 1273 1434 οὗ
1289 1405 1416 1440 θελήσῃ.

1109 1452 1264 1488 Θυγατέρες
1287 1452 1472 1488 Ἰερουσαλὴμ,
1501 1452 1551 1483 τὰς
1574 1451 1662 1487 ψυχὰς
1695 1451 1750 1478 τῶν
1783 1451 1866 1486 ἁγίων

1074 1499 1148 1533 λέγει
1166 1498 1312 1534 προφητῶν
1342 1507 1371 1524 τε
1394 1498 1442 1525 καὶ
1465 1497 1631 1524 ἀποστόλων·
1645 1497 1751 1530 ὲκείνας
1767 1498 1795 1524 ἐν
1809 1498 1868 1529 ταῖς

1076 1545 1206 1580 δυνάμεσι
1220 1544 1268 1571 καὶ
1282 1545 1310 1570 ὲν
1324 1545 1385 1576 ταῖς
1408 1543 1530 1578 ὶσχύσεσι
1546 1543 1593 1570 τοῦ
1611 1543 1696 1579 ἀγροῦ
1710 1543 1812 1578 ὁρκίζει
1826 1543 1867 1577 (ὲν

1076 1591 1132 1621 τοῖς
1148 1589 1328 1624 θεοσημείοις,
1356 1586 1398 1620 οἷς
1423 1589 1550 1623 ἐποίησεν
1564 1589 1593 1616 ἐν
1610 1589 1648 1624 τῷ
1673 1588 1767 1623 κόσμῳ
1783 1589 1800 1623 ή
1818 1588 1865 1615 τοῦ

1076 1635 1245 1670 Μονογενοῦς
1260 1628 1395 1670 ’δύναμιςι
1413 1644 1422 1660 ι
1443 1634 1540 1669 Ἀγρὸς
1563 1634 1616 1670 γὰρ
1633 1635 1648 1661 ὁ
1671 1634 1781 1669 κόσμος,
1795 1642 1804 1659 ι
1829 1632 1867 1664 ὥς

1076 1690 1157 1717 φησιν
1179 1681 1193 1707 ὁ
1206 1679 1331 1716 Κύριος)·
1350 1680 1394 1706 ἴνα
1410 1679 1568 1716 ὲξεγείρωσι
1580 1680 1627 1706 τὸν
1642 1679 1722 1706 πόθον
1737 1679 1783 1705 τοῦ
1796 1687 1866 1714 νυμ-

1076 1727 1138 1761 φίου
1165 1726 1233 1762 πρὸς
1260 1726 1354 1761 αὑτήν·
1381 1726 1426 1752 ὁτὲ
1459 1725 1508 1761 μὲν
1534 1724 1679 1761 πρεσϐείας
1696 1724 1867 1760 εἰσφέροντες

1078 1772 1147 1808 ὑπὲρ
1174 1772 1268 1807 αὐτῆς,
1292 1771 1337 1798 ὁτὲ
1358 1771 1387 1798 δὲ
1406 1772 1453 1798 καὶ
1472 1771 1506 1798 τὰ
1521 1771 1623 1806 ἀρεστὰ
1640 1770 1714 1805 αὐτῷ
1740 1771 1808 1806 πρὸς
1822 1770 1867 1796 αὖα

1076 1818 1126 1854 τὴν
1135 1818 1326 1854 διατιθέμενοι.
1345 1817 1390 1844 Διὸ
1405 1817 1497 1853 σαφῶς
1511 1817 1640 1852 ἐπιλέγει·
1656 1826 1665 1842 ι
1681 1817 1754 1848 Ἕως
1775 1813 1804 1844 οὗ
1819 1816 1864 1843 θε-

1078 1864 1157 1902 λήσῃ.
1179 1873 1189 1890 ι

1112 1910 1177 1937 MZ'.
1194 1910 1241 1936 Στ.
1259 1913 1294 1946 η’.
1309 1909 1395 1943 Φωνὴ
1411 1909 1463 1936 τοῦ
1483 1908 1540 1944 (73)
1553 1907 1716 1942 ἀδελφιδοῦ
1732 1916 1803 1941 μου.

1114 1955 1185 1988 Ίνα,
1203 1955 1274 1992 ἅπερ
1291 1956 1307 1990 ἡ
1322 1954 1396 1990 φωνὴ
1411 1953 1492 1980 αὑτοῦ
1519 1953 1589 1980 θέλει
1606 1952 1762 1988 (τουτέστιν,
1793 1953 1864 1987 ἅπερ

1077 2001 1262 2038 προστάττει),
1276 2000 1361 2027 ταῦτα
1375 1998 1508 2034 μαθοῦσα,
1519 1999 1568 2034 τῆς
1582 1998 1692 2033 ἀγάπης
1707 1998 1787 2025 αὐτοῦ
1805 1999 1864 2025 ὲπι-

1076 2048 1145 2083 τύχῃ
1161 2046 1236 2083 (⁵14)·
1262 2044 1351 2077 καθὼς
1368 2045 1414 2071 καὶ
1438 2045 1518 2077 αὐτὸς
1533 2045 1562 2071 ὲν
1581 2044 1757 2079 Εὑαγγελίοις
1780 2044 1864 2080 λέγει·

1079 2103 1088 2119 ι
1111 2093 1140 2119 '0
1152 2090 1266 2126 ἀγαπῶν
1284 2099 1317 2126 με
1328 2090 1377 2122 τὰς
1402 2090 1512 2127 ἑντολιξς
1532 2099 1582 2126 μου
1594 2089 1715 2124 φυλάξει.
1731 2104 1740 2116 ι

1107 2139 1176 2166 MH’.
1193 2136 1271 2165 Ἰδοὺ
1286 2134 1376 2169 οὗτος
1391 2136 1456 2170 ἣκει
1473 2135 1578 2171 πηδῶν
1588 2136 1638 2163 ἐπὶ
1653 2136 1689 2162 τὰ
1704 2135 1767 2169 ὄρη,
1781 2135 1864 2162 διαλ-

1082 2185 1204 2219 ιόμενος
1217 2182 1267 2209 ἐπὶ
1278 2182 1348 2216 τοὺς
1363 2182 1507 2215 βουνούς.

272 2223 341 2250 Salii.
366 2225 436 2250 enim
451 2232 532 2259 super
550 2230 670 2258 montes,
685 2213 736 2253 hoc
752 2230 795 2253 est
809 2234 890 2262 super
908 2229 1023 2263 prophe-

1112 2213 1256 2264 ᾖηδᾷίγὰρ
1267 2227 1314 2254 ἐπὶ
1377 2227 1438 2264 ὅρη,
1456 2213 1596 2254 τουτέστιν
1615 2226 1661 2252 ἐπὶ
1676 2226 1738 2258 τοὺς
1760 2227 1864 2262 προφή-

237 2276 297 2298 tas:
318 2276 345 2298 et
367 2278 461 2298 rursus
491 2271 553 2298 inde
574 2271 690 2298 transilit
710 2279 792 2306 super
815 2274 916 2306 colles,
936 2275 962 2302 id
983 2278 1025 2302 est

235 2315 389 2349 apostolos;
409 2323 457 2350 per
481 2317 682 2351 generationem
699 2322 726 2344 et
749 2318 950 2352 generationem
978 2327 1024 2347 sa-

235 2359 334 2394 pientia
353 2367 435 2394 super
446 2360 552 2387 animas
572 2366 679 2388 sanctas
694 2363 844 2390 ascendens
860 2363 962 2392 amicos
977 2364 1024 2392 Dei

234 2406 313 2432 eIIicit
326 2411 353 2432 et
367 2406 522 2441 prophetas.
537 2407 614 2440 Quod
635 2415 700 2435 vero
716 2409 854 2436 montibus
870 2409 1025 2437 assimilen-

236 2457 279 2478 tur
294 2453 433 2486 propheta:
444 2473 453 2485 ,
469 2457 496 2480 et
514 2453 628 2487 apostoli
647 2453 763 2481 collibus
774 2474 782 2486 ,
797 2460 890 2490 aperte
912 2456 1025 2484 habetur

241 2497 310 2532 apud
334 2497 429 2524 Isaiam
449 2499 590 2534 prophetia
600 2499 649 2527 ’δε
673 2509 684 2525 ι
712 2500 769 2527 Erit
783 2501 870 2534 enim,
893 2510 903 2527 ι
921 2501 1024 2536 inquit,

271 2555 294 2571 "
311 2554 390 2584 Prov.
418 2563 461 2588 ιιι,
489 2556 533 2584 16.

235 2590 259 2608 ⁸⁸
270 2589 323 2617 lsa.
342 2592 376 2622 ιι,’
390 2591 419 2618 2.

273 2638 329 2672 (68)
361 2637 471 2665 Barher.
495 2642 523 2665 et
546 2645 622 2665 meus
638 2638 795 2674 ἠγάπησας,
821 2637 900 2666 male.
925 2637 1022 2665 Theat.

235 2673 378 2709 ἠγάπησα.
394 2673 572 2709 Scribendum
586 2679 613 2700 ut
624 2674 706 2700 edidi.

284 2709 328 2742 69)
351 2708 406 2734 Hoc
420 2714 459 2735 est
473 2717 482 2733 ι
492 2716 538 2744 per
552 2708 622 2736 latus
634 2715 780 2744 martyrum
794 2710 912 2735 sauciata
928 2715 1000 2736 sum.
1012 2717 1022 2735 ι

285 2744 330 2778 70)
351 2744 446 2770 Vallir.
464 2743 560 2770 αἰῶνα.

273 2777 331 2816 (71)
352 2779 529 2816 Perturbatus
548 2777 659 2816 _\'ide_t_ur
685 2777 729 2804 hie
749 2777 839 2816 locus.
865 2777 1024 2816 Legemlum

238 2812 362 2850 putarem
375 2822 382 2841 :
410 2813 466 2850 Καὶ
488 2812 566 2850 ἐντῷ
583 2812 806 2850 μέλλοντιλαίῷνι
819 2813 930 2850 ,γμῇκος
947 2813 1006 2850 βίου
1017 2833 1024 2844 ,

237 2847 301 2888 τοὺς
327 2849 449 2888 μακροὺς
477 2847 578 2888 αἰῶνας
599 2848 628 2873 ὲν
646 2849 685 2888 τῇ
707 2847 782 2888 ρεξιᾷ

575 2557 611 2584 ,³ο
625 2557 697 2586 Psal.
715 2565 830 2591 nutu,
850 2558 892 2585 I3.

943 2559 965 2576 ⁹¹
981 2559 1074 2588 Matth.
1090 2569 1155 2593 xxv,
1177 2560 1222 2587 δι.

808 2848 892 2883 αὐτῆς
910 2849 926 2883 ή
945 2849 1026 2883 σοφία
1079 2851 1112 2879 ha

239 2883 354 2920 ἔχουσα,
368 2883 402 2911 τὰ
425 2883 611 2920 εὐφραντήρια
627 2883 678 2909 τῶν
702 2883 786 2919 ἁγίων
811 2883 1026 2920 ἐπαγ-(εἱμάτων

1072 2284 1134 2308 τας
1155 2275 1202 2302 καὶ
1224 2274 1305 2301 πάλιν
1327 2273 1431 2301 ἐκεῖθεν
1455 2273 1565 2299 ἅλλεται
1593 2273 1640 2298 ἐπὶ
1659 2273 1722 2304 τοὺς
1745 2272 1864 2308 βουνοὺς,

1073 2324 1142 2358 ὅπερ
1159 2321 1233 2349 ἐστὶν
1245 2320 1292 2346 ἐπὶ
1316 2320 1379 2350 τοὺς
1399 2318 1574 2350 ἀποστόλους.
1590 2318 1669 2345 Κατὰ
1691 2319 1787 2353 γενεὰν
1811 2318 1868 2353 γὰρ

1073 2369 1121 2396 καὶ
1136 2367 1232 2403 γενεὰν
1244 2367 1259 2401 ὴ
1271 2365 1350 2399 σοφία
1363 2365 1403 2395 εἰς
1417 2363 1506 2398 ψυχὰς
1523 2364 1600 2396 ὁσίας
1612 2364 1807 2396 ἀναϐαίνουσα,
1824 2366 1871 2399 φί-

1073 2415 1136 2446 λους
1149 2411 1216 2440 Θεοῦ
1230 2411 1277 2438 καὶ
1290 2410 1431 2445 προφήτας
1443 2409 1652 2442 κατασκευάζει.
1666 2411 1724 2437 Ὅτι
1740 2411 1793 2446 γὰρ
1806 2411 1866 2446 δρε-

1073 2469 1116 2486 σιν
1129 2456 1321 2488 ἀπεικάζονται
1329 2456 1353 2481 oi
1363 2455 1512 2490 προφῆται,
1527 2455 1574 2482 καὶ
1587 2456 1692 2491 βουνοῖς
1706 2457 1731 2483 oI
1751 2457 1865 2483 ἀπόστο-

1073 2505 1123 2537 λοι,
1141 2503 1234 2539 σαφῶς
1253 2502 1283 2528 ὲν
1305 2500 1404 2536 Ἡσαΐᾳ
1423 2502 1511 2528 κεῖται
1527 2503 1544 2537 ὴ
1564 2502 1726 2538 προφητεία.
1742 2511 1752 2528 ι
1769 2503 1864 2530 Ἔσται

1272 2559 1295 2575 ἰ
1310 2557 1404 2585 Matth.
1431 2565 1491 2591 xm,
1505 2558 1550 2587 58.
1603 2558 1626 2575 ”
1643 2557 1722 2586 Joan.
1740 2567 1800 2592 stv,
1819 2559 1861 2587 l5.

1076 2641 1207 2677 παρέχει,
1221 2641 1254 2667 ὲν
1268 2637 1309 2672 οἷς
1321 2661 1328 2672 ,
1354 2649 1381 2669 κ.
1404 2649 1430 2668 τ.
1455 2641 1482 2668 λ.
1512 2640 1588 2668 Hanc
1605 2641 1747 2668 lectionem
1764 2641 1790 2668 in
1805 2648 1867 2669 ver-

1077 2677 1152 2703 sione
1165 2681 1272 2702 secutus
1285 2683 1354 2703 sum.

1113 2711 1168 2744 (72)
1190 2711 1294 2737 ltacod.
1313 2710 1513 2739 Alexandrinus
1528 2711 1607 2738 habet
1628 2711 1701 2739 hunc
1718 2710 1862 2738 articulum

1077 2747 1154 2777 ταῖς,
1170 2746 1214 2780 qui
1229 2745 1304 2780 abest
1324 2753 1339 2772 a
1355 2747 1442 2773 Vatie.
1455 2747 1519 2772 edit.

1126 2779 1261 2808 73t’Edit.
1283 2779 1341 2808 Vat.
1357 2789 1409 2808 non
1430 2781 1510 2808 habet
1523 2780 1580 2807 τοῦ.

1126 2815 1169 2845 74)
1190 2815 1235 2843 Sic
1247 2816 1396 2845 emendavi.
1412 2816 1487 2845 Meus
1497 2817 1579 2844 codex
1591 2820 1616 2844 et
1632 2815 1712 2844 Barb.
1728 2821 1755 2844 et
1765 2815 1860 2844 Valllc.

1134 2856 1179 2880 ent
1195 2850 1326 2887 ἐπιτύχω.
