2078 3153
220 136 253 164 87
788 132 945 162 PlllLONlS
965 131 1118 163 EPISCOPI
1138 135 1296 163 CARPASII
1815 138 1849 164 68

221 192 338 220 εἰιιιιίιοσ
360 200 368 220 :
390 192 505 227 primum
516 189 584 227 post
596 191 744 225 parietem;
759 191 855 218 tleinde
865 191 898 218 de
911 191 1013 225 pariete

1068 192 1174 228 ταύτης,
1192 192 1304 228 ῥυθμός.
1322 193 1434 229 Πρῶτον
1461 193 1548 220 ὀπίσω
1566 194 1613 220 τοῦ
1631 193 1731 229 τοίχου·
1755 193 1866 222 ἓπειτα’

221 247 269 275 per
282 239 435 272 fenestras;
454 243 592 274 postremo
607 245 654 273 per
670 237 749 264 rétia.
764 237 797 264 Et
812 238 900 272 quoad
919 238 1009 272 parie-

221 291 275 312 tem
291 285 397 318 attinet,
414 285 481 312 satis
496 283 663 311 declaratum
677 287 730 316 est,
744 290 793 317 per
809 283 883 310 illum
898 283 1010 316 intelligi

221 332 319 366 legem.
340 331 416 364 Quod
428 336 518 357 autem
533 329 665 364 prospicit
684 337 733 364 per
748 329 893 362 fenestras,
909 329 1009 356 dictutn

221 384 258 404 est
273 378 298 404 id
309 385 370 405 esse
378 377 410 404 de
422 376 569 411 prophetis.
581 375 814 409 Quemadmodum
833 376 905 402 enim
921 376 1010 410 siquis

222 423 367 457 prospiciat
379 429 427 456 per
446 421 579 449 fenestras
595 429 624 449 se
643 429 738 449 rursus
754 421 896 453 subducit;
912 421 951 448 sic
966 429 1012 456 per

222 468 376 506 prophetica
406 467 532 502 dogmata
555 468 713 502 prospexit,
744 475 804 494 cum
838 475 886 501 per
913 467 1010 494 Isaiam

222 514 416 548 praenuntiatus
429 518 486 545 est,
508 521 556 548 per
571 512 718 540 Jeremiam
745 512 919 548 prmdicatus.
936 519 1012 540 reve-

221 560 290 587 latus
307 567 355 595 per
371 560 520 593 Danielem,
545 565 672 594 tanquam
687 567 734 594 per
751 559 884 587 fenestras
897 559 1013 594 prophe-

222 611 320 633 tarum.
345 606 414 634 Cum
438 613 502 633 vero
524 613 615 633 sermo
626 610 669 633 est
694 606 727 633 de
744 606 858 637 retibus.
879 613 932 632 non
956 605 1012 640 jam

223 652 288 679 dicit
314 662 323 678 ι
342 652 529 687 prospiciens,
548 661 557 678 ι
576 652 624 679 sed
644 660 654 677 ι
678 652 836 686 prominens
858 651 977 686 inspicit.
1001 659 1009 676 ι

224 698 273 732 Qui
288 698 359 725 enim
381 698 511 733 prospicit
531 705 545 724 e
562 698 678 724 fenestra
696 698 775 725 modo
791 704 819 725 se
839 703 1012 732 conspectum

224 745 290 776 dat,
308 743 388 771 modo
412 751 442 770 se
460 743 600 776 subducit;
618 743 663 778 qui
685 750 750 770 vero
767 742 925 777 prominens
948 750 1013 777 pro-

224 790 312 823 spicit,
341 796 371 816 se
393 789 479 824 ipsum
509 793 592 816 totum
615 788 741 816 ostendit.
768 787 907 823 Tanquam
933 788 1014 822 igitur

224 843 272 869 per
286 835 353 862 retia
372 842 403 862 se
419 840 505 862 totum
519 834 703 862 manifestavit
718 841 765 869 per
778 838 889 861 sanctos
904 838 1012 869 aposto-

1060 237 1115 265 ἀπὸ
1130 238 1177 265 τοῦ
1190 239 1280 273 τοίχου
1306 238 1350 266 διὰ
1376 239 1430 265 τῶν
1457 239 1581 275 θυρίδων·
1603 237 1662 266 εἷτα
1675 239 1719 266 διὰ
1737 240 1791 266 τῶν
1813 241 1850 267 δι-

1062 283 1162 310 κτύων.
1174 283 1230 310 Καὶ
1237 283 1272 310 τὰ
1287 284 1336 319 μὲν
1350 283 1413 319 περὶ
1430 283 1477 310 τοῦ
1495 283 1600 318 τοίχουξ
1612 284 1652 310 ὅτι
1667 284 1789 319 περὶτοῦ
1807 284 1851 311 νό-

1063 338 1112 364 μου
1128 329 1212 363 λέγει,
1230 330 1323 364 σαφῶς
1343 331 1540 357 ὰποδέδεικται-
1557 331 1598 356 ὅτι
1618 331 1647 356 δὲ
1662 330 1710 357 καὶ
1727 330 1851 366 παρακύ-

1061 384 1122 402 πτει
1135 376 1178 403 διὰ
1195 377 1248 403 τῶν
1273 377 1398 413 θυρίδων,
1413 377 1481 412 ὅπερ
1495 377 1553 403 ἐστὶ
1564 377 1608 403 διὰ
1623 376 1678 402 τῶν
1693 376 1849 412 προφητῶν,

1061 421 1195 449 λέλεκται.
1210 423 1315 458 ’Ὠσπερ
1329 422 1394 458 γὰρ,
1411 423 1491 454 εἴτις
1508 423 1695 458 παρακύπτει,
1709 423 1756 448 καὶ
1771 422 1851 448 πάλιν

1062 469 1157 495 ἑαυτὸν
1175 469 1296 503 ὑφέλκει·
1311 468 1382 495 οὕτω
1394 469 1439 496 διὰ
1452 469 1505 495 τῶν
1522 468 1700 504 προφητικῶν
1710 467 1852 503 δογμάτων

1062 515 1231 549 παρέκυπτε,
1243 514 1287 541 διὰ
1299 514 1345 541 τοῦ
1363 515 1474 541 Ἡσαΐου
1487 515 1736 551 προφητευόμενος,
1747 514 1791 541 διὰ
1805 514 1850 542 τοῦ

1067 560 1198 596 Ἱερεμίου
1213 561 1423 597 κηρυττόμενος,
1439 560 1482 587 διὰ
1490 560 1536 587 τοῦ
1550 560 1648 596 Δανιὴλ
1662 559 1851 587 ἀποκαλυπτό-

1065 614 1153 641 μενος,
1170 605 1264 642 ὥσπερ
1282 606 1326 633 διὰ
1340 606 1467 642 θυρίδων,
1483 606 1536 633 τῶν
1547 605 1706 642 προφητῶν.
1725 606 1786 632 Ἐπὶ
1798 605 1852 632 τῶν

1065 651 1181 678 δικτύων
1196 652 1235 684 δὲ,
1261 653 1353 679 οὐκέτι
1380 653 1464 687 λέγει,
1496 662 1505 678 ι
1533 652 1730 688 παρακύπτων,
1753 661 1761 678 ι
1784 651 1850 683 ἀλλ’,

1070 707 1078 722 ι
1098 698 1250 725 ἐκκύπτων.
1272 708 1282 724 ›
1305 698 1335 725 Ὀ
1355 699 1408 734 γὰρ
1426 698 1612 735 παρακύπτων
1637 698 1691 733 (82)
1712 697 1776 724 ποτὲ
1803 697 1851 732 μὲν

1064 744 1159 770 ἑαυτὸν
1171 744 1343 771 ἀποδεικνύει
1359 745 1424 779 (85),
1441 744 1505 771 ποτὲ
1521 744 1549 770 δὲ
1573 744 1719 779 ὑποχωρεῖ·
1735 745 1750 770 ὁ
1763 743 1791 769 δὲ
1807 744 1853 770 ὲκ-

1064 791 1175 818 κύπτων
1199 790 1258 817 ὅλον
1280 790 1376 817 ἑαυτὸν
1399 790 1547 817 ἐπιδίδωσι.
1565 790 1671 825 Ὥσπερ
1679 788 1725 816 οὖν
1747 789 1791 816 διὰ
1812 788 1852 816 δι-

1066 837 1165 869 κτύων,
1188 837 1232 864 διὰ
1258 836 1312 863 τῶν
1328 837 1413 871 ἁγίων
1436 837 1602 868 ἀποστόλων,
1615 836 1675 863 ὅλον
1702 835 1797 863 ἑαυτὸν
1811 836 1853 862 ὲν-

224 882 273 909 los.
288 881 394 909 Etenim
416 881 467 908 hoc
491 882 549 916 ipso
568 881 638 915 quod
657 880 804 915 piscatoria
823 879 947 906 nominat
971 879 1013 906 ln-

1068 884 1185 918 εφάνισε.
1197 884 1252 910 Καὶ
1265 883 1319 919 γὰρ
1332 884 1365 910 δι’
1380 884 1465 919 αὐτῆς
1475 884 1524 918 τῆς
1538 883 1683 918 ὀνομασίας
1696 882 1750 909 τῶν
1763 882 1853 909 ἁλιευ-

224 932 386 960 strumenta,
404 927 573 954 vocationem
593 927 714 962 praedicit
731 926 914 961 apostolorum
926 945 934 958 ,
951 925 1014 959 qni-_

224 974 274 1001 bus
288 973 346 1008 ipse
361 973 427 1001 dicit
441 982 449 1000 :
465 982 475 999 ι
496 973 590 1000 Venite
606 977 667 1008 post
681 979 733 1004 me,
752 972 848 999 faciam
864 979 912 999 vos
924 971 1013 1006 pisca-

225 1024 296 1046 tores
311 1019 450 1047 hominum
469 1028 476 1046 :
501 1019 540 1046 illi
556 1024 645 1046 autem
665 1017 786 1047 dimissis
802 1017 904 1046 retibus
928 1017 1013 1045 secuti

225 1069 287 1091 sunt
297 1072 358 1092 eum
376 1065 396 1091 ί.
411 1073 422 1090 ι
437 1064 503 1098 Quae
517 1065 599 1099 igitur
609 1068 772 1098 sequuntur,
787 1062 931 1090 manifeste
942 1063 1014 1098 quod

226 1111 341 1138 diximus
354 1111 530 1138 declarabunt
544 1120 551 1144 ;
571 1111 608 1138 ait
622 1111 695 1138 enim
712 1118 720 1137 :

262 1185 316 1213 Lll.
336 1185 419 1213 Vsus.
437 1185 481 1213 10.
499 1185 646 1219 Respondet
664 1184 799 1220 fratruelis
816 1192 900 1216 meus,
915 1189 938 1211 et
950 1184 1015 1210 dicit

226 1229 309 1256 milii:
333 1229 428 1264 Surge,
450 1229 516 1262 veni,
539 1230 660 1264 proxima
692 1237 763 1262 mea,
798 1229 908 1264 pulchra
934 1236 1014 1262 mea,

226 1276 345 1302 columba
363 1284 431 1303 mea.

260 1321 327 1348 Nam
343 1329 390 1356 per
410 1321 460 1348 hos
480 1322 553 1356 ipsos
567 1326 676 1349 sanctos
702 1322 838 1356 apostolos
857 1325 979 1348 vocatam
1000 1327 1014 1347 a

226 1373 395 1400 peccatorum
413 1368 488 1401 lapsu
504 1375 563 1395 eam
581 1367 661 1403 erigit
677 1367 768 1396 dicens
782 1377 789 1396 :
813 1378 822 1394 t
835 1368 931 1402 Surge,
943 1367 1015 1400 veni,

226 1414 355 1449 pulchra;
372 1421 381 1440 ο
396 1417 423 1440 et
435 1413 587 1441 columbam
610 1413 690 1440 simul
714 1421 774 1441 eam
802 1418 882 1441 vocat
904 1417 1015 1448 propter

226 1462 324 1487 donum
347 1459 464 1494 Spiritus
498 1459 605 1492 sancti,
622 1463 649 1486 et
677 1464 786 1494 propter
806 1467 865 1487 eam
879 1466 959 1494 quam
975 1458 1013 1486 illi

227 1505 356 1542 praecipit,
373 1503 589 1540 simplicitatem.

279 1612 345 1641 LIII.
362 1612 444 1640 Vens.
462 1611 505 1639 ll.
524 1611 655 1644 Quoniam
672 1618 730 1637 ecce
745 1610 829 1637 hiems
845 1610 964 1637 transiit.

265 1669 383 1696 lliemem
401 1667 482 1702 igitur
496 1669 576 1694 vocat
596 1665 742 1692 salutarem
759 1664 911 1698 passionem
929 1684 937 1697 ,
955 1671 1015 1691 cum

230 1720 415 1751 tempestatem
443 1713 514 1748 passi
540 1711 624 1740 Judaei
642 1712 668 1738 in
698 1710 886 1746 gravissimum
915 1710 1018 1738 incide-

230 1767 292 1790 runt
315 1760 428 1788 exitium
447 1767 453 1786 :
479 1758 520 1785 vel
539 1759 620 1786 etiam
641 1757 756 1784 hiemem
782 1760 862 1783 vocat
885 1755 1018 1783 idolorum

229 1808 349 1838 cultum,
374 1813 454 1840 quem
481 1805 514 1832 ab
538 1812 569 1832 ea
592 1803 716 1831 removit.
742 1802 771 1830 In
796 1807 911 1838 utroque
936 1810 1018 1830 sensu

230 1853 317 1881 hiems
347 1851 466 1879 transiit.
488 1851 579 1885 Neque
606 1850 678 1877 enim
703 1849 818 1884 amplius
837 1854 952 1876 mortem
971 1857 1020 1876 ex-

179 1924 186 1927 »
231 1903 346 1933 spectat,
363 1899 408 1933 qui
426 1897 509 1925 semel
522 1905 570 1931 pro
588 1897 666 1924 nobis
691 1902 789 1931 passus
813 1899 855 1922 est
869 1894 999 1922 Dominus
1012 1914 1020 1927 ,

229 1946 452 1981 quemadmodum
471 1943 616 1979 Apostolus
629 1943 667 1970 ait
682 1951 690 1969 :
706 1951 715 1967 ι
732 1941 802 1969 Mors
819 1941 856 1968 illi
870 1949 924 1969 non
948 1941 1018 1968 ultra

231 1991 428 2023 dominabitur;
445 1990 517 2025 quod
542 1990 615 2017 enim
629 1991 751 2016 mortuus
771 1991 823 2021 est,
842 1992 964 2015 mortuus
979 1992 1021 2015 est

230 2038 312 2065 semel
326 2041 453 2072 peccato;
466 2036 536 2071 quod
549 2039 638 2063 autem
651 2034 727 2066 vivit,
740 2033 806 2061 vivit
821 2033 876 2060 Deo
890 2035 911 2061 ³.
925 2042 934 2059 ι
945 2033 1020 2067 Quod

231 2079 323 2110 autem
344 2083 430 2110 hiems
454 2089 548 2109 revera
576 2079 744 2115 intelligenda
770 2080 806 2107 sit
830 2079 920 2114 passio
936 2099 943 2111 ,
961 2079 1022 2106 vide

232 2129 341 2156 Petrum
359 2131 517 2162 tempestate
527 2126 658 2162 iactatum
671 2130 781 2161 propter
793 2129 893 2152 metum
912 2124 1020 2152 Judzeo-

233 2183 302 2202 rum.
316 2174 369 2202 Sed
379 2174 466 2200 hiems
479 2172 608 2207 praeteriit
621 2180 628 2205 ;
651 2179 714 2198 nam
727 2175 787 2206 post
797 2171 1021 2198 resurrectionem

1063 931 1148 959 τικῶν
1162 932 1285 968 ὀργάνων
1296 931 1346 966 τὴν
1361 931 1414 958 τῶν
1429 930 1585 958 ἀποστόλων
1605 927 1770 965 προφητεύει
1789 927 1854 963 κλῆ-

1067 987 1118 1010 σιν,
1133 975 1173 1009 οἴς
1190 976 1266 1004 εἶπεν
1280 978 1370 1009 αὐτός·
1390 987 1398 1003 ι
1417 977 1498 1003 Δεῦτε
1513 977 1600 1003 ὀπίσω
1620 984 1680 1011 μου,
1694 975 1740 1002 κα)¹
1750 975 1854 1009 ποιήσω

1065 1025 1138 1060 ὑμᾶς
1149 1024 1234 1056 ἁλιεῖς
1246 1023 1408 1059 ἀνθρώπων·
1429 1024 1453 1049 οἱ
1467 1023 1496 1050 δὲ
1513 1023 1626 1057 ἀφέντες
1637 1022 1671 1048 τὰ
1684 1021 1779 1048 δίκτυα
1790 1022 1854 1055 ἠκο-

1065 1069 1199 1106 λούθησαν
1214 1069 1297 1105 αὐτῷ.
1313 1079 1322 1096 ι
1345 1069 1378 1096 Ἠ
1390 1069 1479 1096 τοίνυν
1499 1068 1642 1095 ἀκολουθία
1657 1068 1687 1094 τὺ
1700 1067 1794 1102 λεχθὲν
1808 1075 1854 1093 σα-

1068 1117 1117 1151 φὲς
1130 1116 1185 1153 (84)
1201 1115 1429 1150 ἀποδείξει·λέγει
1443 1115 1507 1151 γάρ·

1109 1184 1171 1211 NB’.
1191 1184 1236 1211 Στ.
1254 1187 1279 1211 ι’.
1305 1184 1505 1218 Ἀποκρίνεται
1526 1182 1686 1217 ἀδελφιδός
1707 1190 1778 1216 μου,
1805 1181 1854 1208 καὶ

1068 1231 1149 1265 λέγει
1160 1239 1220 1265 μοι·
1245 1230 1388 1263 Ἀνάστα,
1411 1230 1491 1263 ἐλθὲ,
1509 1230 1528 1264 ή
1552 1229 1685 1263 πλησίον
1695 1237 1765 1263 μου,
1778 1228 1854 1262 καλή

1065 1286 1136 1312 μου,
1152 1276 1312 1312 περιστερά
1324 1286 1394 1312 μου.

1101 1323 1139 1349 Δι’
1151 1323 1239 1350 αὐτῶν
1257 1322 1311 1358 γὰρ
1324 1322 1425 1349 τούτων
1436 1322 1494 1348 ίτῶν
1509 1322 1593 1356 ἁγίων
1610 1321 1766 1348 ἀποστόλων
1781 1319 1863 1347 καλέ-

1069 1377 1118 1400 σας
1136 1369 1229 1403 αὐτὴν,
1251 1367 1391 1403 ἀνίστησιν
1406 1367 1460 1394 ἀπὸ
1478 1367 1525 1394 τοῦ
1544 1366 1688 1402 πτώματος
1699 1366 1753 1392 τῶν
1767 1366 1855 1401 ἀμαρ-

1067 1413 1206 1449 τημάτων,
1224 1413 1321 1448 λέγων’
1345 1422 1354 1439 ι
1376 1407 1501 1446 Ἀνάστα,
1518 1413 1588 1445 ἐλθὲ,
1604 1413 1674 1448 καλή
1688 1421 1694 1428 ·
1713 1422 1722 1438 ι
1739 1411 1797 1447 ἆμα
1812 1411 1857 1439 καὶ

1069 1459 1235 1495 περιστερὰν
1263 1459 1373 1490 καλῶν,
1395 1460 1440 1487 διά
1460 1468 1489 1486 τε
1512 1459 1561 1495 τὴν
1581 1459 1685 1495 δωρεὰν
1710 1459 1756 1485 τοῦ
1780 1458 1859 1492 ἁγίου

1069 1506 1238 1540 Πνεύματος,
1257 1506 1304 1532 καὶ
1332 1505 1366 1532 δι’
1378 1506 1412 1541 ἣν
1428 1506 1534 1533 κελεύει
1550 1506 1622 1541 ἔχειν
1636 1505 1720 1540 αὐτὴν
1735 1505 1861 1540 ἁκεραιό-

1033 1545 1054 1573 C
1070 1560 1150 1587 τητα.

1106 1609 1168 1636 ΝΓ¹.
1181 1609 1242 1636 Ὅτι
1264 1608 1328 1636 ίδοὺ
1342 1609 1359 1636 ὁ
1373 1608 1483 1643 χειμὼν
1495 1607 1659 1642 παρῆλθεν.

1105 1667 1235 1702 Χειμῶνα
1254 1664 1300 1693 οὖν
1318 1666 1349 1693 τὸ
1370 1666 1502 1702 σωτήριον
1515 1665 1601 1696 πάθος
1617 1664 1703 1697 καλεῖ,
1717 1666 1746 1691 ὲν
1764 1661 1786 1699 ᾧ
1801 1674 1853 1701 χειν

1072 1712 1221 1748 μασθέντες
1230 1713 1254 1738 οἱ
1273 1712 1392 1738 Ἰουδαῖοι
1409 1711 1530 1747 χαλεπὴν
1543 1711 1699 1746 ὑπέστησαν
1712 1710 1857 1738 ἀπώλειαν·

1070 1758 1141 1792 ἦτοι,
1161 1758 1194 1793 ἣν
1207 1758 1346 1793 ἀπήλασεν
1363 1758 1409 1784 ἀπ’
1427 1758 1522 1792 αὐτῆς,
1535 1757 1766 1792 εἰδωλολατρείαν.
1791 1755 1862 1784 Καθ’

1071 1805 1189 1840 ἑκάτερα
1211 1804 1241 1830 δὲ
1265 1804 1279 1830 ὁ
1301 1803 1404 1840 χειμὼν
1422 1804 1576 1839 παρῆλθεν·
1595 1803 1657 1830 οὗτε
1671 1803 1724 1838 γὰρ
1746 1803 1786 1829 ἔτι
1804 1803 1857 1838 (85)

1071 1850 1184 1878 Θάνατον
1207 1851 1346 1886 ἐκδέχεται
1371 1850 1437 1886 (86),
1456 1850 1528 1883 ἅπαξ
1551 1850 1620 1886 ὑπὲρ
1640 1849 1721 1885 ὴμῶν
1736 1849 1829 1876 παθὼν
1842 1849 1856 1874 ὁ

1070 1897 1182 1933 Κύριος
1208 1897 1245 1928 ὡς
1270 1897 1316 1924 καὶ
1339 1897 1415 1931 ἅγιος
1441 1896 1601 1928 Ἀπόστολος
1615 1893 1685 1922 εἴπε⁵
1711 1905 1720 1921 ι
1741 1896 1857 1928 Θάνατος

1070 1943 1153 1970 αὐτοῦ
1167 1943 1217 1969 οὐκ
1229 1943 1268 1969 ἔτι
1298 1942 1438 1978 κυριεύσει
1453 1942 1520 1976 (87)·
1546 1942 1560 1968 ὃ
1574 1941 1628 1977 γὰρ
1643 1941 1788 1973 ἀπέθανεν,
1805 1941 1858 1968 ἀπ-

1071 1989 1166 2016 έθανεν
1187 1990 1230 2024 ἐφ’
1246 1989 1319 2022 ἅπαξ
1335 1991 1368 2025 τῇ
1384 1989 1514 2025 ἁμαρτίᾳ·
1532 1988 1546 2014 ὃ
1564 1988 1592 2015 δὲ
1608 1987 1652 2023 ζῇ,
1667 1987 1700 2023 ζῇ
1712 1987 1750 2023 τῷ
1762 1987 1831 2022 Θεῷ.
1846 1996 1857 2012 ι

1072 2035 1132 2062 Ὅτι
1147 2035 1175 2061 δὲ
1192 2035 1247 2070 (88)
1262 2034 1347 2066 ὅντως
1360 2034 1464 2070 χειμὼν
1480 2034 1510 2061 τὺ
1524 2034 1620 2067 πάθος,
1637 2034 1718 2069 βλέπε
1733 2033 1858 2068 χειμαζό-

1074 2088 1152 2115 μενον
1163 2079 1208 2106 τὸν
1220 2079 1322 2115 Πέτρον
1335 2079 1379 2106 διὰ
1394 2079 1440 2106 τὸν
1456 2079 1537 2114 φόϐον
1552 2078 1606 2105 τῶν
1627 2078 1774 2105 Ἰουδαίων·
1793 2077 1862 2104 ἀλλὰ

1073 2125 1211 2161 παρῆλθεν
1228 2123 1314 2157 οὗτος.
1335 2126 1412 2152 Μετὰ
1427 2125 1481 2161 γὰρ
1497 2125 1547 2160 τὴν
1559 2124 1705 2151 ἀνάστασιν
1722 2123 1798 2150 εὐδία
1815 2124 1859 2158 γὲ-

1072 2180 1150 2206 γονεν
1169 2173 1197 2198 ὲν
1209 2173 1243 2207 τῇ
1261 2171 1432 2208 πληροφορίᾳ
1447 2172 1496 2206 τῆς
1511 2171 1630 2201 πίστεως
1643 2171 1692 2206 τῆς
1708 2169 1754 2196 τοῦ
1772 2170 1859 2197 Μονο-

235 2220 303 2248 facta
323 2224 365 2247 est
384 2219 563 2253 tranquillitas
579 2225 628 2252 per
647 2217 753 2252 plenam
775 2222 931 2252 certamque
942 2217 1016 2245 fidem

1073 2218 1168 2252 γενοῦς
1181 2218 1316 2254 θεότητος·
1330 2218 1376 2244 καί
1391 2223 1482 2252 φησιν’

235 2265 381 2294 divinitatis
401 2264 552 2300 Unigeuiti;
570 2268 598 2291 et
614 2264 652 2291 ait
670 2272 678 2291 :

268 2363 277 2379 ¹
294 2362 376 2390 Marc.
392 2361 475 2399 1,,17,
487 2360 531 2389 18.
580 2362 590 2377 ¹
608 2360 688 2388 Rom.
707 2367 745 2392 vt,
765 2359 798 2406 9,
814 2360 858 2387 l0.

231 2469 233 2471 μ
270 2450 325 2484 (8'2)
352 2450 359 2459 '
371 2452 392 2476 Ο
407 2450 461 2484 γὰρ
474 2451 681 2484 παρακύππων
699 2449 795 2476 absunt
814 2456 828 2474 a
845 2455 904 2475 meo
917 2449 977 2475 cod.
997 2453 1024 2475 et

239 2485 331 2512 Vallic.
348 2492 408 2518 quae
426 2487 548 2512 revocavi
566 2494 583 2513 a
597 2486 657 2513 cod.
669 2484 782 2511 Barber.
797 2484 836 2510 Ad
852 2484 922 2510 hunc
934 2485 1022 2510 locum

235 2521 317 2555 probe
334 2519 533 2553 intelligendum
551 2520 744 2555 constituenda
758 2518 922 2555 estrpropria
940 2518 1023 2555 signi-

235 2552 323 2582 ficatio
340 2556 412 2581 verbi
424 2552 608 2590 παρακύπτω.
628 2553 765 2590 Aristoph.
781 2552 893 2590 Είρῄνη
907 2560 931 2580 ν.
947 2552 998 2590 981-
1014 2561 1021 2580 :

236 2591 289 2617 Καὶ
305 2590 359 2625 γὰρ
380 2587 481 2626 ἐκεῖναι
503 2590 679 2626 προκλίνασαι
699 2587 748 2626 τῆς
766 2587 876 2626 αὐλείας
895 2587 1020 2626 παρακὺ·

235 2622 351 2652 πτουσι·’
371 2625 422 2661 κᾶν
441 2633 482 2661 τις
498 2622 619 2661 προσέχῃ
637 2625 683 2650 τὸν
700 2622 761 2661 νοῦν
779 2623 892 2661 αὐταῖς,
913 2622 1019 2661 ᾴναχω-

237 2661 335 2699 ροῦσις
355 2659 416 2696 κᾷτ’
436 2660 469 2695 ἣν
504 2657 837 2699 ιίιῖπίηξ’ἰιιαρακιίιέιτουσιἰ
875 2657 1021 2699 Scholiast.

236 2690 431 2732 ῗιιροκλίνασαι.
448 2690 665 2731 ’παρανόίξασαιῖ
689 2691 789 2732 «.Natn
804 2692 862 2732 illa;
890 2691 1023 2732 sem-istinc

236 2726 318 2764 portis
332 2731 435 2758 foribus
448 2726 628 2765 prospectant,
641 2737 659 2765 ξ
670 2727 712 2753 vcl
729 2735 738 2750 ‹
748 2726 869 2765 _rcclnsis
884 2726 1022 2765 paululum

236 2761 338 2793 foribus
352 2765 394 2792 vix
411 2761 592 2801 prospectant.
612 2772 622 2801 ξ
641 2763 687 2789 Est
712 2761 784 2788 cnim
811 2761 1000 2801 παρακύπτειν
1015 2781 1023 2794 ,

240 2810 250 2828 ι
265 2809 280 2828 c
293 2796 419 2828 fenestra'
430 2796 544 2834 strictim
567 2798 698 2834 aspicere,
719 2804 728 2820 ι
744 2804 803 2830 qua:
820 2803 860 2824 est
878 2797 964 2824 Cicer.
982 2796 1021 2825 Io-

237 2837 309 2864 cutio
326 2837 371 2862 lib.
395 2842 403 2861 ι
425 2835 460 2862 Dc
477 2833 563 2865 Orch,
584 2832 671 2865 (ιζ-55.

450 2860 551 2896 Ἐπιειή
559 2860 644 2895 ἐοώι.
658 2865 830 2894 ἐπιδεικνύει.

1111 2446 1168 2481 (8-4)
1188 2445 1233 2472 Sic
1247 2452 1311 2481 mss,
1327 2451 1430 2481 clunes.
1446 2442 1600 2481 Legcndttm
1618 2447 1705 2470 tamen
1720 2444 1821 2478 σαφῶς,

1111 2478 1167 2515 (85)
1187 2480 1224 2507 Ita
1244 2480 1337 2506 Vallic.
1357 2478 1509 2515 (laeteris-rt
1524 2478 1590 2515 (ᾧτ’.

1110 2513 1165 2550 (86)
1186 2515 1295 2550 Proprie
1308 2514 1422 2550 θάνατον
1433 2513 1482 2540 οὐκ
1497 2513 1636 2548 ἐκδέχεται
1656 2521 1665 2538 ι
1677 2519 1791 2541 mortem
1807 2521 1860 2541 non

1073 2556 1221 2585 exspectat.
1240 2549 1249 2576 ὀ
1268 2549 1350 2576 Vetus
1372 2549 1507 2585 interpres
1531 2550 1625 2580 habet,
1646 2557 1728 2585 inec
1747 2554 1859 2585 mortem

1075 2594 1122 2620 pro
1134 2585 1210 2613 nobis
1221 2585 1350 2619 suscepit.
1363 2593 1372 2609 ι
1392 2584 1544 2617 Legendum
1561 2593 1570 2610 ι
1580 2584 1722 2617 suscipit”
1745 2584 1821 2620 quod?
1833 2584 1859 2620 in

1074 2622 1206 2656 impressa
1217 2620 1295 2656 typis
1309 2620 1427 2656 editione
1439 2620 1610 2656 emendatum
1626 2620 1761 2656 oportuit}
1772 2624 1801 2656 et
1815 2619 1859 2645 illa

1074 2655 1147 2688 ἅπαξ
1177 2654 1346 2691 ὑπὲρὴμῶν
1370 2662 1422 2691 non
1438 2654 1629 2691 coniungenda
1659 2662 1719 2681 cum
1747 2654 1861 2691 θάνατον

1074 2689 1284 2726 ὲκδὲχεταιζεθά
1295 2698 1356 2717 cum
1372 2689 1475 2726 παθῴν.
1490 2689 1526 2716 Ea
1539 2689 1629 2726 versio
1641 2696 1759 2716 errorem
1775 2689 1861 2726 conti-

1075 2731 1119 2753 net
1137 2724 1372 2756 absurdissimum,
1401 2724 1556 2752 «Christum
1572 2725 1698 2751 nimirum
1719 2733 1766 2759 pro
1783 2724 1861 2751 nobis

1073 2768 1188 2789 mortem
1204 2768 1256 2788 non
1274 2760 1435 2795 suscepisse.
1457 2769 1466 2786 ι

1112 2796 1168 2831 (87)
1189 2795 1271 2822 Sacer
1289 2793 1378 2822 textus
1392 2795 1483 2831 habet
1503 2793 1634 2830 κυριεύει,
1663 2793 1715 2822 Sed
1740 2793 1861 2828 vulgatus

1078 2833 1212 2864 interpres
1226 2831 1288 2865 legit
1303 2830 1452 2866 κυριεύσει.

1114 2863 1170 2902 (88)
1190 2865 1226 2892 Δέ
1239 2863 1281 2893 est
1293 2873 1325 2892 ex
1340 2863 1399 2893 "cod.
1415 2865 1509 2894 Vallic.
1528 2865 1611 2893 Abest
1628 2873 1642 2893 ε
1662 2873 1720 2893 meo
1735 2870 1762 2892 et
1777 2863 1858 2891 Barb.
