2078 3153
311 156 342 184 7s
869 152 1032 181 PﬂlLONlS
1050 151 1204 181 EPISCOPI
1224 151 1385 181 CARPASII
1900 157 1934 183 ’ῖδ

346 214 439 242 LXIX.
459 213 510 247 Qui
531 213 613 248 pauit
628 212 695 239 inter
709 211 777 238 lilia.

343 261 370 288 Id
389 264 440 293 est,
457 259 483 286 in
504 257 555 294 piis
567 258 678 293 iustitia:
699 255 880 284 sermonibus.

342 349 422 378 LXX.
447 348 526 376 Vens.
548 348 592 374 ΓΙ.
614 347 702 374 Donec
725 347 822 382 «spirat
841 346 902 376 diu,
922 349 945 372 et
971 353 1093 372 movean-

306 405 348 425 tur
362 398 470 425 nmbm‘.

342 443 398 470 lloc
408 447 460 475 est,
478 442 536 469 dies
557 441 663 476 judicii,
687 447 751 474 cum
777 439 874 467 Pastor
888 439 976 467 bonus
994 439 1066 467 dicet
1083 449 1090 467 :

309 498 318 514 ι
340 488 446 521 Venite,
469 488 603 516 benedicti
621 486 709 514 Patris
734 485 797 518 mei.
821 485 950 521 percipite
968 490 1091 521 paratum

307 536 382 563 vobis
401 542 510 570 regnum
525 541 539 561 a
554 533 746 561 constitutione
761 531 851 560 mundi
862 532 895 565 ¹³;
917 542 927 559 ι
942 536 969 559 et
985 540 992 559 :
1007 540 1018 558 ι
1039 532 1092 559 Do-

306 589 355 609 nec
368 581 467 616 nspirel
481 581 546 613 dies,
562 584 588 608 et
601 584 760 607 moveantur
772 579 884 606 umbra.
903 587 912 605 ι
933 580 1002 606 Cum
1017 578 1090 606 enim

307 627 465 662 aspiravcrit
487 626 530 653 illa
553 626 610 653 dies
625 625 730 661 judicii,
754 629 810 652 tum
834 624 1013 652 movebuntur
1030 631 1090 651 um-

305 674 370 705 line,
384 673 434 700 hoc
447 676 488 699 est
502 671 591 699 saeculi
613 670 692 705 huius
707 670 900 704 occupationes
911 673 939 697 et
958 669 1090 697 sollicitu-

305 719 394 752 dines,
409 725 468 753 quae
484 716 599 751 injustas
617 717 737 744 actiones
759 716 895 750 ingerunt.

338 853 430 882 LXXI.
453 853 598 884 Revertere,
617 852 710 880 similis
726 856 780 878 esto
803 856 841 882 tu,
857 849 991 885 fratruelis
1005 857 1087 881 metu,

1109 213 1132 240 Α
1181 208 1240 236 ΞΘἏ
1263 209 1295 236 '0
1310 209 1475 244 ποιμαίνων
1490 209 1525 237 ἐν
1541 210 1603 244 τοῖς
1617 211 1739 246 κρίνοις.

1183 255 1271 290 Ὅπερ
1296 255 1384 287 ἐστὶν,
1410 256 1466 287 τοῖς
1488 255 1612 282 εὐσεϐέσι
1629 257 1678 292 τῆς
1698 257 1870 295 δικαιοσύνης
1887 260 1933 288 λό-

1145 308 1215 335 τοις.

1180 346 1217 373 0'.
1236 347 1282 374 Στ.
1308 345 1351 378 ιζ’.
1369 346 1446 380 Ἕως
1464 344 1500 374 οὗ
1523 347 1687 384 διαπνεύσῃ
1709 350 1730 385 ἠ
1750 350 1863 385 ἡμέρα.
1884 351 1934 380 καὶ

1144 393 1308 426 τμηθῶσιν
1322 394 1352 420 αι
1366 394 1460 420 σκιαί.

1179 439 1322 467 Τουτέστιν
1339 441 1356 475 ἠ
1370 440 1419 476 τῆς
1433 440 1560 476 κρίσεως,
1573 441 1601 466 ὲν
1617 437 1633 478 ᾖ
1648 441 1662 467 ὁ
1677 440 1759 472 καλδς
1771 442 1877 478 Ποιμὴν
1890 442 1934 470 λέ-

1143 494 1185 520 γει
1198 494 1204 501 ·
1221 496 1229 511 ι
1248 485 1342 519 Δεῦτε,
1353 486 1378 513 οἱ
1392 486 1569 522 εὐλογημένοι
1580 481 1626 513 τοῦ
1640 487 1746 523 Πατρός
1761 496 1824 523 μου,
1837 489 1935 526 κληρο-

1142 532 1278 568 νομήσατε
1292 532 1341 567 τὴν
1356 532 1560 567 ἡτοιμασμένην
1576 533 1640 568 ὑμῖν
1656 532 1796 568 βασιλείαν
1811 535 1865 562 ἀπὸ
1881 544 1932 563 κα-

1141 577 1258 612 ταϐολῆς
1273 577 1378 612 κόσμον
1389 597 1396 610 ,
1415 586 1424 604 ι
1445 578 1492 604 καὶ
1507 578 1541 604 τὰ
1555 578 1627 614 ἑξῆς.
1647 588 1656 605 ι
1680 579 1751 611 Ἕως
1764 577 1795 607 οὗ
1810 581 1826 616 ἡ
1842 581 1933 617 ἡμέρα

1141 623 1307 660 διαπνεύσῃ,
1333 623 1381 651 καὶ
1407 623 1555 659 mmedio-tv
1576 625 1604 651 αί
1629 625 1713 652 σκιαί.
1738 635 1748 651 ι
1768 626 1852 654 Ὅταν
1878 627 1933 663 γὰρ

1141 669 1231 703 εκείνη
1247 671 1262 706 ἡ
1282 669 1373 705 ἡμέρα
1389 669 1547 697 διαπνεύσει
1562 670 1612 706 τῆς
1626 671 1757 706 κρίσεως,
1774 671 1836 698 τότε
1854 681 1933 708 κινη-

1141 715 1269 752 θήσονται
1284 716 1313 743 αἰ
1331 715 1416 749 σκιαὶ,
1433 716 1582 749 τουτέστιν,
1605 717 1633 743 al
1653 716 1700 743 τοῦ
1716 717 1814 750 αἰῶνος
1836 718 1931 745 τούτου

1140 763 1327 798 πραγματεῖαι
1353 761 1401 788 καὶ
1427 761 1585 797 φροντίδες,
1610 761 1660 794 τὰς
1683 762 1792 795 ἀδίκους
1812 763 1931 791 anom—

1139 807 1214 834 λουτι
1231 807 1286 843 (25)
1303 806 1427 842 πράξεις.

1175 853 1236 881 OA'.
1257 853 1460 887 Ἀπόστρεψον
1475 852 1542 888 (24),
1557 852 1712 888 ὀμοιώθητι
1724 853 1776 887 σὺ,
1789 854 1931 890 dde/Im“

301 900 415 927 dumqu
444 899 606 933 [tinnulaque
635 905 769 925 cervorum
796 897 830 924 ad
858 900 957 924 montes
984 894 1085 922 conval-

1138 908 1208 934 μου,
1221 898 1261 932 τῷ
1271 898 1397 933 δόρκωνι
1407 898 1425 933 ἢ
1441 898 1534 933 νεϐρῷ
1547 899 1668 934 ἐλάφων
1680 899 1730 927 ἐπὶ
1749 900 1785 927 τὰ
1802 899 1854 935 ὄρη
1869 909 1930 928 κυι-

292 947 376 973 -Ιίιιημ

336 994 481 1021 Revertere
505 991 581 1026 mihi,
607 990 655 1023 ait,
673 998 688 1018 a
712 990 866 1017 .ludzcorum
888 988 1029 1025 Synagoga
1053 987 1087 1015 ad

300 1044 409 1073 gentes;
426 1039 463 1066 illi
479 1039 551 1065 enim
573 1037 699 1064 salutaris
714 1037 845 1064 doctrinae
867 1035 1084 1071 praedicationem

300 1092 353 1112 non
378 1083 537 1118 suscipiunt.
557 1083 703 1110 Revertere
716 1082 749 1108 ad
768 1086 872 1116 gentes,
889 1080 986 1107 similis
1001 1078 1087 1106 factus

300 1137 403 1164 caprea:
418 1129 459 1157 vel
477 1129 587 1156 hinnulo
602 1135 746 1155 cervorum
764 1127 844 1155 celeri
867 1126 928 1153 ﬁdei
941 1133 1034 1158 cursu,
1054 1125 1087 1152 ad

299 1183 395 1203 onmes
417 1175 484 1203 ﬁucs
506 1181 583 1202 terrae
607 1181 722 1202 currens
741 1173 871 1208 speciosis
890 1172 1002 1208 pedibus
1020 1179 1085 1207 apo-

300 1222 441 1256 stolorum,
463 1221 614 1257 dequibus
637 1220 767 1247 Dominus
787 1219 855 1247 dixit
875 1218 901 1246 in
921 1217 1060 1252 Scriptura
1077 1225 1084 1244 :

301 1277 312 1294 ι
329 1268 414 1301 Quam
426 1268 539 1302 speciosi
554 1267 635 1303 pedes
647 1265 888 1301 evangelizantium
902 1265 970 1292 bona
978 1263 1018 1290 ’δί
1031 1272 1040 1289 ι
1050 1277 1087 1283 --

300 1324 310 1339 ι
328 1313 369 1340 Ad
384 1318 489 1341 montes
506 1312 682 1345 convallium,
701 1321 711 1338 ι
728 1319 788 1346 quae
803 1315 866 1339 sunt
879 1309 1087 1345 justorumani-

297 1367 369 1387 mm:
389 1364 417 1387 et
433 1363 538 1386 montes
553 1358 671 1393 quidem,
687 1363 829 1393 propterea
844 1357 914 1392 quod
932 1356 1085 1391 superemi-

297 1410 362 1433 neut
381 1405 479 1432 virtute
499 1404 628 1438 justitize',
652 1413 660 1429 ι
681 1404 817 1431 convalles
838 1412 847 1428 ι
873 1410 947 1435 vero,
967 1401 1029 1435 quin
1046 1402 1087 1428 in—

296 1457 353 1478 star
380 1451 540 1478 convallium
564 1451 784 1486 praedicationem
809 1449 869 1477 lidei
893 1448 1045 1484 suscipiunt
1058 1452 1086 1475 et

297 1497 424 1524 retinent.

619 1583 695 1610 CAP.
722 1582 767 1609 Ill.

279 1662 283 1664 ,
332 1630 437 1659 LXXII.
457 1629 542 1658 Vens.
562 1629 587 1657 ἰ.
607 1629 640 1656 1η
658 1628 739 1656 cubili
756 1637 812 1655 meo
833 1629 860 1655 iu
877 1628 994 1656 noctibus
1013 1638 1085 1665 qum

296 1679 344 1706 sivi
356 1686 429 1714 quem
443 1677 537 1703 dilexit
548 1676 636 1703 anima
648 1683 723 1708 mea;
739 1675 846 1709 quwsim'
859 1683 930 1709 eum,
942 1681 965 1702 et
979 1684 1030 1702 non
1041 1676 1084 1702 in-

296 1725 420 1752 oenieum
429 1732 440 1757 ;
454 1723 541 1750 vocavi
554 1730 623 1756 eum,
640 1727 663 1749 et
676 1730 726 1749 non
740 1721 840 1749 audivit
857 1729 907 1748 me.

332 1812 398 1840 Cum
412 1812 484 1839 enim
500 1810 619 1847 peccatis
633 1811 793 1847 praegravati
814 1811 963 1839 dormimus
974 1821 983 1837 ι
998 1812 1023 1839 in
1035 1819 1084 1840 no-

296 1858 384 1886 ctibus
395 1866 404 1884 ι
419 1857 456 1892 (id
470 1861 520 1889 est,
535 1857 562 1883 in
578 1856 716 1884 sceleratis
734 1857 935 1892 Ienebrosisque
964 1858 1085 1892 volupta-

297 1905 369 1932 tibus
385 1903 551 1937 nefariisque
575 1902 705 1937 peccatis,
721 1902 890 1931 Cliristiauos
912 1903 1016 1932 scilicet
1036 1911 1084 1931 nos

295 1957 355 1977 csse
374 1949 585 1983 existimamus),
606 1953 669 1976 tunc
688 1958 697 1974 ι
718 1948 745 1975 in
764 1949 886 1976 noctibus
899 1959 908 1975 ι
927 1957 988 1977 eum
1010 1957 1084 1984 quaa-

296 1987 397 2027 rentes,
413 1993 549 2029 diligimus
563 1993 678 2021 scilicet.
698 1993 758 2029 Ipse
777 1994 848 2022 enim
869 1994 955 2021 dicit:
978 2004 987 2020 ι
1005 1995 1084 2028 Quae-

295 2041 348 2068 rite
370 2040 466 2072 Deum,
481 2045 508 2067 et
520 2040 546 2066 in
566 2040 727 2067 inveniendo
738 2048 798 2067 eum
818 2040 956 2074 invocate;
973 2046 1001 2068 et
1014 2046 1095 2076 postr

296 2093 377 2121 quam
396 2086 473 2113 vobis
499 2086 769 2120 appropinquaverit,
797 2086 965 2122 derelinquat
985 2087 1084 2123 impius

295 2133 354 2158 vias
379 2139 443 2158 suas
458 2150 466 2163 ,
489 2136 516 2159 ct
540 2131 582 2158 vir
607 2132 714 2166 iniquus
749 2132 928 2167 cogitationes
953 2140 1027 2165 suas,
1056 2137 1083 2160 et

295 2180 468 2204 convertatur
481 2177 513 2202 ad
534 2175 688 2210 Dominum,
703 2181 729 2204 et
752 2177 966 2204 misericordiam
987 2184 1083 2205 conse-

294 2226 392 2271 quetur
414 2221 446 2248 ".
468 2229 477 2247 ι
495 2221 570 2248 Illum
587 2221 668 2266 igitur
691 2222 714 2250 si
739 2221 773 2248 ad
795 2221 866 2249 hunc
882 2222 991 2249 modum
1008 2230 1081 2258 (μικ-
1097 2246 1120 2273 D

294 2266 430 2298 sierimus,
445 2271 509 2293 tunc
525 2274 574 2294 nos
585 2263 720 2294 exaudiet.
738 2266 766 2294 Si
780 2274 853 2298 vero.
870 2275 930 2294 cum
943 2268 969 2294 in
984 2275 1081 2302 pecca-

295 2317 382 2339 torum
399 2312 481 2339 cubili
504 2320 607 2345 sumus,
633 2317 660 2339 et
680 2312 707 2339 in
723 2313 848 2340 noctibus
865 2320 879 2340 a
894 2314 1012 2348 peccatis
1033 2314 1078 2342 ob-

297 2359 398 2386 scurati
419 2359 494 2386 illum
508 2359 664 2393 quaerimus,
686 2366 738 2386 non
759 2358 928 2390 invenimus:
945 2367 1041 2394 neque,
1056 2361 1079 2387 sl

292 2403 333 2430 sic
345 2411 406 2430 emn
430 2403 597 2436 invocemus,
622 2403 666 2431 ille
690 2410 740 2430 nos
763 2404 882 2431 exaudit.
903 2403 1050 2440 Propterea
1069 2413 1076 2432 :

297 2458 305 2473 ι
327 2448 463 2483 Nunquid,
508 2449 614 2484 inquit,
651 2457 704 2477 non
732 2449 804 2477 valet
842 2457 937 2477 manus
973 2450 1079 2477 Domini

293 2493 383 2521 salvos
398 2493 486 2522 facere
497 2495 542 2522 “‘2
564 2496 684 2530 nunquid
704 2503 756 2523 non
780 2501 868 2530 potest
884 2495 1008 2530 eripere?
1024 2496 1078 2523 Sed

1137 945 1290 980 λωμάτων.

1179 991 1361 1028 Ἀπόστρεψον
1377 991 1450 1027 ἐμοὶ,
1465 990 1552 1025 λέγει,
1566 989 1620 1017 ἀπὸ
1635 990 1684 1026 τῆς
1711 990 1846 1018 Ἰουδαίων
1865 993 1929 1021 Συντ

1138 1038 1249 1074 αγωγῆς
1269 1038 1315 1065 ἐπὶ
1331 1038 1366 1065 τὰ
1383 1037 1462 1073 ἐθνη’
1482 1038 1631 1074 ἐπειδήπερ
1649 1038 1746 1064 ἐκεῖνοι
1760 1038 1791 1064 οὐ
1809 1038 1927 1073 παραδέη

1137 1091 1230 1118 χονται
1246 1082 1276 1109 τὸ
1290 1083 1420 1118 κήρυγμα
1434 1082 1484 1117 τῆς
1499 1082 1634 1117 σωτηρίου
1649 1081 1833 1114 διδασκαλίας.
1852 1082 1930 1109 Ἀπό-

1138 1128 1252 1164 στρεψον
1267 1127 1314 1154 ἐπὶ
1330 1127 1364 1154 τὰ
1381 1127 1455 1162 ἔθνη,
1473 1126 1648 1162 ὁμοιούμενος
1666 1127 1705 1162 τῷ
1723 1127 1838 1162 δόρκωνι
1855 1127 1871 1164 ἦ
1885 1136 1928 1155 νε-

1137 1171 1196 1208 ϐρῷ
1213 1172 1268 1199 τῶν
1289 1171 1396 1207 ἐλάφων
1416 1173 1450 1208 τῇ
1474 1171 1583 1206 ὀξύτητι
1607 1170 1655 1198 καὶ
1678 1171 1718 1206 τῷ
1734 1172 1784 1207 τῆς
1807 1172 1928 1204 πίστεως

1136 1218 1238 1254 δρόμῳ,
1253 1218 1300 1244 ἐπὶ
1316 1219 1404 1245 πάντα
1416 1218 1451 1244 τὰ
1464 1217 1571 1252 πέρατα
1584 1217 1633 1252 τῆς
1644 1217 1808 1253 οἰκουμένης
1820 1217 1928 1253 διατρέ-

1136 1273 1191 1300 χων
1206 1265 1234 1292 ὲν
1248 1263 1360 1300 ὡραίοις
1376 1264 1440 1290 ποσὶ
1451 1263 1505 1290 τῶν
1522 1262 1690 1294 ἀποστόλων,
1703 1262 1768 1297 περὶ
1787 1259 1824 1289 ὧν
1839 1264 1854 1290 ό
1868 1263 1928 1289 Κύ-

1138 1319 1194 1347 ριος
1204 1311 1315 1346 είρηκεν
1328 1311 1356 1338 ὲν
1369 1311 1402 1346 τῇ
1414 1310 1524 1345 Γραφῇ·
1542 1318 1552 1334 (
1573 1309 1618 1340 Ὦς
1632 1309 1728 1344 ὡραῖοι
1741 1309 1764 1335 οἰ
1779 1308 1858 1340 πόδες
1873 1308 1928 1335 τῶν

1136 1357 1386 1392 εὐαγγελιζομένων
1398 1356 1432 1384 τὰ
1445 1355 1560 1389 ἀγαθά.)
1572 1370 1607 1375 ——
1616 1364 1625 1381 ι
1638 1355 1699 1382 Ἐπὶ
1715 1355 1748 1382 τὰ
1765 1355 1814 1391 ὅρη
1832 1354 1928 1381 κοιλω-

1137 1403 1240 1439 μάτων,
1260 1412 1270 1428 ›
1288 1403 1316 1429 αἳ
1329 1402 1382 1429 τῶν
1395 1401 1507 1429 δικαίων
1522 1401 1574 1427 είσί
1588 1400 1671 1435 ψυχαί
1681 1409 1688 1416 ο
1705 1401 1755 1436 ὄρη
1776 1401 1823 1436 μὲν
1838 1399 1882 1426 διὰ
1897 1399 1927 1426 τὸ

1136 1449 1279 1485 ὑπερέχειν
1294 1449 1327 1484 τῇ
1345 1448 1395 1483 τῆς
1411 1447 1580 1483 δικαιοσύνης
1599 1448 1700 1482 ἀρετῇ·
1720 1456 1729 1472 ι
1745 1446 1898 1481 κοιλώματα
1912 1454 1922 1471 ο

1135 1495 1162 1521 δὲ
1175 1494 1218 1521 διὰ
1231 1494 1262 1521 τδ
1274 1494 1451 1529 κοιλωμάτων
1465 1493 1542 1529 δίκην
1552 1492 1676 1529 δέχεσθαι
1692 1493 1738 1520 καὶ
1755 1492 1878 1527 κατέχειν
1893 1491 1924 1518 τὸ

1137 1541 1186 1576 τῆς
1201 1540 1319 1572 πίστεως
1333 1541 1475 1576 κήρυγμα.

1469 1585 1548 1612 ΚΕΦ.
1568 1584 1605 1611 1".

1172 1631 1230 1659 OB’.
1249 1632 1295 1658 Στ.
1314 1634 1349 1658 α’.
1371 1630 1435 1658 Ἐπὶ
1451 1631 1556 1664 κοίτην
1568 1638 1628 1664 μου
1645 1629 1680 1656 ἐν
1693 1628 1782 1661 νυξὶν
1797 1627 1926 1662 ἐῠὶτησα

1137 1677 1173 1705 ὃν
1193 1677 1353 1712 ἠγάπησεν
1373 1677 1393 1710 ἠ
1408 1676 1492 1710 ψυχή
1512 1683 1587 1710 μου·
1609 1674 1738 1709 ἐζήτησα
1757 1675 1860 1707 αὐτὸν,
1876 1675 1925 1702 καὶ

1136 1725 1193 1758 οὐχ
1215 1721 1306 1757 εὗρον
1320 1723 1427 1750 αὐτόν·
1446 1721 1579 1749 ἐκάλεσα
1603 1721 1714 1754 αὐτὸν,
1728 1721 1778 1748 καὶ
1797 1722 1854 1755 οὐχ
1873 1721 1926 1747 ὐπ-

1135 1769 1251 1805 ήκουσέ
1267 1777 1337 1804 μου.

1172 1816 1256 1842 Ὅταν
1274 1815 1329 1850 γὰρ
1351 1815 1412 1846 ταῖς
1427 1813 1576 1850 ἁμαρτίαις
1596 1811 1777 1849 βεϐαρυμένοι
1798 1811 1925 1839 καθεύδο-

1136 1870 1186 1898 μεν
1203 1862 1232 1888 sv
1248 1861 1321 1894 νυξὶν
1338 1860 1347 1896 (
1361 1861 1429 1896 ὅπερ
1450 1861 1524 1886 ἐστὶν
1549 1861 1577 1886 ὲν
1590 1861 1646 1891 τοῖς
1669 1861 1776 1895 μιαροῖς
1791 1858 1846 1885 τῶν
1862 1866 1926 1884 σκο-

1134 1905 1228 1932 τεινῶν
1243 1904 1342 1940 ἡδονῶν
1358 1905 1404 1931 καὶ
1421 1904 1557 1939 ἀθεμίτων
1573 1904 1778 1939 ἁμαρτημάτων
1790 1903 1923 1939 ἀναστρε-

1134 1952 1263 1988 φόμενοι,
1281 1949 1479 1986 Χριστιανίζειν
1505 1949 1585 1985 δῆθεν
1609 1948 1667 1985 [‘25]
1688 1947 1878 1984 νομίζομεν),
1895 1947 1924 1975 τὸ

1133 1997 1281 2032 τηνικαῦτα
1293 2005 1301 2022 ι
1313 1997 1342 2022 ὲν
1349 1996 1408 2029 νυξὶ
1419 2005 1427 2021 ι
1441 1994 1521 2030 ζητού
1526 2003 1601 2030 μενοι
1611 1994 1689 2029 δῆθεν
1697 1994 1847 2029 ὰπάγωμεν
1855 1993 1924 2029 (26).

1133 2042 1217 2074 Αὐτὸς
1232 2041 1286 2077 γὰρ
1298 2042 1405 2078 εἴρηκε·
1425 2051 1434 2066 ι
1451 2041 1592 2076 Ζητήσατε
1608 2040 1653 2066 τὸν
1671 2040 1736 2066 Θεὸν
1754 2039 1822 2075 (‘27),
1836 2039 1882 2066 καὶ
1894 2039 1923 2065 ὲν

1132 2087 1171 2122 τῷ
1183 2087 1321 2123 εὑρίσκειν
1337 2087 1392 2122 (28)
1406 2086 1612 2113 ὲπικαλέσασθε.
1640 2086 1735 2113 Ἦνίκα.
1746 2086 1768 2112 δ’
1782 2085 1814 2112 ἂν
1826 2084 1924 2121 ὲγγίζῃ

1133 2134 1198 2169 ἡμῖν
1208 2153 1220 2170 ,_
1233 2128 1408 2160 ἁπολειπέτ’ω
1428 2133 1442 2159 ό
1466 2132 1568 2168 ἀσεϐὴς
1586 2132 1636 2164 τὰς
1658 2131 1734 2162 ὀδοὺς
1755 2130 1855 2162 αὑτοῦ,
1875 2130 1922 2156 καὶ

1132 2179 1202 2215 ἀνὴρ
1221 2179 1321 2214 ἄνομος
1341 2179 1391 2211 τὰς
1407 2179 1505 2214 βουλὰς
1529 2178 1629 2205 αὑτοῦ·
1654 2177 1701 2203 καὶ
1729 2177 1923 2212 ἐπιστραφήτω

1133 2225 1201 2262 πρὸς
1217 2225 1336 2262 Κύριον,
1351 2226 1397 2252 καὶ
1417 2224 1604 2260 ὲλεηθήσεται.
1625 2232 1634 2248 ι
1656 2223 1719 2249 Ἐὰν
1736 2222 1823 2255 οὕτως
1839 2222 1923 2258 ζητή-

1134 2279 1225 2306 σωμεν
1248 2271 1346 2303 αὐτὸν,
1365 2270 1426 2296 τότε
1451 2268 1530 2304 ἡμῶν
1555 2267 1718 2294 ἐπακούσειο
1747 2267 1794 2294 ἐὰν
1818 2267 1847 2294 δὲ
1875 2267 1922 2293 ἐπὶ

1134 2317 1227 2352 κοίτην
1241 2316 1294 2343 τῶν
1310 2315 1516 2352 ἁμαρτημάτων
1530 2314 1616 2347 ὅντες,
1631 2315 1678 2347 καὶ
1692 2315 1720 2341 ἐν
1736 2314 1813 2341 νυκτὶ
1830 2322 1921 2340 σκοτι-

1133 2361 1242 2397 ζόμενοι
1256 2361 1310 2388 ἀπὸ
1324 2361 1378 2387 τῶν
1391 2359 1532 2395 ἁμαρτιῶν
1549 2357 1684 2395 ζητοῦμεν
1703 2359 1793 2391 αὑτὸν,
1811 2359 1860 2394 οὐχ
1880 2359 1922 2386 εὑ-

1135 2408 1280 2443 ρίσκομεν*
1293 2407 1358 2440 οὑδ⁸,
1373 2406 1406 2434 ἃν
1419 2406 1505 2438 οὕτως
1519 2405 1655 2442 καλοῦμεν
1671 2405 1763 2438 αὐτὸν,
1779 2405 1919 2433 ἐπακούει.

1134 2453 1179 2479 Διὸ
1193 2453 1279 2487 λέγει·
1301 2462 1310 2478 ι
1335 2452 1380 2489 Μὴ
1393 2452 1443 2479 οὐκ
1464 2451 1551 2487 ἰσχύει
1572 2452 1589 2487 ἡ
1603 2452 1663 2488 χεὶρ
1679 2452 1781 2488 Κυρίου
1805 2451 1852 2479 τοῦ
1869 2452 1922 2478 σῶ-

1135 2499 1196 2532 σαι¹ς
1215 2497 1231 2533 ἢ
1245 2499 1295 2525 οὑκ
1310 2499 1396 2534 ἰσχύει
1408 2497 1455 2526 τοῦ
1473 2496 1610 2531 ἐξελέσθαι
1623 2506 1631 2531 ;
1653 2497 1734 2525 Ἀλλὰ
1747 2497 1780 2525 τὰ
1794 2498 1921 2533 ἁμαρτή-

328 2594 351 2609 ³¹
370 2593 464 2622 Matth.
483 2602 546 2628 xxv,
563 2595 608 2623 54.
646 2596 668 2612 ³⁸
683 2595 763 2631 Rom.
789 2604 816 2630 x,
832 2595 876 2624 l5.
913 2597 936 2612 "
957 2596 1008 2625 lsa.
1033 2605 1077 2631 ιν,

1145 2598 1170 2625 7.
1209 2597 1232 2614 "
1249 2597 1300 2624 Isa.
1316 2605 1340 2629 ι..
1363 2597 1391 2624 9.

326 2693 383 2728 (25)
403 2692 555 2728 Legendum
571 2699 634 2728 puto
652 2693 858 2721 ἐπιϐάλλουσαι.

327 2729 383 2764 (24)
402 2728 477 2755 Hunc
485 2735 565 2765 _ver§_.
583 2729 608 2755 in
624 2736 684 2756 meo
701 2734 729 2756 et
742 2729 824 2757 Barb.
841 2730 1076 2765 corruptissimum

289 2762 396 2791 restitui
411 2771 443 2790 ex
461 2763 525 2790 edit.
544 2762 602 2790 Vat.

325 2798 382 2833 ('25)
402 2797 507 2832 Δῆθεν.
523 2797 656 2833 Particula
676 2798 752 2831 cujus
768 2807 832 2829 usus
845 2799 871 2827 in
888 2800 982 2830 ironia.
998 2805 1028 2828 ut
1049 2801 1075 2828 in

291 2831 343 2871 lioi:
357 2831 425 2871 loco.
437 2831 469 2860 'lu
486 2837 580 2871 catena
593 2831 700 2871 Meursii
715 2842 774 2871 pag.
796 2835 841 2871 52,
855 2835 901 2863 lin.
915 2837 932 2863 4
946 2845 953 2863 :
967 2836 998 2862 Οἱ
1017 2835 1073 2871 γὰρ

290 2868 320 2895 ὲν
336 2867 433 2903 σκότῳ,
449 2867 525 2902 φησι,
536 2867 584 2894 καὶ
597 2867 701 2900 κοίταις
714 2867 884 2905 ἁμαρτωλῶν
897 2867 1073 2906 βιοτεύοντες,

1130 2695 1294 2734 κᾶνδοκῷσι
1314 2696 1405 2732 ζητεῖν
1423 2694 1499 2734 Θεὸν,
1515 2697 1564 2733 οὐχ
1574 2697 1751 2734 εὑρίσκουσιν
1768 2698 1859 2726 αὐτόν.

1164 2731 1220 2772 (‘26)
1245 2731 1396 2767 Legeudum
1426 2731 1553 2760 omnino'
1570 2731 1731 2769 ζητούμενοι
1765 2734 1855 2770 δῆθεν,
1890 2733 1923 2762 δν

1128 2765 1288 2801 ἀγαπῶμενζ

1162 2801 1219 2837 (27)
1240 2801 1286 2829 Sic
1315 2802 1396 2830 etiam
1426 2802 1486 2830 cod.
1517 2802 1596 2831 Alex.
1630 2803 1720 2832 Editio
1753 2802 1841 2832 Vatic.
1873 2803 1922 2832 τὶν

1127 2835 1238 2871 Κύριον.

1120 2905 1122 2907 ἓ
1162 2872 1218 2906 (28)
1239 2871 1309 2902 Edit.
1329 2872 1389 2900 Val.
1411 2873 1439 2899 ιν
1456 2871 1495 2908 τῷ
1507 2872 1643 2910 εὑρίσκειν
1659 2873 1751 2903 αὐτόν.
