2078 3153
264 190 296 218 8!

732 194 933 225 ENARIIATIO
953 197 986 224 IN
1006 197 1184 228 CANTICUM
1204 201 1445 234 CANTICORUM.

1869 204 1906 232 82

264 249 385 277 δυνατῶν
411 247 532 286 Ἰσραὴλ,
556 251 620 283 τοὺς
649 252 823 286 ἀποστόλους,
847 253 912 286 τοὺς
928 255 982 282 ἀπὸ
1005 254 1054 283 τῶι

1113 266 1186 293 cere,
1211 267 1244 288 cx
1268 261 1423 296 potentibus
1445 261 1539 296 Israel,
1558 262 1694 299 apostolos
1709 272 1716 292 :
1730 264 1776 299 qui
1790 270 1823 291 cx
1841 272 1904 300 pro-

265 295 414 332 προφητῶν
435 296 625 332 ὁρμωμένους,
645 297 693 324 καὶ
708 298 758 330 τὰς
772 299 838 335 περ).
851 299 971 335 Χριστοῦ
985 309 1056 337 μαρ-

262 341 358 378 τυρίας
374 341 407 368 ἐκ
419 341 472 369 τῶν
488 343 637 379 προφητῶν
663 344 849 378 συνιστῶντας
868 346 939 382 (45)·
961 347 991 374 τὸ
1016 347 1057 381 δὲ,

266 396 276 413 ‹
294 388 439 424 ἑξήκοντα,
453 397 463 414 ι
480 389 517 424 μὴ
528 388 574 416 τὸν
586 389 704 425 ἀριθμὸν
717 391 824 424 σκόπει,
839 392 907 419 ἀλλὰ
917 393 950 420 τὺ
964 393 1058 429 ὲξελη-

263 433 376 461 λυθέναι
402 433 502 466 αὐτοὺς
525 434 557 461 ὲκ
587 435 637 470 τῆς
657 437 825 472 περιτομῆς,
854 438 902 465 καὶ
924 438 970 465 τοῦ
986 439 1058 466 κατὰ

266 480 382 516 γράμμα
392 480 484 516 νόμου.
502 490 511 506 ι
522 481 629 515 Πάντας
641 482 669 509 δὲ
679 483 778 516 αὐτοὺς
797 494 806 510 ι
817 484 890 519 λέγει
905 494 914 511 ι
929 485 1057 521 κατέχον-

232 552 235 553 ,
266 534 315 558 τας
330 527 481 562 ῥομφαίαν·
505 537 513 553 ι
536 528 630 564 ἐπειδὴ
651 529 753 561 πάντες
778 530 824 557 τὸν
843 530 891 557 τοῦ
907 530 975 558 Θεοῦ
989 541 1056 559 κατ-

266 572 354 607 έχουσι
369 572 451 608 νόμον
462 573 509 599 καὶ
521 572 610 608 λόγον.
629 583 638 599 ι
652 573 710 601 Ζῶν
726 574 780 611 γὰρ
795 576 809 602 ὸ
826 575 904 610 λόγος
916 576 962 603 τοῦ
976 577 1056 611 Θεοῦ,

264 618 310 645 καὶ
333 617 460 654 ἐνεργὴς,
487 619 535 646 καὶ
550 619 707 655 τομώτερος
726 620 798 657 ὑπὲρ
810 622 901 649 πᾶσαν
918 623 1055 661 μάχαιραν

262 664 414 700 δίστομον.»
428 681 465 686 -
482 674 491 690 ι
505 664 697 701 Δεδιδαγμένοι
721 667 761 699 είς
785 667 915 704 πόλεμον,
927 679 936 695 ι
960 670 990 697 οὐ
1009 671 1055 697 τὸν

263 709 331 746 πρὸς
348 710 518 747 ἀνθρώπους,
536 711 604 739 ἀλλὰ
620 721 629 738 ι
642 712 709 749 πρὸς
728 712 762 740 τὰ
778 714 921 751 πνεύματα
937 716 993 752 (46)
1005 717 1055 754 τῆς

262 755 406 792 πονηρίας,
420 766 429 782 ι
444 757 515 784 κατὰ
529 757 575 784 τὸν
587 757 700 793 λέγοντα
716 761 874 797 προφήτηνο
892 772 902 788 ‹
921 762 950 790 '0
964 763 1055 800 πραῢς

261 802 332 829 ιστω
347 803 482 839 μαχητής.
496 812 505 829 ι

297 849 360 877 [ΙΒ’.
383 849 473 885 Ἀνὴρ
482 851 617 886 ῥομφαία
641 853 735 881 αὑτοῦ
752 853 802 881 ἐπὶ
819 854 872 882 τὸν
889 855 989 890 μηρὸν
1002 858 1055 884 αὺ-

261 904 324 923 του.

1112 305 1201 340 phetis
1226 307 1401 343 prodierunt,
1426 313 1454 336 et
1477 308 1578 336 Christi
1602 309 1755 337 testimonia
1781 317 1814 337 ex
1841 318 1903 344 pro-

1110 353 1201 388 phetis
1226 354 1406 390 collegerunt.
1436 356 1512 389 Quod
1539 363 1605 384 vero
1632 356 1749 392 pertinet
1771 357 1805 384 ad
1837 357 1903 385 illud

1112 409 1121 426 ι
1133 401 1300 436 εοιοείιιιιιη
1328 410 1361 430 ne
1377 403 1506 439 respicias
1523 404 1556 432 ad
1576 412 1737 438 numerum;
1756 405 1804 433 sed
1823 406 1903 434 Intel-

1109 445 1162 481 lige
1187 453 1235 474 eos
1260 448 1397 484 prodiipse
1427 457 1461 477 ex
1488 450 1700 478 circumcisione
1727 455 1755 478 et
1781 458 1814 479 ex
1843 451 1904 487 lege

1109 494 1259 521 secundum
1284 494 1412 523 litteram.
1429 505 1440 522 ι
1455 495 1573 529 Omnes.
1588 506 1598 523 ι
1613 496 1667 531 ait,
1679 506 1689 523 ι
1703 502 1826 526 tenentes
1842 497 1901 533 gis-
1919 515 1922 519 -

1107 539 1200 573 dium;
1216 550 1226 567 ι
1247 547 1343 568 omnes
1371 541 1443 569 enim
1473 542 1520 570 Dei
1548 543 1634 578 legem
1666 547 1761 571 tenent
1786 547 1815 570 et
1841 550 1902 571 ser-

1107 592 1226 613 monem.
1245 595 1255 612 ι
1272 586 1355 614 Vivus
1385 586 1457 615 enim
1478 593 1521 615 est
1546 595 1636 616 sermo
1665 589 1721 621 Dei,
1748 593 1777 617 et
1793 587 1899 619 eﬁlcax.

1106 635 1134 658 et
1149 631 1343 666 penetrabilior
1357 632 1431 660 omni
1447 632 1536 667 gladio
1551 633 1663 668 ancipiti
1677 633 1727 660 ³⁸.»
1744 647 1777 654 -—
1797 643 1808 659 ι
1822 633 1904 661 Docti.

1108 677 1219 712 bellum,
1239 687 1248 704 ι
1267 685 1320 706 non
1351 679 1482 707 adversus
1510 679 1644 713 homines,
1673 680 1721 708 sed
1737 688 1747 706 ι
1770 679 1900 708 adversus

1107 723 1219 759 spiritus
1251 725 1380 760 nequitia:
1418 726 1460 759 ³⁸,
1478 725 1581 761 ijuxta
1616 726 1776 761 prophetam
1811 725 1901 756 dicon-

1108 775 1182 799 tem:
1202 780 1212 797 ι
1228 771 1385 800 Mansuetus
1410 771 1446 800 sit
1470 776 1604 808 pugnator
1629 772 1661 800 ¹’.
1683 781 1692 798 ι

1141 860 1271 889 LXXXII.
1297 860 1345 888 Vir
1361 860 1466 897 gladius
1485 860 1542 895 ejus
1559 869 1637 896 super
1656 861 1742 896 femur
1758 869 1827 897 qua.

301 941 451 977 Ῥομφαίαν
465 943 511 970 ὲπὶ
521 943 566 970 τὸν
581 944 668 980 μηρὸν
687 945 733 972 τὸν
746 946 827 982 νόμον
842 946 929 981 λέγει,
945 947 991 974 τὸν
1003 947 1054 983 τῆς

1143 949 1267 978 Gladium
1294 957 1375 985 supra
1403 950 1490 978 femur
1516 951 1602 986 legem
1625 950 1765 985 intelligit,
1793 955 1821 978 et
1847 959 1897 986 pu-

262 988 440 1024 σωφροσύνης
452 988 593 1026 λογισμὸν,
610 991 656 1017 τὸν
672 991 808 1027 τέμνοντα
828 992 863 1020 τὰ
879 993 928 1029 τῆς
954 994 1056 1032 σαρκὸς

262 1034 347 1070 πάθη,
362 1035 410 1062 καὶ
424 1035 474 1068 τὰς
490 1037 589 1072 γηίνας
611 1037 769 1074 ἐπιθυμίας.

297 1079 358 1108 III".
387 1081 454 1108 Ἀπὸ
469 1081 601 1117 θάμϐους
617 1083 652 1110 ἐν
666 1083 767 1117 νυξίν.

302 1126 529 1164 Ἑκθαμϐουμένη
546 1127 601 1165 γὰρ
616 1129 632 1165 ἡ
648 1129 702 1156 τῶν
715 1130 834 1158 εὐσεϐῶν
851 1131 967 1164 διάνοια,
995 1131 1054 1165 πῶς

260 1170 301 1206 οἷς
314 1173 351 1209 μὴ
365 1173 422 1208 (47)
440 1173 564 1210 βούλεται
579 1175 761 1211 παραπίπτει,
776 1177 848 1205 κατὰ
864 1177 911 1205 τὸν
925 1178 1053 1213 λέγοντα·

262 1228 272 1245 s
292 1219 324 1245 ‘0
339 1218 369 1245 οὑ
381 1219 461 1253 Θέλω,
480 1219 559 1247 τοῦτο
574 1221 653 1249 ποιῶ.
665 1231 676 1248 υ
698 1222 742 1250 Ἐν
760 1222 819 1256 νυξὶ
839 1223 934 1260 τέμνει
952 1224 1007 1260 (48)
1021 1224 1055 1252 τὰ

261 1265 403 1301 Θελήματα
421 1266 470 1303 τῆς
501 1267 619 1303 σαρκὸς,
648 1268 691 1295 ῐνα
728 1270 907 1307 σωφροσύνην
934 1270 1054 1307 θωρακι-

260 1312 354 1339 σθεῖσα
367 1313 434 1348 (49),
451 1313 501 1350 τὴν
515 1314 730 1351 ὰκαταίσχυντον
751 1316 807 1352 (50)
821 1317 889 1353 πρὸς
901 1316 967 1344 Θεὸν
985 1317 1054 1354 εὕρῃ

261 1358 428 1393 παρρησίαν.
455 1358 500 1385 Ἑν
517 1360 606 1395 ταυτῷ
623 1360 680 1397 (51)
699 1361 727 1388 δὲ
746 1362 794 1389 καὶ
819 1361 917 1399 ἑτέραν
937 1364 951 1390 ὁ
975 1363 1054 1398 λόγος

259 1402 408 1429 αἰνίττεται
430 1405 634 1440 πραγματείαν.
651 1405 777 1440 Λέγουσα
794 1406 850 1443 γὰρ
871 1407 941 1443 αὕτη
960 1408 977 1443 ή
993 1407 1053 1434 θεία

261 1448 373 1486 Γραφή·
395 1458 404 1475 ι
421 1450 470 1482 Τίς
482 1449 577 1486 αὖτηή
591 1451 774 1479 ἀναϐαίνουσα
787 1452 843 1479 ἀπὸ
862 1453 913 1489 τῆς
930 1454 1051 1489 ἐρήμου,

259 1494 297 1526 ὼς
314 1494 427 1530 στελέχη
450 1495 554 1522 καπνοῦ
569 1496 775 1533 τεθυμιαμένης
796 1507 806 1524 ι
819 1497 868 1534 τὴν
890 1498 1053 1536 Ἐκκλησίαν

259 1541 407 1568 αἰνίττεται
422 1541 619 1569 ἀναϐαίνουσαν
630 1543 684 1570 ἀπὸ
692 1544 740 1579 τῆς
755 1544 945 1581 ἐρημωθείσης
956 1546 1054 1583 Ἰερου-

261 1586 360 1622 σαλήμ.
376 1587 407 1613 Et
423 1586 478 1623 γὰρ
494 1586 532 1623 μὴ
557 1587 648 1624 ἐκείνη
666 1588 715 1620 τὰς
740 1590 834 1626 χεῖρας
852 1590 987 1619 ἐπέϐαλεν
1005 1591 1053 1619 ἐπὶ

259 1631 304 1658 τὸν
322 1621 531 1668 γΣωτῆραίοίικ-
549 1633 582 1660 ἂν
601 1621 670 1670 αὑτὴ
694 1621 887 1672 missum
909 1638 950 1669 εις
971 1638 1053 1666 αὑτὸν
1067 1621 1087 1650 c

260 1677 350 1719 πίστιν
361 1697 368 1709 ,
390 1677 427 1710 ῶς
444 1686 527 1713 φησιν
547 1679 707 1712 Ἀπόστολος
721 1689 728 1696 ·
750 1690 760 1707 ι
784 1681 816 1708 EI
832 1683 849 1718 ή
863 1683 987 1719 ἁμαρτία
1002 1684 1053 1711 αὺ-

259 1718 312 1749 τῶν
324 1722 391 1758 (52),
410 1723 525 1756 πλοῦτος
538 1724 584 1751 τοῦ
599 1725 683 1761 νόμου
695 1746 702 1759 ,
720 1727 768 1753 κα).
783 1728 800 1763 ή
812 1727 933 1764 ἀποϐολὴ
949 1729 1051 1762 αὐτῶν,

260 1768 375 1801 πλοῦτος
387 1769 485 1797 ἐθνῶν
502 1770 544 1802 τίς
558 1772 575 1807 ἡ
590 1772 757 1807 πρόσληψις,
774 1774 799 1800 εί
819 1774 856 1810 μὴ
879 1773 936 1811 ζωὴ
954 1776 986 1802 ἐκ
1007 1785 1052 1803 νε-

260 1815 352 1851 κρῶν;
376 1825 385 1842 ι
403 1816 505 1843 Ὀτιδὲ
524 1816 628 1853 ἔρημος
652 1817 760 1853 ἔμεινεν
787 1820 890 1856 ἐκείνη,
920 1823 1058 1858 μαρτυρεί

261 1870 308 1898 μοι
334 1862 348 1888 6
375 1861 564 1898 εὖσπλαγχνος
588 1864 705 1900 Χριστὸς
727 1865 814 1900 λέγων
838 1866 907 1902 πρὸς
926 1867 1052 1899 αὐτούς·

262 1916 272 1933 ι
299 1907 365 1935 Ἰδοὺ
380 1908 489 1943 ἀφίεται
503 1909 516 1935 ὁ
531 1906 605 1941 οἶκος
620 1909 697 1945 ὑμῶν
719 1910 832 1947 ἔρημος.
854 1920 863 1938 ι
888 1911 935 1938 Ἐκ
951 1911 1053 1949 ταύτης

233 1990 237 1997 η
259 1951 306 1981 οῦν
323 1953 374 1989 τῆς
392 1955 495 1990 ὲρήμου
521 1954 577 1991 (55)
599 1955 788 1983 ἀναδείκνυται
807 1958 824 1992 ἡ
843 1956 991 1993 Ἐκκλησία
1009 1958 1054 1986 διὰ

260 2000 306 2027 τοῦ
327 2001 455 2036 σταυροῦ.
479 2002 526 2028 Διὸ
545 2002 621 2037 λέγει
643 2003 711 2038 πρὸς
731 2003 832 2039 αὑτήν·
851 2013 860 2030 ι
879 2004 927 2036 Τίς
943 2003 1013 2040 αὕτη
1034 2006 1051 2041 ἡ

260 2046 444 2074 ἀναϐαίνουσα
458 2047 512 2074 ἀπὸ
533 2048 584 2084 τῆς
605 2049 722 2087 ἐρήμου,
747 2049 786 2081 ὡς
813 2049 928 2085 στελέχη
944 2050 1050 2077 καπνοῦ

259 2090 482 2128 τεθυμιαμένη;ι
506 2093 600 2129 ἐπειδὴ
619 2093 662 2121 διὰ
679 2093 727 2121 τοῦ
743 2093 845 2126 πάθους
869 2095 918 2131 τὴν
938 2095 1053 2123 εὐωδίαν

261 2137 401 2171 ἔπνευσεν,
416 2139 465 2174 τὴν
476 2139 516 2170 είς
524 2139 642 2175 Χριστὸν
656 2140 748 2167 πίστιν
761 2140 872 2176 δηλαδή,
886 2141 982 2168 Καίτοι
994 2142 1052 2178 (54)

259 2185 290 2213 τὸ
302 2184 426 2221 θυμίαμα
436 2185 467 2212 οὑ
480 2186 581 2222 σιωπᾷ.
595 2185 763 2222 ιΣμύρναν,›
777 2186 855 2222 φησὶ,
868 2195 878 2212 ι
888 2188 934 2214 καὶ
944 2186 1053 2216 λίϐανον

261 2231 315 2259 ἀπὸ
330 2230 439 2258 πάντων
456 2232 603 2268 κονιορτῶν
626 2232 765 2268 μυρεψοῦ⁸
785 2242 794 2258 i
818 2233 943 2268 σμύρναν
957 2234 1003 2261 διὰ
1020 2235 1052 2262 τὸ

1107 995 1183 1024 dicas
1213 996 1391 1031 cogitationes
1425 1004 1485 1032 qua
1512 996 1637 1025 carnales
1670 996 1785 1025 allectus
1812 1001 1899 1025 terre-

1107 1049 1210 1077 nasque
1233 1042 1396 1077 cupiditates
1423 1043 1596 1071 abscindunt.

1142 1087 1286 1117 LXXXIII.
1306 1089 1328 1116 Α
1346 1097 1442 1124 pavore
1467 1090 1494 1117 in
1522 1089 1654 1118 noctibus.

1141 1133 1217 1163 Mens
1229 1135 1302 1162 enim
1315 1135 1423 1170 piorum
1437 1135 1535 1170 pavida
1548 1140 1608 1170 est,
1626 1142 1660 1163 ne
1679 1135 1705 1163 in
1718 1142 1749 1163 ea
1763 1141 1823 1170 qua:
1843 1141 1897 1162 non
1926 1157 1929 1159 .

1106 1179 1180 1213 vult,
1204 1179 1323 1213 incidat.
1342 1180 1421 1216 juxta
1443 1181 1623 1216 ﬁpostolum,
1646 1181 1692 1216 qui
1717 1182 1778 1209 ait:
1797 1189 1807 1208 ι
1822 1181 1898 1214 Quod

1107 1227 1169 1255 nolo
1179 1248 1187 1261 ,
1201 1227 1266 1255 illud
1283 1227 1353 1256 facio
1368 1227 1402 1255 ³⁸.
1418 1236 1427 1254 t
1442 1227 1471 1255 In
1486 1228 1612 1256 noctibus
1627 1228 1762 1256 abscindit
1776 1227 1897 1256 volunta-

1107 1279 1147 1302 tes
1171 1275 1280 1307 carnis,
1302 1279 1333 1302 ut
1351 1274 1483 1310 pudicitia
1507 1279 1637 1311 tanquam
1665 1275 1776 1303 thorace
1794 1274 1898 1302 munita

1106 1319 1231 1347 ﬁduciam
1242 1319 1351 1348 ruboris
1364 1325 1504 1355 expertem
1518 1321 1588 1356 apud
1603 1321 1687 1348 Deum
1700 1324 1897 1356 consequatur.

1105 1365 1163 1393 lloc
1176 1366 1235 1401 ipso
1249 1365 1333 1393 etiam
1346 1365 1417 1393 aliud
1430 1366 1568 1401 quidpiam
1583 1366 1729 1400 signiﬁcat.
1744 1366 1810 1393 Cum
1824 1366 1897 1393 enim

1106 1412 1164 1438 haec
1188 1411 1280 1438 divina
1303 1410 1443 1445 Scriptura
1464 1411 1553 1439 dicit:
1571 1420 1580 1437 ι
1597 1411 1663 1445 Quae
1684 1415 1727 1440 est
1746 1412 1817 1446 ista,
1839 1419 1899 1447 qua

1105 1455 1252 1484 ascendite
1263 1456 1369 1484 deserto
1383 1460 1511 1491 tanquam
1522 1460 1636 1485 truncus
1649 1456 1716 1484 fumi
1730 1459 1856 1485 incensus
1866 1457 1895 1484 τι

1105 1502 1254 1531 Ecclesiam
1275 1502 1411 1539 signiﬁcat
1430 1504 1623 1531 ascendentem
1639 1511 1655 1532 e
1670 1503 1779 1532 deserto
1801 1503 1898 1531 Hieru-

1104 1549 1200 1578 salem.
1216 1548 1245 1576 Si
1261 1549 1332 1576 enim
1349 1548 1407 1577 haec
1424 1556 1478 1577 non
1502 1549 1641 1585 iniecisset
1658 1557 1754 1577 manus
1786 1549 1813 1578 in
1837 1549 1900 1578 Sal—

1105 1599 1245 1628 vatorem,
1270 1594 1314 1623 illa
1340 1595 1367 1622 in
1391 1595 1449 1631 ejus
1474 1595 1527 1624 ﬁde
1553 1596 1631 1624 dives
1650 1603 1703 1624 non
1729 1595 1840 1629 luisset.
1868 1602 1898 1623 ut

1105 1642 1144 1670 ait
1159 1641 1304 1677 Apostolus
1319 1651 1326 1669 :
1343 1651 1353 1668 ‹
1372 1641 1402 1670 Si
1419 1646 1511 1670 autem
1526 1647 1668 1677 peccatum
1683 1649 1777 1670 eorum
1795 1642 1896 1670 divitia:

1105 1688 1219 1721 mundi,
1242 1693 1271 1716 et
1287 1688 1409 1723 .ahjectio
1428 1696 1523 1717 eorum
1546 1689 1647 1717 divitiae
1670 1688 1812 1724 gentium;
1838 1696 1898 1724 qua:

1105 1735 1270 1770 assumptio,
1292 1735 1344 1763 nisi
1366 1735 1421 1762 vita
1437 1742 1470 1762 ex
1493 1735 1607 1763 mortuis
1625 1735 1668 1762 "‘2
1685 1745 1694 1761 ι
1707 1734 1784 1769 Quod
1805 1740 1898 1762 autem

1106 1781 1151 1808 illa
1170 1780 1278 1809 deserta
1296 1781 1476 1814 remanserit,
1492 1781 1571 1809 testis
1589 1785 1630 1809 est
1647 1780 1714 1809 mihi
1739 1780 1898 1809 misericors

1105 1827 1231 1856 Christus
1247 1827 1340 1856 dicens
1355 1828 1427 1856 illis:
1443 1836 1453 1853 ι
1468 1828 1537 1856 Ecce
1548 1828 1720 1863 relinquetur
1734 1827 1831 1855 domus
1846 1833 1896 1854 ve—

1105 1878 1162 1901 stra
1186 1873 1294 1902 deserta
1309 1874 1342 1901 '°.
1360 1883 1370 1900 ι
1385 1874 1424 1902 Ex
1450 1874 1502 1902 hoc
1522 1874 1605 1910 igitur
1628 1874 1736 1902 deserto
1757 1873 1828 1901 edita
1855 1878 1898 1900 est

1104 1919 1228 1948 Ecclesia
1251 1927 1300 1956 per
1325 1927 1446 1948 crucem.
1472 1920 1620 1954 Propterea
1645 1919 1712 1946 dicit
1729 1919 1761 1946 ad
1787 1919 1896 1953 ipsam:

1082 1972 1083 1977 η
1108 1975 1117 1991 s
1132 1965 1198 1999 Quae
1212 1969 1254 1993 est
1278 1965 1329 1993 ista
1341 1984 1349 1998 ,
1365 1972 1426 2000 quae
1440 1964 1564 1993 ascendit
1579 1971 1595 1992 e
1609 1964 1719 1992 deserto
1732 1964 1804 1991 sicut
1819 1967 1897 1990 Iruu-

1104 2019 1154 2040 cus
1174 2011 1241 2039 fumi
1267 2010 1417 2039 incensus?
1433 2019 1442 2037 ι
1455 2011 1517 2046 quia
1539 2018 1588 2045 per
1607 2010 1761 2045 passionem
1784 2008 1899 2044 spiravit

1105 2058 1232 2090 odorem.
1256 2056 1337 2085 ﬁdem
1361 2057 1465 2084 scilicet
1481 2056 1507 2084 in
1523 2056 1672 2084 Christum.
1690 2054 1783 2090 Neque
1801 2053 1897 2081 incen-

1104 2111 1164 2132 sum
1179 2103 1291 2131 tacitum
1312 2102 1459 2138 relinquit:
1478 2113 1487 2128 ι
1503 2101 1639 2138 Myrrham
1650 2121 1658 2133 ,
1675 2111 1685 2128 ι
1701 2101 1754 2134 ait,
1771 2108 1780 2126 ι
1793 2103 1820 2127 et
1836 2099 1899 2126 thus
1917 2094 1921 2111 ῖ

1105 2156 1140 2177 ex
1171 2149 1298 2176 omnibus
1323 2147 1482 2183 pulveribus
1513 2147 1709 2183 unguentarii:
1729 2155 1739 2173 ›
1759 2144 1898 2181 myrrham

1105 2200 1216 2230 propter
1228 2194 1384 2229 passionem
1396 2214 1404 2227 ,
1418 2195 1481 2222 thus
1491 2197 1602 2229 propter
1611 2192 1794 2220 divinitatem.
1807 2198 1817 2216 ι
1829 2189 1899 2218 Ecce

1106 2239 1194 2267 lectus
1204 2238 1504 2267 SalemonisnLectum
1518 2232 1641 2273 intelligo
1653 2236 1808 2272 sepulcrum
1819 2234 1897 2267 Jesu,

260 2278 356 2311 πάθος,
373 2279 419 2306 καὶ
433 2278 541 2307 λίϐανον
560 2279 605 2307 διὰ
618 2279 666 2315 τὴν
679 2279 804 2315 θεύτητα.
823 2289 832 2306 ι
858 2281 923 2308 Ἰδοὺ
943 2283 959 2318 ἠ
975 2283 1052 2319 κλίνη

1107 2285 1154 2320 qui
1169 2285 1260 2313 omnia
1277 2285 1385 2320 pacavit
1398 2292 1446 2320 per
1458 2292 1534 2313 suam
1553 2284 1708 2320 passionem
1725 2287 1754 2311 et
1775 2288 1898 2310 resurre-

260 2325 401 2362 Σαλομών.
416 2335 425 2352 ι
443 2326 546 2362 Κλίνην
562 2335 608 2363 μοι
629 2327 694 2359 νόει,
717 2327 747 2353 τὸ
763 2326 858 2363 μνῆμα
881 2326 929 2354 τοῦ
954 2328 1053 2364 Ἰησοῦ,

259 2370 306 2398 τοῦ
324 2372 530 2408 είρηνεύσαντος
547 2373 581 2400 τὰ
599 2373 690 2401 πάντα
711 2372 756 2400 διὰ
779 2373 826 2400 τοῦ
851 2372 917 2400 ἰδίου
946 2373 1052 2407 πάθους

299 2440 328 2477 ’ξ-
343 2440 425 2469 Hebr.
442 2449 478 2474 tv,
497 2442 541 2470 12.
596 2443 618 2459 ⁸·
641 2443 740 2477 Ephes.
772 2451 816 2477 vr.
836 2444 879 2472 I2.

263 2476 284 2492 “
305 2475 400 2504 Matth.
417 2485 503 2511 χχιιι,
521 2478 566 2506 58.
604 2478 626 2494 δι
646 2475 743 2507 Matth.
761 2475 846 2508 xxviii
861 2501 868 2514 ,
886 2480 913 2507 6.

298 2546 355 2582 (45)
372 2547 414 2574 Ex
435 2547 529 2575 Mutin.
545 2553 569 2575 et
584 2548 679 2582 Vallic.
694 2556 785 2576 veram
804 2549 947 2578 lectionem
963 2550 1053 2578 elicui.

261 2581 348 2622 Prave
373 2590 449 2610 meus
468 2587 494 2609 et
511 2582 592 2622 Qarb.
606 2581 749 2622 τοὺς-περὶ
774 2584 893 2620 Χριστοῦ
914 2585 1056 2622 μάρτυρας

261 2618 293 2644 ὲκ
308 2617 363 2653 τῷν
375 2618 553 2653 προφητικῶν
565 2617 759 2651 συνιστῶντὰς.

298 2652 355 2689 (ῥίς)
375 2652 407 2689 ι).
423 2652 523 2680 Paulus
535 2653 616 2680 habet
629 2654 814 2689 πνευματικά.

298 2688 356 2724 (47)
376 2687 449 2724 ἰένιιο
462 2688 571 2724 μήπωςτ

298 2723 356 2793 (48)
377 2722 585 2751 δίόειὶιειιάανὶ.
599 2722 679 2750 Barb.
695 2729 723 2752 et
739 2724 807 2752 Vall.
823 2725 920 2762 τέμνη.

311 2757 356 2793 49)
378 2758 480 2793 Duplici
506 2766 600 2787 errore
634 2758 716 2787 Barb.
742 2764 769 2788 et
801 2760 893 2790 Valltc.

311 2757 356 2793 t9)
378 2758 480 2793 Duplici
506 2766 600 2787 errore
634 2758 716 2787 Barb.
742 2764 769 2788 et
801 2757 910 2790 Vailic.'
926 2765 954 2789 et
980 2768 1057 2790 meus

263 2793 447 2829 οορακισθείς.

301 2828 360 2866 (50)
381 2828 465 2866 Vetus
488 2829 602 2866 interpr.
624 2829 720 2866 (vertit,
748 2830 1027 2866 «inexpugnabilem:
1046 2841 1055 2858 ι

265 2862 364 2901 legisse
379 2864 485 2901 videtur
501 2862 726 2901 ἀκαταμάχητον.

380 2899 475 2929 Vallic.
492 2900 521 2928 ὲν
542 2899 639 2928 more.
653 2899 734 2928 Barh.
753 2900 782 2927 ὲν
798 2900 821 2927 τ’
837 2901 911 2929 αὑτό.
941 2902 1058 2938 Uterque

266 2941 358 2968 pravo.

933 2445 956 2461 "
976 2444 1034 2476 Joel
1060 2455 1105 2482 tu,
1136 2449 1178 2477 It.

1108 2331 1238 2359 ctionem.
1258 2331 1297 2359 De
1310 2339 1364 2366 quo
1385 2331 1455 2360 lecto
1471 2331 1560 2367 angeli
1574 2331 1667 2359 dicunt
1682 2339 1689 2358 :
1707 2339 1718 2356 ι
1731 2329 1802 2356 Ecce
1823 2328 1898 2355 locus

1109 2377 1153 2405 ubi
1165 2377 1277 2413 jacehat
1288 2377 1419 2406 Dominus
1432 2377 1482 2405 δ’.»
1493 2392 1528 2397 -
1542 2386 1551 2404 ι
1564 2375 1713 2411 Sexaginta
1728 2376 1854 2410 potentes
1870 2373 1906 2400 in.

1233 2448 1255 2465 ³³
1274 2448 1354 2477 Rom.
1380 2456 1437 2482 vn,
1463 2448 1507 2476 t7.
1564 2448 1586 2465 ³³
1607 2447 1685 2475 Rom.
1705 2455 1749 2480 xi,
1772 2443 1823 2477 12,
1852 2443 1896 2471 I5.

1143 2549 1199 2589 (ξε)
1218 2548 1351 2589 gaulintts
1376 2547 1539 2589 locus__est_:
1556 2546 1589 2589 Et
1616 2547 1696 2589 ags-ib
1715 2547 1896 2589 παράπτωμα

1106 2582 1207 2612 αὐτῶν.
1218 2584 1249 2612 Et
1262 2584 1342 2619 paulo
1357 2587 1418 2620 post
1429 2593 1435 2610 :
1448 2583 1480 2611 Εί
1493 2583 1548 2620 γὰρ
1560 2582 1681 2620 ἀποϐολὴ
1692 2582 1781 2611 αὐτῶν
1797 2582 1896 2611 καταλ-

1106 2620 1176 2655 λαγὴ
1192 2618 1307 2655 κόσμου,
1324 2618 1394 2646 κζτ.
1411 2618 1438 2646 λ.

1142 2653 1199 2691 (55)
1219 2653 1421 2691 Absurdissime
1441 2659 1494 2682 vet.
1509 2654 1628 2691 interpr.
1646 2663 1653 2681 :
1668 2663 1677 2680 ι
1689 2653 1797 2691 Euhoe
1815 2653 1895 2691 igitur

1107 2688 1215 2719 deéerta
1241 2696 1301 2717 esse
1328 2689 1483 2716 declaratur
1508 2688 1642 2717 Ecclesia.
1658 2699 1667 2716 I
1692 2689 1746 2717 Sed
1776 2688 1896 2716 Ecclesia

1107 2731 1245 2761 nunquam
1258 2725 1363 2752 deserta
1375 2728 1426 2758 est,
1443 2724 1494 2752 fuit
1507 2727 1603 2752 eritve.
1628 2724 1674 2752 Sic
1691 2725 1825 2758 interpres
1839 2731 1896 2750 ma-

1108 2761 1149 2788 lus
1164 2760 1233 2787 male
1249 2760 1391 2792 vertendo,
1417 2761 1580 2787 sententiam
1602 2767 1674 2794 saepe
1689 2761 1834 2794 depravat;
1856 2759 1896 2786 iu-

1384 2779 1391 2792 ,
1417 2779 1580 2787 ονιιιυιιιιιι-ιι
1602 2779 1674 2792 υυννν
1689 2779 1834 2792 υνγιυ-ν-..ν

1108 2796 1215 2824 terdum
1231 2796 1314 2822 etiam
1325 2794 1472 2823 lectoribus
1490 2795 1600 2823 exhibet
1614 2795 1747 2822 immanes
1763 2801 1871 2822 errores
1886 2804 1893 2822 :

1106 2831 1178 2864 quod
1197 2830 1234 2857 illi
1249 2830 1349 2857 accidit
1365 2830 1472 2858 inscitia
1486 2829 1637 2865 praesertim
1650 2829 1738 2857 Latini
1751 2829 1894 2865 sermonis.

1107 2863 1193 2894 Etiam
1217 2865 1243 2893 in
1260 2865 1340 2901 hujus
1360 2872 1453 2893 versus
1470 2863 1660 2901 eiiplanatione
1671 2865 1794 2899 qumdatn
1813 2863 1893 2892 habet

1109 2909 1140 2929 ea
1156 2901 1256 2933 vcrsio,
1271 2899 1331 2936 quae
1347 2901 1470 2936 absunta
1483 2899 1586 2928 Graecis
1602 2900 1752 2936 codicibus.

1144 2936 1201 2973 (54)
1222 2932 1268 2966 Sic
1280 2932 1431 2965 euteudat‘i.
1454 2935 1563 2964 Barber.
1577 2940 1603 2964 et
1617 2935 1710 2964 Vallic.
1726 2932 1772 2961 καί
1786 2942 1822 2961 τι.
