2078 3153
218 177 250 204 91
690 204 693 208 _
768 173 926 201 PHILONIS
945 172 1099 202 EPISCOPI
1119 172 1280 201 CARPASII
1392 191 1394 193 ›
1807 175 1843 201 92

254 233 314 261 Non
335 237 436 266 tacere,
462 232 509 260 sed
526 231 648 260 conﬁteri
681 235 788 266 oportet
810 238 884 267 spem
905 231 1006 259 salula~

1093 230 1131 258 Οὐ
1146 230 1299 258 σιωπᾶσθαι
1313 229 1362 262 δεῖ,
1377 229 1434 257 ἀλλ’
1446 229 1633 265 ὁμολογεῖσθαι
1649 229 1698 265 τὴν
1711 229 1843 266 σωτήριον

219 286 292 307 rem.

255 323 357 352 xcvu.
374 324 454 351 Vens.
467 323 494 351 ι.
516 322 590 350 Sicut
607 321 688 349 turris
708 321 792 349 nam
809 311 905 350 c'ouum
919 327 1004 356 tuum,

179 396 183 402 4
218 378 277 406 qua
291 369 421 404 aediﬁcata
436 374 471 396 ul
489 369 515 395 in
530 367 680 401 Tltalpiotlt.

256 416 361 444 Collum
381 415 439 448 eius
467 414 563 441 deﬁnit
589 413 737 441 humanum
769 413 849 442 Verbi
867 414 1006 443 characte-

222 469 290 489 rem.
308 461 348 488 Ex
361 461 443 488 David
456 460 528 488 enim
543 465 620 488 ortus
642 464 684 487 est
700 460 830 488 Dominus
856 461 1004 489 secundum

221 515 340 541 carnem.
372 507 546 534 Assimilatur
564 514 630 535 vero
648 507 725 534 turri.
756 506 851 535 Turris
870 509 943 535 enim
965 508 1007 535 in-

221 557 288 585 star,
304 553 348 588 qui
369 553 402 580 ad
415 560 479 580 eam
495 552 667 588 confugiunt,
689 552 806 588 protegit
820 559 835 580 ιι
859 552 936 579 bellis
948 552 1006 580 dia-

218 599 283 627 boli.
301 599 334 626 Et
353 600 432 634 iuxta
443 599 528 626 David
545 608 553 627 :
578 609 587 624 ι
606 598 702 626 Turris
728 598 894 626 fortitudinis
909 606 924 625 a
938 598 1007 626 faeie

220 644 321 672 inimici
339 644 372 672 ”.
386 653 396 670 ι
412 658 445 664 -
461 653 470 670 ι
489 643 553 677 Qua
567 643 700 671 mdiﬁcata
722 647 764 670 est
782 644 809 670 in
825 642 979 678 Thalpioth.
992 652 1002 670 ι

219 690 362 725 Thalpioth
391 691 586 725 interpretatur
605 689 746 722 excelsum.
769 689 873 717 Revera
890 690 962 717 enim
979 689 1006 717 in

219 736 327 764 excelso
341 736 428 771 ipsum
447 735 569 771 (collum)
596 735 756 763 aediﬁcatum
780 740 832 768 est,
846 735 897 763 hoe
909 741 960 769 est,
978 735 1005 762 in

219 781 307 810 Verbo
326 782 383 815 Dei,
399 782 470 818 quod
486 787 548 809 ante
561 781 669 809 saecula.
686 791 695 807 ι
712 781 827 809 Verbum
844 791 853 807 ι
870 781 953 813 enim,
969 780 1007 808 ait

220 828 360 863 Scriptura
372 828 405 861 “.
422 837 432 854 ‹
448 835 512 855 caro
529 828 629 855 factum
652 831 705 859 est,
717 832 745 854 et
771 827 902 854 habitavit
916 827 942 854 in
956 834 1006 854 no-

219 872 280 906 bis;
297 881 306 898 t
322 877 369 900 et:
391 883 400 899 ι
419 873 555 908 Sapientia
573 873 722 900 a‘dilicavit
744 872 794 899 sibi
820 872 930 900 domum
943 873 976 899 ".
994 881 1004 898 ι

1061 276 1166 303 ἐλπίδα.

1096 323 1152 356 ιιῑι.
1172 323 1217 349 Στ.
1238 321 1270 350 δ’.
1291 322 1339 354 Ὧς
1356 322 1469 357 πύργος
1478 321 1566 348 dum
1579 321 1726 356 τράχηλός
1742 328 1812 356 σου,
1828 323 1845 350 ὀ

1057 367 1285 403 ὼκοδομημένος
1296 368 1331 395 ἐν
1344 367 1381 403 (2)
1397 367 1542 395 suam.

1099 413 1240 449 Τράχηλον
1256 413 1341 448 αὐτῆς
1360 412 1480 453 ὁρίζεται
1494 414 1540 440 τὸν
1555 413 1722 450 ἀνθρώπειον
1734 414 1779 442 τοῦ
1793 416 1845 443 Λό-

1061 467 1109 494 γου
1128 459 1300 496 χαρακτῆρα,
1332 459 1379 486 Ἐκ
1398 459 1479 486 Δαόὶδ
1499 460 1554 496 γὰρ
1577 461 1590 486 ὸ
1609 459 1711 496 Κύριος
1726 461 1757 487 τὸ
1776 463 1845 490 κατὰ

1060 505 1160 540 σάρκα.
1183 504 1374 537 Ἀπεικάζεται
1396 505 1424 532 δὲ
1445 505 1557 541 πύργῳ·
1575 505 1667 541 ἐπειδὴ
1684 506 1789 542 πύργου
1807 507 1846 534 δι-

1060 559 1111 586 κην
1130 551 1193 582 τοὺς
1208 551 1254 577 ὑπ’
1271 551 1352 578 αὑτὸν
1373 551 1592 586 καταφεύγοντας
1604 551 1705 578 ’σκέπει
1723 552 1777 579 ἀπὸ
1791 553 1845 581 τῶν

1059 595 1107 622 τοῦ
1121 595 1244 623 διαϐόλου
1262 596 1398 631 πολέμων.
1415 597 1469 623 Καὶ
1486 595 1556 623 κατὰ
1567 596 1612 623 τὸν
1627 596 1708 624 Δαὸἰδ
1718 605 1724 611 ·
1746 606 1755 623 ι
1773 597 1846 633 Πύρ-

1060 650 1108 675 γος
1126 641 1216 676 ἰσχύος
1231 642 1285 668 ἀπὺ
1299 642 1446 678 προσώπου
1463 641 1571 678 ὲχθροῦ.
1589 651 1599 668 ›
1614 641 1651 668 Τὸ
1665 641 1704 674 δὲ,
1722 652 1732 668 ι
1749 643 1847 678 ᾠκοδο-

1063 686 1184 721 μημένος
1203 687 1232 713 ὲν
1254 685 1399 719 Θαλπιὼθ,
1425 696 1434 713 ι
1454 687 1590 716 Θαλπιὼθ,
1604 687 1642 722 (5)
1666 688 1846 723 ἑρμηνεύεται

1062 732 1197 766 ὑψηλόν.
1227 732 1272 759 'Ev
1298 731 1392 768 ὑψηλῷ
1424 732 1477 768 γὰρ
1497 732 1582 764 ὅντως
1608 733 1779 769 ᾠκοδόμηται
1799 734 1848 760 αὒ-

1059 777 1123 808 τός·
1144 777 1213 813 ὅπερ
1235 777 1318 810 ἐστὶν,
1347 777 1376 804 tv
1400 778 1440 813 τῷ
1458 777 1506 804 τοῦ
1527 777 1595 805 Θεοῦ
1621 778 1700 814 Λόγῳ
1723 778 1762 814 τῷ
1795 780 1849 815 πρὸ

1060 822 1175 850 αἰώνων.
1192 832 1202 848 ι
1230 823 1260 850 '0
1275 823 1362 858 Λόγος
1381 832 1390 849 ι
1414 824 1478 860 γὰρ,
1496 824 1573 859 φησὶ,
1599 832 1608 849 ι
1636 824 1704 860 σὰρξ
1729 825 1847 859 ἐγένετο,

1061 868 1106 895 καὶ
1119 861 1273 904 ἐσκήνωσεν
1284 869 1312 896 tv
1330 869 1409 905 ἡμῖν’
1429 879 1438 896 ›
1453 870 1508 903 καί,
1529 879 1538 895 ι
1569 870 1602 896 Ἦ
1617 870 1697 905 σοφία
1708 870 1848 907 ᾠκοδόμη-

219 918 283 946 Ιιιειε
294 919 390 946 domus
405 920 431 946 in
444 919 551 947 excelso
566 918 696 946 adiﬁcatas
714 923 756 946 est
770 919 797 946 in
813 919 893 952 Filio,
910 926 1006 946 secun-

1061 923 1106 941 σεν
1121 915 1204 950 ἑαυτῇ
1225 913 1309 942 οἶκον.
1328 924 1338 942 ι
1357 913 1440 948 Οὗτος
1460 916 1475 942 ό
1497 914 1570 948 οἶκος
1586 917 1614 943 tv
1633 916 1726 953 ὑψηλῷ
1747 917 1847 953 ᾠκοδο-

219 963 283 990 dum
297 971 359 991 eum
372 964 417 998 qui
438 963 520 992 dicit:
541 973 551 990 ι
577 963 628 997 Qui
652 964 678 991 itt
695 963 757 992 altis
776 964 891 997 habitat,
905 969 934 992 et
957 964 1009 991 hu-

219 1009 293 1036 milia
309 1010 420 1044 respicit
436 1010 468 1037 ⁶⁶.
488 1010 573 1037 sViu'
588 1015 616 1037 tu
640 1017 748 1038 omnem
764 1017 929 1045 cognoscere
948 1009 1010 1037 alti-

220 1055 359 1082 tudinem?
373 1055 471 1089 Aspice
493 1063 546 1083 non
562 1055 649 1083 solum
667 1055 694 1083 in
709 1056 756 1083 Dei
773 1056 902 1090 genitrice
921 1056 1008 1082 Maria

219 1099 362 1128 aediﬁcium
384 1100 443 1128 Filii
459 1101 587 1134 hominis,
603 1101 651 1128 sed
667 1101 731 1128 illud
749 1101 831 1128 etiam
855 1101 926 1136 quod
938 1100 1008 1128 ultra

219 1147 305 1174 caelos
319 1151 378 1180 est;
394 1151 422 1175 et
433 1147 522 1174 throni
538 1147 565 1174 in
587 1147 697 1174 dextera
716 1147 795 1182 positi
815 1154 877 1174 cum
900 1151 1009 1181 stupore

221 1193 358 1220 demirare
380 1192 562 1226 altitudinem,
579 1200 638 1227 qua:
649 1193 747 1220 dicitur
763 1192 919 1227 Tltalpioth.

255 1237 369 1266 XCVIII.
382 1237 459 1265 Hills
472 1239 554 1274 clypei
567 1239 678 1273 pendent
692 1247 771 1274 super
783 1247 852 1266 eam.

254 1285 356 1313 Omnes
381 1285 510 1312 nimirum
535 1285 581 1319 qui
608 1292 624 1312 e
645 1285 753 1312 Christo
781 1284 912 1319 originem
927 1291 1004 1311 suam

223 1331 345 1363 trahunt,
365 1335 436 1358 etex
464 1331 562 1365 quibus
589 1330 648 1364 ipse
675 1329 748 1357 ducit
772 1329 915 1364 originem.
940 1329 1007 1357 Cum

219 1384 284 1409 vero
299 1378 395 1409 audias
409 1377 492 1409 mille,
506 1384 540 1404 ne
554 1383 697 1404 numerum
711 1380 815 1403 tantum
827 1375 941 1408 cogites,
960 1374 1008 1404 sed

219 1427 248 1450 et
263 1422 367 1450 numeri
380 1422 584 1457 perfectionem.

256 1467 349 1495 XCIX.
371 1468 467 1495 Omnia
476 1468 568 1502 jacula
585 1469 743 1502 potentium.

255 1512 360 1545 Jacula.
379 1517 409 1540 ut
421 1514 550 1547 arbitror,
574 1513 669 1542 deﬂuit
692 1521 753 1541 esse
775 1521 860 1548 opera
872 1512 1006 1546 iustiﬁca-

220 1559 334 1590 tionum,
347 1559 444 1593 quibus
458 1559 599 1588 confossus
610 1560 944 1605 inimicushprosternitur.

235 1627 237 1630 ⁴
254 1614 285 1642 C.
302 1614 386 1642 Vsus.
402 1615 428 1642 5.
449 1614 509 1642 Duo
532 1615 614 1642 ubera
634 1619 680 1642 tua
703 1623 782 1650 super
797 1615 897 1648 vinum,
909 1619 938 1642 ut
955 1615 1007 1641 duo

217 1660 323 1688 hinnuli
335 1661 438 1695 gemelli
453 1669 565 1694 caprec.

256 1705 311 1732 Duo
324 1706 416 1738 ubera,
431 1711 460 1733 ιιι
473 1713 554 1741 supra
570 1706 671 1734 dictum
687 1710 739 1739 est,
753 1712 816 1733 sunt
835 1706 888 1734 duo
910 1705 1009 1734 Testa-

220 1755 321 1778 menta.
334 1751 369 1779 Ut
393 1751 460 1778 duos
485 1751 611 1779 ltinnulos
634 1759 739 1786 caprea:
754 1752 819 1779 dicit
841 1752 928 1786 (quod
951 1752 1009 1779 ani-

220 1796 273 1823 mal
294 1796 480 1824 acutissimum
498 1797 606 1832 cernit),
637 1797 676 1825 sic
702 1797 748 1833 qui
774 1805 805 1826 se
823 1798 850 1825 in
875 1798 1006 1832 spirituali

223 1842 335 1869 duorum
352 1841 588 1870 Testamentornm
601 1843 776 1871 meditatione
786 1849 924 1877 exercent,
935 1846 1006 1874 acuti

219 1892 284 1916 sunt
298 1888 329 1916 ad
347 1889 561 1924 intelligentiam.
575 1889 685 1917 Gemelli
701 1897 764 1917 vero
779 1890 883 1918 hinnuli
898 1899 1002 1926 capreze

219 1935 355 1967 dicuntur,
385 1941 528 1970 propterea
561 1937 633 1972 quod
661 1936 805 1971 dupliciter
838 1937 1007 1972 aspiciuntur

219 1981 416 2008 sententiarum
429 1982 550 2017 mystica:
563 1982 768 2016 enarrationes;
794 1990 854 2017 qua:
869 1987 895 2010 et
909 1991 1007 2011 secun-

220 2026 283 2054 dutn
303 2027 432 2062 litteram,
450 2037 527 2056 suam
542 2030 643 2058 habent
667 2029 820 2062 utilitatem,
836 2034 863 2057 et
877 2030 1006 2065 spiritua-

219 2070 283 2098 liter
296 2073 380 2100 sacris
397 2073 518 2101 initiatos
529 2074 678 2103 laetiﬁcant.

234 2124 296 2157 'CI.
318 2129 368 2163 Qui
381 2136 490 2165 pascunt
513 2133 580 2160 inter
601 2132 660 2160 lilia
682 2133 763 2161 donec
785 2134 884 2169 aspiret
906 2135 962 2162 dies
983 2140 1007 2163 et

220 2181 374 2202 moveantur
386 2177 494 2205 umbras.

254 2219 335 2248 Tales
347 2222 418 2248 enim
438 2220 559 2258 (initiati)
587 2230 734 2259 pascuntur
758 2225 831 2253 velut
843 2225 913 2253 Inter
934 2226 1002 2260 lilia,

220 2266 248 2293 in
268 2266 367 2295 divinis
392 2267 517 2303 eloquiis,
550 2270 635 2297 donec
660 2272 763 2305 aspirct
795 2273 1005 2301 resurrectionis

218 2312 287 2345 dies,
303 2316 331 2340 et
343 2320 502 2342 moveantur
517 2315 623 2343 umbrae
637 2316 717 2352 hujus
732 2317 804 2346 vitae.

252 2400 307 2429 Cll.
329 2401 412 2431 Vens.
430 2402 457 2430 6.
482 2402 531 2431 Ibo
547 2404 612 2432 mihi
626 2406 661 2433 ad
673 2411 787 2434 montem
802 2407 917 2443 myrrha
930 2413 955 2436 et
969 2409 1004 2435 ad

219 2447 311 2474 collem
331 2447 435 2476 Libani.

1061 961 1134 997 μήθη
1155 962 1184 988 tv
1203 961 1243 996 τῷ
1259 962 1316 998 Υῐῷ
1327 982 1334 994 ,
1350 962 1421 989 κατὰ
1436 963 1481 990 τὸν
1497 963 1626 994 λέγοντα·
1647 972 1657 989 ι
1680 963 1709 990 '0
1727 964 1756 990 ὲν
1778 963 1848 1000 ὑψη-

1059 1007 1115 1039 λοῖς
1142 1008 1294 1040 κατοικῶν,
1316 1008 1364 1035 καὶ
1387 1008 1502 1035 ταπεινὰ
1522 1008 1639 1044 ἐφορῶν.
1668 1018 1677 1034 ›
1702 1008 1795 1041 Θέλεις
1819 1009 1848 1036 δὲ

1048 1053 1160 1093 ,γνῶναι
1175 1054 1206 1080 τὸ
1222 1053 1289 1089 ὕψος
1307 1054 1386 1087 ὃλον;
1402 1054 1455 1081 Ἴδε
1473 1055 1505 1081 οὺ
1523 1054 1607 1090 μόνην
1622 1055 1650 1081 tv
1669 1055 1701 1090 τῇ
1723 1054 1848 1091 Θεοτόκῳ

1058 1098 1153 1133 Μαρίᾳ
1169 1098 1314 1135 οἰκοδομὴν
1337 1099 1385 1126 τοῦ
1401 1098 1466 1126 Υῐοῦ
1485 1099 1532 1126 τοῦ
1547 1099 1700 1136 ἀνθρώπου,
1714 1100 1783 1127 ἀλλὰ
1801 1102 1848 1128 καὶ

1059 1143 1109 1178 τὴν
1124 1143 1253 1171 ἐπέκεινα
1264 1144 1320 1171 τῶν
1339 1145 1473 1181 οὐρανῶν,
1491 1146 1538 1172 καὶ
1555 1145 1601 1172 τὸν
1619 1146 1648 1173 tv
1664 1145 1739 1182 δεξιᾷ
1753 1146 1847 1182 θρόνον

1059 1189 1249 1226 καταπλάγηθι
1264 1191 1296 1218 τὺ
1316 1191 1381 1226 ὕψος
1394 1191 1443 1227 (ι),
1459 1192 1527 1228 ὅπερ
1539 1192 1648 1226 λέγεται
1663 1192 1802 1220 Θαλπιώθ.

1093 1235 1152 1269 ιιηι.
1167 1236 1263 1263 Χίλιοι
1275 1237 1374 1270 θυρεοὶ
1391 1238 1552 1272 κρέμανται
1563 1238 1609 1264 ἐπ’
1623 1238 1722 1265 αὐτόν.

1095 1281 1199 1313 Πάντες
1218 1283 1242 1308 oi
1255 1282 1285 1314 ἐξ
1299 1282 1381 1309 αὑτοῦ
1401 1283 1641 1319 γενεαλογούμενοι
1653 1283 1725 1318 ἅγιοι
1735 1305 1742 1316 ,
1758 1283 1805 1311 καὶ
1817 1283 1846 1316 ἑξ

1059 1320 1097 1351 ὧν
1117 1325 1199 1357 αὐτὸς
1217 1326 1429 1361 γενεαλογεῖται.
1450 1327 1560 1360 Χιλιους
1581 1328 1609 1355 δὲ
1630 1329 1694 1355 ὅταν
1716 1328 1845 1365 ἀκούσῃς.

1060 1371 1098 1407 μὴ
1113 1371 1158 1398 τὸν
1174 1371 1290 1407 ἀριθμὸν
1307 1373 1361 1400 νόει
1379 1373 1475 1408 μόνον,
1492 1373 1560 1401 ἀλλὰ
1576 1375 1623 1401 καὶ
1638 1374 1687 1410 τὴν
1719 1375 1766 1401 τοῦ
1783 1375 1846 1410 ἀρι-

1059 1415 1127 1451 θμοῦ
1139 1416 1305 1453 τελειότητα.

1094 1461 1151 1496 ιιΘ¹.
1166 1462 1265 1491 Πᾶσαι
1276 1464 1401 1498 ,ϐολίδες
1417 1465 1474 1492 τῶν
1486 1465 1632 1493 δυνατῶν.

1093 1508 1215 1542 Βολίδας,
1227 1507 1313 1545 οἶμαι,
1326 1511 1376 1542 τὰς
1390 1511 1503 1547 πράξεις
1515 1511 1568 1538 τῶν
1584 1511 1776 1548 δικαιωμάτων
1789 1512 1848 1549 ὀρί-

1059 1553 1145 1587 ζεται,
1158 1554 1192 1581 δι’
1204 1551 1242 1582 ὧν
1253 1556 1501 1591 κατατοξευόμενος
1514 1557 1528 1583 ό
1541 1556 1636 1592 ἐχθρὸς
1649 1557 1793 1592 βολιςεται.

1096 1611 1135 1638 P'.
1153 1612 1198 1638 Στ.
1215 1615 1245 1640 ε’.
1262 1613 1320 1640 Δύο
1335 1613 1447 1648 μαστοί
1461 1620 1518 1640 σου
1528 1612 1603 1647 ὑπὲρ
1620 1611 1715 1647 οτνον,
1728 1614 1769 1648 ὡς
1791 1614 1848 1642 δύο

1058 1657 1155 1691 νεϐροὶ
1168 1657 1285 1692 δίδυμοι
1296 1657 1449 1692 δορκάδος.

1100 1702 1143 1735 Ὠς
1159 1704 1327 1740 προείρηται,
1345 1704 1442 1740 μαστοὶ
1458 1704 1514 1737 δύο,
1530 1705 1558 1732 αἱ
1579 1704 1626 1732 δύο
1638 1701 1780 1741 Διαθῆκαι.
1803 1706 1847 1738 Ὧς

1058 1749 1105 1776 δύο
1126 1750 1238 1786 νεϐροὺς
1251 1749 1378 1786 διδύμους
1403 1751 1532 1787 δορκάδος
1551 1751 1624 1786 λέγει
1642 1751 1682 1787 (τὸ
1702 1751 1770 1785 ζῶον
1786 1752 1848 1785 ὀξυ-

1058 1795 1173 1831 δερκὲς),
1190 1795 1261 1822 οὕτω
1279 1795 1327 1822 καὶ
1342 1796 1367 1822 οἱ
1382 1795 1432 1831 τὴν
1448 1796 1633 1832 πνευματικὴν
1649 1796 1703 1823 τῶν
1718 1796 1765 1824 δύο
1782 1798 1846 1824 Δια-

1059 1840 1151 1876 θηκῶν
1179 1841 1294 1877 μελέτην
1325 1841 1526 1878 ὲξασκήσαντες
1557 1843 1712 1879 ὀξυδερκεῖς
1743 1844 1782 1876 εις
1813 1843 1847 1870 τὰ

1058 1887 1181 1923 νοήματα
1205 1888 1381 1922 τυγχάνουσι.
1413 1888 1524 1923 Δίδυμοι
1550 1888 1578 1916 δὲ
1606 1889 1697 1925 νεῦροὶ
1721 1889 1845 1924 λέγονται

1058 1934 1197 1970 δορκάδος,
1211 1933 1306 1960 καθότι
1324 1933 1442 1970 διδύμως
1455 1934 1624 1971 καθορῶνται
1636 1934 1689 1962 τῶν
1703 1935 1845 1971 νοημάτων

1058 1980 1085 2006 αἱ
1097 1980 1226 2015 μυστικαὶ
1235 1979 1385 2015 διηγήσεις,
1400 1981 1446 2006 καὶ
1459 1980 1530 2007 κατὰ
1542 1981 1659 2016 γράμμα
1675 1981 1782 2017 ἔχουσαι
1795 1981 1846 2017 τὴν

1057 2025 1209 2059 ὠφέλειαν,
1223 2026 1271 2052 καὶ
1296 2025 1488 2061 πνευματικῶς
1510 2026 1703 2061 εὐφραίνουσαι
1721 2026 1759 2062 (5)
1782 2026 1846 2058 τοὺς

1060 2072 1172 2108 μύστας.

1080 2129 1154 2156 'PA'.
1169 2127 1363 2164 οινεμόμεγοι
1378 2129 1412 2156 ὲν
1425 2129 1547 2163 κρίνοις,
1559 2129 1614 2162 ἕως
1627 2127 1663 2158 οὗ
1677 2129 1845 2166 διαπνεύσῃ

1057 2175 1077 2209 ἢ
1091 2174 1197 2209 ἡμέρα,
1212 2174 1261 2201 καὶ
1275 2174 1439 2208 κινηθίὀσιν
1455 2176 1485 2202 αι
1507 2175 1600 2203 σκιαί.

1093 2219 1231 2256 Νέμονται
1251 2219 1306 2254 γὰρ
1321 2219 1345 2246 οἰ
1361 2219 1476 2246 τοιοῦτοι
1491 2218 1615 2254 καθάπερ
1630 2218 1659 2244 ὲν
1672 2218 1775 2254 κρίνοις
1792 2221 1848 2251 τοῖς

1058 2264 1105 2292 τοῦ
1132 2265 1201 2299 Θεοῦ
1221 2264 1375 2300 ἀνθρώποις
1397 2264 1446 2301 (6),
1466 2265 1519 2297 ἕως
1540 2262 1570 2291 οὗ
1592 2264 1741 2301 διαπνεύσῃ
1763 2265 1780 2300 ἡ
1800 2265 1848 2300 τῆς

1059 2310 1234 2343 ἀναστάσεως
1249 2310 1351 2347 ἡμέρα,
1367 2312 1415 2339 καὶ
1429 2311 1575 2348 κινηθῶσιν
1591 2311 1619 2338 al
1634 2311 1709 2338 σκιαὶ
1723 2311 1769 2338 τοῦ
1790 2310 1848 2346 βίον

1057 2357 1163 2385 τούτου.

1094 2404 1155 2432 PB’.
1172 2405 1217 2432 Στ.
1233 2407 1270 2437 ς’.
1291 2405 1480 2439 Πορεύσομαι
1497 2402 1614 2439 ἐμαυτῷ
1627 2403 1702 2438 πρὸς
1721 2402 1751 2430 τὸ
1777 2403 1847 2437 ὄρος

1057 2449 1114 2483 τῆς
1137 2451 1289 2485 σμύρνης,
1311 2450 1360 2477 καὶ
1380 2449 1456 2485 πρὸς
1470 2449 1525 2478 τὸν
1541 2449 1659 2483 ,ϐουνὸν
1678 2448 1732 2476 τοῦ
1760 2448 1848 2476 Λιϐάν-

1058 2503 1113 2523 νου
1131 2495 1179 2531 (τ).

252 2558 276 2575 ⁵³
293 2558 365 2586 Psal.
381 2559 466 2591 ιςμι.
489 2560 513 2576 ⁸⁸
524 2560 601 2588 Joan.
615 2569 635 2594 ι,
650 2561 694 2589 M.
732 2562 846 2590 “Prov.
867 2571 905 2597 ix,
924 2564 950 2591 ι.
989 2564 1006 2580 ⁶⁴

1058 2564 1107 2591 sal.
1128 2571 1195 2597 cxn,
1204 2565 1230 2597 5,
1247 2563 1272 2592 6.

255 2640 294 2675 (2)
309 2639 355 2667 Sie
368 2640 503 2674 Complut.
519 2640 606 2669 Eclitio
621 2642 706 2670 Vatic.
722 2643 802 2671 habet
815 2645 864 2676 εἰς.

253 2676 292 2715 (5)
304 2676 341 2715 Ita
355 2677 414 2715 eod.
431 2676 525 2715 Mittin.
546 2678 641 2704 ϐίοιοτί
655 2677 684 2705 τὸ
703 2677 731 2705 δὲ
749 2678 961 2715 ᾠκοδομημένος
978 2680 1007 2706 ὲν

215 2709 343 2738 eamme
360 2711 548 2746 ἑρμηνεύεται.

217 2746 291 2793 “(-4)
302 2745 394 2782 Lego:
411 2747 459 2774 καὶ
476 2745 522 2774 τοῦ
534 2747 562 2774 ἐν
577 2746 651 2784 δεξιᾷ
662 2747 758 2784 θρόνου
774 2750 965 2787 καταπλάγηθι
975 2750 1006 2776 τὸ

215 2790 294 2813 υψος.

236 2795 404 2856 _Barl)2
441 2818 641 2856 εὐφραίνονται.
679 2818 773 2848 Vallia.
812 2821 1004 2856 εὐφραίνουσα.

217 2851 361 2888 Emendavi
378 2851 580 2888 εὐφραίνουσαι.

254 2886 293 2923 (6)
327 2886 382 2915 Non
415 2886 503 2923 potest
539 2889 602 2917 ferri
636 2889 692 2918 lmc
725 2889 814 2918 lcrlio.
849 2889 921 2926 Lego
955 2890 1000 2918 λο-

1059 2645 1141 2680 γιοιςο
1158 2649 1185 2672 et
1202 2644 1253 2672 tale
1280 2645 1405 2679 quitltlam
1433 2645 1560 2673 habuisse
1582 2646 1688 2673 videtur
1707 2645 1732 2672 itt
1751 2645 1845 2673 (ἔνιαιρο

1058 2689 1107 2708 suo
1128 2681 1220 2707 codice
1244 2685 1320 2707 vetus
1337 2680 1487 2715 interpres;
1509 2681 1554 2715 qui
1572 2685 1660 2708 tamen
1678 2681 1704 2708 in
1721 2681 1772 2708 hoc
1786 2681 1843 2707 loco

1058 2716 1179 2750 sequitur
1196 2715 1237 2750 (ut.
1251 2721 1323 2750 stupe
1346 2716 1472 2751 deinceps
1493 2715 1568 2752 facit)
1596 2716 1768 2748 sententiam,
1789 2723 1842 2742 non

1057 2752 1149 2778 verba.

1095 2786 1133 2820 (7)
1149 2784 1223 2820 νει·ιί
1240 2789 1268 2811 ιιι
1284 2789 1336 2813 vel.
1355 2786 1498 2820 interpres.
1515 2794 1524 2811 ι
1549 2786 1580 2812 ad
1596 2785 1691 2813 collem
1708 2785 1809 2816 Libani,
1830 2794 1838 2811 ι

1059 2821 1091 2848 ad
1107 2819 1189 2855 ipsius
1204 2819 1325 2848 Philonis
1338 2819 1477 2856 mentem;
1487 2821 1532 2854 qui
1556 2821 1582 2847 in
1598 2821 1776 2856 explicatione
1792 2821 1841 2847 hu-

1054 2856 1100 2891 jus
1114 2862 1217 2892 vcrsus,
1233 2863 1284 2883 non
1300 2856 1395 2890 accipit
1412 2854 1529 2883 Λιϐάνου
1544 2863 1593 2892 pro
1620 2854 1640 2882 ι’
1652 2857 1740 2890 lhttrc,
1758 2865 1768 2883 ι
1795 2856 1842 2883 sed

1055 2899 1104 2926 pro
1126 2900 1134 2918 t
1154 2890 1263 2919 Libano.
1282 2899 1291 2917 ι
