2078 3153
182 157 231 185 137

637 150 835 178 ΙίΝΑΙὶΚΑΤΙΟ
854 150 888 178 1N
908 149 1084 177 CAN'I'ICUM
1104 148 1341 177 CANTICOBUM.

1755 149 1805 174 158

180 210 326 241 καὶταῦτα
352 208 502 244 ποιουμένη
527 207 580 234 ἀπὸ
600 207 646 234 τοῦ
669 208 750 243 νόμου
768 207 904 235 ἀκούουσα
927 207 965 238 τδ,

1032 212 1046 233 ιι
1057 206 1090 233 ab
1104 206 1256 240 Evangeliis
1271 213 1278 232 :
1293 214 1303 231 ι
1318 204 1375 233 Non
1387 203 1480 239 jurare
1495 205 1604 232 omnino
1621 205 1654 231 ".
1675 213 1683 230 ι
1705 204 1737 232 Ει
1750 206 1806 232 inec

183 268 192 284 I
203 258 259 284 Οὐκ
272 256 448 291 ἐπιορκήσεις
458 263 464 270 ·
480 263 489 279 ι
510 254 556 280 καὶ
570 253 625 280 ἀπὸ
639 253 693 280 τῶν
706 253 879 288 Εὑαγγελίων
889 252 969 280 ἀκού⁴

180 312 246 331 ουσα
265 302 304 334 τὺ,
333 311 342 326 ι
355 301 402 335 Μὴ
418 300 518 334 ὀμόσαι
535 299 613 330 ὅλως.
629 308 638 324 ι
662 299 717 325 Καὶ
742 298 828 325 ταῦτα
853 297 972 332 πεφυλα-

180 350 269 385 γμένη
290 347 329 384 τῷ
346 345 478 380 ἀδελφιδῷ
492 345 586 379 αὐτῆς,
605 343 691 370 ταῦτα
714 345 802 379 τηρεῖ,
826 344 893 378 ὅπερ
913 344 972 369 ἐστὶ

181 395 220 430 τῷ
238 394 296 429 ἰδίῳ
320 391 439 428 νυμφίῳ,
464 390 508 417 ἵνα
531 390 575 416 διὰ
600 389 650 424 τῆς
674 391 808 425 ποιήσεως
830 389 884 416 τῶν
897 390 972 416 ὲντο-

182 441 235 468 λῶν
248 440 303 475 (90)
315 439 345 466 τὸ
357 438 444 464 ἔλαιον
456 437 483 463 ὲν
495 437 552 468 τοῖς
565 435 639 467 ἰδίοις
653 435 773 470 ἀγγείοις
785 437 812 463 ὲν
825 435 892 471 τῷδε
906 436 971 469 ἀγο-

186 486 306 520 ράζουσα
317 483 356 518 τῷ
372 482 431 518 βίῳ,
448 481 497 516 τὴν
511 480 640 516 λαμπάδα
655 479 782 515 ἁψαμένη
796 479 844 515 τὴν
862 480 911 515 τῆς
928 479 972 505 πί-

187 537 281 560 στεως,
296 527 334 563 τῷ
347 526 456 562 νυμφίῳ
469 524 644 560 παραφαίνει.
660 524 709 551 Διὰ
723 524 801 551 τοῦτο
820 525 867 550 καὶ
886 525 900 551 ὁ
917 524 972 550 Κύ-

187 584 245 611 ριος
267 575 328 609 περὶ
349 573 403 599 τῶν
420 571 454 599 τά
471 571 571 607 νομικά
591 571 638 598 καὶ
654 570 820 605 εὐαγγελικὰ
853 570 973 606 προστά-

187 628 279 654 γματα
292 619 338 645 τοῦ
346 618 459 653 Κυρίου,
473 617 523 652 τήν
535 625 566 643 τε
573 615 693 643 Παλαιὰν
708 616 754 643 καὶ
767 617 815 650 τὴν
828 615 901 642 Νέαν
912 616 972 642 Δια-

187 666 272 701 θήκην
286 663 460 700 μελετώντων
476 663 522 690 καὶ
538 661 722 698 διηγουμένων
737 663 766 688 ὲν
778 663 832 694 τοῖς
850 661 972 694 Εὺαγγε-

185 712 261 743 λίοις,
276 710 338 737 τάδε
355 709 445 744 λέγει·
469 709 518 736 Διά
530 709 608 736 τοῦτο
623 709 676 740 πᾶς
692 708 872 743 γραμματεὺς
888 706 972 742 μαθη-

1023 252 1179 280 custodiens
1196 251 1318 279 fratrueli
1342 258 1391 279 suo
1413 252 1507 279 eadem
1522 256 1622 283 servat,
1643 251 1668 279 id
1690 256 1740 284 est,
1758 259 1807 279 suo

1023 306 1132 333 sponso,
1151 303 1180 324 ut
1205 305 1252 332 per
1277 297 1480 325 exsecutionem
1501 298 1688 325 mandatorum
1717 297 1806 325 oleum

1024 344 1096 370 vasis
1111 343 1167 370 suis
1180 350 1273 370 eutens
1287 343 1313 370 in
1326 344 1375 370 hae
1388 343 1455 375 vita,
1470 343 1594 376 lampade
1615 342 1675 370 fidei
1693 350 1807 370 accensa

1024 395 1123 423 sponso
1137 388 1162 415 in
1178 395 1350 422 conspectum
1361 388 1452 415 veniat
1464 388 1496 414 “.
1519 387 1664 422 Propterea
1679 387 1809 415 Dominus

1026 435 1060 461 de
1083 433 1118 460 iis
1134 434 1178 468 qui
1198 433 1293 468 legalis
1316 438 1344 460 et
1370 433 1522 467 evangelica
1540 436 1674 468 prmcepta
1690 433 1807 462 Domini.

1026 484 1053 506 et
1084 479 1167 507 Vetus
1194 478 1350 513 Novumque
1380 479 1583 506 Testamentum
1607 478 1770 505 meditantur
1784 483 1810 504 et

1027 529 1166 557 enarrant,
1191 524 1256 552 dicit
1276 525 1302 552 in
1324 523 1488 560 Evangelio:
1509 533 1518 549 ι
1536 524 1596 551 Ideo
1611 524 1700 551 omnis
1721 524 1809 551 scribe

1026 570 1120 598 doctus
1138 569 1164 596 in
1191 576 1274 603 negito
1297 569 1426 596 ctelorum
1452 568 1549 595 similis
1573 573 1615 595 est
1635 568 1747 600 homini,
1764 570 1809 602 qui

1026 615 1130 650 profert
1143 615 1176 642 de
1194 615 1321 642 thesauro
1347 622 1396 642 suo
1411 621 1478 642 nava
1501 618 1529 641 et
1547 618 1638 641 vetera
1661 614 1695 641 “.
1710 623 1719 640 ι
1736 613 1810 641 Nova

1026 661 1146 695 quidem,
1161 668 1222 696 qua:
1245 666 1306 689 sunt
1327 664 1460 695 praecepta
1486 661 1512 687 in
1530 659 1690 694 Evangelio;
1706 664 1811 694 vetera,

1026 713 1084 740 quae
1097 711 1159 733 sunt
1176 705 1299 734 mandata
1318 706 1343 732 in
1357 705 1425 740 lege.

184 759 288 790 τευθεὶς
301 759 341 790 εις
357 758 406 793 τὴν
425 756 562 792 βασιλείαν
575 755 630 782 τῶν
646 754 778 791 οὐρανῶν,
812 755 903 790 ὅμοιός
934 755 1006 780 ἐστιν
1025 753 1161 790 ἀνθρώπῳ
1178 753 1341 789 προφέροντι
1364 753 1396 779 ὲκ
1417 752 1463 780 τοῦ
1484 752 1619 788 θησαυροῦ
1634 753 1716 780 αὑτοῦ
1731 752 1812 780 καινά

185 805 232 832 καὶ
246 804 349 831 παλαιὰ
360 813 367 819 ·
383 813 392 830 ι
410 802 491 830 καινὰ
506 802 565 838 μὲν,
578 802 611 828 τὰ
623 803 650 829 ἐν
666 801 824 836 Εὐαγγελίῳ
837 801 1034 836 προστάγματα
1044 808 1050 815 ·
1069 798 1171 826 παλαιὰ
1185 799 1213 826 δὲ
1239 798 1274 825 τὰ
1302 799 1331 824 ὲν
1350 799 1423 834 νόμῳ
1442 799 1622 834 διατάγματα.

513 850 591 876 ΚΕΦ.
618 849 658 876 H’.

221 897 286 923 EK’.
308 896 354 922 Στ.
374 898 409 922 α’.
434 895 481 927 Τίς
500 894 559 928 δῴη
579 901 633 925 σε,
649 892 790 926 ἁδελφιὸἑ
799 901 868 926 μου,
886 891 975 926 θηλά-

187 942 274 974 ζοντα
289 941 427 977 μαστοὺς
443 942 556 975 μητρός
568 947 646 974 μου;

223 989 337 1023 Μεγάλαι
353 987 402 1015 καὶ
420 986 565 1022 θαυμαστὰ
590 986 729 1021 μυστήρια
741 1005 748 1016 ,
766 985 800 1011 τὰ
816 985 844 1011 ἐν
860 985 892 1019 τῇ
913 984 978 1019 ἁγίᾳ

187 1035 275 1071 ταύτῃ
297 1033 466 1069 ἀποκείμενα
485 1033 595 1067 Γραφῇ·
622 1032 651 1058 οὺ
674 1031 729 1065 γὰρ
753 1027 812 1057 εἶπε
825 1051 832 1063 ,
858 1039 867 1055 ι
888 1029 978 1065 Θηλα-

189 1081 270 1114 ζοντα
291 1080 346 1116 (91)
365 1079 484 1115 μαστούς
503 1088 512 1105 ι
532 1086 594 1114 μου,
612 1077 697 1109 ἀλλὰ,
732 1087 740 1102 ι
759 1075 861 1112 μητρός
880 1084 940 1110 μου.
967 1084 976 1101 ι

190 1127 252 1159 Πῶς
274 1127 328 1161 γὰρ
348 1123 403 1152 οἷόν
423 1125 446 1152 τ’
467 1124 536 1156 ἐστὶ,
557 1124 589 1150 τὸ
609 1122 747 1157 ἀδελφιδὸν
761 1122 845 1156 αὐτῆς
868 1121 979 1156 ἀνδρυν-

191 1172 270 1200 θέντα
291 1171 346 1207 (92)
366 1171 470 1202 λοιπὸν,
487 1170 534 1197 καὶ
549 1168 736 1200 τελειωθέντα,
759 1166 884 1203 θηλάζειν
901 1166 980 1193 πάλιν

192 1219 311 1254 μαστοὺς
327 1217 429 1254 μητρός
442 1226 449 1250 ;
464 1217 500 1243 Τὸ
518 1217 572 1252 γὰρ
588 1215 714 1251 θηλάζειν
733 1215 800 1251 (95),
821 1214 851 1240 οὺ
868 1214 922 1240 τῶν
935 1222 980 1239 τε-

190 1263 280 1297 λείων,
300 1263 367 1290 ἀλλά
388 1262 442 1289 τῶν
466 1261 585 1297 βρεφῶν.
604 1260 686 1294 Λέγει
702 1257 747 1286 οὖν
773 1260 790 1294 ἡ
806 1258 897 1294 νύμφη
915 1258 982 1293 πρὸς

190 1307 237 1335 τὸν
254 1309 379 1344 νυμφίον·
403 1317 412 1334 ‹
430 1307 477 1339 Τίς
489 1307 543 1342 δῴη
561 1315 602 1338 σε,
616 1304 740 1340 ἀδελφιδέ
755 1313 816 1340 μου,
830 1303 982 1338 θηλάξοντα

193 1354 311 1389 μαστοὺς
330 1353 433 1389 μητρός
448 1360 514 1388 pou;
535 1360 543 1376 ι
561 1351 661 1386 Μήτηρ
669 1350 718 1385 τῆς
735 1348 845 1383 νύμφης
856 1348 873 1382 ὴ
889 1347 980 1380 σοφία,

193 1396 333 1430 ἀδελφιδὸς
343 1396 371 1422 δὲ
382 1395 484 1431 ταύτης
496 1396 509 1422 ό
524 1393 624 1428 Κύριος
639 1392 718 1428 ἡμῶν
738 1391 841 1427 Ἰησοῦς
854 1390 980 1425 Χριστὸς,

192 1442 221 1468 ἐν
240 1438 262 1476 ᾧ
285 1441 413 1477 ὲφόρεσεν
442 1440 578 1476 ἀνθρώπῳ
601 1438 674 1474 (94),
698 1438 728 1464 ὃν
752 1438 798 1464 καὶ
819 1436 946 1472 παροῦσα
965 1437 981 1470 ἡ

194 1487 283 1522 σοφία,
298 1487 436 1514 τουτέστιν
452 1487 465 1512 ὁ
482 1485 534 1520 πρὸ
553 1484 658 1511 αὶώνων
672 1483 768 1517 Λόγος,
783 1484 811 1509 ἐν
832 1481 907 1516 αὐτῷ
921 1490 983 1508 συν-

1339 845 1414 872 CAP.
1438 845 1502 872 VIII.

1061 892 1164 920 CCXX.
1189 892 1265 920 Vers.
1288 893 1313 919 Ι.
1334 891 1399 924 Quia
1427 892 1499 918 dabit
1517 897 1549 924 ιε,
1576 888 1709 926 fratruelis
1730 897 1811 924 metu.

1026 943 1157 973 lugentem
1173 937 1253 964 ubera
1269 938 1362 964 matris
1380 937 1463 964 mea!

1063 982 1158 1018 Magna
1178 987 1206 1010 et
1221 982 1355 1010 mirabilia
1378 982 1516 1018 mysteria,
1533 990 1593 1017 quae
1618 983 1733 1018 reposita
1750 989 1813 1011 sunt

1028 1028 1055 1056 in
1078 1029 1128 1057 hac
1142 1033 1235 1056 sancta
1256 1028 1412 1064 Scriptura;
1428 1037 1480 1056 non
1497 1030 1569 1057 enirn
1582 1029 1646 1056 dicit
1661 1038 1668 1056 :
1687 1039 1695 1055 ι
1711 1029 1814 1065 Sugen-

1029 1079 1082 1102 tem
1097 1075 1179 1102 ubera
1194 1083 1203 1100 ι
1216 1083 1284 1106 mea,
1302 1075 1348 1102 sed
1358 1084 1368 1101 ι
1380 1075 1475 1102 matris
1487 1082 1579 1102 mete.»
1600 1075 1739 1108 Quomodo
1751 1083 1815 1103 vero

1030 1120 1089 1148 fieri
1108 1125 1197 1155 potest
1216 1126 1246 1148 ut
1261 1121 1397 1149 fratruelis
1418 1121 1475 1155 ejus
1491 1121 1535 1156 qui
1550 1121 1604 1156 jam
1617 1122 1643 1148 in
1657 1121 1743 1148 virum
1757 1127 1815 1148 tan-

1030 1167 1090 1194 dem
1116 1166 1275 1199 adoleverit,
1301 1171 1328 1194 et
1352 1168 1383 1194 ad
1406 1167 1554 1202 perfectam
1578 1168 1683 1195 venerit
1699 1172 1815 1200 aetatem,

1031 1219 1124 1240 rursus
1138 1217 1216 1248 sugat
1240 1213 1324 1240 ubera
1345 1213 1458 1240 matris?
1475 1213 1579 1249 Sugere
1602 1213 1674 1241 enim
1696 1221 1748 1241 non
1773 1220 1817 1242 est

1032 1259 1194 1291 adulterum,
1223 1259 1269 1286 sed
1295 1259 1448 1287 infantium.
1478 1260 1523 1286 Ait
1547 1259 1628 1294 igitur
1655 1266 1755 1294 sponsa
1785 1261 1817 1287 ad

1030 1311 1158 1339 sponsum
1174 1311 1182 1331 ε
1200 1313 1209 1329 ί
1221 1304 1286 1337 Quis
1303 1305 1347 1332 det
1362 1310 1397 1337 te,
1413 1305 1548 1332 fratruelis
1571 1312 1654 1336 meus,
1679 1310 1817 1339 surgentem

1033 1349 1114 1377 ubera
1130 1350 1224 1377 matris
1247 1350 1332 1377 meas?
1343 1359 1353 1376 ι
1380 1350 1465 1377 Mater
1481 1358 1586 1384 sponsas
1601 1354 1644 1376 est
1666 1349 1817 1384 Sapientia;

1033 1394 1170 1422 fratruelis
1183 1402 1246 1422 vero
1267 1395 1324 1429 ejus
1339 1395 1466 1422 Dominus
1484 1400 1577 1422 noster
1592 1395 1669 1422 Jesus
1683 1395 1817 1428 Christus,

1034 1439 1129 1475 inquo
1152 1440 1268 1474 gestavit
1291 1439 1439 1473 hominem,
1464 1447 1542 1474 quem
1566 1439 1703 1475 Sapientia
1721 1441 1753 1467 ad
1771 1447 1818 1467 nos

1035 1485 1155 1521 delapsa,
1171 1487 1220 1514 hoc
1234 1491 1276 1514 est
1290 1486 1407 1514 Verbum
1422 1487 1492 1521 quod
1508 1491 1549 1513 est
1562 1491 1623 1513 ante
1639 1487 1745 1520 saecula,
1758 1494 1819 1514 cum

194 1534 343 1570 εκεράσατο
361 1533 429 1569 (95).
458 1533 541 1559 Ὅταν
567 1529 613 1558 οὖν
639 1531 680 1562 είς
702 1529 765 1560 τοὺς
787 1528 979 1563 νεοφωτίστους

1034 1531 1122 1566 seipso
1135 1532 1317 1559 commiscuit.
1342 1531 1407 1558 Cum
1435 1531 1518 1567 igitur
1537 1532 1661 1559 Christus
1684 1532 1709 1558 in
1727 1540 1820 1560 recent.I

195 1579 348 1616 μορφωθεὶς
361 1579 416 1615 (96)
428 1579 442 1605 ὁ
452 1577 580 1613 Χριστὸς,
593 1576 638 1603 καὶ
649 1577 690 1607 εις
702 1575 737 1602 τὰ
751 1574 880 1610 ὰρτιγενῆ
894 1573 982 1609 βρέφη

194 1627 244 1662 τῆς
264 1624 438 1660 Ἐκκλησίας,
448 1624 481 1650 δι’
496 1623 608 1650 ἐκείνων
621 1621 701 1654 αὐτὸς
713 1622 727 1648 ὁ
740 1619 857 1656 Χριστὸς
872 1619 982 1655 θηλάζει

194 1672 257 1703 τοὺς
282 1671 409 1706 μαστοὺς,
432 1669 555 1695 τουτέστι
573 1667 622 1699 τὰς
644 1667 690 1694 δύο
709 1667 862 1703 Διαθήκας,
886 1667 931 1701 ἀφ’
946 1663 984 1693 ὦν

195 1716 226 1743 τὸ
240 1715 299 1751 μέλι
313 1714 360 1741 καὶ
376 1714 406 1740 τὸ
422 1713 492 1748 γάλα
511 1714 553 1748 ρεἰ
567 1713 622 1744 τοῖς
638 1712 840 1748 ἀρτιγεννήτοις
855 1711 983 1744 παιδίοις,

194 1762 252 1792 τοῖς
266 1760 298 1786 δι’
319 1760 413 1791 ὕδατος
435 1759 482 1785 καὶ
501 1757 660 1792 Πνεύματος
671 1756 914 1792 ἀναγεννωμένοις,
936 1755 984 1783 καὶ

195 1808 245 1844 τὴν
265 1806 381 1834 ἀκακίαν
402 1804 455 1833 ἀπὸ
472 1805 521 1840 τῆς
535 1804 657 1835 Παλαιᾶς
673 1803 720 1830 καὶ
737 1803 791 1830 ἀπὸ
812 1803 862 1837 τῆς
878 1802 983 1837 Καινῆς

197 1853 344 1889 θηλάζονσι
355 1861 361 1868 ”
377 1851 512 1887 Ζαχαρίου
531 1850 580 1885 μὲν
597 1849 720 1884 λέγοντος
732 1857 739 1864 ·
759 1858 767 1873 ι
784 1849 918 1880 ’Ἕκαστος
936 1847 985 1883 τὴν

199 1897 296 1924 κακίαν
316 1895 362 1922 τοῦ
377 1895 489 1931 πλησίον
503 1894 559 1928 (97)
579 1893 616 1929 μὴ
637 1892 787 1927 λογιζέσθω
807 1892 863 1928 (98)
880 1894 908 1919 ὲν
927 1894 984 1924 ταῖς

197 1943 321 1978 καῴίαις
336 1941 425 1977 ὑμῶν·
448 1937 457 1966 ἰ
474 1941 522 1967 καὶ
535 1940 615 1967 πάλιν
638 1939 749 1966 Ἡσαΐου
765 1938 894 1974 βοῶντος·
914 1947 923 1964 ι
941 1938 986 1966 Εἲ-

198 1995 266 2014 πατε
286 1987 341 2023 (99)
357 1988 412 2019 τοῖς
444 1986 568 2021 μισοῦσιν
597 1985 681 2020 ὑμᾶς,
703 1985 813 2019 ἀδελφοὶ
830 1985 918 2020 ἡμῶν,
938 1985 984 2011 καὶ

198 2034 255 2064 τοῖς
272 2032 516 2068 βδελυσσομένοις.»
529 2031 583 2058 Καὶ
594 2030 674 2057 πάλιν
681 2029 733 2057 ἀπὸ
746 2030 800 2057 τῶν
815 2030 986 2064 Εὑαγγελίων

200 2077 361 2113 θηλάζουσιν
384 2077 439 2105 ἀπὸ
460 2076 506 2103 τοῦ
531 2075 633 2112 μαστοῦ
655 2076 704 2111 τῆς
724 2076 829 2111 Καινῆς
849 2076 986 2111 Διαθὴκης

199 2124 287 2150 ἐκεῖνο
297 2123 326 2150 τὸ
335 2123 386 2158 τῆς
395 2122 512 2152 ἁκακίας
527 2122 559 2156 ρῆ
564 2128 611 2156 μα·
625 2130 634 2146 ι
653 2121 790 2154 Ἀγαπᾶτε
802 2121 864 2152 τοὺς
873 2120 987 2156 ἐχθροὺς

200 2169 292 2205 ὑμῶν·
315 2168 406 2200 καλῶς
421 2168 522 2194 ποιεῖτε
535 2167 591 2198 τοῖς
611 2165 735 2202 μισοῦσιν
751 2166 834 2201 ὑμᾶς,
849 2166 896 2193 καὶ
911 2166 987 2202 εὗχε-

1037 1577 1192 1605 illuminatis
1213 1577 1344 1605 formatus
1367 1577 1412 1610 sit,
1431 1578 1501 1605 et'in
1527 1585 1612 1613 nuper
1625 1578 1694 1604 iratis
1709 1578 1819 1605 infanti-

1035 1623 1086 1650 bus
1099 1622 1241 1655 Ecclesiae;
1265 1631 1313 1658 per
1330 1623 1390 1651 illos
1410 1623 1467 1659 ipse
1479 1623 1604 1651 Christus
1629 1624 1699 1658 sugit
1726 1625 1820 1656 ubera,

1036 1669 1087 1696 hoc
1099 1675 1142 1696 est
1155 1670 1206 1697 duo
1219 1669 1403 1703 Testamenta,
1417 1678 1450 1698 ex
1465 1670 1563 1706 quibus
1576 1671 1626 1699 mel
1639 1676 1666 1698 et
1681 1671 1723 1698 lac
1739 1670 1821 1697 fluunt

1036 1714 1101 1749 ipsis
1116 1722 1200 1749 nuper
1214 1715 1312 1749 genitis
1326 1715 1398 1748 filiis,
1417 1715 1462 1750 qui
1480 1723 1527 1750 per
1542 1723 1639 1750 aquam
1651 1721 1678 1743 et
1691 1715 1822 1751 Spiritum

1037 1761 1188 1795 regenerati
1211 1766 1284 1793 sunt,
1301 1767 1329 1788 et
1343 1761 1523 1789 innocentiam
1545 1768 1561 1789 e
1586 1761 1676 1789 Veteri
1702 1767 1729 1789 et
1750 1761 1823 1789 Novo

1037 1804 1210 1833 Testamento
1225 1810 1342 1840 sugunt;
1357 1805 1488 1833 Zacharia
1505 1805 1632 1834 dicente:
1648 1815 1659 1832 ‹
1675 1806 1826 1840 Unusquis-

1038 1858 1091 1885 que
1123 1851 1254 1878 malitiam
1284 1851 1400 1886 proximi
1433 1859 1485 1879 non
1512 1852 1614 1886 cogitet
1641 1852 1667 1879 in
1695 1853 1823 1880 cordibus

1037 1895 1136 1923 vestris
1151 1896 1188 1928 “;
1204 1905 1212 1922 ι
1226 1900 1252 1923 et
1266 1904 1360 1923 rursus
1371 1896 1506 1924 clamante
1518 1897 1585 1924 Isaia
1602 1904 1609 1924 :
1626 1906 1636 1922 r
1650 1896 1744 1930 Dicite,
1770 1897 1824 1924 fra-

1038 1945 1093 1969 tres
1107 1942 1204 1975 nostri,
1220 1942 1253 1969 iis
1265 1942 1310 1976 qui
1322 1942 1437 1969 oderunt
1448 1949 1496 1969 vos
1507 1947 1535 1969 et
1554 1942 1745 1970 abominantur
1761 1942 1794 1969 ".
1811 1952 1820 1968 ι

1038 1986 1072 2014 Et
1097 1993 1190 2014 rursus
1216 1995 1249 2014 ex
1279 1987 1424 2022 Evangelio
1463 1992 1562 2023 sugunt
1586 1989 1620 2016 ab
1645 1988 1730 2016 ubere
1757 1988 1823 2015 Novi

1038 2031 1204 2060 Testamenti
1235 2032 1299 2060 illud
1338 2033 1500 2060 innocentia:
1531 2033 1643 2061 verbum
1665 2042 1672 2060 :
1695 2042 1704 2058 ι
1721 2033 1826 2068 Diligite

1040 2078 1163 2105 inimicos
1177 2083 1293 2110 vestros,
1311 2078 1461 2106 benefacite
1481 2080 1516 2107 iis
1534 2080 1578 2114 qui
1591 2080 1706 2107 oderunt
1721 2087 1779 2113 vos,
1798 2084 1825 2107 et

1039 2127 1116 2151 orate
1138 2131 1186 2158 pro
1207 2124 1431 2160 persequentibus
1456 2132 1503 2153 vus
1519 2126 1552 2152 “.
1565 2135 1574 2152 ι
1599 2125 1637 2153 Ex
1657 2126 1718 2153 divo
1737 2131 1826 2153 autem

1041 2169 1123 2196 Paulo
1144 2169 1246 2198 dictum
1265 2170 1329 2198 illud
1346 2180 1353 2198 :
1373 2181 1382 2197 ι
1395 2170 1463 2198 Nulli
1488 2171 1587 2199 malum
1607 2179 1656 2206 pro
1679 2171 1749 2199 malo
1767 2172 1826 2199 red-

201 2200 248 2241 σθε
263 2215 332 2251 ὑπὲρ
344 2214 397 2240 τῶν
412 2200 634 2241 καταδιωκόντιον
649 2212 732 2248 ὑμᾶς.
752 2222 761 2238 ι
771 2200 775 2201 7
786 2211 852 2239 Ἀπὸ
869 2212 897 2239 δὲ
913 2200 979 2240 Παύα

1041 2215 1146 2249 dentes,
1160 2215 1205 2243 sed
1219 2223 1326 2251 semper
1337 2217 1436 2244 bonum
1451 2217 1483 2244 ".
1501 2227 1510 2242 ι

200 2259 246 2285 λου
268 2258 315 2286 τοῦ
338 2258 487 2285 ἀποστόλου
512 2257 543 2283 τὸ
562 2256 726 2292 λεγόμενον·
754 2266 763 2282 ι
783 2257 884 2292 Μηδενὶ
902 2258 988 2284 κακὸν

200 2306 261 2332 ἀντὶ
273 2305 359 2332 κακοῦ
375 2304 555 2336 ἀποδιδόντες,
569 2303 637 2330 ἀλλὰ
654 2303 772 2330 πάντοτε
797 2303 828 2329 τὸ
845 2303 957 2337 ἀγαθόν.
976 2313 985 2328 ι

238 2352 323 2379 ΣΚΔ¹.
346 2350 487 2386 Εὐροῦσά
500 2358 536 2377 σε
552 2351 620 2383 ἔξω,
632 2349 752 2386 φιλήσω
767 2357 813 2384 σε,
828 2351 878 2377 καί
891 2359 924 2385 γε
934 2352 990 2378 οὐκ

200 2397 441 2430 ὲξουδενώσουσι
457 2405 495 2432 με
513 2397 561 2433 (1).

239 2442 311 2475 ’Ἐξω
325 2442 375 2478 τῆς
399 2442 576 2478 Ἰερουσαλὴμ
591 2442 767 2478 ἐσταύρωσαν
782 2443 830 2469 τὺν
853 2442 970 2478 Χριστόν
982 2449 988 2458 ⁸

1079 2351 1193 2380 CCXXI.
1208 2352 1345 2380 lucentem
1363 2357 1387 2380 te
1402 2352 1467 2387 foris
1480 2353 1618 2380 osculabar
1634 2358 1674 2384 te;
1689 2358 1712 2380 et
1726 2355 1831 2388 quidam

1044 2405 1095 2423 non
1110 2398 1250 2431 despicient
1266 2406 1316 2425 me.

1081 2443 1162 2471 Extra
1187 2444 1353 2473 Hierusalem
1377 2444 1573 2473 crucifixerunt
1601 2444 1739 2472 Christum
1757 2453 1763 2470 :
1780 2449 1837 2478 per

236 2501 361 2540 "ﬂatur.
376 2510 402 2540 Υ,
413 2503 457 2530 54.
489 2503 511 2519 ⁶⁰
523 2502 619 2540 Matth.
638 2511 720 2537 xxxv,
735 2503 747 2530 1
763 2510 822 2538 sqq.
863 2504 884 2519 “
901 2503 979 2532 Matth

1032 2513 1072 2538 Ill,
1086 2504 1130 2533 52.
1170 2506 1191 2521 "
1206 2506 1288 2534 Zach.
1307 2514 1367 2539 vm,
1383 2507 1426 2534 17.
1465 2506 1487 2522 ⁸⁸
1510 2506 1562 2534 lsa.
1576 2513 1647 2540 vat,
1662 2505 1688 2533 5.
1729 2505 1751 2521 "
1765 2504 1836 2534 Lu'r:

202 2544 238 2570 vr,
255 2537 300 2564 27.
339 2537 361 2553 ⁸⁵
372 2538 452 2565 Rom.
466 2546 516 2572 xtl,
530 2538 576 2565 17.

237 2595 293 2629 (90)
313 2594 357 2622 Sic
367 2593 541 2629 Mutinensis:
552 2597 665 2629 atmeus
674 2599 700 2621 et
709 2593 788 2620 Barb.
799 2593 849 2628 τῆς
864 2592 985 2628 ἐντολῆς.

237 2628 292 2664 (91')
310 2629 419 2657 Barber.
437 2628 573 2664 θηλάζειν.
590 2628 686 2664 Mutin.
701 2628 863 2664 θηλάςοντα.

236 2665 292 2701 (92)
311 2664 531 2701 'Arépprﬁérta.
546 2663 583 2701 lt_a
597 2663 693 2701 Mutin.
707 2663 987 2701 fAVSpLYOév-rajiarb.

201 2707 227 2728 et
239 2697 317 2727 incus
328 2709 334 2731 ;
348 2697 417 2726 male
428 2705 549 2732 uterque.
562 2699 643 2726 Recta
652 2698 732 2726 lectio
743 2697 786 2726 est
799 2697 987 2733 ἀνδρισθέντα,

201 2742 228 2763 et
238 2735 333 2761 melior
347 2734 461 2760 fortasse
475 2733 656 2769 ἀνδρωθέντα.

238 2770 293 2833 (95)
312 2769 404 2796 Mutin.
422 2767 548 2803 θηλάζειν
563 2769 643 2795 πάλιν
655 2768 686 2794 οὐ
705 2767 759 2795 τῶν
774 2767 830 2794 τελ.

248 2805 295 2833 9-H
316 2804 379 2833 Lex.
395 2803 546 2833 ἄνθρωπον.

248 2805 295 2836 94)
316 2804 379 2837 Leg.
395 2803 546 2838 ἄνθρωπον.

1042 2600 1090 2628 pra
1109 2593 1323 2628 observavimus.

1077 2628 1133 2663 (97)
1151 2626 1237 2656 Vatic.
1249 2629 1362 2664 πλησίον
1377 2627 1470 2657 αὐτοῦ.

1079 2664 1135 2699 (98)
1154 2664 1411 2701 γοιῇοηλογζςεσθε·
1427 2669 1454 2692 et
1467 2665 1507 2693 sic
1521 2666 1675 2701 legendum.
1696 2667 1779 2696 Vetus
1795 2669 1834 2693 iu-

1043 2703 1147 2733 lerpres
1161 2699 1225 2734 legit
1245 2698 1404 2733 λογιζέσθω,
1431 2709 1440 2725 ι
1462 2698 1582 2734 ιὀριιιοῖς
1601 2711 1610 2727 ι
1638 2702 1685 2728 sed
1712 2705 1791 2730 vertit
1806 2705 1834 2729 ὲν

1043 2735 1102 2770 ταῖς
1116 2734 1240 2769 καρδίαις
1256 2735 1373 2770 optim,th
1394 2737 1418 2762 iu
1436 2735 1563 2763 cordibus
1577 2737 1643 2764 suis.
1663 2746 1672 2762 ι

1079 2769 1135 2804 (99)
1153 2769 1311 2797 Perturhzite
1324 2769 1436 2797 aﬂ‘ertur
1462 2771 1506 2798 hic
1523 2771 1596 2798 Isaiae
1628 2772 1713 2803 locus,
1740 2773 1779 2799 sic
1794 2772 1832 2797 le-

1041 2804 1164 2842 gendus;
1184 2804 1297 2842 Εἴπατε,
1329 2804 1438 2840 ἀδελφοὶ
1453 2805 1608 2841 ἡμῶν,τοϊς
1625 2807 1749 2842 μισοῦσιν
1761 2805 1832 2842 ὑμᾶς

240 2840 295 2873 (95)
313 2840 350 2865 lla
363 2837 456 2866 Mittin;
478 2839 589 2874 Mcusiet
601 2837 713 2874 Barher,
729 2837 909 2874 ouvsxépat-ro,
923 2873 928 2874 γ

1044 2837 1089 2864 καὶ
1107 2838 1338 2874 βδελυσσομένοις.

241 2874 295 2910 (96)
314 2874 382 2908 Lege
401 2873 541 2909 μορφωθῇ.
557 2873 665 2900 Paulina
689 2873 806 2907 phrasis,
825 2877 852 2899 ut
868 2873 929 2900 alibi
945 2879 989 2899 su-
1080 2875 1118 2907 (t)
1139 2874 1183 2901 Sec
1196 2878 1254 2901 cod.
1273 2877 1353 2902 etiam
1365 2875 1439 2903 Alex.
1456 2876 1542 2903 Editio
1564 2877 1623 2903 Vat.
1641 2878 1720 2904 habet
1742 2884 1796 2911 pm.

366 2921 499 2950 Ριιτιιοι⁴
524 2920 583 2950 (in.
609 2919 673 2950 XL.
1660 2923 1673 2950 Ξ

1661 2935 1677 2952 Ζ)
