2078 3153
203 180 254 208 155

659 178 858 207 ENARRATIO
874 178 905 206 1N
922 178 1101 207 CANTICUM
1118 178 1354 208 CANTICORUM.

1778 180 1828 207 154

235 236 334 266 Τοῦτον
352 234 408 272 (58)
423 235 469 264 τὸν
481 237 635 265 τελευταῖον
647 238 726 272 λόγον
740 236 817 275 οἶμαι
835 239 902 276 πρὸς
920 239 989 266 πάν-

1076 240 1216 267 Postremo
1232 238 1290 266 ltazc
1300 238 1381 265 verba
1398 236 1515 264 arbitror
1531 243 1545 264 a
1558 236 1669 265 Christo
1684 237 1754 264 dicta
1767 245 1828 264 esse

201 293 248 317 τας
265 284 376 316 πιστοὺς
390 283 443 311 ὑπὸ
451 283 498 310 τοῦ
511 283 610 319 Κυρίου
625 283 749 319 λελέχθαι
760 286 807 313 καὶ
822 285 875 312 ὑπὸ
886 285 988 320 ταύτης

201 331 279 364 ἁγίας
304 329 478 366 Ἐκκλησίας.
499 329 536 356 Τὸ
553 329 628 364 γοῦν,
646 339 655 356 ι
673 330 756 365 Φύγε,
777 331 900 366 ἀδελφιδὲ
927 339 988 366 μου,

201 377 246 404 καὶ
262 375 410 412 ὁμοιώθητι
424 377 456 412 τῇ
471 375 598 412 δορκάδι,
615 376 632 411 ἢ
643 375 683 412 τῷ
698 376 788 413 νεὸρῷ
806 377 860 404 τῶν
880 377 989 412 ὲλάφων

201 422 246 448 ἐπὶ
264 422 314 458 ὅρη
330 421 517 457 κοιλωμάτων,
538 430 548 447 ι
566 421 645 448 τοῦτο
658 419 735 457 οἶμαι
749 422 853 457 λέγειν,
878 423 922 449 ἵνα
937 423 990 454 πᾶς

201 476 243 498 τις
263 465 370 494 ἀκούων
391 465 486 501 φεύγει
508 466 558 502 μὲν
579 466 629 502 τὴν
646 467 795 503 ἁμαρτίαν,
813 467 885 495 κατὰ
900 468 931 494 τὺ
945 476 991 502 γε-

203 511 376 548 γραμμένον·
391 521 400 537 ι
419 511 462 544 Ὠς
477 511 532 539 ἀπὸ
543 512 690 548 προσώπου
707 512 794 548 ὄφεως
804 513 888 548 φεῦγε
900 513 991 548 ἁμαρ-

205 558 265 584 τίαν
275 566 298 584 ἰ
315 557 471 593 ὁμοιοῦσθαι
484 557 513 584 δὲ
528 558 633 585 κελεύει
644 558 679 594 τῆ
691 558 811 595 δορκάδι,
828 559 871 585 ἵνα
882 558 958 590 όξυδε
965 567 992 594 ρ-

206 605 253 636 κὲς
267 604 297 630 τὸ
316 603 362 630 τοῦ
379 603 439 636 νοὸς
456 604 534 640 ὄμμα
557 605 725 640 κεκτημένος
745 605 814 640 πρὸς
828 605 858 631 τὸ
877 605 914 640 μὴ
940 605 993 631 ὑπὸ

205 650 372 686 θηρευόντων
388 649 730 685 παγιδευθῆναιδύνασθαι.
746 649 850 685 Δορκὰς
865 649 919 685 γὰρ
934 649 994 682 ὀξυ-

203 696 300 732 δερκὲς
312 696 359 724 καὶ
371 695 429 728 ὀξεῖ
440 695 479 732 τῷ
493 696 586 732 δρόμῳ
601 696 631 723 τὸ
647 696 716 728 ζῶόν
728 697 813 723 ἐστιν.
829 697 887 723 Ἵνα
900 693 945 723 οὖν
956 695 994 731 τῷ

204 743 327 777 ὁξυτάτῳ
346 742 438 778 δρόμῳ
455 743 506 778 τῆς
530 742 669 778 ἁμαρτίας
691 743 724 770 ὲκ
742 742 842 778 φυγῆς,
859 743 922 769 ὅταν
938 742 994 777 (59)

206 789 351 823 σωτηρίων
364 788 540 823 διδαγμάτων
560 789 713 824 ἀκροατὴς,
737 788 784 816 καὶ
805 788 944 824 ὀξυδερκεί
958 787 996 823 τῷ

206 833 244 869 νῷ
258 834 306 865 τὰς
318 833 366 860 τοῦ
381 833 517 870 Θηρευτοῦ
533 834 650 868 παγίδας
663 834 768 869 βλέποι,
782 834 830 861 καὶ
844 835 894 861 ὑπε
900 841 996 869 ρακον-

206 879 275 912 τίζοι
289 879 339 915 τὴν
356 879 440 915 αὐτὴν
458 879 576 907 διάνοιαν
590 879 637 906 ἐπὶ
649 879 683 906 τὰ
696 879 746 915 ὅρη
762 879 816 906 τῶν
831 878 995 915 ἀρωμάτων,

207 926 224 960 ἢ
236 924 290 952 τῶν
307 925 494 961 κοιλωμάτων,
507 926 577 961 ὅπερ
594 926 680 958 ἐστὶν,
694 925 740 952 ἐπὶ
758 924 792 951 τὰ
812 925 930 960 ὑψιπετῆ
944 924 999 951 τῶν

208 970 322 998 δικαίων
338 970 440 1007 μεγέθη
451 979 457 986 ·
472 971 526 1003 ἵνα,
544 971 569 997 el
588 970 638 1006 μὲν
656 971 759 1005 παγίδα
779 971 940 1007 προτίθησιν
957 970 1000 997 διὰ

209 1017 340 1053 γυναικὸς
358 1017 495 1053 σαρκικῆς
516 1016 665 1053 ἐπιθυμίας
687 1018 702 1044 ὁ
728 1017 847 1052 πονηρὸς
871 1016 938 1052 (60),
955 1016 1001 1042 ἐπὶ

210 1065 244 1090 τὰ
260 1063 314 1099 ῦψη
330 1071 372 1095 τις
393 1063 521 1099 ἀνατείνῃ
541 1062 586 1089 τὸν
606 1061 669 1089 νοῦν
681 1062 730 1098 τῆς
750 1061 928 1098 σωφροσύνης
953 1059 1000 1087 τοῦ

216 1110 330 1145 Ἰωσήφ·
338 1109 362 1135 εί
380 1109 408 1136 δὲ
419 1108 517 1139 κακίας
525 1108 655 1144 ἐπεγείρῃ
667 1107 763 1143 θυμὸν,
774 1107 821 1134 ὲπὶ
827 1107 857 1134 τὸ
870 1106 1002 1142 ὑψιπτὲς

212 1155 261 1191 τῆς
275 1155 392 1185 ἀκακίας
403 1153 551 1188 ἀποὸλὲψοι
566 1153 617 1188 τῆς
632 1153 680 1179 τοῦ
693 1152 785 1184 Δαὸὶδ,
798 1152 828 1184 ὃς
839 1152 884 1178 τὸν
896 1153 1002 1178 κτεῖναι

213 1201 324 1228 θέλοντα
345 1201 395 1227 οὑκ
413 1199 537 1236 ἠμύνατο
559 1198 656 1226 Σαούλ.
673 1199 743 1234 Ὄρη
757 1198 811 1234 γὰρ
826 1197 1004 1234 κοιλωμάτων

214 1247 361 1282 κέκληνται
375 1247 400 1273 ol.
415 1245 498 1280 ἅγιοι,
512 1245 556 1271 ἵνα
572 1244 621 1272 καὶ
632 1245 663 1271 τὸ
679 1244 746 1280 ὕψος
759 1246 809 1280 τῆς
830 1242 1004 1278 δικαιοσύνης

215 1294 305 1322 αὐτῶν
316 1293 361 1321 διὰ
374 1293 428 1319 τῶν
443 1291 620 1327 κοιλωμάτων
640 1291 774 1327 κηρυχθῇ.
791 1290 828 1317 Τὺ
842 1289 897 1325 γὰρ
909 1289 1005 1316 κοίλω-

218 1348 266 1374 μα,
282 1337 410 1365 ταπεινόν
420 1346 427 1352 ·
442 1337 473 1363 τὸ
499 1336 528 1363 δὲ
546 1335 619 1372 ὅρος,
632 1336 744 1372 ὑψηλόν.
756 1334 843 1362 Τοῦτο
869 1334 923 1370 γὰρ
948 1335 1005 1365 τοῖς

216 1384 331 1416 δικαίοις
340 1383 495 1419 πρόσεστιν·
502 1383 531 1409 ὲν
540 1382 602 1416 ὕψει
609 1381 783 1416 δικαιοσύνης
792 1379 941 1415 κεκτῆσθαι
949 1379 1005 1413 (61)

217 1432 265 1458 καὶ
279 1430 309 1457 τὸ
322 1429 444 1465 κοίλωμα
465 1428 516 1464 τῆς
537 1426 799 1462 ταπεινοφροσύνης.
825 1425 871 1461 Τῷ
892 1425 920 1452 δὲ
947 1424 1007 1461 Θεῷ

218 1479 235 1513 ἡ
240 1477 297 1513 μῶν
305 1477 369 1510 δόξα
387 1476 426 1507 είς
437 1475 500 1506 τοὺς
515 1473 618 1505 αίῶνας
632 1472 686 1499 τῶν
700 1472 817 1500 αἰώνων.
838 1472 936 1507 Ἀμήν.

264 1545 274 1560 ⁶
288 1544 372 1572 Eccli.
387 1550 443 1574 XXI,
456 1541 484 1570 '2.

1041 286 1074 313 ad
1089 293 1183 313 omnes
1199 284 1301 316 ﬁdeles,
1318 287 1346 311 et
1362 283 1396 310 ab
1415 283 1467 311 hac
1494 287 1589 311 sancta
1615 282 1746 310 Ecclesia.
1762 282 1829 310 illud

1040 332 1132 368 igitur,
1144 341 1153 358 ι
1168 331 1252 366 Fuge,
1266 330 1402 358 fratruelis
1417 337 1504 363 meus,
1518 334 1544 357 et
1561 330 1713 358 assimilare
1725 337 1831 365 capreae

1041 383 1088 407 aut
1101 378 1213 406 hinnulo
1223 385 1367 406 cervorum
1384 377 1417 404 ad
1432 381 1538 404 montes
1554 376 1682 411 vallium,
1696 386 1705 402 ι
1724 377 1759 404 ob
1771 384 1831 404 eam

1042 425 1173 452 rationem
1183 429 1247 460 puto
1261 424 1362 456 dicere,
1376 428 1406 450 ut
1418 423 1463 458 qui
1474 423 1558 454 audit,
1577 422 1661 458 fugiat
1674 427 1827 456 peccatum,

1039 472 1114 506 juxta
1130 470 1200 505 quod
1220 470 1350 506 scriptum
1362 474 1404 497 est
1422 478 1429 496 :
1454 478 1463 495 ι
1482 469 1621 504 Tanquam
1636 476 1650 496 a
1666 468 1736 496 facie
1755 468 1832 495 colu-

1042 517 1083 545 bri
1099 516 1161 551 fuge
1179 520 1319 551 peccatum
1333 515 1355 544 ⁸.
1371 525 1381 542 ι
1396 515 1545 543 Assimilari
1576 519 1664 542 autem
1684 514 1760 549 jubet
1784 522 1832 541 ca-

1043 570 1123 598 preae,
1137 566 1166 589 ut
1178 565 1286 589 acutum
1299 561 1397 588 mentis
1413 560 1520 588 oculnnt
1535 560 1642 592 habeat,
1657 568 1690 587 ne
1705 560 1788 595 possit
1800 560 1826 587 in

1043 609 1133 644 plures
1144 615 1236 635 casses
1248 612 1406 634 venatorum
1421 606 1549 633 incidere.
1566 606 1667 640 Caprea
1682 606 1752 633 enim
1766 613 1829 632 acu—

1045 659 1101 681 tum
1117 653 1217 685 cernit,
1232 657 1259 680 et
1270 652 1440 680 celerrimum
1457 651 1557 679 animal
1570 657 1623 679 est.
1637 651 1673 679 Ut
1688 651 1768 685 igitur
1785 659 1833 678 ve-

1045 700 1181 728 locissimo
1191 707 1272 728 cursu
1289 707 1304 727 a
1323 703 1436 733 peccato
1448 698 1579 733 aufugiat,
1598 697 1743 724 assimilari
1761 697 1834 732 jubet

1045 753 1169 780 capreae;
1191 753 1251 772 cum
1273 745 1431 773 salutarium
1455 748 1650 779 przcceptorum
1678 743 1784 770 auditor
1807 747 1833 769 ct

1046 796 1126 819 acuto
1156 791 1254 819 mentis
1268 790 1327 818 visu
1343 791 1480 817 venatoris
1494 789 1578 816 cernit
1593 788 1685 823 plagas
1696 808 1703 820 ,
1725 793 1749 815 et
1766 787 1838 814 velut

1047 838 1163 873 iaculum
1183 845 1291 865 sursum
1311 836 1409 864 attollit
1428 837 1547 863 animum
1563 835 1595 862 ad
1611 840 1716 862 montes
1732 842 1839 862 aroma-

1050 888 1106 910 tum
1124 882 1166 910 vel
1181 882 1288 910 vallium
1299 902 1308 914 ,
1319 883 1346 910 id
1359 886 1400 910 est
1413 902 1420 914 ,
1440 881 1472 908 ad
1491 880 1612 908 excelsas
1624 880 1759 915 justorum
1776 879 1839 906 alti-

1015 919 1035 946 Β
1052 927 1168 959 tudines,
1181 926 1216 953 ita
1233 931 1262 953 ut
1272 926 1293 954 si
1307 925 1430 953 diabolus
1443 933 1490 960 per
1501 924 1638 952 carnalem
1654 924 1761 951 feminae
1771 931 1838 950 con-

1051 971 1246 1006 cupiscentiam
1267 971 1378 1005 laqueos
1403 969 1440 997 illi
1461 974 1606 1004 proponat,
1622 969 1655 995 ad
1670 967 1840 994 altitudinem

1052 1017 1184 1045 castitatis
1210 1016 1319 1052 Joseplii
1340 1021 1457 1044 mentem
1484 1015 1606 1042 intendat
1621 1024 1628 1042 :
1643 1014 1665 1041 si
1677 1022 1741 1041 vero
1761 1013 1841 1040 ultio-

1051 1065 1094 1091 nis
1111 1064 1178 1091 iram
1194 1063 1312 1095 excitet,
1330 1063 1362 1090 ad
1385 1061 1573 1090 celsitudinem
1589 1059 1750 1087 innocentia:
1763 1058 1842 1085 Davi-

1053 1109 1093 1137 dis
1106 1109 1245 1144 respiciat,
1260 1109 1304 1142 qui
1322 1107 1431 1135 Saulem
1448 1105 1603 1134 interﬁcere
1616 1112 1678 1132 eum
1692 1104 1842 1138 cupientem

1054 1163 1106 1182 non
1123 1155 1195 1182 ultus
1211 1159 1261 1182 cst.
1277 1154 1381 1181 Montes
1389 1154 1460 1180 enim
1474 1151 1582 1179 vallium
1597 1156 1727 1178 vocantur
1743 1149 1843 1182 sancti,

1054 1207 1083 1229 ut
1106 1202 1218 1229 altitudo
1242 1201 1354 1236 justitim
1378 1207 1425 1235 per
1453 1203 1558 1226 montes
1582 1205 1634 1224 non
1662 1197 1790 1229 sileatur,
1818 1200 1845 1222 et

1054 1255 1148 1274 eorum
1177 1246 1315 1274 humilitas
1339 1253 1387 1280 per
1410 1244 1493 1271 valles
1523 1243 1695 1278 praedicetur.
1723 1242 1750 1269 ld
1773 1240 1845 1268 enim

1056 1290 1231 1326 inestjustis;
1249 1290 1274 1316 in
1296 1289 1438 1316 altitudine
1455 1288 1565 1322 justitite
1581 1287 1679 1315 vallem
1706 1285 1846 1313 humilita-

1058 1337 1092 1364 tis
1107 1337 1218 1364 liabem.
1240 1336 1295 1363 Deo
1314 1339 1402 1362 antem
1428 1339 1521 1361 nostro
1539 1333 1626 1368 gloria
1642 1333 1668 1360 in
1685 1331 1782 1359 saecula
1797 1337 1843 1358 sa:-

1058 1383 1190 1409 culurnm.
1206 1382 1302 1409 Amen.

258 1600 313 1634 (58)
333 1597 491 1634 Explanatio
508 1595 588 1634 hujus
602 1594 731 1634 postremi
747 1593 999 1634 vers._deside_ratut

1059 1589 1217 1634 ὁμοιοῦσθαι
1234 1587 1339 1634 κελεύει
1365 1588 1397 1623 τῇ
1416 1586 1538 1634 δορκάδι,
1560 1585 1639 1634 ὅταν,
1659 1592 1734 1634 15:1;
1739 1583 1772 1634 “LI
1792 1590 1852 1634 qum

222 1619 1008 1665 inEarlieiino,‘etijusVultiinuin
1025 1619 1043 1625 v
1060 1619 1195 1665 postrema
1218 1625 1311 1665 verba,
1332 1630 1365 1651 ex
1384 1619 1569 1665 superioribus
1596 1620 1644 1665 llic
1668 1619 1801 1652 iteranda,
1818 1620 1852 1646 li—

225 1671 316 1698 folium
332 1663 468 1696 communi
486 1667 636 1694 innumeris
648 1664 787 1693 codicibus
811 1663 957 1691 infortunio
969 1663 1011 1690 in-

226 1705 342 1732 tercidit.
358 1703 423 1730 Eam
443 1710 458 1730 e
472 1709 522 1729 ms.
535 1702 594 1729 cod.
620 1700 762 1728 Mutinensi
794 1699 911 1726 exscribi
933 1706 1010 1726 cura-

226 1742 275 1771 vit,
290 1745 317 1766 et
330 1739 362 1765 arl
375 1745 420 1765 me
446 1737 520 1764 misit
533 1744 581 1771 pro
600 1744 648 1764 sua
662 1735 831 1771 humanitate
844 1733 886 1761 vir
904 1733 1012 1769 egregie

227 1769 322 1803 doetus
340 1773 499 1800 Franciscus
515 1769 646 1798 A'ntonius
662 1769 804 1797 Zacharia.

265 1809 320 1843 (59)
336 1808 433 1835 Totum
459 1808 531 1834 hunc
551 1806 638 1843 locum
660 1806 708 1843 itaA
720 1805 861 1843 legendum
884 1802 1013 1843 arbitror,

229 1837 274 1876 ἶνά
290 1837 337 1873 οὖν
356 1843 396 1879 τῷ
421 1842 544 1877 όξυτάτῳ
562 1841 656 1878 δρόμῳ
677 1841 727 1876 τῆς
743 1837 879 1876 ἆμαρτίας
895 1837 1014 1874 ἐκφύγῃ,

1059 1655 1166 1690 brarius
1181 1660 1294 1687 fortasse
1306 1655 1356 1693 per
1368 1655 1541 1693 oscitantiam
1555 1655 1656 1693 omisit.

1096 1696 1152 1732 (60)
1173 1689 1365 1732 'Oﬁowlédc,
1382 1690 1603 1732 «diabolusrrln
1619 1690 1762 1732 hoc_sensu
1776 1689 1853 1732 adiali-

1060 1725 1149 1759 betur'
1162 1731 1188 1757 in
1207 1729 1281 1758 Novo
1294 1725 1369 1756 rl‘est.
1401 1728 1471 1759 apud
1495 1726 1589 1754 Matth.
1602 1733 1630 1759 v,
1644 1725 1696 1757 57;
1732 1732 1791 1756 χιιι,
1807 1725 1851 1757 l9,

1067 1767 1117 1798 38;
1137 1766 1235 1800 Ephes.
1251 1772 1288 1797 vt,
1304 1764 1353 1800 lii;
1374 1763 1394 1791 ll
1413 1762 1509 1790 Thess.
1525 1769 1565 1796 nt,
1581 1761 1615 1794 ὃς
1639 1759 1741 1788 lJoan.
1758 1768 1788 1794 ιι,
1809 1760 1854 1793 l5,

1068 1802 1115 1834 ﬂ;
1133 1799 1172 1832 ιιι,
1192 1800 1242 1833 12;
1262 1799 1348 1827 v.18.

1104 1830 1242 1873 (GU-Male
1256 1841 1352 1863 omnes
1367 1832 1444 1861 codd.
1461 1830 1606 1868 κέκτησθε.
