2076 3155
178 179 223 208 itii
757 183 811 210 FB.
830 181 1024 210 COMBEFISII
1046 182 1241 210 PILEFATIO.
1757 185 1809 212 illi).

177 249 274 276 Astcrii
289 256 474 286 suppeterent,
494 258 584 278 rerum
601 251 683 278 etiam
700 258 801 281 vetera.
824 260 855 280 ac
868 253 923 287 jam
943 253 1013 280 edita
1029 252 1054 278 in
1069 260 1152 279 unutn
1172 253 1283 280 collecta
1298 260 1394 288 corpus
1411 261 1442 281 ac
1457 255 1605 290 recognita,
1619 255 1689 288 juris
1708 256 1807 292 publici

178 297 294 324 facerem
312 303 393 332 alque
413 298 569 332 vulgarem:
585 305 638 332 quo
656 297 707 325 sibi
728 298 853 333 deinceps
872 302 963 326 taultts
984 303 1121 326 constaret
1141 297 1231 331 Pater,
1249 306 1301 326 non
1330 299 1417 333 qualis
1437 300 1494 335 ipse
1513 301 1576 328 olim
1598 302 1698 329 relictis
1712 310 1807 329 monu-

178 343 277 370 mentis
290 342 441 374 habuisset,
457 343 504 370 sed
521 342 606 377 qualis
621 342 679 370 fere
695 347 755 378 post
776 347 815 370 tot
835 343 944 378 smcula,
963 350 1015 371 non
1033 343 1125 378 paucis
1143 342 1240 377 injuria
1259 347 1409 378 temporum
1425 345 1531 373 attt'issis
1553 353 1660 374 suarum
1681 347 1810 375 lucubra-

179 390 293 423 tionum,
313 393 359 417 aut
376 390 454 424 plane
468 389 601 422 obscuris,
623 389 700 417 nobis
721 389 811 416 habet.
836 389 902 422 Quis
922 390 994 416 enim
1014 388 1150 421 Photium,
1167 396 1306 416 sermones
1329 389 1427 417 Asterii
1445 391 1610 426 relegentem
1626 401 1658 420 ac
1673 393 1809 421 tlelloran-

180 441 243 468 tetn,
262 436 368 470 legens;
387 436 550 470 nostrisque,
567 443 620 470 qua
639 436 726 468 novis,
751 444 803 471 qua
823 441 901 464 aulea
918 436 1007 468 editis,
1029 436 1052 461 ei
1074 435 1141 462 lecta
1163 443 1336 470 componens,
1355 436 1380 462 in
1400 437 1497 471 quibus
1521 438 1563 465 vix
1586 447 1638 466 una
1659 445 1703 466 aut
1723 441 1810 468 altera

181 481 303 514 humilia,
317 482 430 509 decades
447 482 533 509 ambae
546 481 723 514 conveniant,
747 490 799 509 nou
819 482 894 517 plura
916 481 1001 516 ejusm

990 481 1050 508 nodi
1075 482 1159 516 ipsius
1178 482 1234 509 sive
1255 482 1419 517 ἐορταστικά
1436 484 1492 512 sive
1511 484 1661 522 ὲξηγητικά
1676 488 1810 515 excidisse

183 528 341 562 pervident?
361 528 469 556 Lubens
486 536 561 564 ergo,
581 535 635 563 quo
655 533 682 556 et
703 528 819 556 residuis
838 529 897 556 istis
916 528 942 555 in
961 532 1098 563 posterum
1115 532 1223 555 catttum
1244 528 1289 560 sit,
1310 529 1469 565 fruaturque
1488 531 1642 560 Christiana
1660 534 1810 569 respublica

180 575 223 603 vel
238 575 355 608 tantillis,
369 575 457 609 magni
467 575 534 603 adeo
547 583 578 603 ac
591 575 739 604 Christiani
756 576 873 603 rhetoris
889 574 1069 610 theologique,
1087 574 1203 607 exuviis,
1217 575 1287 602 votis
1300 576 1449 604 amicorum
1467 578 1546 612 cessi,
1562 587 1593 607 ac
1610 588 1717 608 manum
1733 583 1809 617 operi

180 622 301 656 admovi;
320 622 492 658 primumque
508 623 576 657 ejus,
595 623 620 650 in
637 631 698 651 tneo
717 623 768 650 hoc
788 630 944 650 sermonum
969 621 1100 656 ejusmodi
1118 629 1151 649 ac
1169 622 1341 650 bomiliarutn
1362 624 1524 652 selectarum
1544 626 1682 661 faseiculo,
1698 636 1750 663 qtto
1767 631 1811 657 vix

179 669 246 697 alius
267 670 404 704 antiquior
421 675 589 701 occurreret,
613 670 702 698 locum
725 669 808 697 volui.
835 669 951 705 Philippi
975 670 1089 698 Rubenii
1110 669 1243 697 editarttm
1267 670 1386 705 quinque
1402 671 1557 699 orationum
1583 675 1680 706 versio,
1705 677 1811 703 tametsi

177 714 286 748 elegans
302 723 334 743 ac
350 716 466 747 erudita,
488 715 624 743 nonnullis
639 720 728 743 tamen
750 715 805 743 visa
819 719 861 742 est
877 714 966 742 minus
981 722 1109 749 expressa
1124 722 1130 741 :
1145 714 1322 748 quamobrem
1346 714 1444 752 indulsi
1460 716 1535 749 mihi,
1552 722 1580 744 ut
1598 718 1642 745 illo
1659 719 1716 754 eius
1735 725 1814 747 utens

177 762 279 795 labore,
297 769 329 789 ac
344 769 377 790 eo
391 769 433 789 me
446 763 538 790 multis
557 762 678 797 adjutum
694 769 862 798 agnoscens,
880 761 954 788 velut
973 769 1070 790 novam
1088 770 1121 790 ex
1141 770 1172 790 ea
1189 762 1342 790 versionem
1359 762 1426 789 inihi
1446 763 1616 792 adornarent.

211 808 297 837 Porro
312 809 479 844 prmfandum
498 809 599 843 aliquid
621 809 654 836 de
673 813 784 835 auctore
799 807 947 839 videretur,
962 812 992 834 ut
1010 808 1126 835 certiora
1143 808 1232 847 aliqua
1249 812 1422 835 monumenta
1438 814 1585 837 exstarent.
1602 811 1631 838 lt.
1651 810 1681 839 Ρ.
1696 812 1814 841 Iacobus

179 856 341 884 Sirmundus
355 856 382 883 in
399 856 473 884 calce
487 856 527 883 sui
540 855 650 887 codicis,
669 855 726 882 hmc
737 862 752 882 a
772 854 869 882 Ducam
883 854 985 888 collega
1000 854 1157 883 doctissimo
1171 855 1254 886 edita,
1267 861 1315 881 sua
1333 861 1414 881 manu
1437 855 1593 883 adnotarat.
1610 857 1708 884 Auctor
1718 859 1813 886 harum

176 904 292 938 quinque
311 902 463 929 orationum
484 901 601 929 Asterius
618 900 737 927 Amasene
761 898 853 926 Ponti.
874 898 918 927 Sic
938 899 1007 926 enim
1024 901 1122 933 citatnr‘
1136 901 1163 926 in
1180 908 1197 927 II
1214 902 1313 936 synodo
1328 900 1439 928 Niccena
1458 903 1559 930 actione
1577 903 1603 935 6,
1619 911 1697 932 serus.
1717 905 1743 932 in
1761 906 1813 932 La-

177 957 271 977 zarum
290 954 317 976 et
339 949 460 977 divitem.
491 947 562 975 Vixit
585 954 655 973 anno
677 945 775 972 Christi
798 945 862 977 400,
879 951 905 972 ut
927 945 1048 980 colligere
1064 951 1101 972 est
1123 953 1156 972 ea:
1174 947 1292 974 oratione
1313 947 1350 974 De
1365 946 1503 975 Kalendis.
1523 947 1650 983 Ejusdem
1667 951 1753 977 oratio
1768 960 1812 978 seu

177 997 312 1031 ἓκφρασις
329 996 356 1024 in
370 995 548 1032 Euphemiam
565 998 710 1029 martyrem
720 993 858 1024 laudatur,
874 998 897 1019 et
917 1000 948 1019 ea;
964 997 1038 1026 parte
1052 993 1209 1020 describitur
1226 994 1252 1019 in
1268 994 1357 1020 eadem
1374 995 1473 1028 synodo
1490 1000 1542 1022 act.
1560 995 1577 1022 4
1589 1001 1611 1022 et
1632 996 1658 1023 6.
1676 997 1811 1024 Adrianus

178 1045 306 1070 secundus
326 1042 372 1069 lib.
393 1042 431 1070 De
445 1040 618 1077 imaginibus.
633 1039 808 1073 Reprcltensio
827 1047 884 1074 cap.
900 1039 946 1071 M,
968 1039 996 1066 in
1017 1044 1069 1066 act.
1090 1039 1117 1068 4.
1133 1039 1210 1072 Quod
1222 1040 1325 1075 judices
1345 1041 1390 1075 qui
1408 1042 1434 1068 in
1450 1041 1563 1076 praefata
1580 1044 1678 1077 synodo
1695 1044 1813 1078 luerunt,

178 1089 320 1117 insolenter
333 1094 358 1116 et
378 1089 519 1124 incongrue
538 1094 620 1116 artem
638 1087 777 1122 pistorium
792 1087 916 1114 extollere
931 1087 1019 1114 conati
1040 1091 1112 1120 sunt,
1137 1088 1251 1115 dicentes
1267 1096 1276 1115 :
1293 1088 1344 1116 Pia
1368 1094 1406 1115 est
1429 1097 1474 1116 ars
1492 1090 1611 1124 pictoris,
1636 1095 1661 1117 et
1681 1099 1732 1118 non
1748 1095 1815 1118 recte

177 1136 285 1171 quidam
301 1143 359 1162 eam
376 1135 528 1170 insipienter
552 1134 703 1162 detrahunt.
725 1132 867 1167 Responsio
883 1141 892 1160 :
906 1132 1017 1160 Beatum
1036 1133 1168 1160 Asterium
1187 1138 1242 1161 toto
1262 1133 1369 1162 Oriente
1393 1140 1513 1162 sanctum
1533 1136 1640 1168 habent,
1661 1142 1684 1163 et
1707 1137 1768 1163 dum
1783 1139 1816 1165 tle

179 1183 258 1217 gestis
271 1187 371 1210 sancta:
385 1181 539 1217 Euphemite
552 1189 697 1209 sermonem
711 1181 826 1216 fecisset,
841 1180 959 1207 laudavit
971 1179 1028 1213 ejus
1046 1181 1214 1215 martyrium,
1230 1181 1296 1208 sicut
1308 1189 1354 1216 per
1365 1182 1482 1208 ordinem
1496 1182 1596 1209 uiderat
1610 1182 1675 1210 illud
1689 1183 1816 1217 liquidius

179 1230 287 1263 pictum.
307 1229 372 1263 Quae
392 1229 502 1264 quidem
522 1229 599 1261 satis,
618 1235 679 1255 cum
696 1227 882 1262 episcopatum
905 1231 961 1254 tum
978 1226 1085 1254 titulum
1101 1227 1255 1256 sanctitatis
1277 1228 1420 1256 videantur
1441 1229 1548 1256 Asterie
1565 1234 1658 1257 nostro
1671 1238 1814 1264 asset-ere;

180 1283 233 1303 non
250 1275 320 1303 forte
342 1280 432 1304 tamen
449 1275 527 1308 satis,
543 1275 588 1302 uni
607 1282 639 1302 ac
652 1274 739 1302 eidem
755 1273 872 1305 Asteria,
894 1273 954 1308 ejus
974 1273 1076 1301 nomini
1098 1274 1229 1309 inscripta
1250 1275 1351 1305 onmia,
1372 1281 1404 1302 ac
1422 1275 1560 1303 Asterium
1582 1276 1702 1304 Amaseae
1719 1278 1816 1310 praete-

180 1323 281 1355 rentia,
295 1323 445 1350 vindicare.
461 1323 532 1349 Sane
548 1322 577 1349 S.
596 1321 764 1355 Nicephorus
784 1320 969 1348 Antirrhetico
987 1320 1015 1353 2,
1029 1329 1091 1349 cum
1108 1321 1253 1354 respondet
1268 1320 1327 1348 loco
1339 1320 1376 1347 illi
1391 1328 1424 1348 ex
1440 1328 1566 1349 sermone
1584 1323 1609 1349 in
1624 1322 1710 1349 locum
1729 1323 1822 1350 Evan-'

179 1370 240 1404 gelii
256 1369 334 1396 Lucae
347 1369 380 1397 de
394 1368 499 1396 Lazaro
516 1373 543 1396 et
558 1368 650 1400 divite,
674 1367 719 1402 qui
735 1367 752 1394 6
769 1367 812 1394 illa
834 1371 887 1394 act.
905 1375 925 1394 ll
941 1375 999 1402 sym

996 1368 1037 1394 udi
1059 1367 1167 1394 Nicena:
1182 1367 1311 1402 objicitnr
1327 1376 1334 1393 :
1353 1367 1399 1402 Μὴ
1416 1367 1507 1402 γράφε
1523 1367 1568 1394 τὸν
1588 1368 1704 1404 Χριστὸν
1721 1369 1816 1405 (ἀρκεῖ

179 1415 233 1450 γὰρ
253 1413 328 1449 αὐτῷ
355 1415 372 1449 ὴ
391 1413 440 1448 μία,
465 1413 517 1448 τῆς
540 1411 762 1447 ὲνσωματώσεως
784 1411 1030 1446 ταπεινοφροσύνη,
1050 1411 1084 1446 ἣν
1099 1410 1269 1445 αὐθαιρέτως
1289 1411 1322 1438 δι’
1344 1412 1418 1446 ἡμᾶς
1438 1411 1631 1448 κατεδέξατογ
1649 1413 1696 1440 ἐπὶ
1719 1414 1747 1440 δὲ
1767 1414 1816 1450 τῆς

178 1461 268 1497 ψυχῆς
287 1469 332 1487 σου
356 1460 496 1495 βαστάζων
516 1457 618 1494 νοητῶς
633 1458 678 1485 τὸν
696 1457 841 1494 ἀσώματον
865 1458 963 1492 Λόγον,
989 1467 998 1484 ιι

996 1457 1131 1493 replet-:95.
1155 1456 1219 1484 Noli
1242 1458 1347 1493 pingere
1368 1459 1523 1486 Christum:
1542 1459 1606 1486 satis
1629 1460 1696 1486 enim
1720 1460 1760 1486 illi
1780 1465 1816 1486 est

180 1516 232 1533 una
245 1507 292 1533 illa
305 1505 416 1540 abjectio
432 1504 560 1537 assumpti
572 1504 700 1538 corporis,
721 1511 799 1538 quant
820 1507 909 1537 sponte
921 1502 1004 1529 nostri
1019 1510 1100 1529 causa
1114 1503 1226 1537 suscepit
1248 1509 1257 1528 :
1271 1503 1335 1539 quin
1352 1503 1466 1538 spiritali
1481 1505 1582 1532 ratione
1602 1504 1712 1532 Verbum
1728 1506 1816 1533 incor-

179 1559 285 1586 poreum
307 1555 412 1586 gestans
432 1551 532 1582 animo,
556 1549 870 1587 circumfer;p0stquam
890 1548 983 1576 multis
1003 1556 1096 1576 sanant
1114 1548 1212 1576 Asterii
1232 1555 1349 1577 mentem
1367 1550 1452 1578 fusius
1476 1551 1561 1579 relato
1584 1552 1643 1587 ejus
1663 1553 1817 1580 testimonio

180 1597 361 1632 explicasset,
380 1597 516 1624 Asterium
536 1595 706 1631 postmodum
729 1595 836 1623 Asterie
854 1602 1003 1630 opponens,
1021 1595 1122 1628 haeret,
1145 1595 1308 1631 omninoque
1327 1596 1524 1631 incompertum
1548 1598 1647 1625 habere
1669 1599 1816 1633 signiﬁcat,

179 1644 288 1670 idctnne
304 1642 428 1670 Asterius
444 1648 538 1669 auctor
552 1642 668 1669 exsistat
680 1641 802 1676 prtefatte
818 1641 950 1668 orationis
964 1641 991 1668 in
1005 1640 1137 1668 Lazarum
1153 1648 1176 1668 et
1192 1642 1309 1673 divitem,
1326 1650 1357 1670 ac
1373 1643 1505 1671 orationis
1518 1645 1544 1670 in
1563 1644 1789 1671 htentorrhousont
1802 1652 1812 1671 :

184 1688 343 1724 Ἐπομὲνως
365 1688 392 1715 δὲ
406 1687 521 1719 τούτοις,
538 1687 658 1723 εἰσήχθω
677 1687 758 1714 πάλιν
779 1687 925 1723 Ἀστέριος.
946 1687 978 1713 El
999 1687 1048 1722 μὲν
1066 1686 1143 1722 παρὰ
1162 1686 1208 1714 τὸν
1231 1688 1259 1714 ἐν
1277 1688 1371 1724 χερσὶν
1395 1687 1499 1724 ἕτερος,
1515 1689 1532 1724 ἡ
1549 1688 1665 1724 ἀλήθεια
1681 1689 1764 1725 εἰδείη
1783 1690 1817 1716 ἂν

181 1737 260 1772 μόνη,
279 1737 359 1772 ἡμεῖς
373 1736 401 1763 δὲ
415 1735 490 1762 οὐδὲν
503 1734 632 1769 τούτουγε
647 1733 740 1761 ἕνεκεν
753 1733 909 1769 διοισόμεθα
920 1742 927 1750 ·
946 1735 970 1761 εἰ
989 1734 1018 1761 δὲ
1032 1735 1046 1761 ὸ
1060 1734 1140 1767 αὐτὸς
1158 1732 1234 1766 οὗτός
1248 1735 1332 1768 ἐστιν,
1351 1735 1463 1762 αὐτόθεν
1478 1737 1534 1768 τοῖς
1545 1735 1656 1768 οἰκείοις
1669 1736 1818 1772 τοξεύμασι

181 1785 380 1821 βαλλέσθωσαν,
399 1783 446 1810 καὶ
465 1782 565 1818 βολίσιν
585 1781 687 1814 ὀξείαις
706 1781 995 1817 τραυματιζέσθωσαν,
1023 1781 1071 1808 καὶ
1099 1782 1153 1808 τῶν
1174 1781 1364 1818 ἐξευρημένων
1384 1781 1589 1817 μηχανημάτων
1606 1782 1656 1813 τὰς
1673 1783 1818 1817 σφενδόνας

180 1832 363 1868 δεχέσθωσαν,
377 1828 424 1856 καὶ
436 1838 462 1855 τ.
481 1829 503 1854 ἑ.
521 1827 559 1855 Iis
571 1832 765 1862 consequenter,
782 1835 840 1862 quae
850 1828 920 1853 dictn
940 1834 1010 1859 sunt,
1029 1828 1171 1854 inducatur
1186 1836 1290 1855 rursum
1309 1828 1440 1856 Asterius.
1455 1830 1492 1856 Ac
1506 1830 1620 1865 quidem,
1634 1838 1695 1857 num
1713 1832 1734 1857 is
1748 1832 1817 1858 alius

180 1880 225 1912 sit,
243 1883 404 1913 praeteream
417 1875 462 1910 qui
475 1875 502 1902 in
516 1874 636 1901 manibus
653 1878 783 1905 versatur,
804 1873 860 1900 sola
882 1874 976 1900 ueritas
995 1874 1101 1906 noverit.
1124 1873 1181 1900 Nos
1201 1881 1261 1900 vero
1279 1874 1343 1900 nihil
1363 1874 1442 1908 hujus
1461 1875 1498 1901 rei
1514 1876 1600 1909 gratia
1621 1876 1817 1903 contendamus.

181 1925 256 1958 Quod
272 1924 294 1950 si
314 1923 362 1950 iste
379 1922 447 1948 idem
465 1921 518 1956 ipse
530 1925 579 1953 est,
593 1919 654 1946 inde
667 1920 721 1946 suis
739 1919 895 1954 ipsijasulis
908 1919 1048 1954 feriantur,
1069 1927 1100 1946 ac
1114 1919 1197 1946 acutis
1215 1919 1357 1946 missilibus
1379 1921 1541 1952 sancientur,
1565 1921 1818 1956 adinvemarumque

180 1972 361 1998 machinarum
377 1970 463 2003 jactus
477 1969 620 2000 excipiant.
637 1968 737 1995 Eodem
758 1967 815 1995 fere
836 1968 916 1995 modo
931 1967 1083 1994 Antirrhet.
1103 1967 1132 1998 3,
1153 1967 1236 1994 misso
1254 1966 1338 1994 lioma
1355 1973 1484 2003 excerpta
1506 1975 1520 1994 a
1543 1968 1632 1995 Leone
1654 1969 1762 2001 Allatio,
1787 1977 1819 1997 ac

181 2020 240 2047 loco
258 2017 436 2046 commodiori
454 2017 569 2045 edendo.
594 2016 671 2050 Quod
688 2023 751 2051 ergo
767 2016 851 2042 tantis
868 2016 993 2050 superior
1007 2015 1178 2049 Nicephorus
1201 2015 1322 2050 ignotum
1345 2014 1449 2045 habuit,
1468 2021 1499 2041 ac
1524 2014 1576 2041 tale
1592 2014 1768 2047 existimavit,
1785 2020 1816 2042 ιιι

180 2064 280 2092 nemini
298 2064 366 2091 scittt
385 2062 464 2090 facile
482 2061 628 2096 putaverit,
656 2061 727 2087 haud
749 2068 801 2095 ego
821 2067 865 2087 me
879 2060 982 2087 certius
998 2060 1169 2094 protniserim
1188 2059 1408 2086 declaraturum:
1425 2060 1528 2087 tametsi
1542 2060 1630 2095 stylus
1658 2061 1757 2095 ubique
1775 2061 1817 2088 sui

180 2111 276 2139 similis
301 2115 383 2144 atque
411 2108 536 2143 inprimis
563 2107 588 2134 in
605 2106 847 2140 descriptionibus,
863 2105 987 2133 eumdem
1003 2106 1104 2141 ubique
1122 2105 1210 2139 ipsum
1233 2106 1347 2132 suadeat
1363 2114 1370 2132 :
1388 2113 1440 2140 quo
1455 2113 1482 2133 et
1498 2106 1610 2134 Photius
1627 2107 1726 2134 iudicio
1743 2115 1820 2134 eum-

180 2159 241 2187 dem
259 2157 381 2194 agnoscit
396 2156 441 2191 qui
457 2155 526 2183 oculi
540 2154 675 2190 ἐκφρασιν
693 2153 719 2180 itt
745 2153 858 2180 Joannis
879 2153 1051 2187 Evangelinm
1073 2153 1106 2179 de
1121 2159 1193 2179 ceco
1213 2156 1275 2179 nato
1290 2153 1455 2187 composuit,
1472 2157 1498 2180 ct
1516 2153 1560 2187 qui
1576 2153 1649 2180 illam
1668 2153 1693 2179 in
1711 2153 1740 2180 S.
1765 2154 1818 2181 liu-

181 2204 329 2240 phemiam,
345 2204 476 2232 insertam
499 2202 569 2229 actis
594 2209 631 2229 vn
654 2200 760 2236 synodi.
787 2199 852 2227 Utut
868 2199 913 2231 sit,
945 2199 1011 2225 nihil
1035 2203 1090 2225 toto
1115 2199 1165 2226 hoc
1186 2199 1358 2227 homiliarum
1378 2206 1501 2233 corpore,
1521 2199 1591 2234 quod
1606 2207 1659 2227 non
1675 2200 1818 2235 plurimatn

180 2251 361 2285 eloquentiam
376 2258 436 2278 cum
451 2249 508 2284 pari
527 2249 625 2284 pietate
647 2247 773 2275 exhibeat
789 2253 797 2273 :
811 2246 938 2281 quodque
953 2244 1020 2271 adeo
1036 2253 1087 2271 non
1111 2250 1234 2273 sanctum
1257 2245 1331 2272 illum
1349 2245 1515 2273 Amasenunt
1542 2246 1689 2278 Asterium,
1707 2245 1817 2278 referat,

181 2305 212 2326 ac
241 2298 384 2334 ιριλάρετον
412 2297 556 2330 Asterium,
588 2303 667 2330 quem
693 2293 804 2321 l‘botius
831 2292 954 2319 nominat
971 2300 977 2318 :
993 2291 1119 2318 nonnulla
1146 2292 1228 2318 etiam
1251 2291 1278 2318 in
1305 2299 1337 2319 eo
1354 2292 1535 2326 reperiuntur,
1564 2293 1590 2318 in
1610 2291 1709 2326 quibus
1729 2292 1816 2326 palam

180 2345 298 2378 εὐσεϐεῖ,
316 2352 345 2371 ιιι
361 2344 479 2379 loquitur
494 2343 565 2370 idem
583 2341 705 2374 Pholius,
721 2347 752 2367 ac
770 2346 799 2366 se
819 2338 853 2371 is,
868 2337 1029 2364 Arianorum
1045 2343 1081 2364 ac
1099 2336 1292 2363 Anomteorum
1312 2336 1418 2364 hostem
1441 2336 1605 2370 prtecipuutn
1628 2336 1746 2363 ostendit
1764 2345 1771 2362 :
1789 2341 1817 2362 ttt

182 2399 242 2426 quin
256 2398 323 2418 nova
340 2391 436 2418 damus
453 2396 485 2415 ex
500 2387 631 2415 Eucontio
646 2387 673 2413 in
690 2385 828 2421 principes
844 2382 1029 2418 apostolorqu
1056 2381 1164 2408 Petrum
1182 2385 1208 2408 et
1222 2381 1346 2408 Paulum.
1371 2382 1494 2409 Asterius
1511 2381 1578 2408 alter
1589 2388 1668 2416 quem
1688 2381 1815 2409 factionis

182 2425 292 2466 Arianae
318 2436 507 2473 pliil050phum
532 2435 609 2471 ponit
632 2434 824 2468 Hieronymus,
845 2431 938 2466 aitque
959 2429 1102 2465 scripsisse
1122 2429 1171 2456 Slll)
1188 2427 1348 2456 Constantio
1363 2428 1390 2454 in
1410 2427 1555 2462 Epistulam
1576 2426 1610 2453 ad
1630 2425 1774 2473 Romanos,
1790 2427 1818 2453 in

183 2471 328 2520 Evangelia
343 2489 370 2511 et
387 2483 517 2515 Psalmos,
531 2481 670 2517 antiquior
682 2479 733 2508 fuit
747 2488 755 2511 ;
770 2486 801 2507 ac
815 2485 902 2513 neque
918 2477 972 2509 hic,
987 2475 1155 2504 admirabilis
1173 2475 1217 2502 ille
1232 2475 1355 2502 Asterius
1372 2473 1488 2505 videtur,
1506 2481 1585 2508 quem
1604 2471 1818 2500 luculetttissitno

180 2518 269 2565 elogio
286 2529 472 2557 Theodoretus
484 2529 512 2555 in
523 2527 679 2559 ‘Philotheo,
691 2534 717 2554 c.
731 2526 759 2558 2,
772 2524 918 2557 describit;
936 2522 1066 2558 quidquid
1085 2520 1197 2548 Pltotius
1212 2520 1360 2548 contendat
1376 2525 1502 2554 excerpto
1518 2519 1604 2545 Roma
1618 2518 1701 2545 misso
1716 2526 1722 2545 :
1738 2525 1818 2552 quem

182 2584 232 2605 nec
254 2577 337 2612 liquet
359 2575 443 2603 fuisse
466 2574 621 2609 episcopum
641 2577 762 2607 :prreter
789 2578 869 2606 quem
897 2573 939 2597 est
959 2568 1082 2596 Asterius
1102 2567 1171 2595 alius
1195 2575 1227 2594 ex
1250 2565 1352 2594 Ariano
1365 2566 1530 2593 ortltodoxus
1543 2565 1685 2600 cpiscopus
1705 2571 1736 2612 a_c
1754 2572 1818 2612 conf

181 2609 382 2655 lesson-clarus
404 2620 482 2648 titulo
499 2618 650 2646 sanctitatis
673 2625 706 2645 ac
721 2617 836 2644 Romani
857 2614 1043 2650 Martyrologii
1068 2613 1167 2641 tabulis
1189 2613 1325 2647 ascriptus
1350 2611 1490 2640 Athanasii
1516 2610 1628 2645 aequalis
1652 2617 1684 2637 ac
1709 2609 1818 2636 Eusebii

181 2670 371 2702 Vcrcellensis,
392 2675 471 2704 quem
498 2674 549 2694 non
574 2665 659 2700 liquet
683 2673 717 2691 an
739 2668 914 2692 m0numenta
940 2662 1028 2696 aliqua
1053 2661 1204 2696 reliquerit.
1230 2659 1328 2687 Noster
1349 2667 1379 2688 se
1399 2659 1524 2687 AStcritts
1540 2658 1648 2685 Juliuno
1673 2665 1818 2692 suppurent

183 2717 299 2745 ostendit
316 2719 385 2743 erat.
400 2703 531 2743 adversus
554 2712 708 2745 avaritiam,
725 2718 786 2738 cum
811 2714 886 2737 notat
908 2709 1069 2744 superstites
1089 2707 1232 2743 plurimos,
1253 2706 1299 2742 qui
1321 2706 1355 2734 ab
1373 2713 1406 2735 eo
1429 2705 1530 2734 inducti
1557 2705 1670 2733 fuissent
1688 2704 1721 2731 ad
1740 2703 1818 2731 fidem

183 2762 343 2798 negandam.
