2076 3155
390 145 397 157 1

186 159 238 186 ’105

706 158 842 185 ΗυΗΠΑΑ
859 157 880 190 Ι,
903 158 944 184 DE
966 156 1078 185 DlViTE
1096 157 1137 184 ΕΤ
1154 157 1301 184 [;:\Z.\R0.

1757 163 1810 189 ib'b

182 216 259 242 Δκεῖον
273 214 318 240 καὶ
335 212 408 247 φίλον
425 212 456 238 τὸ
471 213 501 247 τῇ
514 212 592 247 χρείᾳ
606 212 658 238 τῶν
673 213 830 246 ἀναγκαίων
845 213 893 247 τὴν
912 213 976 248 χρῆ-

1033 220 1063 239 ac
1080 213 1158 246 frugi,
1186 213 1321 246 proprium
1346 219 1376 239 ac
1407 212 1539 241 familiare
1564 219 1614 249 est,
1641 223 1701 242 cum
1721 225 1810 245 rerum

187 268 230 286 σιν
247 259 364 294 μετρεῖν·
391 257 503 291 φεύγειν
517 257 546 283 δὲ
562 256 611 291 τῆς
634 257 748 292 ματαίου
764 258 914 290 κενοδοξίας
930 259 975 284 τὸν

188 304 330 340 συρφετὸν,
344 304 391 331 καὶ
398 304 448 339 τὴν
459 303 558 331 πλάνον
572 306 581 320 ¹
594 304 741 340 διαγωγὴν,
758 305 795 337 ώς
812 306 910 336 κακίας
925 314 977 340 μη-

187 351 264 386 τέρα.
287 350 341 377 Καὶ
355 350 399 376 ἵνα
413 349 577 385 σαφέστερον
590 350 672 376 αὑτοῦ
685 351 779 377 τούτου
801 351 848 377 τοῦ
865 351 976 386 λεγομέ-

189 405 234 423 νου
259 395 309 431 τὴν
327 395 441 430 δύναμιν
466 395 679 430 καταμάθωμεν,
703 397 719 431 ἡ
738 396 791 422 τῶν
822 396 976 431 ἐνδυμάτων

190 441 286 477 πρώτη
308 441 499 476 διαγνωσθήτω
515 442 624 476 χρῆσις,
642 442 722 477 μέχρι
741 442 824 468 πόσου
846 442 892 468 καὶ.
906 442 977 474 τίνος

191 487 442 523 παραληφθήσεται,
458 488 530 522 ὅροις
546 488 592 513 καὶ
607 487 700 514 κανόσι
720 488 976 524 περιλαμϐανομένη

193 532 322 568 σώφροσι.
339 532 372 558 Τί
385 532 472 558 τοίνυν
487 533 502 559 ὁ
513 533 562 559 τοῦ
579 533 683 560 δικαίου
700 533 782 568 νόμος
796 534 887 570 φησίν·
908 534 978 570 Πρό-

193 577 271 604 ϐατον
289 578 303 603 ὁ
318 577 383 609 Θεὸς
403 578 508 604 ἔκτισεν
534 578 651 613 εὔκομον
667 579 716 614 τὴν
732 579 823 615 δορὰν,
849 581 895 606 καὶ
923 582 978 612 τοῖς

193 623 302 659 μαλλοῖς
315 623 522 659 εὖθηνούμενοψ
540 624 618 650 τοῦτο
639 624 738 656 λαϐὼν,
760 626 916 661 ἀπύκειρον,
932 627 978 652 καὶ

190 671 250 701 δοὺς
260 671 392 705 ὑφαντικῇ
400 670 480 706 τέχνῃ
493 671 542 706 τὴν
555 671 630 705 ὓλην,
641 670 742 706 χιτῶνα
754 671 844 707 σαυτῷ
860 673 906 699 καὶ
916 673 979 707 ἰμά-

188 723 245 742 τιον
257 715 470 748 κατασκεύασον,
485 716 558 747 ὅπως
573 715 604 742 ἃν
619 716 766 753 διαφεύγῃς
783 717 915 752 χειμῶνος
934 727 979 744 τα-

190 761 350 797 λαιπωρίαν,
363 762 410 788 καὶ
433 762 484 796 τῆς
498 761 611 796 ζεούσης
629 763 735 794 ἀκτῖνος
750 763 850 798 βλάϐην
863 763 882 790 ³.
900 764 930 790 Et
950 764 978 790 δέ

191 816 231 834 σοι
255 808 301 834 καὶ
319 807 487 842 κουφοτέρας
511 807 623 842 ἐσθῆτος
648 807 726 843 χρεία
748 808 819 835 κατὰ
846 808 979 845 τὴνῶραν

189 851 236 877 τοῦ
254 851 359 886 θέρους,
388 851 487 878 ἔδωκεν
505 852 518 877 ὁ
535 851 600 883 Θεὸς
613 851 660 878 τοῦ
679 849 750 879 λίνου
763 853 811 886 τὴν
827 853 923 888 χρῆσιν
939 855 979 884 εἰς

190 897 360 932 πλατυτέραν
376 897 534 923 ἀπόλαυσιν·
546 897 592 923 καί
613 905 653 923 σοι
679 898 777 932 ῥᾷστον
791 898 895 924 ἐκεῖθεν
911 899 977 933 κτή-
995 892 1015 920 Β

190 942 287 969 σασθαι
316 943 420 978 σκέπην
447 943 610 977 εὐσχήμονα,
634 943 819 977 ἀμφιεννῧσαν
841 943 908 978 ὁμοῦ
931 943 979 970 καὶ

189 988 379 1023 ἁναψύχουσαν
394 990 426 1024 τῇ
445 989 590 1024 κουφότητι
621 988 675 1014 Καὶ
698 989 799 1015 τούτων
825 989 977 1021 ἀπολαύων,

188 1034 313 1070 ὁμολόγει
324 1034 361 1069 τῷ
379 1034 474 1069 κτίστῃ
488 1034 537 1069 τὴν
555 1034 647 1069 χάριν,
665 1034 734 1069 ὑπὲρ
746 1031 782 1060 ὧν
795 1035 844 1061 οὐκ
853 1034 978 1070 ἐποίησεν

190 1081 271 1116 μόνον
294 1081 377 1115 ἡμᾶς,
398 1079 466 1106 ἀλλὰ
487 1080 534 1106 καὶ
559 1080 609 1115 τῆς
631 1079 699 1114 πρὸς
719 1079 750 1106 τὸ
767 1079 816 1115 ζῇν
832 1080 979 1114 ἀσφαλείας

189 1127 358 1163 ὶφρόντισεν.
373 1127 420 1152 Ἂν
435 1125 462 1152 δὲ
476 1126 689 1160 καταλιμπάνων
705 1125 735 1152 τὸ
756 1126 890 1160 πρόϐατον
899 1125 980 1152 καὶτὸ

189 1173 272 1208 ἔριον,
289 1173 336 1199 καὶ
360 1172 408 1207 τὴν
431 1172 583 1205 ἀναγκαίαν
599 1171 646 1198 τοῦ
661 1171 828 1207 δημιουργοῦ
840 1171 893 1198 τῶν
912 1172 980 1198 ὅλων

191 1219 378 1254 παρασκευὴν,
395 1220 455 1250 ταῖς
469 1218 598 1254 ματαίαις
622 1218 755 1249 ἐπινοίαις
765 1238 771 1248 ,
786 1217 834 1244 καλ⁸
857 1219 917 1249 ταῖς
931 1219 979 1252 ἐμ-

191 1265 320 1301 πλήκτοις
332 1265 490 1301 ἐπιθυμίαις
509 1263 730 1300 ἐκδιαιτώμενος,
743 1264 791 1299 τὴν
805 1264 902 1299 βύσσον
919 1265 980 1290 ὲπι-

190 1313 286 1348 ζητῇς,
315 1311 361 1338 καὶ
384 1312 502 1347 συνάγῃς
528 1311 562 1338 τὰ
590 1310 646 1337 τῶν
667 1310 809 1346 Περσικῶν
831 1310 980 1345 σκωλήκων

190 1360 308 1393 νήματα,
324 1357 395 1384 ἰστὸν
410 1357 438 1383 δὲ
448 1356 570 1392 ἀράχνης
583 1356 711 1391 ἀνεμαῖον
721 1354 846 1389 ὑφαίνῃς·
855 1354 902 1380 καὶ
914 1354 982 1388 πρὸς

191 1405 236 1431 τὸν
261 1403 411 1438 ἁνθόϐαφον
427 1403 583 1439 ἐρχόμενος,
613 1400 726 1436 μισθοὺς
745 1400 832 1430 τελεῖς
848 1399 979 1434 δαψιλεῖς,

192 1449 235 1475 ῖνα
243 1449 288 1476 τὸν
307 1448 401 1483 κόχλον
414 1448 446 1474 ἐκ
464 1447 601 1480 θαλάσσης
610 1444 756 1480 θηρεύσας,
771 1444 810 1479 τῷ
823 1445 918 1478 αἵματι
930 1442 978 1470 τοῦ

192 1493 261 1526 ζώου
277 1494 358 1529 χρίσῃ
387 1493 418 1519 τὸ
441 1492 553 1527 ἔνδυμα,
571 1491 650 1517 τοῦτο
673 1488 884 1525 ὑπερμαξῶντός
909 1490 982 1515 ἐστιν

192 1539 346 1576 ἀνθρώπου,
370 1538 587 1574 παραχρωμένου
614 1537 646 1572 τῇ
671 1537 777 1571 κτήσει,
801 1536 851 1562 οὐκ
876 1534 982 1569 ἔχοντος

192 1566 258 1613 om;
269 1585 300 1612 τὸ
318 1566 475 1620 περιττεῦον
490 1566 582 1619 ἐκχέῃ.
602 1566 657 1608 Keil
668 1566 721 1608 διὰ.
738 1580 817 1607 τοῦτο
831 1582 844 1607 ὁ
862 1566 981 1612 τοιοῦτος
996 1566 1016 1594 C

195 1630 364 1666 μαστίζεται,
381 1629 456 1665 παρὰ
474 1629 520 1655 τοῦ
543 1627 708 1662 Εὐαγγελίου
734 1625 980 1661 κατηγορούμενος,

191 1679 230 1710 ὼς
252 1677 317 1712 βλὰξ
338 1676 385 1703 καὶ
407 1675 564 1711 θηλυδρίας,
593 1675 704 1710 κόσμοις
723 1673 823 1700 ἀθλίων
845 1672 981 1708 κορασίων

192 1723 441 1758 καλλωπιζόμενος.

227 1768 318 1795 ’Ἄλλοι
332 1768 413 1794 πάλιν
431 1767 502 1794 κατὰ
517 1767 566 1802 τὴν
581 1766 692 1802 γνώμην
703 1765 753 1800 τῆς
766 1765 861 1801 ὁμοίας
874 1764 985 1799 ματαιό-

192 1813 405 1850 τητοςὲρασταί·
422 1813 523 1849 μᾶλλον
544 1813 583 1843 δὲ,
596 1812 664 1847 πρὸς
680 1811 710 1838 τὸ
725 1811 805 1838 πλέον
822 1811 872 1846 τὴν
885 1811 984 1837 κακίαν

192 1861 374 1896 ἀσκήσαντες,
385 1860 446 1886 οὐδὲ
461 1860 542 1895 μέχρι
555 1859 609 1886 τῶν
627 1858 780 1895 εἰρημένων
795 1858 913 1894 ἔστησαν
935 1857 985 1892 τῆς

194 1908 290 1943 μωρᾶς
301 1906 422 1938 ἐπινοίας
434 1907 496 1938 τοὺς
512 1906 601 1941 ὅρους·
615 1905 683 1932 ἀλλά
696 1913 756 1931 τινα
774 1903 855 1940 κενὴν
869 1904 984 1938 ὑφαντι-

193 1954 245 1990 κὴν
270 1953 424 1988 ἐξευρόντες
437 1952 485 1978 καὶ
512 1952 668 1987 περίεργον,
688 1951 750 1986 ἥτις
769 1952 802 1986 τῇ
824 1950 910 1985 πλοκῇ
936 1949 984 1976 τοῦ

194 2001 327 2035 στήμονος
351 1998 419 2034 πρὸς
435 1997 485 2032 τὴν
500 1998 612 2032 κρόκην,
631 1997 681 2032 τῆς
698 1996 838 2032 γραφικῆς
862 1997 985 2031 μιμεῖται

193 2046 244 2081 τὴν
257 2044 380 2080 δύναμιν,
398 2044 445 2070 καὶ
456 2043 565 2069 πάντων
582 2042 659 2074 ζώων
667 2044 723 2074 τοῖς
735 2042 848 2073 πέπλοις
860 2041 910 2073 τὰς
922 2050 986 2077 μορ-

194 2091 248 2125 φὰς
266 2090 467 2125 ἐνσημαίνεται,
485 2088 536 2124 τὴν
547 2088 657 2124 ἀνθινὴν
679 2088 727 2115 καὶ
745 2087 852 2122 μυρίοις
867 2086 986 2117 εἰδώλοις

195 2137 411 2172 τιεποικιλμένην
430 2135 632 2171 φιλοτεχνοῦσιν
645 2133 758 2169 ἐσθῆτα,
771 2134 876 2164 ἑαυτοῖς
899 2141 929 2158 τε
941 2132 986 2158 καὶ

194 2183 313 2217 γυναιξὶ,
323 2183 369 2209 καὶ
386 2181 489 2209 παισίν·
509 2180 652 2213 παίζοντες
668 2180 771 2210 λοιπὸν,
783 2179 814 2205 οὐ
829 2177 987 2210 σπουδάζον-

195 2237 250 2260 τες·
268 2228 337 2255 κατὰ
351 2228 400 2263 τῆς
416 2226 549 2263 ἀμετρίας
575 2225 622 2252 τού
639 2225 754 2252 πλούτου
775 2223 986 2259 παραχρώμενοι
1003 2241 1024 2268 D

194 2275 234 2310 τῷ
250 2274 308 2309 βίῳ,
318 2275 349 2301 οὑ
369 2273 515 2309 χρώμενοι,
529 2271 799 2307 ἀντινομοθετοῦντες
823 2269 861 2305 τῷ
876 2268 985 2304 Παύλῳ,

195 2320 243 2346 καὶ
262 2320 410 2354 μαχόμενοι
430 2320 489 2350 ταῖς
518 2317 709 2348 Θεοπνεύστοις
727 2316 838 2350 φωναῖς,
855 2315 885 2342 οὺ
897 2314 987 2350 γράμ-

199 2373 292 2400 μασιν,
307 2364 375 2391 ἀλλὰ
394 2364 564 2400 πράγμασιν.
584 2364 617 2390 Ἃ
634 2363 688 2399 γὰρ
704 2363 806 2393 ἐκεῖνος
830 2359 985 2396 ἀπεκήρυξε

200 2410 280 2445 λόγῳ,
295 2410 372 2438 ταῦθ’
385 2408 457 2437 οὗτοι
475 2410 605 2446 κρατοῦσι
623 2410 669 2436 καὶ
684 2408 797 2444 κνδροῦσι
812 2408 867 2438 τοῖς
884 2406 983 2441 ἔργοις.

202 2456 285 2483 Ὅταν
299 2455 345 2483 οὖν
367 2457 541 2492 ἐνδυσάμενοι
560 2456 690 2491 φανῶσιν,
704 2455 742 2486 ὡς
765 2455 849 2489 τοῖχοι
861 2461 985 2487 γεγραμ-

203 2502 279 2537 μένοι
297 2502 373 2539 παρὰ
385 2502 438 2529 τῶν
466 2501 703 2536 συντυγχανόντων
720 2500 846 2536 ὁρῶνται.
872 2498 927 2525 Καί
940 2506 990 2524 που

201 2549 250 2576 καὶ
267 2549 302 2576 τὰ
318 2549 411 2576 παιδία
438 2548 535 2579 αὐτοὺς
552 2547 740 2582 περιίστανται
758 2545 902 2581 μειδιῶντα
924 2543 991 2578 πρὸς

201 2594 315 2629 ἄλληλα,
340 2595 387 2621 καὶ
401 2592 674 2621 δακτυλώεικνοῦντα
690 2591 739 2626 τὴν
758 2593 786 2618 ἐν
801 2592 857 2622 τοῖς
874 2589 991 2625 ἱματίοις

201 2641 321 2676 γραφήν·
339 2640 475 2676 βαδίζουσι
486 2639 513 2666 δὲ
528 2638 715 2674 παρεπόμενα,
734 2638 782 2664 οὐκ
798 2635 990 2672 ἀναχωροῦντα

521 2741 531 2756 ³
547 2740 628 2766 Sirm.
645 2738 728 2773 Apog.
759 2737 846 2773 βολήν.

239 2808 277 2843 (2)
300 2807 384 2834 Rebus
401 2807 524 2834 abutatur
537 2807 600 2843 suis,
613 2804 846 2843 παρακρωμένου
859 2803 900 2843 τῇ
917 2803 987 2838 κτή-

202 2839 360 2877 σεὶίΙλςίι
373 2843 485 2877 interpr.
505 2842 602 2873 κτίσει,
617 2848 678 2877 cum
698 2840 803 2877 reddat:
828 2839 902 2877 rebus
916 2847 989 2877 τινας

204 2878 238 2906 ti;
254 2874 386 2904 abutitur.
413 2874 508 2904 Verum
526 2881 634 2912 pra-stat
647 2875 676 2901 τὸ
689 2874 783 2910 κτήσει
798 2894 804 2905 ,
825 2879 853 2901 ut
869 2875 904 2900 sit
919 2882 927 2900 ι
944 2874 988 2907 qui

238 2744 249 2758 ¹
270 2743 332 2777 Leg.
359 2741 468 2768 πλάδον.

908 2738 918 2753 ⁸
935 2737 1023 2764 lCor.
1046 2742 1099 2766 vn,
1121 2733 1165 2761 5i.

1027 266 1103 284 usum
1123 258 1283 284 lieressitate
1311 259 1409 291 metiri,
1435 263 1488 285 lum
1517 260 1609 288 inanes
1628 269 1703 288 vana:
1719 263 1812 298 gloria.-

1027 304 1198 338 quisquilias,
1213 305 1327 339 vitatque
1344 304 1473 332 mollim'is
1492 306 1613 340 delicias,
1633 311 1759 342 tanquam
1771 310 1813 336 vi-

1029 351 1124 376 tiorum
1142 353 1279 384 parentem
1296 351 1391 378 vitare.
1416 351 1569 384 Enimvero,
1593 361 1646 387 quo
1661 355 1719 388 ejus
1740 355 1811 389 quod

1029 395 1137 428 dicitur,
1155 396 1208 422 vim
1222 396 1322 422 clarius
1339 404 1543 430 cognoscamus,
1556 398 1658 432 primus
1669 401 1812 428 vestimen-

1028 445 1115 468 torum
1132 449 1196 468 ustis
1211 442 1396 475 inspiciendus
1419 448 1469 475 est,
1491 451 1571 478 quam
1596 444 1649 472 late
1666 450 1765 480 pateat,
1785 452 1812 474 et

1028 495 1095 521 quos
1111 487 1134 514 ei
1152 487 1219 514 fines
1232 492 1312 522 atque
1335 489 1476 521 terminos,
1498 491 1673 523 temperantia
1688 493 1811 525 pra-seri-

1028 533 1120 568 pscrit.
1137 533 1205 565 Quid
1222 541 1286 567 ergo
1307 533 1417 567 iustitia:
1439 534 1480 561 lex
1508 535 1562 562 ait?
1587 535 1718 563 Pecndem
1743 537 1812 564 Deus

1028 579 1129 606 creavit
1145 578 1212 614 pelle
1228 580 1295 606 bene
1309 584 1413 606 comata
1430 587 1461 606 ac
1480 580 1569 608 densis
1589 581 1730 608 velleribus
1745 591 1750 608 :
1768 583 1810 609 his

1028 625 1155 652 detonsls
1172 629 1198 652 et
1210 625 1306 652 lexlori
1326 626 1441 656 traditis.
1456 626 1571 653 tunicam
1586 634 1616 653 ac
1629 624 1735 661 pallium
1752 636 1814 662 per-

1029 671 1080 697 texi
1095 670 1140 697 lilii
1159 678 1233 702 cura,
1249 678 1311 704 quo,
1324 678 1383 698 cum
1397 670 1504 697 hiberni
1521 671 1628 706 frigoris
1649 672 1807 702 molestiam,

1029 720 1084 742 tum
1100 715 1227 743 ferventis
1241 716 1306 742 radii
1323 723 1419 742 noxam
1440 714 1562 750 effugias.
1582 716 1656 750 Quod
1673 717 1695 744 si
1712 718 1810 744 leviore

1029 769 1076 795 per
1089 761 1210 788 aestivum
1232 766 1336 796 tempus
1353 767 1427 789 veste
1449 762 1580 797 indigeas,
1604 764 1637 790 ad
1655 763 1778 790 uberiore
1791 773 1805 790 ιι

1030 807 1099 833 Deus
1116 807 1330 834 connuoditatem
1351 808 1395 834 lini
1426 815 1501 834 nsum
1525 809 1666 840 concessit,
1683 810 1751 835 unde
1765 809 1811 836 tibi

1030 853 1155 879 decorum
1170 853 1195 879 in
1209 853 1320 888 proclivi
1334 853 1530 885 indumentum,
1544 854 1615 888 quod
1633 854 1712 880 simul
1729 860 1756 881 et
1772 860 1812 881 tu-

1030 903 1084 932 gal,
1105 903 1132 925 et
1159 898 1266 925 levitate
1290 899 1439 934 refrigeret.
1459 898 1492 925 Et
1516 899 1555 926 his
1570 907 1629 926 cum
1647 899 1808 934 perfrueris,

1028 943 1149 971 Creatori
1170 944 1284 978 gratiam
1306 945 1386 976 habe,
1414 945 1483 979 quod
1505 952 1555 971 non
1575 946 1652 971 modo
1669 954 1717 973 nos
1734 954 1810 972 crea-

1029 989 1078 1019 vit.
1095 997 1185 1016 verum
1202 990 1282 1016 etiam
1298 990 1385 1017 tutelae
1398 995 1423 1017 cl
1439 991 1568 1025 prmsidiis
1583 991 1644 1018 vitae
1663 993 1810 1026 prospexit.

1029 1034 1104 1067 Quod
1118 1035 1138 1062 si
1154 1036 1248 1063 ovibus
1260 1043 1292 1062 ac
1305 1036 1363 1062 lana
1381 1037 1491 1069 relictis,
1508 1037 1714 1072 necessarioque
1730 1037 1812 1065 Crea-

1030 1079 1096 1106 toris
1110 1080 1228 1106 omnium
1243 1085 1371 1115 apparatu
1384 1086 1484 1114 spreto,
1503 1082 1578 1108 vanis
1591 1082 1809 1116 cogitationibus.

1031 1126 1191 1160 vcsanisque
1207 1127 1395 1160 cupiditatibus
1418 1127 1443 1153 in
1462 1127 1552 1154 luxum
1570 1127 1679 1160 cti‘usus,
1704 1132 1730 1154 et
1752 1129 1814 1163 hys-

1030 1179 1088 1198 sum
1104 1172 1229 1206 requiris,
1245 1177 1272 1199 et
1286 1172 1455 1200 Persicorum
1471 1173 1585 1200 stamina
1610 1173 1739 1200 vermium
1756 1174 1812 1200 enl-

1031 1218 1101 1251 ligis,
1118 1218 1187 1245 unde
1201 1218 1322 1249 evanida,
1341 1222 1369 1245 ut
1385 1219 1420 1245 ita
1438 1217 1536 1251 dicati),
1558 1226 1663 1246 aranea:
1678 1218 1728 1245 tela
1746 1227 1812 1245 con-

1031 1270 1158 1292 texatur:
1190 1265 1212 1292 si
1239 1269 1368 1299 praeterea
1397 1265 1537 1291 tinctorem
1564 1264 1664 1299 ingenti
1693 1265 1815 1292 mercede

1031 1311 1167 1344 conducis,
1186 1315 1215 1338 ut
1229 1311 1296 1338 mari
1320 1310 1456 1338 cochleam
1482 1316 1604 1342 venatus,
1628 1312 1685 1345 ejus
1700 1312 1814 1338 animal-

1032 1354 1083 1381 culi
1098 1355 1227 1388 sanguine
1241 1359 1341 1380 vestem
1360 1354 1478 1385 inliciat;
1498 1354 1522 1380 id
1549 1361 1611 1380 vero
1631 1354 1745 1381 hominis
1772 1361 1813 1382 est

1033 1399 1174 1426 immodice
1214 1399 1394 1431 lascivientis,
1431 1400 1529 1433 quique
1571 1400 1649 1426 rebus
1687 1400 1815 1427 abutatur

1032 1446 1088 1472 suis
1101 1445 1150 1480 (2),
1165 1453 1214 1472 nec
1227 1445 1332 1476 habeat.
1350 1445 1376 1472 in
1389 1453 1454 1479 quos
1463 1452 1526 1472 usus
1543 1444 1766 1479 snperaiﬂtlenles
1777 1446 1817 1473 di-

1034 1490 1114 1516 vitias
1128 1489 1255 1517 eb‘undat.
1275 1490 1365 1524 quue
1385 1498 1436 1517 non
1462 1491 1606 1523 immerito,
1628 1490 1688 1517 talis
1705 1495 1734 1518 ut
1753 1492 1816 1518 mot-

1035 1535 1068 1562 lis
1084 1544 1115 1563 ac
1127 1535 1307 1568 effeminatus,
1330 1536 1484 1570 cultumque
1508 1544 1539 1563 ac
1563 1542 1719 1563 ornamenta
1735 1537 1816 1563 misc-
1851 1534 1855 1540 ί

1035 1589 1125 1608 rarum
1139 1581 1285 1616 puellarum
1302 1585 1448 1614 mutuatus,
1466 1581 1636 1614 vituperante
1652 1582 1794 1616 Evangelia
1805 1601 1812 1613 ,

1033 1627 1152 1661 vapulat.

1068 1762 1120 1789 Alii
1136 1762 1198 1788 item
1212 1761 1308 1788 similis
1331 1764 1452 1787 amantes
1469 1758 1611 1793 vanitatis;
1624 1759 1688 1793 quin
1700 1759 1755 1785 imo
1770 1767 1817 1785 au~

1034 1809 1165 1837 ctioribus
1182 1807 1269 1834 modis
1289 1806 1385 1833 vitium
1401 1805 1563 1839 excolentcs,
1591 1813 1624 1832 ne
1642 1805 1686 1832 hic
1709 1805 1816 1840 quidem

1035 1855 1123 1882 stulta:
1140 1853 1256 1882 solertia:
1273 1853 1339 1879 ﬁnes
1355 1851 1555 1879 constituerunt
1574 1860 1581 1879 :
1598 1852 1644 1878 sed
1662 1859 1730 1878 novo
1751 1859 1819 1886 quo-

1035 1903 1095 1929 dam
1112 1908 1143 1928 ac
1157 1905 1360 1935 supervacaneo
1376 1897 1498 1925 textrina:
1513 1902 1674 1929 commento,
1692 1897 1762 1932 quod
1778 1905 1818 1923 ar-

1035 1953 1088 1975 tern
1103 1948 1256 1982 pietoriam,
1272 1945 1395 1973 staminis
1409 1943 1623 1979 acsubtegminis
1634 1943 1723 1970 subtili
1737 1951 1812 1970 com-

1036 1993 1159 2029 plexione
1185 1992 1313 2024 imitans,
1334 1991 1453 2017 omnium
1483 1989 1584 2016 formas
1606 1987 1761 2014 animalium
1791 1988 1818 2015 in

1036 2038 1156 2065 vestibus
1178 2037 1323 2072 exprimat,
1341 2035 1446 2066 ﬂorida,
1468 2042 1498 2061 ac
1523 2034 1659 2061 sexcentis
1681 2034 1818 2067 variegata

1037 2084 1129 2119 ﬁguris
1149 2083 1319 2114 vestimenta,
1333 2089 1388 2108 tum
1409 2081 1470 2114 sibi,
1485 2084 1540 2107 tmn
1552 2079 1690 2111 uxoribus,
1707 2086 1738 2106 ac
1753 2079 1819 2105 libe-

1037 2131 1075 2158 ris
1088 2137 1200 2165 operose
1218 2128 1380 2161 conficiunt;
1397 2127 1458 2154 ludo
1481 2127 1607 2160 deinceps
1630 2131 1748 2160 agentes,
1766 2132 1819 2151 non

1038 2177 1109 2205 serio
1123 2177 1223 2211 aliquid
1238 2176 1368 2202 facientes
1383 2183 1390 2201 :
1409 2174 1454 2209 qui
1472 2173 1628 2200 divitiarum
1657 2178 1821 2206 exsuperan-

1039 2222 1085 2254 tia,
1113 2221 1211 2248 saeculo
1227 2221 1390 2252 abutantur,
1422 2226 1473 2246 non
1502 2217 1651 2249 utantur‘;
1683 2224 1711 2243 ac
1737 2215 1821 2242 Paulo

1040 2268 1173 2296 contraria
1192 2268 1330 2299 sanciam;
1357 2266 1508 2299 divinisque
1533 2264 1660 2294 vocibus,
1686 2263 1726 2289 sin
1755 2262 1822 2288 scri-

1040 2313 1093 2348 ptis
1107 2320 1138 2339 ac
1169 2312 1269 2344 verbis,
1297 2319 1328 2337 ac
1348 2310 1426 2336 factis
1455 2309 1640 2336 adversentur.
1660 2307 1723 2339 ρυιυ
1750 2307 1820 2332 enim

1040 2359 1084 2386 ille
1098 2365 1223 2386 sermone
1239 2356 1397 2391 proscripsit
1409 2355 1436 2388 ',
1453 2355 1509 2381 hmc
1531 2354 1580 2387 ipsi
1598 2353 1733 2379 mordicus
1757 2351 1822 2377 reti-

1039 2412 1105 2433 nent
1116 2411 1148 2432 ac
1157 2403 1282 2438 operibus
1289 2406 1343 2429 rata
1357 2400 1458 2427 volunt.
1468 2399 1534 2427 Cum
1545 2399 1637 2432 itaque
1649 2396 1745 2423 talibus
1758 2395 1824 2421 ami-

1040 2452 1074 2478 cti
1091 2451 1117 2477 in
1134 2449 1269 2484 publicum
1283 2448 1425 2482 prodeunt,
1446 2449 1575 2478 tanquam
1597 2441 1694 2476 depicti
1707 2441 1824 2474 parietes

1040 2496 1125 2524 obviis
1142 2495 1291 2529 quibusque
1305 2496 1461 2521 cernuntur.
1479 2490 1549 2523 Quill
1564 2494 1591 2516 et
1609 2487 1684 2523 pueri
1700 2486 1825 2521 quamlu-

1039 2550 1091 2578 que
1105 2542 1291 2571 circumstant,
1308 2538 1416 2572 risuque
1430 2541 1524 2563 mutuo
1537 2535 1622 2570 pictas
1638 2534 1663 2560 in
1679 2532 1825 2560 vestimen-

1041 2588 1075 2615 tis
1096 2587 1197 2621 ﬁguras
1216 2585 1303 2612 indice
1330 2585 1490 2612 monstrant,
1513 2588 1545 2607 ac
1572 2585 1641 2614 pone
1667 2581 1824 2610 sequentes,

1039 2640 1110 2668 (εει-θ
1136 2631 1243 2658 tandem
1262 2628 1401 2661 recedunt,
1420 2635 1451 2654 ac
1463 2627 1497 2654 ab
1523 2625 1562 2653 eis
1576 2623 1654 2652 avelli
1673 2622 1823 2657 patiuntur.

1221 2729 1260 2756 'l
1288 2730 1359 2757 Tim.
1377 2736 1416 2761 ιι,
1433 2727 1525 2761 9,10.

1043 2810 1124 2829 censu
1150 2808 1182 2828 ac
1196 2799 1273 2828 bonis
1286 2797 1418 2834 possessis
1437 2796 1572 2826 abutatur,
1587 2800 1657 2820 ma.e
1678 2798 1825 2832 .nsumens,

1043 2827 1134 2864 binim
1148 2827 1211 2863 suos
1227 2841 1258 2861 ac
1271 2827 1382 2868 proximi
1404 2836 1567 2867 opportunos
1580 2836 1655 2860 usus,
1670 2835 1700 2854 ac
1718 2827 1744 2853 in
1760 2834 1827 2860 quos

1045 2873 1113 2898 tiens
1129 2870 1272 2898 concossit.
