2076 3155
187 202 220 229 75
686 194 827 227 ilOMlLlA
845 192 918 226 [οε
937 199 968 225 Dl

1020 197 1050 225 ΓΕ
1071 197 1114 224 ET
1134 197 1283 226 LAZARO.

1746 194 1800 227 174

167 260 285 295 Μωῦσῆς
315 259 472 292 ἀξιόπιστος
501 258 694 294 τεκμηριώσας
723 258 776 285 τῶν
806 257 957 294 ἀνθρώπων

1020 257 1051 283 ‘cx
1066 263 1098 283 ac
1114 256 1204 283 mundi
1222 261 1315 283 auctor
1329 256 1449 283 condidit
1465 258 1486 290 ⁷,
1510 261 1537 284 ut
1559 257 1600 284 cui
1617 253 1722 293 Moyses
1737 258 1798 286 ido-

166 306 214 342 τὴν
230 306 346 341 γένεσιν.

204 395 235 421 Εἰ
255 395 303 430 μὲν
318 391 365 420 οὖν
383 393 560 428 ἐτελεύτησεν
579 391 661 428 μέχρι
675 392 772 420 τούτου
794 392 825 419 τὸ
841 392 888 419 τοῦ
903 393 958 419 Λα-

168 441 253 476 ζάρου
271 441 404 476 διήγημα,
422 440 469 467 καὶ
485 440 574 472 οὕτως
588 439 644 476 εἶχε
670 439 724 466 τῶν
749 440 920 475 πραγμάτων
941 440 958 475 ἡ

169 487 261 521 φύσις,
282 486 320 517 ὡς
336 487 368 521 τῇ
384 485 526 521 ἀνωμαλίᾳ
545 485 592 511 τοῦ
617 485 674 520 βίου
692 485 786 512 τούτου
811 485 861 521 τὴν
886 485 959 520 ζωὴν

169 531 249 566 ἡμῶν
271 529 496 565 περιγράφεσθαι,
519 528 640 564 μεγάλας
657 529 690 556 ἂν
714 529 810 564 ἀφῆκα
835 529 959 564 σχετλιά-

171 576 226 608 ζων
244 576 334 610 φωνάς
345 582 352 590 λ
376 576 419 610 ἐφ’
433 574 473 606 οἷς
488 575 513 601 οξ
531 574 688 606 κτισθέντες
707 574 857 610 ὀμοτίμως,
873 574 959 606 οὕτως

171 622 270 653 ἀνίσως
295 621 362 656 μετὰ
386 621 441 647 τῶν
469 620 613 657 ὁμοφύλων
640 621 789 656 διάγομεν·
807 620 901 656 ἐπειδὴ
929 620 959 647 δὲ

171 667 241 693 καλὰ
262 666 295 693 τὰ
312 666 458 702 λειπόμενα
476 666 545 702 πρὸς
569 666 712 702 ἀκρόασιν,
734 668 763 693 ὲν
778 668 834 698 τοῖς
859 666 960 702 παρελ-

171 713 246 739 θοῦσι
271 712 401 745 στενάξας
411 732 418 744 ,
431 712 452 738 ιὸ
467 712 562 747 πένης,
587 713 616 738 ὲν
632 713 688 744 τοῖς
712 711 868 744 ἀκολούθοις
884 711 961 738 εὐθύ-

172 767 268 795 μησον,
293 758 387 794 μαθὼν
406 757 455 784 τοῦ
482 757 648 794 συμπτώχου
674 767 720 785 σου
744 759 794 794 τὴν
821 758 960 794 μακαρίαν

169 804 330 831 ἀπόλαυσιν.
355 805 490 840 Εὑρὴσεις
517 805 571 840 γὰρ
594 805 699 831 δικαίου
727 804 821 840 κριτοῦ
847 805 961 840 ἀκριῦὲς

169 850 353 886 δικαστήριον,
366 851 395 877 ὲν
406 848 428 884 ᾧ
441 851 563 883 στενάζει
576 851 590 877 ό
604 851 792 886 ἡδυπαθήσας,
806 851 854 877 καὶ
871 851 961 887 τρυφᾷ

169 897 184 922 ὁ
198 897 337 932 μοχθήσας
348 905 354 911 ·
387 895 515 932 ἑκάτερος
530 896 558 923 δὲ
579 897 720 932 κομίζεται
743 896 778 923 τὰ
798 895 867 932 πρὸς
883 895 960 928 ἀξίαν

171 942 306 978 ἐπίχειρα.

213 987 345 1023 Ἐγένετο
365 988 399 1014 δὲ
415 987 580 1015 ἀποθανεῖν
608 987 663 1014 τὸν
685 987 815 1022 πτωχὸν,
840 987 888 1014 καὶ
903 987 960 1014 ἀπ’

171 1033 331 1068 ενεχθῆναι
360 1033 419 1060 ὑπὸ
451 1033 511 1059 τῶν
541 1032 675 1067 ἀγγέλων
705 1033 749 1065 είς
775 1032 829 1059 τὸν
847 1032 964 1059 κόλπον

179 1079 313 1114 Ἀϐραάμ.
334 1079 416 1115 Ὁρᾷς
438 1080 502 1110 τοὺς
523 1078 697 1109 διακονιστᾶς
718 1077 765 1104 τοῦ
790 1077 895 1104 δικαίου
918 1077 964 1104 καὶ¹

173 1125 299 1161 πένητος,
313 1126 360 1152 καὶ
374 1126 438 1157 τοὺς
456 1125 595 1160 ὑπηρέτας
610 1125 660 1160 τῆς
677 1124 885 1159 μεταστάσεως;
902 1124 965 1158 ’Δγ-

173 1171 248 1206 γελοι
272 1171 327 1206 γὰρ
347 1171 537 1206 ἐδορυφόρουν,
557 1169 672 1204 γαληνόν
689 1177 718 1196 τε
739 1169 787 1195 καὶ
813 1170 901 1205 πρᾶον
924 1170 964 1201 είς

174 1216 255 1242 αὐτὸν
271 1215 424 1251 βλέποντες,
439 1216 486 1242 καὶ
502 1215 541 1250 τῷ
560 1216 679 1250 σχήματι
701 1214 899 1249 προδηλοῦντες
915 1214 965 1249 τὴν

174 1262 362 1297 ἅναμένουσαν
383 1261 464 1288 αὑτὸν
481 1261 627 1297 θεραπείαν
651 1261 698 1286 καὶ
715 1261 815 1288 ἄνεσιν.
838 1261 964 1297 Ἐνετέθη

174 1307 202 1333 δὲ
215 1306 357 1342 κομισθεὶς
372 1307 428 1338 τοῖς
441 1306 551 1337 κόλποις
558 1305 605 1332 τοῦ
626 1305 809 1341 πατριάρχου·
823 1305 837 1332 ὃ
855 1307 899 1332 καὶ
908 1306 965 1332 δια-

175 1352 319 1388 πορήσεως
331 1352 458 1388 ἀφορμὴν
477 1351 591 1388 παρέχει
606 1353 662 1384 τοῖς
677 1352 762 1387 ἡδέως
777 1352 811 1379 τὰ
828 1351 896 1388 βάθη
911 1352 966 1379 τῶν

175 1398 292 1434 Γραφῶν
306 1398 505 1433 βασανίζουσιν.
518 1399 549 1425 Εἰ
563 1398 619 1435 γὰρ
634 1399 689 1430 πᾶς
702 1398 836 1425 τελευτῶν
863 1397 967 1430 δίκαιος

176 1445 246 1481 πρὸς
273 1444 319 1471 τὸν
334 1444 415 1471 αὑτὸν
438 1443 577 1480 κομίζοιτο
600 1444 691 1475 τόπον,
707 1443 791 1475 πολύς
809 1452 851 1475 τις
868 1443 901 1470 ἂν
924 1443 967 1478 εἴη

176 1491 224 1517 καὶ
239 1490 283 1516 ἐπ’
295 1490 409 1526 ἄπειρον
424 1489 621 1524 άνηπλωμένος
639 1490 653 1516 ὁ
665 1489 775 1522 κόλπος,
787 1488 814 1514 εί
827 1497 858 1523 γε
876 1489 967 1524 μέλλοι

177 1536 330 1572 χωρητικὸς
351 1535 460 1562 ἔσεσθαι
484 1535 531 1562 τοῦ
551 1535 669 1571 πλήθους
689 1535 744 1563 τῶν
760 1536 841 1563 ὁσίων
856 1536 965 1568 παντός.

177 1582 209 1609 El
233 1582 261 1609 δὲ
278 1581 357 1608 τοῦτο
377 1581 519 1613 παντελῶς
538 1582 679 1617 ἀμήχανον
697 1581 807 1616 (κόλπος
831 1582 886 1618 γὰρ
907 1591 964 1609 κοι-

177 1607 407 1663 ῐάνιέις⁷⁷⁷άᾲδρά
423 1607 485 1664 μιν
509 1607 564 1655 ζεοέέ
585 1607 633 1654 ἐξά
656 1607 814 1664 esse:
837 1607 966 1664 iiiis}:
981 1607 1004 1639 ε

177 1674 225 1700 δύο
242 1673 412 1709 περιστέλλει
426 1673 536 1710 βρέφη),
552 1674 653 1709 θεωρία
669 1683 710 1706 τις
728 1675 801 1710 ἡμᾶς
815 1675 968 1710 ἐκδέχεται,

177 1720 211 1754 τῇ
229 1720 313 1746 εικόνι
335 1719 382 1746 τοῦ
407 1719 536 1754 αίσθητοῦ
561 1720 674 1752 κόλπου,
698 1720 764 1755 πρὸς
789 1721 886 1756 νοητήν
909 1729 969 1748 τινα

178 1765 372 1802 πραγματείαν
398 1764 615 1800 χειραγωγοῦσα.
637 1765 669 1791 Τί
687 1765 741 1801 γάρ
764 1766 822 1791 ἐστι
846 1766 876 1792 τὸ
894 1766 970 1800 λεγό-

180 1819 276 1847 μενον;
300 1812 330 1838 Ὀ
355 1811 497 1847 Ἀϐραὰμ,
526 1811 617 1846 φησιν,
644 1810 803 1845 ἀποδέχεται
834 1811 896 1842 τοὺς
923 1811 969 1837 τὸν

178 1857 368 1885 εὐπολίτευτον
401 1857 537 1893 ζήσαντας
561 1857 630 1892 βίον.
661 1857 728 1883 Εξπὲ
754 1857 855 1888 τοίνυν,
879 1854 901 1883 ὦ
927 1856 971 1883 θε-

180 1902 275 1929 σπέσιε
298 1903 390 1929 Λουκᾶ
408 1901 455 1936 (ὼς
476 1902 545 1937 πρὸς
563 1901 690 1936 παρόντα
711 1901 765 1937 γάρ
783 1909 813 1928 σε
832 1901 879 1928 καὶ
901 1901 970 1937 ὀρώ-

182 1955 262 1983 μινον
278 1946 456 1982 διαλέξομαι),
470 1947 514 1973 διὰ
533 1947 559 1973 τί
577 1946 681 1973 πολλῶν
701 1947 785 1973 όντων
797 1947 908 1974 δικαίων
923 1947 970 1974 καὶ

180 1993 374 2029 πρεσϐυτέρων
395 1993 442 2020 τοῦ
461 1993 600 2029 Ἀϐραὰμ,
623 1993 726 2028 ταύτην
748 1993 803 2020 τῶν
827 1993 970 2029 μεθηλικε-

181 2039 286 2074 στέρων
311 2039 361 2075 τὴν
394 2039 478 2075 τιμὴν
513 2039 734 2075 ἀπεκλήρωσας,
759 2040 901 2075 σιωπήσας
925 2040 971 2066 τὸν

187 2084 283 2119 Ἑνὼχ,
307 2085 352 2112 τὸν
374 2084 447 2115 Νῶε,
464 2086 512 2111 καὶ
528 2084 555 2111 ετ
575 2094 617 2117 τις
641 2085 719 2117 ἄλλος
747 2085 818 2112 κατὰ
840 2085 885 2112 τὸν
915 2085 971 2120 βίον

179 2130 286 2163 τούτοις
312 2131 472 2164 ἀκόλουθοςς
492 2130 573 2157 Ἀλλά
599 2139 645 2157 σου
672 2130 743 2166 τάχα
773 2131 901 2167 συνίημι,
925 2131 971 2158 καὶ

180 2177 232 2203 οὐκ
255 2176 307 2209 ἔξω
333 2177 423 2212 βάλλει
446 2176 494 2203 τοῦ
518 2176 620 2203 σκοποῦ
643 2176 661 2203 ἃ
687 2176 840 2211 λογίζομαι.
862 2177 970 2213 Ἐπειδὴ

181 2222 237 2258 γὰρ
253 2222 267 2248 ὸ
286 2222 412 2258 Ἀϐραὰμ
429 2222 555 2257 θεράπων
578 2222 709 2257 Χριστοῦ,
727 2222 772 2248 καὶ
789 2222 972 2258 διαφερόντως

182 2264 260 2300 οὗτος
284 2268 435 2304 ἀνθρώπων
458 2268 492 2295 τὰ
510 2268 561 2303 τῆς
593 2267 640 2294 τοῦ
665 2267 782 2303 Χριστοῦ
803 2268 971 2302 ’ἐπιφανείας

182 2314 301 2347 ἐδέξατο,
317 2315 364 2341 καὶ
377 2314 407 2341 τὸ
421 2315 471 2349 τῆς
489 2313 603 2349 Τριάδος
624 2314 771 2350 μυστήριον
789 2313 890 2345 ῑκανῶς
907 2314 972 2349 ἡμῖν

183 2362 213 2387 ὲν
227 2361 259 2396 τῇ
281 2361 366 2395 σκηνῇ
388 2360 434 2386 τοῦ
454 2360 583 2396 γέροντος
596 2359 693 2386 τούτου
709 2357 874 2394 διετυπώθη,
891 2358 973 2394 ἥνικα

183 2407 247 2438 τοὺς
263 2408 338 2442 τρεῖς
352 2407 484 2441 ἀγγέλους
501 2407 538 2439 ὡς
555 2406 656 2441 ἄνδρας
678 2405 834 2441 ὁδοιπόρους
854 2405 972 2438 ἐξένισε·

185 2452 234 2477 καὶ
248 2451 338 2484 ἁπλῶς
355 2453 388 2479 ὲκ
413 2451 517 2479 πολλῶν
535 2451 673 2487 μυστικῶν
690 2451 859 2488 αἰνιγμάτων
875 2452 974 2483 οἰκεῖος

185 2496 328 2533 ἄνθρωπος
353 2494 430 2529 οὗτος
455 2497 603 2532 γεγένηται
629 2496 676 2524 τοῦ
702 2496 781 2529 Θεοῦ,
796 2496 843 2523 τοῦ
867 2496 973 2532 χρόνοις

186 2541 298 2577 ὓστερον
315 2543 519 2578 άμφιεσαμένου
531 2542 580 2577 τὴν
596 2542 694 2578 σάρκα,
709 2542 756 2569 καὶ
773 2542 817 2569 διὰ
832 2542 914 2578 μέσου
926 2542 972 2568 τοῦ

185 2588 360 2624 ἁνθρωπικοῦ
380 2589 477 2616 τούτου
500 2588 750 2623 παραπετάσματος
771 2588 894 2623 ἐναργῶς
913 2589 974 2624 ὁμι-

186 2634 316 2669 λήσαντος
327 2636 384 2667 τοῖς
398 2634 563 2670 ἀνθρώποις·
574 2634 617 2661 διὰ
627 2634 715 2666 τοῦτο,
727 2634 772 2660 τὸν
783 2633 881 2660 κόλπον
893 2634 974 2660 αὐτοῦ

187 2678 242 2706 οἷον
261 2681 348 2707 εῦδιόν
365 2690 424 2708 τινα
440 2681 536 2717 λιμένα
553 2680 600 2707 καὶ
623 2679 755 2706 ἄκλυστον
771 2672 975 2715 ἀναπαυτήριον

221 2750 231 2766 ⁷
249 2749 316 2777 Gen.
338 2757 368 2781 ll,
385 2749 433 2776 27.

225 2813 263 2847 (6)
278 2813 415 2853 _Sequioris
431 2815 516 2853 altatis
527 2814 635 2853 homini.
653 2812 712 2853 τίῆν
720 2813 977 2853 μεθηλικεστέρων

189 2847 419 2882 ἀπεκλήρωσας.
446 2849 486 2876 Sil
503 2849 572 2876 forte
594 2849 633 2883 τῷ
649 2847 879 2884 μεθηλικεστέρῳ,
904 2851 976 2882 Quo-

191 2885 271 2910 modo
287 2884 352 2910 nihil
369 2885 545 2918 supplendum
560 2888 604 2910 aut
623 2885 729 2910 durum.
758 2883 869 2909 Videtur
892 2884 975 2910 inter-

192 2926 253 2952 pres
278 2925 338 2945 eam
363 2926 456 2946 vocem
483 2919 619 2945 contrario
646 2927 725 2946 sensu
756 2918 913 2950 reddidisse,
945 2927 976 2945 ac

1010 309 1076 329 nens
1095 309 1126 329 ac
1153 301 1205 329 ride
1231 302 1326 337 dignus
1349 303 1467 338 scriptor
1489 303 1611 331 videatur
1632 303 1731 331 conditi
1747 300 1798 333 Ito-

1009 354 1099 374 mtms.

1046 393 1124 427 Quod
1151 393 1173 420 si
1199 388 1242 421 hic
1261 394 1313 422 loci
1332 394 1445 422 historia
1461 394 1556 422 Lazari
1573 395 1686 423 haberet
1705 396 1798 430 linem,

1010 439 1103 474 sicque
1125 446 1215 466 rerum
1239 444 1334 466 natura
1357 439 1450 473 ferret,
1471 445 1500 468 ut
1522 445 1575 468 tam
1594 441 1698 469 diversa
1716 449 1748 469 ac
1763 442 1801 470 in-

1014 484 1109 519 aequali
1123 489 1206 517 sorte,
1221 484 1346 512 humana:
1367 485 1428 512 vita!
1444 487 1609 514 curriculum
1626 487 1799 519 definiretur.

1010 531 1062 557 alta
1087 537 1152 557 sane
1175 537 1206 557 ac
1223 536 1328 558 exserta
1345 538 1409 558 voce
1426 532 1626 567 deplangerem,
1646 533 1717 568 quod
1741 533 1799 567 pari

1011 576 1114 603 honore
1127 576 1239 609 conditi,
1256 584 1340 611 usque
1358 578 1426 605 adeo
1441 577 1619 612 inaequalibus
1636 578 1722 606 modis
1738 586 1799 606 cum

1011 622 1152 649 tribulibus
1174 630 1327 658 ageremus.
1353 623 1506 655 Enimvero,
1534 631 1594 651 cum
1617 631 1648 651 ea
1671 632 1730 659 qua:
1758 631 1802 652 re-

1011 671 1084 693 stant
1098 667 1189 694 auditu
1205 667 1333 702 praeclara
1350 668 1413 699 sint,
1424 668 1600 703 qui,pauper,
1615 669 1800 704 superioribus

1011 713 1185 748 adgemuisti,
1207 713 1278 740 bono
1298 714 1423 749 deinceps
1435 720 1494 741 esto
1509 715 1608 746 animo,
1627 714 1747 749 ejusdem
1762 719 1803 741 te-

1011 765 1071 785 cum
1090 759 1171 786 sortis
1185 760 1311 794 pauperis
1328 761 1489 787 condiscens
1505 760 1711 787 beatitudinem.
1726 760 1803 788 Com-

1011 803 1099 837 perics
1110 804 1181 831 enlm
1204 805 1269 839 justi
1284 805 1383 839 judicis
1395 811 1518 833 exactum
1536 806 1664 839 tribunal,
1686 807 1735 834 sub
1749 813 1803 841 quo

1012 849 1180 884 voluptarius
1191 850 1234 877 ille
1249 856 1339 885 gemat
1350 859 1380 878 ac
1395 852 1500 886 ploret,
1514 852 1718 886 mendicusque,
1733 853 1802 879 bene

1012 903 1044 922 ac
1066 896 1177 930 pulchre
1206 897 1303 924 habeat
1319 915 1326 928 ,
1356 905 1388 924 ac
1414 898 1576 933 condignum
1600 903 1713 932 uterque
1735 906 1802 933 pra:-

1014 943 1096 969 mium
1114 942 1194 969 ferat.

1050 987 1163 1015 Factum
1180 993 1217 1016 est
1232 993 1319 1015 autem
1334 994 1361 1016 ut
1377 995 1522 1016 moreretur
1542 990 1676 1016 mendicus
1692 996 1714 1016 et
1742 998 1804 1025 por-

1014 1038 1115 1060 taretur
1129 1034 1160 1060 ab
1175 1034 1274 1069 angelis
1290 1035 1317 1061 in
1331 1035 1419 1062 sinum
1436 1034 1561 1062 Abrahw.
1581 1033 1663 1063 Vides
1676 1029 1802 1070 pauperis

1014 1087 1045 1105 ac
1056 1078 1121 1113 justi
1136 1079 1262 1111 famulos,
1281 1079 1394 1115 ejusque
1420 1081 1587 1116 migratinnis
1609 1081 1804 1108 administros?

1016 1125 1120 1160 Quippe
1145 1126 1232 1160 angeli
1255 1126 1383 1154 satellitio
1404 1127 1559 1163 cingebant.
1579 1127 1675 1154 blande
1697 1135 1728 1153 ac
1745 1128 1802 1162 pla-

1015 1171 1076 1198 cide
1091 1172 1117 1198 in
1135 1179 1196 1198 eum
1220 1171 1365 1205 intuentes,
1382 1173 1491 1208 orisque
1509 1173 1601 1200 habitu
1617 1174 1763 1208 repositum
1780 1174 1804 1201 ei

1017 1217 1128 1253 linimen
1160 1225 1192 1245 ac
1223 1219 1411 1246 remisslonem
1443 1219 1572 1254 pratludio
1606 1220 1804 1247 monstrabant.

1016 1263 1112 1296 Porro,
1126 1263 1284 1300 deportatus
1301 1263 1355 1297 ille,
1369 1264 1394 1291 in
1410 1264 1471 1291 sinu
1490 1264 1651 1299 patriarchae
1663 1265 1804 1298 ιΙυιιοςίιυε

1017 1314 1057 1335 est
1072 1316 1079 1335 :
1095 1309 1166 1343 quod
1180 1309 1288 1343 quidem
1304 1309 1337 1336 iis
1354 1317 1447 1336 ansam
1462 1309 1618 1344 qllttslionis
1635 1310 1746 1343 prtultet,
1759 1310 1804 1343 qui

1017 1354 1140 1382 lubentes
1155 1353 1356 1388 Scripturarurn
1375 1353 1507 1388 profunda
1522 1359 1687 1382 scrutantur.
1710 1355 1803 1388 Siqui-

1018 1400 1079 1426 dem
1102 1399 1173 1426 enim
1189 1399 1321 1433 justorum
1342 1399 1455 1433 quilibet
1475 1398 1529 1425 vita
1551 1399 1683 1426 excedens
1701 1399 1726 1426 in
1744 1406 1805 1425 eum

1018 1443 1251 1477 deferturlocum,
1270 1444 1436 1479 peramplum
1456 1451 1521 1471 sane
1537 1451 1568 1471 ac
1587 1444 1728 1472 immensis
1744 1452 1807 1477 spa-

1020 1490 1064 1517 tiis
1089 1490 1234 1517 distentum
1258 1490 1345 1516 sinum
1375 1490 1445 1516 hunc
1469 1494 1575 1524 oportet
1599 1497 1669 1522 esse,
1691 1494 1718 1516 ut
1735 1491 1760 1517 in
1774 1497 1807 1518 eo

1019 1539 1173 1562 sanctorum
1190 1535 1280 1561 omnis
1297 1534 1441 1561 multitudo
1458 1535 1620 1561 continenda
1637 1535 1681 1562 sit.
1697 1535 1762 1562 Cum
1780 1536 1806 1562 id

1020 1587 1085 1607 vero
1099 1587 1210 1614 prorsus
1229 1580 1288 1607 ﬁeri
1307 1584 1422 1614 nequeat
1438 1580 1524 1615 (sinus
1544 1581 1615 1607 enim
1636 1583 1808 1615 quantumvis

1019 1633 1100 1654 cavus
1116 1631 1143 1653 et
1164 1633 1260 1661 capax,
1286 1625 1328 1653 vel
1358 1633 1440 1652 unum
1464 1633 1535 1660 :Pgre
1559 1626 1668 1660 virum,
1694 1626 1810 1654 infantes

1020 1671 1062 1698 vix
1090 1671 1158 1699 duos
1182 1671 1407 1706 complectatur):
1426 1671 1540 1707 mystica
1561 1673 1682 1706 qumdam
1709 1672 1808 1698 intelli-

1022 1717 1111 1753 gentia
1126 1717 1255 1751 occurrit,
1281 1718 1442 1751 sensilisque
1464 1717 1539 1745 sinus
1561 1718 1687 1752 imagine,
1700 1718 1733 1744 ad
1748 1726 1808 1745 sen-

1021 1770 1067 1791 sus
1082 1763 1213 1797 spiritalis
1228 1763 1371 1790 medullam
1393 1770 1470 1789 manu
1488 1762 1572 1789 ducit.
1588 1763 1657 1796 Quid
1675 1764 1747 1790 t'nim
1765 1764 1808 1791 hic

1022 1809 1138 1836 dicitur?
1153 1807 1284 1835 Nimirum
1298 1809 1436 1843 suscipere
1451 1807 1586 1835 Abraham
1608 1815 1656 1834 eos
1680 1809 1723 1842 qui
1742 1809 1810 1834 bene

1023 1861 1055 1881 ac
1068 1858 1141 1881 recte
1152 1853 1234 1880 vitam
1250 1853 1434 1880 instituerunt.
1450 1855 1505 1888 Age
1519 1854 1620 1888 itaque,
1634 1854 1724 1881 divine
1736 1853 1806 1881 Luc;-

1023 1901 1095 1936 (nam
1110 1900 1182 1926 velut
1196 1905 1354 1934 praesentem
1369 1904 1394 1926 te
1408 1907 1439 1926 ac
1452 1900 1486 1926 oh
1500 1898 1592 1925 oculos
1607 1900 1721 1934 positum
1736 1908 1810 1926 coin-

1023 1944 1157 1981 pellabo);
1174 1945 1238 1979 quid
1252 1952 1350 1978 causa,
1366 1949 1394 1971 ut
1410 1944 1500 1972 multis
1513 1944 1596 1979 justis
1610 1953 1641 1971 ac
1656 1945 1811 1972 Abraliamo

1023 1992 1228 2026 antiquioribus,
1240 1992 1310 2018 hunc
1319 1991 1487 2026 potissimum
1497 1991 1626 2018 honorem
1635 1990 1672 2026 (6)
1680 1991 1810 2025 sequioris

1023 2037 1110 2065 aetatis
1132 2037 1233 2064 homini
1252 2038 1442 2071 assignaveris,
1458 2037 1615 2071 praeteriens
1628 2036 1729 2069 Enoch,
1744 2037 1809 2068 Noe.

1027 2092 1058 2111 ac
1072 2083 1094 2111 si
1117 2084 1162 2118 qui
1191 2091 1238 2110 eos
1266 2083 1375 2117 paribus
1403 2084 1464 2110 vita:
1492 2083 1588 2111 studiis
1615 2084 1698 2110 Secuti
1728 2084 1813 2111 sunt?

1026 2130 1181 2162 Enimvero,
1210 2135 1326 2156 mentem
1349 2129 1405 2164 jam
1433 2136 1505 2157 tuam
1534 2130 1684 2165 intelligere
1699 2131 1810 2163 videor;

1024 2183 1074 2203 nec
1097 2176 1164 2209 abit,
1191 2182 1220 2202 ut
1248 2176 1354 2211 opinor,
1382 2181 1458 2202 extra
1487 2183 1598 2210 scopum
1630 2176 1810 2203 ratiocinatio.

1025 2220 1100 2254 Quod
1113 2222 1184 2249 enim
1202 2222 1372 2249 Abrahamns
1387 2221 1498 2249 Christo
1511 2223 1660 2257 impensius
1675 2222 1812 2253 servierit.

1026 2267 1104 2301 eique
1117 2275 1146 2293 se
1160 2266 1215 2299 ille,
1229 2274 1284 2300 prze
1308 2267 1466 2294 mortalibus
1489 2267 1559 2299 aliis,
1584 2267 1683 2294 divinis
1705 2269 1812 2301 appari-

1026 2312 1145 2338 tionibus
1166 2312 1338 2344 revclaverit,
1359 2317 1440 2346 alque
1455 2312 1481 2338 in
1498 2312 1570 2339 illius
1590 2312 1663 2338 senis
1689 2311 1812 2338 taberna-

1026 2358 1086 2384 culo
1115 2357 1256 2384 Trinitatis
1283 2359 1441 2393 mysterium
1482 2357 1589 2384 abunde
1618 2357 1695 2383 nobis
1718 2357 1812 2382 adum-

1026 2402 1132 2429 bratum
1155 2402 1201 2433 sit.
1226 2410 1286 2428 cum
1309 2407 1363 2429 tres
1385 2401 1495 2437 angelos
1516 2402 1634 2428 virorum
1654 2401 1812 2436 peregrino-

1026 2457 1085 2476 rum
1111 2449 1211 2483 specie,
1239 2448 1356 2482 hospitio
1381 2448 1522 2482 suscepit;
1554 2449 1625 2482 quod
1648 2447 1765 2482 denique
1778 2455 1812 2474 ex

1026 2495 1147 2531 mysticis
1164 2494 1254 2522 multis
1269 2494 1468 2529 amigmatibus,
1484 2493 1555 2520 idem
1571 2493 1622 2527 ille,
1641 2492 1697 2526 Dei,
1712 2493 1756 2529 qui
1770 2493 1796 2520 fu
1806 2509 1814 2514 -

1028 2541 1096 2568 turis
1131 2541 1302 2576 postmodum
1334 2539 1500 2574 temporibus
1530 2546 1638 2567 carnem
1672 2540 1814 2568 induturus

1028 2592 1110 2619 esset.
1126 2595 1158 2615 ac
1169 2587 1264 2614 .medio
1282 2587 1460 2615 humanitatis
1474 2587 1534 2614 velo
1547 2587 1634 2622 palam
1649 2595 1710 2615 cum
1725 2588 1812 2614 homi~

1030 2634 1109 2661 nibus
1134 2639 1206 2661 esset
1231 2639 1395 2666 versaturus,
1420 2634 1590 2662 necessarius
1615 2635 1813 2667 quodammodo

1028 2687 1060 2707 ac
1077 2679 1218 2707 familiaris
1241 2676 1353 2707 etii-ctus
1377 2680 1427 2713 sit;
1457 2681 1560 2708 idcirco
1571 2681 1629 2716 ejus
1645 2681 1744 2712 sinuin,
1766 2688 1815 2707 ceu

1032 2813 1104 2841 velut
1119 2821 1175 2840 ιενο
1194 2814 1361 2848 superiorem
1380 2814 1556 2849 signiﬁcaret,
1572 2813 1643 2849 quod
1659 2814 1726 2841 satis
1737 2814 1817 2842 abso-

1032 2857 1094 2875 num
1108 2853 1158 2874 est.
1177 2848 1234 2875 Alia
1249 2854 1289 2875 cst
1305 2849 1345 2875 vis
1361 2850 1563 2884 propositionis,
1578 2848 1638 2877 cum
1654 2849 1688 2884 de
1708 2853 1817 2884 aetatum

1033 2883 1209 2919 alternatione
1239 2881 1570 2919 άιοίιιιιι,’μεθηλικξωσις
1592 2890 1620 2912 et
1644 2881 1817 2919 μεθηλικιοῦο

1033 2918 1104 2949 σθαι,
1121 2918 1233 2952 singulis
1248 2918 1397 2953 quibusque
1413 2918 1570 2954 se’ptenniis.
