2076 3155
267 176 317 209 ι’τδ

898 181 927 210 S.
948 181 1084 209 ASTERII
1103 181 1255 210 AMASENI

1842 179 1889 208 176

267 239 441 274 tranquillum
453 239 594 274 quemdam
617 244 734 274 portum,
757 244 837 275 alque
861 240 893 267 ab
913 240 985 268 omni
1002 239 1052 267 llu-

1105 237 1172 267 εἷναι
1196 240 1249 267 τῶν
1265 238 1374 266 δικαίων
1389 238 1480 273 φησίν.
1500 238 1544 264 Ἐν
1569 236 1677 272 Χριστῷ
1703 237 1757 273 γὰρ
1782 238 1890 265 πάντων

265 291 357 313 etuum
372 286 516 320 agitatione
531 285 651 319 quietum
677 285 777 319 locum,
800 286 876 314 tlicit.
897 285 925 313 In
941 286 1050 314 Christo

266 332 348 363 enim,
361 336 482 358 nostrum
492 330 610 357 otnnium
622 331 694 358 salus
702 336 752 364 est,
763 339 793 358 ac
806 339 866 366 spes
874 332 1052 366 exspectatio-

267 386 320 414 que
338 378 419 404 futuri
436 377 538 409 seaculi,
557 378 601 412 qui
620 377 767 404 secundum
786 378 931 404 lnunanam
948 377 1050 405 seriem

266 431 299 451 ex
324 431 404 451 carne
426 423 571 450 Abrahami
597 431 708 457 germen
745 423 958 458 prodiit:atqne
985 423 1052 450 adeo

266 468 400 498 existimo,
418 467 466 493 viri
482 467 554 494 senis
568 467 696 494 honorem
711 472 737 493 et
749 468 831 494 decus
843 467 868 493 in
885 467 1050 494 Salvatorem

266 513 378 544 referri,
393 512 439 547 qni
456 517 497 539 est
509 512 590 547 judex
607 520 637 539 ac
651 512 805 546 prmuiator
816 512 933 543 virtutis,
950 511 1051 546 justos-

266 566 318 593 que
344 559 440 585 blanda
462 558 505 584 illa
530 565 561 584 ae
583 558 742 584 demulcenti
765 564 829 584 voce
853 557 1007 591 compellat,
1020 565 1052 584 ac

265 603 350 631 dicit:
372 603 474 634 Venite,
490 602 618 629 benedicti
642 601 731 629 Patris
752 602 814 634 mei,
837 602 965 636 possidete
977 611 1052 637 para-

265 656 319 676 tum
334 648 403 676 vobis
419 657 525 684 regnum
540 649 562 676 '.
712 660 718 674 ›

302 693 415 721 Fanum
432 700 467 720 est
484 700 571 721 autent
587 699 614 720 ttl
631 700 893 727 panperntoreretttr.
910 695 966 722 Duo
983 702 1053 730 qua:-

265 740 326 768 dam
351 740 421 766 circa
448 747 591 774 pauperem
614 744 761 772 notantur;
785 748 880 774 nempe
907 740 1051 768 necessarii

265 790 431 813 commeatus
448 787 571 820 penuria,
591 790 616 812 et
635 787 764 812 modestia
788 787 883 820 animi,
901 787 1052 814 achumilis

265 839 371 859 morum
390 832 557 865 compositio.
583 831 620 858 Ne
642 840 706 866 ergo
736 833 858 867 quisquis
884 840 983 867 pauper
999 838 1051 866 est,

265 885 298 906 ac
314 878 434 913 pecunia:
451 878 566 911 indigus,
583 879 734 912 pannisque
747 879 862 911 obsitus,
879 879 987 905 virtutis
1001 879 1050 906 sibi

265 923 382 950 vindicet
401 923 516 954 laudem,
539 927 584 949 aut
602 928 751 958 egestatem
769 925 834 951 satis
851 924 949 951 habere.
962 925 994 950 ad
1007 931 1052 951 sa-
1067 917 1088 943 Β

264 969 348 996 lutem
364 969 509 996 existimet.
531 968 588 995 Non
609 970 681 996 enirn
709 969 813 996 laudem
837 969 918 996 habet
942 971 986 1004 qui
1008 978 1054 997 ne-

265 1016 393 1042 cessitate
405 1019 446 1041 est
460 1023 561 1049 pauper
576 1023 583 1041 :
601 1015 647 1041 sed
664 1015 687 1043 is
705 1016 813 1042 deutum
832 1015 858 1042 in
875 1016 1053 1043 admiratione

266 1067 318 1093 est,
341 1061 385 1095 qui
409 1067 504 1095 sponte
523 1069 554 1088 ac
580 1061 660 1088 animi
688 1061 810 1095 decreto,
841 1063 962 1090 modeste
991 1062 1051 1090 fert.

265 1107 373 1140 Alioqui
399 1107 482 1138 enim,
513 1111 648 1141 utcunque
671 1108 709 1143 (7)
737 1116 825 1135 rerum
846 1109 957 1143 penuria
983 1109 1055 1136 labo-

271 1152 402 1185 rantibus,
422 1157 450 1178 ut
472 1152 489 1178 ii
514 1153 604 1186 pravis
618 1153 738 1180 moribus
753 1154 807 1180 sint
824 1161 855 1180 ac
874 1154 1055 1181 inemendabi-

266 1197 316 1230 les,
330 1203 422 1224 coacta
448 1203 594 1232 paupertas
618 1198 650 1225 ad
675 1198 757 1225 multa
780 1206 811 1226 ac
834 1199 902 1225 rnala
921 1199 1053 1230 facinora.

267 1242 396 1269 viaticum
415 1243 530 1276 exsistit.
553 1243 624 1268 Sane
649 1250 723 1274 vero,
739 1243 761 1270 si
781 1244 888 1276 quando
905 1245 937 1269 ad
958 1243 1052 1277 praesi-

268 1288 310 1315 dis
324 1287 442 1314 tribunai
461 1288 584 1320 accessi,
613 1288 745 1321 parietum
772 1288 940 1324 perlossores
961 1297 1055 1316 omnes

268 1342 299 1362 ac
323 1334 468 1368 plagiarios
482 1355 489 1366 ,
515 1339 755 1369 grassatoresque,
777 1340 804 1362 et
825 1335 908 1369 furesI
930 1343 961 1363 ac
983 1336 1054 1370 ipsos

271 1381 432 1414 homicidas,
453 1381 545 1415 inopes
564 1388 596 1407 ac
617 1381 756 1416 ignobiles,
777 1382 834 1409 sine
850 1382 908 1408 lare
926 1390 956 1409 ac
983 1382 1054 1409 sedi-

268 1430 319 1456 bus
343 1428 477 1460 homines,
498 1428 564 1455 vidi.
591 1426 668 1454 Unde
692 1432 798 1454 constat
823 1428 923 1462 liquido
946 1429 1054 1455 beatum

269 1475 312 1502 hic
327 1482 472 1509 pauperem
495 1474 568 1500 illum
590 1481 604 1500 a
629 1474 768 1509 Scriptura
789 1475 941 1509 pnedicari,
967 1475 1011 1509 qui
1039 1483 1054 1502 e

268 1520 436 1555 philosophia
463 1519 614 1553 composito
636 1520 725 1546 animo
750 1520 870 1547 laborem
899 1528 931 1547 ac
952 1528 1051 1547 terum-

269 1573 330 1592 nant
346 1565 457 1599 perfert,
468 1565 626 1600 fortiterque
640 1573 672 1592 ac
689 1570 846 1593 constanter
868 1567 995 1594 adversos
1016 1572 1060 1598 to:

270 1611 337 1638 lerat
349 1619 439 1643 casus,
456 1618 487 1637 ac
504 1611 568 1637 nihil
585 1611 626 1638 vcl
640 1611 805 1639 scelerisve!
818 1611 912 1646 flagitii
935 1612 1052 1644 molitur,

269 1661 299 1683 ut
310 1657 385 1682 carni
397 1663 445 1690 per
464 1656 630 1691 voluptatem
646 1661 727 1690 atque
745 1657 856 1684 delicias
879 1657 1053 1691 gratiﬁcetur.

269 1702 354 1735 Quem
382 1702 468 1736 ipsutn
497 1703 616 1736 apertius
640 1703 770 1730 describit
786 1703 913 1729 Dominus
929 1704 954 1730 in
970 1705 1054 1738 prima

272 1749 448 1780 beatitudine,
472 1756 532 1775 cum
553 1749 590 1775 ait
607 1757 613 1774 :
632 1747 705 1775 Beati
718 1757 842 1784 pauperes
853 1749 948 1783 spiritu
962 1750 983 1775 ⁹.
1003 1749 1055 1776 Νο-

269 1800 322 1827 que
347 1793 428 1828 igitur
450 1793 540 1820 omnis
562 1800 663 1828 pauper
680 1793 788 1826 justus,
813 1793 858 1820 sed
889 1793 911 1820 is
941 1798 1055 1826 tantum,

271 1838 315 1872 qui
334 1843 375 1865 est
393 1837 497 1865 Lazaro
510 1838 630 1865 moribus
650 1838 762 1870 similis;
778 1845 864 1873 neque
879 1838 952 1865 dives
967 1839 1055 1866 omnis

270 1884 412 1919 reprobus,
428 1884 474 1911 sed
488 1883 533 1918 qui
553 1883 634 1910 vitam
652 1884 688 1910 ita
709 1883 836 1917 instituit,
854 1890 881 1910 ut
896 1884 939 1911 ille
953 1884 1056 1912 Lazaro

268 1929 379 1964 aequalis
393 1939 399 1956 :
421 1936 453 1955 ac
468 1929 512 1963 qui
529 1929 627 1962 rcipsa,
640 1936 671 1955 ac
682 1929 780 1963 quibus
793 1929 886 1956 eadem
898 1929 933 1955 illi
951 1930 1055 1961 vivunt,

268 1975 391 2010 ejusdem
408 1975 470 2002 vitae
488 1979 570 2001 testes
586 1975 723 2002 manifesti
739 1975 883 2002 exsistunt.
903 1974 971 2008 Quid
982 1977 1053 2002 enirn

269 2020 421 2048 admirabili
451 2019 519 2047 «Ιοὺο
547 2019 724 2054 opulentius?
754 2019 846 2054 Neque
880 2025 968 2047 tamen
995 2028 1055 2047 eum

271 2067 352 2093 nimia
370 2066 413 2093 illa
431 2073 520 2092 rerum
537 2065 613 2100 copia
628 2073 659 2092 ac
679 2065 828 2099 affluentia,
854 2071 898 2092 aut
919 2074 933 2092 a
951 2067 1055 2100 justitia

271 2111 387 2137 alienum
408 2110 487 2143 fecit;
515 2115 570 2141 aut,
588 2115 616 2136 nt
631 2111 748 2137 breviter
761 2111 859 2142 dicam,
872 2119 886 2137 ιι
901 2111 999 2138 virtute
1011 2112 1056 2138 (le-

274 2157 366 2184 rnovit.
382 2156 481 2182 Contra
496 2163 572 2187 vero,
589 2156 653 2190 quid
671 2156 799 2183 lsr'ariote
816 2157 982 2190 pauper-ius?
1004 2156 1055 2184 Ne-

272 2210 324 2236 que
341 2207 431 2228 tamen
447 2201 487 2228 vel
505 2201 644 2228 minimum
661 2202 693 2228 ad
710 2203 821 2228 salutent
836 2202 860 2228 ei
876 2201 977 2237 profuit
995 2210 1056 2238 ege-

1103 288 1119 322 ἡ
1123 287 1181 322 μῶν
1190 288 1206 322 ἡ
1217 286 1337 321 σωτηρία
1345 285 1391 311 καὶ
1401 286 1416 320 ἡ
1427 284 1563 319 ἀπεκδοχὴ
1574 284 1621 311 τοῦ
1634 284 1774 319 μέλλοντος
1784 285 1888 317 αἰῶνος,

1102 332 1140 368 τῷ
1155 334 1187 360 ὲκ
1202 333 1252 368 τῆς
1272 332 1372 367 σαρκὸς
1387 331 1434 358 τοῦ
1452 330 1579 367 Ἀϐραὰμ
1606 330 1675 357 κατὰ
1691 329 1740 365 τὴν
1755 330 1891 366 ἀνθρωπι-

1103 378 1152 414 κὴν
1173 377 1334 405 ἀκολουθίαν
1356 377 1547 412 βλαστήσαντι.
1567 376 1622 403 Καί
1641 384 1685 411 μοι
1701 376 1775 402 δοκεῖ
1793 377 1809 411 ὴ
1827 377 1890 413 περὶ

1101 423 1148 450 τὸν
1159 424 1275 459 γέροντα
1289 423 1383 449 τοῦτον
1402 422 1470 458 τιμὴ
1498 423 1538 453 είς
1561 422 1607 448 τὸν
1624 421 1738 456 Σωτῆρα
1758 421 1806 457 τὴν
1823 422 1889 448 ἀνα-

1102 469 1189 503 φορὰν
1205 468 1288 504 ἔχειν,
1302 468 1347 494 τὸν
1362 467 1459 504 κριτὴν
1479 467 1543 494 ὗντα
1558 467 1605 494 καὶ
1623 466 1821 502 μισθαποδότην
1838 467 1888 502 τῆς

1102 516 1211 551 ἀρετῆς,
1231 515 1277 541 καὶ
1293 516 1326 550 τῇ
1341 514 1526 549 θεραπευτικῇ
1549 514 1624 548 φωνῇ
1644 512 1885 548 προσκαλούμενον

1101 563 1164 594 τοὺς
1179 561 1306 593 δικαίους,
1323 561 1370 587 καὶ
1385 560 1498 594 λέγοντα
1508 569 1514 575 ·
1533 560 1633 591 Δεῦτε,
1653 560 1680 585 οἱ
1692 559 1888 594 εὐλογημένοι

1102 607 1155 634 τοῦ
1180 608 1296 640 Πατρός
1314 615 1390 641 μου’
1416 605 1664 640 κληρονομήσατε
1687 605 1744 639 τὴν
1770 606 1892 640 ἡτοιμα-

1102 654 1219 689 σμένην
1237 653 1308 688 ὑμῖν
1325 653 1498 686 βασιλείαν.

1144 700 1274 735 Ἐγένετο
1294 699 1328 726 δὲ
1346 699 1509 726 ἀποθανεῖν
1526 699 1581 725 τὸν
1602 700 1730 733 πτωχόν.
1748 698 1835 733 Διπλῆ
1849 707 1891 730 τις

1103 747 1177 773 ἐστὶν
1198 747 1215 781 ἡ
1231 747 1294 781 περὶ
1316 745 1362 772 τὸν
1379 745 1486 780 πτωχὸν
1508 744 1643 780 σημασία·
1667 745 1682 780 ἡ
1706 745 1754 780 μὲν
1774 745 1890 780 δηλοῦσα

1102 793 1156 819 τῶν
1174 792 1329 826 ἀναγκαίων
1349 792 1398 827 τὴν
1423 791 1543 817 ἔνδειαν·
1563 791 1578 826 ἡ
1604 790 1631 817 δὲ
1657 791 1706 826 τὴν
1724 799 1890 827 μετριοφρο-

1104 838 1185 873 σύνην
1203 839 1248 864 καὶ
1264 837 1310 864 τοῦ
1333 837 1414 872 ἤθους
1440 836 1490 872 τὴν
1515 835 1706 871 ταπεινότητα.
1729 836 1775 871 Μὴ
1799 836 1889 862 τοίνυν

1103 884 1117 910 ὁ
1132 883 1188 910 τῶν
1202 883 1272 910 ὑλῶν
1288 882 1397 917 ἀπόρως
1412 881 1491 917 ἔχων,
1511 881 1557 908 καὶ
1579 880 1725 915 πενόμενος
1746 880 1890 915 ἀργυρίου,

1103 928 1289 964 ἠμφιεσμένος
1303 928 1330 954 δὲ
1344 927 1393 962 τὴν
1414 926 1531 962 ἐλεεινὴν
1554 926 1709 961 ἐφεστρίδα,
1732 925 1891 952 οἱκειούσθω

1103 975 1152 1010 τῆς
1174 975 1274 1010 ἀρετῆς
1302 974 1347 1000 τὸν
1373 973 1494 1004 ἔπαινον,
1514 972 1581 1007 μηδὲ
1603 971 1738 1007 νομιζέτω
1762 971 1891 1008 ἀρκέσειν

1103 1020 1178 1055 αὐτῷ
1203 1020 1251 1055 τὴν
1277 1019 1379 1046 ἔνδειαν
1404 1018 1472 1054 πρὸς
1497 1017 1644 1053 σωτηρίαν.
1667 1017 1706 1045 Οὐ
1722 1018 1775 1053 γὰρ
1796 1018 1810 1044 ὁ
1832 1018 1892 1044 κατ’

1103 1066 1227 1100 ἀνάγκην
1244 1065 1391 1100 πενόμενος
1413 1065 1581 1090 ἐπαινεῖται·
1599 1063 1656 1090 ἀλλ’
1670 1064 1684 1090 ὁ
1707 1063 1754 1098 τὴν
1780 1063 1893 1099 γνώμην

1104 1111 1272 1147 αὐθαιρέτως
1317 1110 1470 1146 μετριάζων
1509 1109 1689 1144 θαυμάζεται.
1723 1109 1800 1135 Ἐπεὶ
1836 1110 1894 1140 τοῖς

1104 1157 1298 1192 ἀπορουμένοις
1313 1157 1416 1188 ἁπλῶς,
1439 1156 1530 1191 έχουσι
1546 1155 1574 1182 δὲ
1595 1156 1639 1182 τὸν
1654 1156 1755 1191 τρόπον
1771 1154 1889 1189 ἀδιαγώ-

1104 1213 1185 1240 γητον
1204 1204 1220 1239 ἢ
1236 1203 1435 1238 ἁκατόρθωτον,
1457 1203 1561 1237 ἐφόδιον
1587 1202 1690 1235 γίνεται
1715 1201 1820 1228 πολλῶν
1845 1201 1893 1226 καὶ

1104 1249 1231 1284 πονηρῶν
1244 1248 1426 1283 τολμημάτων
1444 1248 1460 1283 ἡ
1478 1247 1545 1283 πρὸς
1562 1247 1686 1282 ἀνάγκην
1701 1246 1889 1281 ἀκτημοσύνη.

1104 1295 1160 1321 Καὶ
1187 1294 1290 1326 πάντας
1313 1293 1369 1328 ἐγὼ
1386 1293 1449 1324 τοὺς
1476 1293 1660 1328 τοιχωρύχους
1683 1293 1730 1318 καὶ
1757 1292 1893 1326 ἀνδραπο-

1104 1340 1205 1372 διστὰς,
1224 1339 1265 1366 ἔτι
1289 1338 1341 1374 μὴν
1356 1339 1528 1370 λωποδύτας,
1551 1339 1598 1364 καὶ
1614 1338 1742 1370 κλέπτας,
1763 1337 1810 1364 καὶ
1831 1337 1896 1368 τοὺς

1105 1384 1284 1421 ἀνδροφόνους
1302 1384 1411 1415 αὐτοὺς,
1431 1383 1457 1409 εί
1478 1391 1543 1410 ποτε
1565 1383 1720 1418 παρέϐαλον
1739 1382 1894 1418 ἀρχοντιχῷ

1105 1430 1248 1466 κριτηρίῳ,
1265 1429 1383 1466 πένητας
1403 1429 1571 1464 ἐθεασάμην,
1587 1429 1752 1462 ἀγνώστους,
1775 1428 1894 1460 ἀοίκους,

1104 1477 1252 1507 ἀνεστίους.
1273 1476 1315 1507 Ὡς
1332 1476 1364 1502 ἐκ
1391 1475 1487 1501 τούτου
1509 1473 1642 1510 πρόδηλον
1664 1471 1744 1505 εἶναι,
1765 1474 1805 1499 ὅτι
1842 1482 1893 1508 μα-

1105 1522 1213 1557 καρίζει
1228 1520 1276 1547 νῦν
1296 1522 1312 1556 ἠ
1332 1519 1428 1555 Γραφὴ
1449 1519 1494 1546 τὸν
1511 1518 1618 1554 πτωχὸν
1641 1519 1742 1545 ἐκεῖνον
1758 1517 1802 1544 τὸν
1822 1518 1896 1551 φιλο-

1108 1567 1185 1600 σόφῳ
1201 1565 1274 1600 ψυχῇ
1297 1565 1360 1596 τοὺς
1383 1563 1499 1599 μόχθους
1515 1563 1697 1599 βαστάζοντα·
1711 1563 1896 1598 καρτεροῦντα

1107 1612 1134 1638 δὲ
1157 1611 1288 1646 γενναίως
1314 1611 1381 1646 πρὸς
1406 1610 1455 1642 τὰς
1478 1610 1654 1646 περιστάσεις
1679 1608 1726 1636 τοῦ
1755 1609 1823 1644 βίου,
1849 1610 1898 1636 καὶ

1106 1658 1184 1685 οὐδὲν
1206 1657 1412 1692 κακουργοῦντα
1434 1656 1563 1692 πονηρὸν,
1588 1657 1631 1682 ἵνα
1654 1657 1685 1690 τῇ
1713 1655 1794 1690 σαρκὶ
1816 1655 1896 1690 χαρί-

1108 1712 1186 1738 σηται
1203 1703 1253 1738 τῆς
1265 1702 1370 1738 τρυφῆς
1384 1702 1433 1737 τὴν
1449 1702 1609 1729 ἀπόλαυσιν.
1628 1703 1676 1728 Ὃν
1699 1702 1746 1728 καὶ
1766 1701 1897 1735 σαφέστε-

1107 1759 1153 1785 ρον
1178 1749 1323 1784 διαγράφει
1348 1749 1376 1774 ὲν
1402 1747 1440 1783 τῷ
1465 1747 1565 1783 πρώτῳ
1593 1747 1646 1774 τῶν
1675 1747 1858 1782 μακαρισμῶν
1881 1748 1897 1774 ὁ

1107 1797 1219 1832 Κύριος,
1234 1797 1320 1830 λέγων
1330 1804 1336 1811 ·
1353 1794 1498 1829 Μακάριοι
1512 1796 1538 1821 οὶ
1551 1794 1661 1829 πτωχοὶ
1682 1795 1721 1826 τῷ
1735 1795 1892 1828 πνεύματι.

1106 1843 1174 1870 Οΰτε
1191 1840 1236 1869 οὖν
1254 1843 1307 1874 πᾶς
1323 1841 1429 1877 πτωχὸς
1458 1841 1560 1872 δίκαιος
1571 1861 1578 1872 ,
1601 1840 1658 1866 ἀλλ’
1679 1840 1783 1871 ἐκεῖνος
1807 1837 1862 1871 οἷος
1879 1840 1895 1865 ὁ

1107 1889 1249 1924 Λάζαροςο
1264 1887 1326 1914 οὔτε
1345 1888 1400 1919 πᾶς
1418 1886 1544 1918 πλούσιος
1567 1885 1789 1920 ἀπεγνωσμένος,
1809 1885 1866 1912 ἀλλ’
1882 1886 1897 1910 ὀ

1108 1934 1177 1969 μετὰ
1199 1932 1327 1968 τοιαύτης
1351 1932 1404 1964 ζῶν
1427 1932 1628 1968 προαιρέσεως,
1651 1931 1709 1957 οῖαν
1733 1929 1804 1965 εἶχεν
1819 1931 1833 1956 ὀ
1849 1930 1896 1958 τοῦ

1107 1979 1232 2014 Λαζάρου
1258 1978 1420 2013 σύγχρονος,
1443 1979 1490 2004 καὶ
1513 1977 1608 2003 τούτου
1625 1977 1649 2002 οἱ
1665 1976 1709 2003 διὰ
1732 1976 1782 2011 τῆς
1798 1976 1896 2011 πείρας

1105 2024 1152 2051 τοῦ
1169 2024 1227 2059 βίου
1243 2024 1379 2060 μάρτυρες
1400 2023 1538 2058 πρόδηλοι.
1555 2022 1587 2048 Τί
1602 2023 1656 2057 γὰρ
1674 2021 1720 2048 τοῦ
1740 2022 1812 2048 Οείου
1835 2020 1896 2047 Ὶὼὸ

1109 2069 1325 2105 πλουσιώτερον;
1346 2069 1414 2094 Ἀλλ’
1436 2069 1511 2103 ὅμως
1528 2069 1544 2102 ἡ
1561 2068 1601 2099 εἰς
1624 2067 1692 2102 ἄγαν
1714 2067 1827 2101 εὐπορία
1851 2067 1897 2092 τὸν

1107 2116 1208 2151 ἄνδρα,
1234 2115 1296 2142 οὒτε
1319 2116 1368 2150 τῆς
1396 2114 1568 2149 δικαιοσύνης
1594 2114 1784 2148 ὴλλοτρίωσεν,
1812 2112 1894 2145 οὔτε,

1109 2160 1257 2195 συλλήϐδην
1285 2161 1383 2191 είπεῖν,
1408 2160 1457 2194 τῆς
1483 2158 1584 2194 ἀρετῆς
1620 2157 1761 2193 ἐξώρισεν.
1789 2158 1821 2183 Τί
1847 2158 1894 2184 τοῦ

1114 2205 1289 2241 Ἰσκαριώτου
1315 2205 1495 2240 πενέστερον;
1521 2204 1603 2230 Οὐδὲν
1630 2203 1757 2229 ἀπώνατο
1780 2203 1829 2237 τῆς
1852 2204 1896 2229 ἐν-

272 2253 348 2280 stas;
365 2254 456 2272 verum
475 2253 536 2273 eum
557 2246 681 2273 undecim
703 2254 735 2273 ac
756 2246 932 2281 philosophis,
952 2244 1054 2282 ipsique

1107 2251 1181 2282 δείας
1203 2251 1242 2282 εἰς
1267 2250 1418 2286 σωτηρίαν·
1444 2249 1510 2276 ἀλλὰ
1535 2250 1589 2280 τοῖς
1611 2247 1706 2274 ἕνδεκα
1730 2248 1826 2282 πένησι
1849 2248 1898 2273 καὶ

273 2293 340 2320 adeo
359 2292 483 2324 Domino,
505 2292 550 2326 qui
568 2298 664 2326 sponte
682 2300 783 2326 pauper
798 2293 882 2320 nostri
901 2301 980 2320 causa
995 2292 1060 2320 elle-

272 2344 332 2366 ctus
343 2343 386 2365 est
401 2339 434 2370 '°,
450 2339 628 2366 contubernio
646 2339 756 2373 junctus
769 2343 854 2371 esset,
872 2339 953 2366 animi
966 2339 1058 2374 pravi—

271 2390 326 2411 tate
343 2385 368 2411 in
382 2385 526 2411 avaritiam
544 2385 671 2419 abreptus
696 2384 783 2419 ipsam
796 2385 858 2412 inde
878 2385 1056 2420 proditionem

272 2432 381 2458 molitus
397 2435 447 2458 est.

307 2476 403 2510 Opera:
419 2476 537 2510 pretium
554 2482 644 2503 autem
662 2475 731 2509 erit,
752 2476 891 2511 utriusque
911 2475 1054 2503 elationem

273 2520 392 2547 defuncti
415 2522 560 2555 prudenter
586 2522 753 2548 examinare.
778 2521 887 2556 Pauper
906 2522 977 2548 enim
995 2530 1056 2549 eum

273 2565 472 2596 obdormisset,
499 2565 609 2600 angelos
633 2566 707 2600 ipsos
733 2567 865 2600 stipantes
889 2568 999 2600 habuit,
1022 2575 1053 2594 ac

272 2610 403 2645 obsequio
418 2610 554 2643 foventes,
568 2611 612 2644 qui
628 2611 660 2636 ad
677 2611 762 2638 locum
780 2611 878 2645 quietis
890 2632 897 2644 ,
912 2612 987 2639 home
1003 2613 1058 2645 spei

274 2655 382 2689 plenum
402 2655 596 2689 perducerent;
617 2662 736 2683 mortuus
754 2662 839 2684 autem
855 2657 935 2690 dit-es,
953 2658 1058 2693 inquit,

313 2756 324 2772 ³
336 2755 431 2783 Matth;
449 2763 511 2787 xxv,
532 2756 575 2783 54.
614 2756 624 2771 ³
641 2756 736 2783 Matth.
752 2765 777 2790 v,
791 2757 816 2784 5.

310 2832 348 2868 (7)
364 2832 471 2868 Alioqui
486 2833 553 2859 enim
572 2837 711 2868 ut'nnque,
728 2838 781 2860 etc.
798 2832 849 2860 Pro
869 2833 925 2865 ὲπὶ,
947 2833 1058 2861 restituo

273 2867 344 2894 ἐπεί.
358 2866 414 2900 Qua
429 2867 477 2894 levi
491 2868 637 2894 mutatione
649 2866 755 2895 constat
768 2868 839 2894 clara
858 2868 957 2899 littera,
977 2876 1057 2902 quam

273 2903 406 2937 interpres
430 2903 498 2930 male
521 2903 657 2936 obscurat,
681 2903 812 2929 reducens
830 2904 910 2930 verba
937 2903 980 2930 illa
997 2903 1058 2929 ἐπεὶ

1108 2297 1261 2332 φιλοσόφοις
1279 2295 1515 2330 συνδιαιτώμενος,
1531 2296 1577 2321 καὶ
1594 2293 1668 2328 αὐτῷ
1685 2302 1716 2327 γε
1735 2293 1772 2328 τῷ
1789 2293 1896 2329 Κυρίῳ,

1107 2343 1146 2379 τῷ
1160 2344 1192 2370 δι’
1206 2343 1278 2378 ἡμᾶς
1298 2341 1467 2377 αὐθαιρέτως
1489 2341 1687 2376 πτωχεύσαντι,
1704 2340 1786 2374 κακίᾳ
1802 2348 1899 2374 προαι-

1109 2388 1210 2424 ρέσεως
1226 2389 1265 2418 εἰς
1286 2385 1467 2422 φιλαργυρίαν
1500 2385 1693 2421 παρενεχθεὶς,
1718 2384 1826 2411 ἐκεῖθεν
1845 2385 1895 2410 καὶ

1106 2434 1154 2470 τὴν
1170 2433 1313 2469 προδοσίαν
1327 2432 1548 2468 ὲρᾳδιούργησεν.

1146 2477 1236 2510 Ἄξιον
1251 2477 1280 2502 δὲ
1294 2476 1340 2502 καὶ
1352 2476 1400 2511 τὴν
1416 2476 1534 2511 ἐκφορὰν
1552 2475 1682 2511 ἑκατέρου
1697 2474 1749 2502 τῶν
1766 2474 1898 2509 τεθνηκό-

1111 2530 1162 2549 των
1174 2521 1291 2552 συνετῶς
1299 2521 1456 2556 δοκιμάσαι.
1474 2522 1502 2547 '0
1515 2521 1563 2556 μὲν
1577 2521 1631 2557 γὰρ
1640 2522 1745 2557 πτωχὸς
1757 2521 1899 2556 κοιμηθεὶς

1110 2567 1241 2602 ἀγγέλους
1255 2565 1327 2602 εἶχεν
1345 2567 1509 2602 δορυφόρους
1523 2567 1569 2593 καὶ
1584 2567 1765 2603 θεραπευτὰς,
1782 2566 1898 2600 ἄγοντας

1110 2613 1191 2639 αὐτὸν
1207 2612 1276 2648 μετὰ
1284 2612 1368 2647 καλῆς
1385 2613 1434 2647 τῆς
1449 2613 1555 2644 ἐλπίδος
1567 2613 1608 2643 εἰς
1622 2612 1666 2638 τὸν
1677 2612 1757 2638 τόπον
1766 2612 1815 2647 τῆς
1829 2613 1898 2638 ἀνα-

1111 2659 1247 2690 παύσεως·
1258 2660 1273 2685 ὁ
1283 2658 1316 2684 δὲ
1346 2659 1494 2691 πλούσιος
1507 2657 1675 2689 ἀποθανὼν,
1689 2657 1780 2692 φησιν,
1789 2656 1896 2691 ἑτάρη.

858 2757 878 2773 ¹⁰
891 2757 912 2784 ιι
927 2757 990 2784 Cor.
1008 2766 1065 2792 rut,
1080 2759 1106 2786 9.

1110 2834 1165 2865 τοῖς
1181 2834 1377 2869 ἀπορουμένοις
1394 2833 1497 2867 ἁπλως,
1513 2835 1547 2862 ad
1559 2837 1713 2870 superiora,
1731 2842 1837 2869 unaque
1852 2835 1899 2863 illa

1111 2875 1175 2895 voce
1189 2870 1312 2901 reddens,
1333 2869 1360 2895 in
1373 2875 1536 2905 paupertate,
1553 2872 1623 2905 quod
1642 2871 1717 2899 valde
1726 2870 1850 2906 jejunum
1866 2877 1900 2898 ac

1112 2907 1253 2938 angustum
1268 2908 1426 2938 paupertate
1443 2909 1495 2932 cst.
