2076 3155
176 185 231 213 ΠΤ

687 184 826 212 HOMILIA
847 184 866 213 Ι.
887 184 931 212 DE
950 184 1064 213 DlYlTE
1085 184 1126 212 ET
1148 183 1291 212 LAZARO.

1748 183 1800 212 I73

178 241 325 278 οὐδὲνγὰρ
335 239 391 268 οἷον
401 241 469 277 αὐτῇ
485 241 638 278 χρήσασθαι
650 245 682 279 τῇ
698 243 768 276 λέξει
784 245 815 279 τῇ
833 244 966 280 γραφικῇ,

1025 243 1133 278 sepultus
1150 248 1187 270 est
1208 242 1257 279 (8).
1275 241 1347 269 Nihil
1365 242 1436 270 enim
1454 241 1566 277 perinde
1583 241 1670 269 valeat
1687 248 1719 269 ac
1733 249 1800 269 con-

177 288 276 320 ἱκανῶς
291 287 334 314 διὰ
350 287 414 323 μιᾶς
431 287 530 320 λέξεως
543 287 730 324 ἐρμηνευούσῃ
743 288 791 324 τὴν
807 289 903 324 ἄτιμον
919 287 964 314 τοῦ

177 334 304 360 πλουσίου
322 333 482 360 κατάλυσιν.
516 333 544 359 Ὀ
563 333 616 369 γὰρ
636 334 795 370 ἁμαρτωλὸς
816 334 964 365 τελευτῶν,

177 381 262 413 ὅντως
277 381 421 411 θάπτεται,
436 380 540 415 χθόνιος
555 380 591 407 ὢν
607 381 636 407 τὸ
654 381 733 416 σῶμα
744 402 751 413 .
767 383 859 418 γήινος
874 382 901 408 δὲ
921 383 967 408 καὶ

178 427 227 463 τὴν
241 427 352 462 ψυχήν·
368 427 413 452 καὶ
430 426 459 452 τὸ
481 426 594 460 φυσικὸν
609 427 715 462 ἐκείνης
732 426 840 463 ἀξίωμα
854 429 886 463 τῇ
900 436 967 462 συμ-

179 472 280 507 παθείᾳ.
302 472 351 506 τῆς
370 472 470 508 σαρκὸς
491 472 558 506 πρὸς
573 471 621 507 τὴν
638 472 704 507 ’ὐλην
721 473 898 507 καταγαγὼν,
923 474 967 499 οὺ-

179 519 224 545 δέν
242 518 358 553 χρηστὸν
377 518 426 553 τῆς
448 517 545 544 ἑαυτοῦ
569 516 642 552 ζωῆς
665 519 876 553 καταλιμπάνων
901 519 967 545 ὑπό-

184 572 288 598 μνημα,
311 563 376 598 λήθῃ
400 563 427 589 δὲ
448 563 538 598 ἀτίμῳ
556 563 772 598 καλυπτόμενος,
795 565 839 591 καὶ
854 564 899 590 τὸν
913 565 966 591 τῶν

183 609 360 644 βοσκημάτων
378 609 492 636 θάνατον
505 608 647 636 τελευτῶν.
668 610 759 644 Τάτιος
776 611 823 645 μὲν
837 610 890 645 γὰρ
912 610 966 645 ἔχει

182 655 212 681 τό
226 655 304 690 σῶμα
315 663 321 670 σ
338 655 403 690 ᾅδης
419 655 447 681 δὲ
474 655 522 690 τὴν
533 655 623 690 ψυχήν
633 663 640 670 ο
660 654 706 680 δύο
722 656 846 682 σκοτεινὰ
860 655 966 691 δεσμω-

180 701 279 736 τήρια,
298 700 464 736 μεριζόμενα
480 700 527 727 τοῦ
545 700 664 736 πονηροῦ
684 701 733 736 τὴν
752 702 895 737 τιμωρίαν.
913 702 967 728 Καὶ

179 746 221 778 τίς
238 747 289 772 οὐκ
307 746 338 772 ἂν
358 747 407 781 τῆς
423 746 550 778 ἀϐουλίας
566 747 611 773 τὸν
626 746 717 774 ἄθλιον
741 747 966 783 καταμέμψαιτω

180 793 263 827 ἧνικα
287 792 335 827 μὲν
352 793 422 828 ὑπὲρ
439 794 490 828 γῆς
508 791 541 828 ἦν
558 793 728 829 γαυροῦντα,
745 793 967 828 μεγαλαυχούμε-

181 845 237 867 νον,
251 835 359 863 πάντων
375 836 597 872 ὑπερφρονοῦντα
610 837 662 863 τῶν
678 836 818 868 συζώντων
840 838 885 863 καὶ
903 838 967 872 ὁμο-

183 881 283 916 φύλων,
297 881 345 907 καὶ
363 882 503 916 μονονουχὶ
520 881 668 918 μύρμηκας
684 882 731 908 καὶ
746 881 888 915 σκώληκας
902 882 969 907 ἁπο-

1018 293 1093 324 cepta
1111 290 1148 316 uti
1167 289 1314 324 Scriptura:
1329 296 1393 316 voce
1404 309 1411 321 ,
1429 296 1480 323 qua
1495 295 1546 315 una
1565 287 1692 315 infamem
1708 287 1800 315 divitis

1018 336 1118 362 exitum
1137 335 1243 362 abunde
1268 334 1394 369 explicat.
1421 333 1538 361 Moriens
1559 334 1656 368 quippe
1673 338 1800 368 peccator

1018 389 1081 409 vere
1107 381 1246 416 sepelitur,
1273 382 1400 417 quoniam
1425 388 1537 415 corpore
1564 386 1590 406 et
1613 381 1704 407 animo
1722 379 1800 414 juxta

1018 429 1156 455 terrestris
1186 433 1249 461 est;
1282 435 1313 454 ac
1340 427 1491 454 naturalem
1516 426 1594 460 hujus
1622 427 1800 461 dignitatem,

1018 473 1210 507 conjunctione
1230 481 1260 500 ac
1281 473 1433 508 sympathia
1458 473 1548 500 carnis
1565 472 1598 498 ad
1626 472 1720 498 sordes
1752 471 1800 498 fte-

1018 526 1117 552 cesque
1139 524 1260 546 terrenas
1287 520 1412 546 deorsum
1434 519 1535 551 trahit,
1555 518 1711 553 nullumque
1735 517 1802 545 utile

1019 565 1079 592 vitae
1110 573 1165 592 sum
1201 569 1405 592 monumentum
1436 565 1607 598 relinquens,
1632 571 1664 591 ac
1692 563 1802 599 ignobili

1023 615 1110 638 tectus
1126 611 1276 642 oblivione,
1296 610 1410 638 similem
1431 611 1579 644 pecudibus
1598 614 1712 637 mortem
1732 609 1800 636 obit.

1020 656 1084 683 Nam
1104 660 1132 683 et
1148 651 1246 692 corpus
1258 676 1265 688 ,
1287 657 1438 691 sepulcrum
1455 664 1462 689 ;
1481 661 1507 683 et
1525 656 1642 683 animam
1654 675 1661 688 ,
1681 655 1802 682 infernus

1020 702 1099 729 habet
1117 711 1124 729 :
1145 710 1176 729 ac
1196 703 1274 736 quasi
1296 702 1431 729 tenebrosi
1449 702 1501 729 duo
1527 709 1668 734 carceres,
1693 707 1800 735 pinnam

1022 747 1127 774 scelesti
1143 755 1174 775 ac
1190 747 1317 775 ultionem
1333 747 1497 781 partiuntur.
1516 746 1580 780 Quis
1595 751 1700 779 autem,
1718 753 1781 780 rogo
1792 765 1800 778 ,

1020 794 1147 820 miserum
1173 801 1205 820 ac
1230 793 1363 820 infelicem
1391 792 1515 819 stultitia).
1533 800 1585 818 non
1606 792 1730 824 incuset,
1755 791 1802 826 qui

1020 839 1145 874 quidem,
1164 839 1189 866 in
1209 839 1334 867 humanis
1348 847 1446 874 agens,
1464 846 1560 873 magna
1577 838 1692 872 spiraret
1709 857 1717 870 ,
1736 845 1798 864 sese

1020 884 1151 915 ellcrret,
1179 891 1274 911 omnes
1301 891 1362 911 cum
1380 885 1437 918 ipso
1469 888 1606 911 versantes
1633 890 1665 909 ac
1691 882 1801 909 tribules

182 925 315 953 καλοῦντα
338 926 401 958 τοὺς
422 927 650 962 ἐντυγχάνοντας,
673 926 744 962 κενῷ
765 926 793 953 δὲ
814 927 966 961 φρονήματι

1025 936 1084 956 suos
1103 922 1254 962 despicatui
1275 929 1406 961 haberet;
1425 936 1456 955 ac
1472 936 1593 963 quosque
1610 928 1801 955 convenientes

182 971 232 1006 τῆς
255 971 437 1006 ὀλιγοχρονίου
461 972 540 1008 δόξης
565 972 812 1009 διαρρηγνύμενον·
838 972 918 1008 ἡνίκα
939 971 967 998 δὲ

183 1017 346 1053 ἀπεσπάσθη
361 1017 409 1044 τοῦ
426 1017 499 1052 βίου,
532 1019 578 1044 καὶ
597 1019 634 1050 ώς
648 1019 791 1054 μαστιγίας
811 1018 903 1050 δοῦλος
917 1018 969 1052 ἀφ-

183 1063 270 1099 ῃρέθη
289 1063 342 1090 τῶν
362 1063 509 1099 ἀλλοτρίων
522 1084 529 1095 ,
553 1061 590 1091 ὧν
602 1064 631 1096 ἐξ
647 1065 740 1096 ἀνοίας
754 1065 877 1100 ἐνόμιζεν
899 1061 968 1091 εἶναι

182 1108 325 1144 δεσπότης,
340 1109 379 1140 εἰς
394 1109 557 1145 ἀντίρροπον
571 1109 619 1145 τῆς
630 1110 833 1145 ὑπερηφανείας
847 1109 969 1144 καταφε-

186 1163 261 1189 ρεται
280 1155 460 1190 ταπεινότητα
473 1175 481 1187 ,
498 1155 543 1181 καὶ
559 1155 644 1190 γραὸς
665 1155 815 1192 θρηνούσης
835 1155 968 1191 ὀδυρμοὺς

185 1202 410 1238 προϐαλλόμενος,
433 1202 525 1238 μακρὰ
544 1204 590 1229 καὶ
605 1202 722 1238 ἀνόνητα
738 1203 783 1229 τὸν
797 1203 969 1238 πατριάρχην

183 1248 368 1280 ἁποκαλεῖται,
383 1249 469 1282 λέγων
478 1258 485 1264 '
502 1249 614 1284 [Πάτερ
639 1249 770 1283 Ἀϐραὰμ,
781 1249 911 1282 ἐλέησόν
919 1257 967 1282 με,

184 1294 232 1320 καὶ
247 1295 368 1328 πέμψον
378 1293 519 1328 Λάζῖιρον,
535 1295 586 1321 ἵνα
600 1294 688 1329 ,ϐάψῃ
705 1294 735 1320 τὸ
750 1294 843 1329 ἀκρον
854 1294 905 1321 τοῦ
919 1294 969 1320 δα-

184 1340 297 1366 κτύλου
313 1340 405 1366 αὐτοῦ
424 1339 543 1373 ὕδατος,
562 1340 610 1367 καὶ
626 1340 784 1374 καταψύξῃ
800 1340 856 1374 τὴν
872 1340 969 1375 γλῶσ-

184 1385 246 1412 σάν
262 1395 338 1420 μου,
361 1385 404 1412 ὅτι
431 1386 580 1421 ὀδυνῶμαι
604 1387 639 1412 ἐν
666 1386 703 1420 τῇ
726 1387 814 1421 φλογὶ
832 1387 940 1420 ταύτῃ·
959 1386 968 1422 ]

185 1431 273 1466 ζητῶν
287 1431 371 1462 ἔλεον,
389 1432 418 1458 ὃν
440 1432 488 1458 οὐκ
505 1432 620 1463 ἔδωκεν,
644 1432 725 1468 ἡνίκα
742 1432 789 1458 τοῦ
817 1433 970 1468 εὐεργετεῖν

186 1478 329 1513 πρόχειρον
343 1476 414 1512 εἶχεν
429 1477 477 1512 τὴν
493 1477 614 1510 ἐξουσίαν
625 1486 631 1493 ·
649 1477 732 1510 ἀξιῶν
746 1478 774 1504 δὲ
787 1478 860 1513 αὐτῷ
875 1477 970 1513 βοηθὸν

185 1523 255 1549 κατὰ
275 1523 322 1550 τοῦ
340 1523 423 1558 πυρὸς
437 1523 582 1557 ἀφικέσθαι
599 1523 644 1550 τὸν
666 1523 806 1559 Λάζαρον
825 1524 970 1560 εὐχόμενος

1018 980 1121 1002 tantum
1143 982 1194 1002 non
1217 974 1342 1002 formicas
1362 982 1394 1002 ac
1411 982 1517 1002 vermes
1537 974 1702 1009 appellaret,
1724 973 1796 1000 inani

1018 1020 1107 1053 fastu,
1133 1019 1265 1055 ﬂuxmque
1295 1027 1326 1046 ac
1358 1019 1461 1055 fugacis
1488 1019 1615 1054 opinione
1638 1019 1730 1054 gloriae
1762 1018 1802 1045 di-

1019 1070 1208 1100 rumperetur:
1231 1066 1276 1098 ubi
1304 1070 1394 1092 autem
1423 1066 1457 1092 ab
1490 1066 1541 1092 hoc
1565 1065 1663 1092 saeculo
1689 1064 1800 1091 avulsus

1018 1112 1086 1145 fuit,
1115 1119 1147 1139 ac
1177 1115 1304 1146 tauquam
1334 1119 1428 1139 servus
1456 1111 1569 1146 ﬂagrio,
1598 1111 1703 1142 aliena,
1732 1118 1800 1145 quo-

1020 1167 1076 1185 rum
1102 1166 1132 1185 se
1155 1165 1202 1193 per
1227 1159 1372 1185 humanam
1398 1158 1560 1185 dementiam
1583 1157 1721 1185 dominmu
1743 1162 1803 1182 cre-

1020 1204 1150 1236 didisset,
1175 1204 1266 1231 ablala
1294 1204 1406 1236 amisit,
1435 1204 1468 1230 ad
1493 1211 1583 1238 parem
1613 1211 1667 1230 sua:
1694 1202 1732 1229 illi
1757 1209 1802 1228 su-

1021 1251 1119 1284 perbia:
1147 1250 1283 1277 delabitur
1312 1249 1508 1282 humilitatem,
1535 1256 1655 1283 anusque
1685 1247 1802 1282 lugentis

1018 1295 1104 1322 instar
1126 1296 1293 1327 latuentnns,
1320 1294 1399 1329 longo
1416 1303 1448 1321 ac
1475 1294 1560 1321 inutili
1584 1295 1724 1320 verborum
1744 1301 1802 1319 am-

1018 1341 1074 1368 bitu
1101 1341 1281 1376 patriarcham
1311 1341 1435 1371 invocat,
1464 1340 1581 1366 dicens:
1608 1337 1688 1365 Pater
1716 1338 1806 1375 Abra-t

1018 1388 1097 1419 ham,
1132 1388 1253 1413 miserare
1277 1387 1350 1412 mei:
1379 1390 1402 1412 et
1430 1385 1503 1412 mitte
1530 1384 1681 1417 Lazarum,
1709 1390 1736 1411 ut
1761 1385 1802 1410 in-

1020 1434 1102 1467 tingat
1131 1436 1275 1458 extremum
1303 1431 1380 1465 digiti
1410 1431 1452 1457 sui
1479 1431 1506 1457 in
1531 1438 1644 1464 aquam,
1671 1434 1699 1456 ιιι
1726 1430 1804 1464 refri-

1020 1483 1089 1514 geret
1117 1477 1235 1512 linguam
1263 1485 1362 1509 meam,
1390 1477 1453 1511 quia
1478 1477 1582 1503 crucior
1604 1477 1632 1503 in
1654 1476 1703 1503 huc
1725 1477 1804 1511 ﬂant-

1020 1532 1063 1550 ma
1080 1543 1087 1555 ,
1113 1522 1328 1549 misericordiam
1349 1528 1489 1556 qua-rens,
1515 1529 1595 1555 quam
1618 1521 1674 1556 ipse
1695 1521 1805 1548 minitne

185 1568 360 1603 ἀπομυζῆσαι
377 1568 423 1594 τοῦ
442 1567 540 1603 λεπροῦ
556 1568 601 1595 τὸν
621 1568 768 1601 δάκτυλον,
787 1569 875 1603 ὀλίγον
895 1578 968 1596 νενο-

1025 1567 1234 1602 impcrtivisset,
1267 1575 1328 1594 cum
1356 1566 1380 1593 ci
1414 1566 1598 1593 benefaciendi
1633 1566 1747 1593 facultas
1779 1567 1805 1592 in

185 1614 313 1649 τισμένον
327 1614 412 1640 ὕδατι.
424 1614 553 1641 Τοιαῦται
565 1614 618 1640 τῶν
631 1614 826 1650 φιλοσωμάτων
837 1615 969 1643 ἁῦουλίαι·

187 1659 266 1690 τοῦτο
282 1659 334 1686 τῶν
350 1659 534 1694 φιλοπλούτων
551 1661 597 1687 καὶ
613 1660 760 1695 φιληδόνων
773 1661 803 1687 τὸ
817 1661 902 1693 τέλος.
917 1662 972 1688 Καὶ

187 1706 322 1742 προσήκει
339 1705 383 1732 τὸν
407 1705 516 1732 συνετὸν
539 1706 584 1732 καὶ
604 1706 731 1742 προμηθῆ
754 1706 801 1733 τοῦ
820 1707 972 1742 μέλλοντος,

188 1749 243 1778 οἷον
260 1752 403 1787 φάρμακόν
418 1761 443 1778 τι
460 1751 675 1787 προφυλακτικὺν
692 1754 843 1788 νοσήματος
856 1754 904 1789 τὴν
921 1763 972 1781 πα-

189 1797 306 1833 ραῦολὴν
321 1798 503 1832 ἡγησάμενον,
518 1799 612 1830 φυγεῖν
630 1798 683 1824 τῶν
700 1798 799 1832 ὁμοίων
813 1798 904 1824 κακῶν
924 1799 974 1834 τὴν

189 1844 300 1879 πεῖραν·
327 1842 358 1868 τὸ
382 1842 522 1877 συμπαθὲς
542 1843 589 1870 καὶ
609 1842 815 1878 φιλάνθρωπον,
834 1843 872 1875 ὡς
885 1843 975 1871 αἰτίαν

188 1887 238 1923 τῆς
253 1888 325 1922 ζωῆς
345 1888 395 1922 τῆς
419 1888 586 1924 μελλούσης,
604 1889 772 1924 ἀσκήσαντα.
795 1889 975 1925 Δραματικῶς

189 1932 243 1968 γὰρ
255 1933 319 1968 ἡμῖν
339 1934 353 1959 6
372 1933 450 1967 λόγος
466 1934 515 1969 τὴν
528 1934 670 1961 νουθεσίαν
683 1934 729 1960 ἐπὶ
745 1934 897 1970 προσώπων
909 1935 976 1970 ὠρι-

191 1979 296 2013 σμένων
311 1978 425 2011 ἐξέθετο,
439 1980 483 2006 ἵνα
495 1980 623 2015 ἐμψύχως
643 1981 690 2007 καὶ
709 1980 851 2012 δεικτικῶς
868 1980 978 2007 παιδευ-

191 2023 282 2054 θέντες
301 2017 350 2058 τῆς
371 2024 476 2059 ἀγαθῆς
496 2024 635 2056 πολιτείας
656 2025 702 2051 τὸν
728 2025 826 2060 νόμον,
844 2025 977 2061 μηδέποτε

193 2070 443 2104 καταιρρονήσωμεν
462 2069 514 2097 τῶν
531 2069 580 2104 τῆς
598 2070 708 2105 Γραφῆς
728 2070 976 2106 παραγγελμάτων,

191 2115 230 2146 ὼς
246 2114 309 2150 ἄχρι
323 2116 402 2149 λόγου
420 2116 499 2151 μόνον
514 2115 676 2150 φοϐούντων,
692 2116 722 2143 οὺ
738 2117 790 2152 μὴν
805 2116 853 2152 τὴν
866 2117 978 2152 ἀπειλὴν

193 2161 367 2195 προαγόντων
384 2161 423 2192 εἰς
444 2161 590 2197 τιμωρίαν.
616 2159 680 2188 Οἶδα
705 2161 776 2196 γὰρ,
794 2161 831 2193 ὡς
847 2163 871 2188 οἱ
889 2163 979 2189 πολλοὶ

191 2206 245 2232 τῶν
260 2205 410 2242 ἀνθρώπων
427 2209 486 2239 ταῖς
502 2207 641 2239 τοιαύταις
659 2208 797 2239 ὑπονοίαις
818 2208 978 2243 δελεαζόμε-

1025 1618 1151 1649 promptu
1188 1618 1286 1644 esset,
1323 1617 1471 1647 petensque
1504 1619 1536 1639 ac
1564 1611 1687 1646 flagitans
1719 1611 1806 1639 Laza-

1023 1659 1239 1688 runradvenire
1266 1658 1382 1685 laturum
1409 1658 1548 1692 suppetias
1576 1658 1707 1690 adversus
1737 1657 1807 1691 ignis

1024 1706 1078 1733 vim
1113 1713 1145 1733 ac
1174 1705 1365 1736 ﬂammarum;
1412 1709 1492 1738 atque
1529 1703 1635 1730 modico
1667 1702 1808 1737 perfusum

1025 1752 1138 1778 humore
1161 1750 1261 1784 lcprosi
1284 1749 1416 1783 digitum,
1433 1756 1546 1783 precaus
1557 1769 1565 1782 ,
1590 1748 1746 1775 allambcre.
1763 1747 1810 1774 Sic

1027 1797 1154 1824 nimirntn
1182 1796 1279 1826 habet,
1307 1795 1446 1821 hominum
1475 1794 1598 1828 corporis
1629 1794 1810 1821 amantiorutn

1026 1842 1165 1874 stultitia;
1191 1840 1230 1867 sic
1260 1847 1354 1866 eorum
1379 1840 1484 1872 exitus,
1517 1839 1563 1874 qui
1589 1847 1670 1874 supra
1701 1839 1809 1866 modum

1027 1888 1183 1916 divitiarum
1215 1894 1246 1914 ac
1272 1887 1436 1921 volnptatutu
1468 1886 1581 1912 studiosi
1609 1890 1682 1912 sunt.
1710 1884 1811 1917 Quam-

1027 1935 1120 1962 obrem
1146 1933 1253 1967 sapiens
1277 1933 1391 1966 quisque
1416 1939 1448 1958 ac
1476 1931 1558 1958 futuri
1588 1930 1735 1965 providus,
1761 1938 1810 1957 ceu

1029 1980 1125 2007 morbo
1159 1979 1279 2005 cavendo
1308 1983 1494 2013 comparatum
1522 1977 1669 2004 remedium
1698 1976 1813 2011 parabo-

1030 2025 1083 2051 latn
1108 2028 1258 2058 reputans.
1280 2022 1474 2049 misericordia:
1500 2028 1531 2048 ac
1557 2021 1732 2047 humanitatis
1757 2020 1814 2047 cul-

1029 2075 1075 2102 tu,
1100 2070 1197 2104 quibus
1220 2069 1374 2095 obtineatur
1396 2066 1486 2094 futura
1510 2067 1582 2099 vita,
1606 2066 1733 2094 similium
1758 2073 1815 2092 uta-

1030 2115 1116 2142 lorum
1138 2115 1286 2149 periculum
1310 2113 1395 2141 vitare
1415 2113 1550 2140 habuerit.
1573 2113 1723 2140 Dramatice
1743 2111 1814 2139 enim

1030 2169 1062 2189 ac
1086 2161 1169 2189 certis
1197 2161 1313 2188 inductis
1342 2161 1465 2194 personis
1490 2160 1628 2193 Scriptura
1655 2159 1816 2186 admonitio-

1032 2215 1092 2234 nem
1118 2207 1260 2242 exposuit,
1284 2214 1337 2241 quo
1360 2214 1408 2240 per
1432 2206 1507 2233 vivas
1532 2206 1663 2240 imagines
1689 2210 1817 2240 certaque

191 2260 245 2284 νοι,
261 2252 399 2279 ἀκώλυτον
412 2253 518 2285 ἑαυτοῖς
536 2253 583 2280 τοῦ
600 2253 767 2289 ἁμαρτάνειν
788 2252 836 2288 τὴν
851 2253 973 2286 ἐξουσίαν

1031 2253 1266 2280 demonstratione
1291 2253 1359 2279 bene
1388 2252 1495 2279 vivendi
1523 2252 1609 2287 legem
1632 2252 1743 2284 edocti,
1773 2259 1816 2278 sa-

192 2297 357 2332 χαρίζονται.
380 2298 437 2324 Πᾶν
453 2298 481 2324 δέ
501 2298 656 2325 τούναντίον
671 2298 746 2334 παρά
765 2298 815 2333 τῆς
834 2298 980 2334 προκειμέ-

193 2350 241 2376 νης
256 2342 367 2377 Γραφῆς
379 2343 571 2378 διδασκόμεθα,
583 2344 620 2376 ὡς
632 2344 693 2371 ουδὲ
707 2344 854 2380 συγγνώμη
873 2353 914 2376 τις
930 2344 980 2379 τῆς

195 2387 252 2414 ἐκεῖ
267 2388 383 2423 κρίσεως
397 2390 579 2425 ἐπελαφρύνει
595 2390 643 2426 τὴν
658 2391 783 2423 κόλασιν,
800 2390 859 2418 οὐδὲ
877 2391 982 2417 ἐλαττοῖ

194 2433 242 2468 τὴν
257 2433 410 2470 ὡρισμένην
422 2436 556 2471 τιμωρίαν
570 2436 772 2472 φιλανθρωπία·
791 2437 855 2471 εἴγε
869 2437 910 2463 δεῖ
922 2438 982 2469 ταῖς

196 2480 298 2513 φωναῖς
325 2480 371 2507 τοῦ
397 2482 567 2517 πατριάρχου
595 2482 783 2518 τεκμηριῶσαι
813 2483 857 2509 τὸν
891 2483 978 2518 λόγον.

195 2525 283 2552 Πολλὰ
299 2526 351 2562 γὰρ
373 2527 521 2558 ῑκετευθεὶς
545 2527 619 2561 παρά
634 2527 681 2554 τοῦ
699 2528 838 2560 πλουσίου,
860 2529 907 2555 καὶ
926 2538 978 2564 μυ-

197 2571 263 2606 ρίων
276 2571 400 2599 ἐλεεινῶν
414 2572 570 2604 ἐπακούσας
583 2573 679 2606 φωνῶν
689 2593 697 2605 ,
711 2573 772 2600 οὔτε
787 2575 843 2606 τοῖς
855 2574 982 2610 ὀδυρμοῖς

196 2617 360 2653 ἐπεκλάσθη,
374 2617 435 2644 οὔτε
448 2619 495 2652 τῆς
507 2618 602 2653 ὀδύνης
615 2618 730 2650 ἐξείλετο
757 2619 803 2646 τὸν
814 2620 920 2655 πικρῶς
932 2628 983 2655 μα-

197 2661 366 2697 στιζόμενον·
387 2663 515 2698 αὐστηρῷ
540 2662 619 2698 δέτῷ
637 2665 789 2699 φρονήματι
808 2665 858 2700 τὴν
875 2664 983 2692 δικαίαν

196 2707 287 2744 κρίσιν
303 2708 451 2744 ἐκύρωσεν,
466 2708 560 2740 εἰπὼν,
580 2709 621 2735 ὅτι
636 2708 704 2744 πρὸς
719 2709 797 2742 ἀξίαν
810 2710 916 2744 ἑκάστῳ
931 2710 984 2737 διε-

233 2809 272 2843 (8)
293 2809 417 2845 δεριιΙιιη
438 2814 474 2836 eu
489 2830 495 2840 .
517 2809 622 2845 ἐτάφη.
649 2809 694 2837 Sic
711 2809 807 2845 rerca
837 2811 983 2838 etiamnum

199 2845 328 2881 retinent,
354 2844 453 2878 rejecto
475 2847 509 2872 al
533 2844 671 2879 sequentia
698 2844 745 2881 illo
776 2845 804 2872 ἐν
830 2845 890 2881 ᾄδῃ,
915 2847 985 2879 quod

202 2877 297 2919 l_..atina
320 2877 436 2914 jungunt
458 2877 601 2915 participio
629 2880 743 2919 sepultus
756 2900 780 2919 θ’.
795 2877 888 2914 (ξειὶιιὶἑ)
901 2877 985 2919 ⁸ἱιΙοιιι

204 2912 361 2942 Latinorum
373 2912 484 2948 ‘scnsu‘s,
504 2924 535 2942 ac
550 2912 627 2950 Ijuem
643 2912 669 2943 iu
686 2923 736 2942 una
756 2915 797 2942 illa
815 2912 878 2942 \oce
891 2915 986 2950 depre-

1031 2305 1076 2326 cra
1108 2297 1209 2324 monita
1233 2305 1265 2324 ac
1295 2301 1426 2331 praecepta
1459 2304 1596 2331 nunquam
1627 2303 1815 2329 aspernemur,

1034 2350 1160 2379 tanquam
1183 2345 1239 2372 solo
1261 2348 1380 2371 terreant
1405 2350 1548 2374 sermone,
1569 2349 1600 2368 ac
1625 2341 1720 2367 inanes
1743 2340 1815 2367 intra

1033 2390 1121 2419 minas
1153 2390 1330 2419 consistant,
1349 2387 1403 2416 Nec
1428 2389 1500 2415 enim
1531 2395 1575 2414 me
1603 2386 1684 2418 latet,
1715 2391 1818 2412 morta-

1034 2435 1098 2462 lium
1118 2435 1208 2470 plures
1225 2433 1389 2468 ejuscemodi
1402 2433 1612 2468 cogitationibus
1627 2431 1764 2463 deliuitos,
1777 2431 1818 2459 ef-

1038 2481 1142 2508 frcnem
1174 2480 1225 2508 sibi
1257 2480 1393 2507 licentiam
1423 2479 1551 2514 peccandi
1581 2477 1732 2513 indulgere.
1763 2477 1818 2505 Ve‘

1035 2535 1094 2555 rum
1117 2527 1169 2554 alia
1195 2535 1244 2554 nos
1267 2526 1357 2553 omnia
1380 2526 1455 2554 locus
1479 2525 1523 2552 hic
1547 2524 1694 2559 Scriptura
1715 2523 1817 2558 docet;

1034 2573 1105 2601 nulla
1129 2573 1233 2601 scilicet
1256 2572 1314 2606 ejus
1335 2572 1428 2607 judicii
1456 2579 1564 2606 pinnam
1588 2571 1756 2605 indulgentia
1780 2571 1819 2599 Ιο-

1038 2618 1115 2651 vari,
1146 2618 1218 2645 nulla
1249 2617 1387 2645 decretum
1422 2617 1583 2652 supplicium
1617 2617 1734 2652 mitigari
1766 2616 1820 2644 cle-

1036 2665 1156 2697 mentia;
1181 2664 1205 2692 si
1230 2664 1309 2692 modo
1337 2664 1496 2698 patriarcha:
1521 2663 1635 2691 vocibus
1658 2667 1762 2690 certam
1787 2663 1819 2690 fl-

1035 2711 1095 2738 dem
1125 2710 1210 2738 astrui
1237 2710 1371 2737 volumus.
1407 2708 1474 2737 Cum
1511 2710 1582 2737 enim
1621 2708 1712 2736 multis
1745 2709 1821 2736 dives

1039 2811 1134 2838 hendit
1150 2811 1283 2842 Asterius,
1306 2814 1335 2838 ut
1355 2815 1427 2838 totus
1447 2810 1504 2846 ipse
1517 2808 1641 2846 sepultus
1652 2807 1766 2846 dicatur.
1788 2815 1820 2836 ac

1037 2846 1158 2874 absolute
1182 2846 1312 2879 sepultus,
1334 2842 1570 2880 corpore'puiter
1590 2851 1620 2870 ac
1641 2842 1744 2880 animo.
1766 2850 1829 2877 quo.

1038 2886 1151 2916 utroque
1166 2885 1288 2909 terrenus
1302 2879 1512 2913 exstitisset,’ttc
1528 2879 1624 2912 dignus
1637 2879 1754 2905 tnl‘crno.
