2076 3155
213 193 262 220 185

683 186 826 215 HOMILIA
847 186 878 213 ll.
898 185 944 211 DE
961 182 1144 212 OEUONOMO
1165 178 1386 214 INIQUITATIS.

1787 172 1838 202 186

247 250 301 276 Καὶ
319 249 362 275 ἵνα
374 246 536 282 καταμάθῃς
548 245 680 281 ἀκριϐῶς,
700 246 741 272 ὅτι
753 245 845 280 νόμοις
861 244 1002 270 ὑπόκεισαι

1089 241 1148 274 Quo
1161 246 1250 268 autem
1274 239 1378 273 plenius
1392 237 1498 268 discas,
1520 234 1627 270 legibus
1645 237 1672 260 te
1691 239 1722 260 ac
1742 231 1839 267 regulis

211 295 259 324 καὶ
273 295 366 321 κανόσι
380 293 562 323 δεσποτικοῖς,
580 290 640 317 καθ’
660 290 707 322 οὖς
722 300 751 317 σε
770 291 906 326 προσῆκεν
923 290 1001 324 ἀκρι-

211 342 267 373 ϐῶς
279 339 419 376 διορθοῦν
443 337 497 364 ἀπὸ
514 337 612 363 σαυτοῦ
639 336 746 372 πρῶτον
763 336 940 370 κατανόησον,
960 335 1000 360 ὅτι

212 388 259 415 καὶ
275 386 306 413 τὸ
333 385 414 420 σῶμα
428 392 483 415 σου,
497 382 544 409 καὶ
570 382 588 417 ἡ
602 381 675 417 ψυχὴ
702 380 871 416 πανταχόθεν
889 380 943 410 τοῖς
955 379 1002 413 τῆς

213 433 313 468 ἀρετῆς
327 431 467 457 ὑπόκειται
486 427 722 462 παραγγέλμασιν,
751 427 797 453 καὶ
820 427 879 453 οὐδὲ
905 424 1002 452 σαυτοῦ

214 475 308 510 κύριος
322 471 347 500 εἷ
358 482 364 487 ·
382 473 448 500 ἀλλὰ
475 471 614 506 προσῆκέν
637 479 667 497 σε
696 471 848 506 οἰκονομεῖν
863 470 910 496 καὶ
926 469 1003 502 λόγον

216 521 263 547 καὶ
275 519 384 556 πρᾶξιν,
400 519 446 545 καὶ
462 519 515 545 πᾶν
535 518 584 553 τῆς
606 516 679 551 ζωῆς
701 525 747 543 σου
760 517 872 551 κίνημα,
890 514 1004 546 Ἔλαϐες

219 565 297 600 σῶμα
312 564 386 601 παρὰ
407 563 453 590 τοῦ
470 562 622 595 κτίσαντος,
649 563 682 588 ὲκ
698 561 801 588 πολλῶν
818 561 918 596 μορίων
942 568 1005 593 συγ-

219 611 352 646 κείμενον,
381 609 429 636 καὶ
453 609 535 636 πέντε
559 608 717 643 αἰσθήσεσιν
744 608 783 638 εἰς
799 607 847 638 τὰς
865 607 914 641 τῆς
934 606 1006 642 ζωῆς

218 656 310 692 χρείας
325 654 561 690 οἰκονομούμενον.
586 653 645 679 Εἰσὶ
656 653 683 679 δὲ
702 652 762 679 οὐδὲ
774 649 852 679 αὗται
871 652 1005 686 ἐλεύθεροι

218 702 263 729 καὶ
279 701 437 735 αὐτόνομον
457 700 513 726 ἀλλ’
531 699 632 733 ἑκάστη
648 698 727 733 δούλη
751 698 839 732 νόμων
856 697 927 723 ἐστίν
951 696 1006 724 Καὶ

218 748 324 783 πρῶτος
350 746 443 773 ἀκούει
468 745 614 780 ὀφθαλμός·
640 745 725 771 Βλέπε
741 744 831 778 φύσιν,
849 744 896 770 καὶ
911 743 1006 777 θεώρει

218 793 236 820 ἃ.
252 793 358 828 βλέπειν
372 792 452 818 καλόν
463 800 470 807 ·
500 791 585 826 ἥλιον,
602 791 692 817 πᾶσαν
710 790 759 824 τὴν
774 789 935 824 οἰκουμένην
951 798 1007 823 φω-

219 839 343 871 τίζονταν
363 839 486 873 σελήνην,
515 837 544 862 τὺ
565 836 725 871 σκυθρωπδν
753 835 800 862 καὶ
828 834 946 868 ζοφῶδες
958 834 1007 868 τῆς

220 883 316 914 νυκτὸς
343 881 585 915 καταυγάξῠυσαψ
615 881 678 911 τοὺς
702 879 797 909 ἄλλους
824 878 950 913 ἀστέρας,
976 878 1006 903 οὐ

1052 287 1148 322 subjici
1166 286 1329 317 Dominicis,
1351 284 1383 309 ad
1402 291 1462 317 qua:
1483 282 1573 309 omnia
1589 279 1682 307 sedulo
1700 277 1839 312 dirigenda

1053 334 1116 365 sint,
1131 333 1244 365 teipsum
1268 331 1294 357 in
1318 329 1412 365 primis
1429 329 1533 355 intuere
1554 331 1580 353 et
1597 324 1750 356 considera,
1767 327 1795 349 ut
1813 326 1841 350 et

1053 386 1153 412 corpus
1168 383 1195 404 et
1221 376 1310 403 anima
1344 375 1520 408 undequaque
1532 371 1639 398 virtutis
1653 374 1794 397 teneantur
1804 367 1842 395 le-

1053 424 1141 460 gibus,
1159 431 1246 456 neque
1272 422 1309 448 lui
1336 422 1391 455 ipse
1419 420 1543 446 dominus
1566 418 1624 450 sis;
1645 418 1690 444 sed
1709 423 1768 443 cum
1784 422 1842 442 ser-

1055 478 1112 503 mo,
1148 474 1203 497 ttun
1233 469 1370 499 actiones,
1399 471 1479 500 atque
1508 465 1575 491 adeo
1599 464 1751 498 quicunque
1783 461 1843 488 vita:

1055 521 1145 544 motus
1157 535 1164 546 ,
1187 519 1260 542 certa
1278 514 1324 540 tibi
1347 513 1405 547 lege
1423 510 1536 538 habendi
1551 510 1616 537 sint.
1633 507 1766 542 Accepisti
1784 513 1844 533 eor-

1056 569 1105 596 pus
1121 568 1135 586 a
1153 559 1297 590 Creatore,
1313 565 1346 584 ex
1364 556 1486 591 pluribus
1508 554 1630 588 partibus
1650 551 1842 586 compositum,

1055 613 1082 635 et
1093 607 1212 641 quinque
1226 604 1350 632 sensibus
1365 603 1397 629 ad
1411 610 1488 630 usum
1502 600 1775 632 cotnmodilatemqnc
1784 597 1845 623 vitae

1057 653 1228 680 instructum.
1241 651 1276 677 At
1294 657 1381 684 neque
1400 648 1449 683 ipsi
1468 647 1545 674 liberi
1564 651 1642 677 sunt,
1662 652 1692 671 ac
1707 643 1747 671 stti
1766 643 1844 678 juris,

1057 699 1103 726 sed
1126 698 1181 725 suis
1199 696 1314 731 quisque
1330 695 1434 730 legibus
1453 692 1623 727 astringitur.
1647 690 1753 717 Primus
1767 689 1793 715 in
1808 689 1847 715 eis

1058 745 1132 771 audit
1157 743 1250 770 oculus
1269 741 1326 776 (ii)
1345 750 1351 767 :
1369 740 1504 767 Contnere
1519 743 1641 765 naturam
1657 756 1665 768 ,
1687 744 1718 762 ac
1734 743 1765 762 ea
1783 741 1847 761 conv

1059 789 1198 824 templare,
1213 796 1271 822 qua:
1283 789 1350 814 bene
1363 794 1394 813 ac
1405 788 1517 813 honeste
1528 784 1609 811 videri
1621 786 1740 818 queant;
1753 780 1847 811 solem,

1060 841 1194 863 terrarum
1213 834 1305 860 orbem
1321 832 1544 864 collustrantem;
1574 830 1664 856 lunam
1678 848 1685 860 ,
1705 826 1807 853 tristem
1823 830 1850 852 ct

1060 883 1201 910 obscuram
1217 879 1304 907 noctis
1322 879 1416 905 faciem
1433 877 1645 905 illuminantcm;
1669 873 1760 901 stellas
1772 876 1851 898 cxte-

220 929 286 955 πολυ
303 929 360 962 μὲν,
376 927 435 953 οὐδὲ
447 926 581 962 αὔταρκες
600 927 664 961 ἡμῖν
693 926 722 952 τὸ
747 926 810 960 παρ’
828 924 929 951 ἑαυτῶν
951 923 1008 957 φῶς

1068 936 1102 955 'as
1113 948 1120 959 ,
1134 927 1260 960 exiguum
1272 945 1279 958 ,
1293 925 1352 952 illas
1374 923 1480 957 quidem
1497 928 1584 955 neque
1605 919 1680 946 nobis
1699 917 1845 949 stilliciens,

221 974 419 1011 χορηγοῦντας·
439 973 507 1008 πλὴν
523 972 554 998 τδ
573 972 669 1003 κάλλος
681 972 694 998 ὃ
712 970 816 1005 ἔλαχον,
835 969 1008 996 ἁποστίλῆον-

221 1030 281 1053 τας.
297 1019 399 1055 Θεώρει
418 1019 479 1053 γῆν,
504 1019 595 1053 φυτοῖς
625 1017 807 1043 παντοδαπέσι
826 1016 871 1042 καὶ
884 1015 1009 1050 βοτάναις

222 1065 350 1100 κομῶσαν
373 1064 509 1090 θάλασσαν
534 1062 710 1097 ήπλωμένην,
740 1062 776 1093 ὡς
794 1061 882 1086 πεδίον
898 1059 1008 1095 ὁμαλὲς,

222 1112 286 1138 ὅταν
305 1111 342 1142 είς
369 1108 491 1144 καθαρὰν
517 1107 637 1142 γαλήνην
654 1108 739 1141 παγῇ.
757 1107 803 1138 Εἰς
824 1103 965 1131 ταῦτακαὶ
977 1104 1011 1130 τὰ

224 1156 333 1183 τοιαῦτα
356 1154 546 1189 κατακέλρησο
569 1152 607 1187 τῷ
633 1153 698 1187 ὀρᾷν
710 1161 716 1166 ·
733 1152 781 1183 τὰς
796 1151 822 1177 δὲ
839 1150 921 1181 ἄλλας
936 1149 1009 1180 θέας,

224 1204 284 1231 ac“
299 1202 342 1228 διὰ
354 1203 402 1237 τῆς
419 1198 506 1236 ὅμως
521 1199 569 1231 τὴν
601 1198 700 1233 βλάϐην
725 1197 898 1231 ἐπεισάγουσι
912 1198 945 1232 τῇ
965 1196 1013 1230 ψυ-

225 1251 270 1284 χῇ,
286 1247 369 1282 φεῦγε
391 1246 439 1272 καὶ
464 1245 630 1280 παράτρεχε,
650 1243 697 1270 καὶ
728 1242 842 1269 ἐπιτίθει
859 1241 948 1276 σαυτῷ
963 1241 1013 1267 κά-

225 1295 328 1329 λυμμα,
346 1294 388 1319 ἵνα
406 1293 441 1327 μὴ
458 1291 552 1326 βλέπῃ.
573 1290 681 1316 Βέλτιον
697 1289 750 1323 γὰρ
769 1289 892 1314 σκοτίσαι
909 1288 957 1323 τὴν
970 1287 1012 1313 αἴ-

228 1341 332 1375 σθησιν,
350 1339 413 1365 ὅταν
426 1338 479 1364 τῶν
495 1337 582 1372 ἔργων
596 1335 642 1362 τοῦ
661 1335 771 1365 σκότους
787 1335 834 1370 τὴν
847 1334 933 1361 αἰτίαν
948 1342 1015 1368 παρ-

228 1387 295 1422 έχει.
311 1385 358 1412 Διὰ
373 1383 451 1410 τοῦτο
465 1383 528 1418 χθὲς
543 1382 634 1416 ἔλεγεν
656 1382 720 1416 ἡμῖν
736 1382 750 1407 ὸ
772 1380 871 1417 Κύριος
887 1379 929 1406 διὰ
944 1379 1017 1406 Ματ-

228 1431 304 1458 θαίου
318 1440 324 1446 ·
340 1430 401 1462 Πᾶς
414 1431 429 1456 ό
446 1429 570 1461 βλέπων
582 1427 708 1462 γυναῖκα
736 1425 811 1460 πρὸξ
824 1426 856 1452 τὸ
875 1424 1016 1459 ἐπιθυμῆ-

229 1486 290 1508 σαι,
317 1476 375 1510 ἤδη
392 1475 570 1509 ἐμοίχευσεν
581 1472 678 1506 αὐτὴν
697 1473 731 1498 ἐν
757 1471 795 1506 τῇ
816 1472 939 1506 καρδίῃ·
971 1471 1017 1497 καὶ

232 1523 332 1559 βέλτιον
359 1521 504 1548 ἐκκόπτειν
526 1519 617 1552 αὐτον,
645 1519 709 1546 ὅταν
731 1518 836 1545 ἄτακτα
860 1518 945 1553 βλέπῃ
971 1517 1018 1544 καὶ

231 1568 370 1604 ἐπιζήμια.
388 1567 470 1601 Καὶή
487 1566 555 1601 ἀκοὴ
570 1564 786 1600 παραγγέλματα
805 1563 942 1590 κωλυτικὰ
959 1563 1019 1590 πά-

232 1624 281 1649 σης
297 1613 407 1650 [κακῆς]
431 1612 598 1648 ἀκροάσεως.
626 1610 686 1646 Χρὴ
701 1610 756 1645 γὰρ
778 1609 874 1645 αὐτὴν,
889 1609 953 1635 ὅταν
970 1609 1017 1644 μὲν

231 1660 340 1694 ἀγαθῶν
351 1667 430 1686 τινων
445 1658 540 1694 ἀκούῃ,
565 1656 795 1692 ἀναπεπταμένην
824 1652 904 1686 εἶναι,
921 1655 968 1682 καὶ
986 1655 1018 1681 δι’

232 1706 329 1741 ἑαυτῆς
347 1706 381 1740 τῇ
397 1704 469 1739 ψυχῇ
487 1702 681 1741 παραπέμπειν
696 1702 750 1728 τῶν
774 1701 966 1737 συμφερόντων
979 1700 1021 1727 λό-

233 1760 288 1787 γων
303 1751 353 1785 τὴν
368 1749 503 1784 αἴσθησιν.

270 1793 301 1820 Εἰ
315 1793 343 1819 δέ
357 1801 397 1824 τις
412 1791 510 1820 κακίας
534 1791 650 1825 ἑταῖρος,
667 1790 713 1816 καὶ
727 1789 829 1824 λοιμὸς,
861 1789 907 1815 καὶ
924 1788 1022 1824 φθόρος

235 1838 388 1873 πλησιάσας
404 1837 482 1871 αὐτῇ,
498 1835 638 1862 ἐπαντλείν
655 1834 744 1869 μέλλει
761 1834 810 1868 τῆς
829 1833 965 1868 ἁμαρτίας
978 1833 1022 1859 τὸν

235 1885 374 1922 βόρῦορον,
401 1883 440 1909 δεῖ
456 1883 565 1916 φεύγειν
579 1881 668 1912 αὑτὸν,
684 1881 720 1912 ὼς
738 1879 837 1906 ἰοϐόλον
851 1879 953 1914 θηρίον.
972 1879 1024 1904 Σω-

235 1931 367 1968 φρονείτω
379 1930 424 1956 καὶ
435 1930 450 1965 ἡ
463 1929 572 1963 γλῶσσα
591 1927 659 1963 μετὰ
673 1926 720 1953 τοῦ
743 1926 874 1960 στόματος
887 1933 894 1940 ·
911 1924 1024 1951 λαλείτω

235 1977 269 2004 τὰ
282 1977 388 2004 δίκαια’
404 1975 458 2001 τῶν
472 1974 500 2001 δὲ
521 1972 754 2008 ἀπηγορευμένων
770 1970 924 2006 ἀπεχέσθω,
938 1969 1023 1996 λοιδο-

238 2023 312 2065 ριῶν,
328 2021 524 2054 συκοφαντιῶν,
549 2019 716 2055 κατηγορίας
732 2018 835 2050 ἀδίκου,
860 2016 1025 2047 καταλαλιᾶς

235 2061 284 2104 τῆς
301 2067 372 2094 κατὰ
387 2066 440 2093 τῶν
457 2064 588 2099 ἀδελφῶν,
610 2063 783 2098 βλασφημίας
799 2063 848 2098 τῆς
862 2062 930 2098 πρὸς
943 2061 1024 2087 Θεὸν·

237 2113 396 2148 φθεγγέσθω
410 2113 438 2138 δὲ
451 2113 500 2138 ὃσα
510 2110 631 2146 εὔφημα,
651 2111 701 2136 ὅσα
711 2109 820 2144 εὐσεϐῆ,
837 2109 886 2135 ὅσα
901 2107 1025 2143 πράξεων

237 2159 347 2194 ἀγαθῶν
365 2159 420 2194 ἔχει
431 2157 480 2192 τὴν
492 2165 522 2183 συ
527 2156 660 2196 μϐουλὴν·
681 2155 727 2181 καὶ
741 2155 843 2188 λεγέτω
856 2154 909 2185 πᾶς
922 2152 1026 2188 ἄνθρω-

239 2215 289 2237 πος
305 2205 338 2232 τὰ
351 2204 397 2231 τοῦ
419 2202 597 2239 Ίεροψάλτουυ
611 2199 702 2227 Εἴπα·
723 2199 849 2231 Φυλάξω
869 2199 921 2231 τὰς
938 2197 1027 2230 ὁδούς

237 2260 307 2287 μου,
327 2250 379 2277 τοῦ
391 2250 434 2284 μὴ
449 2247 630 2284 ἁμαρτάνειν
636 2255 674 2281 με
691 2246 724 2272 ὲν
741 2244 867 2279 γλώσσῃ
884 2253 940 2278 μου
954 2251 961 2259 ·
981 2243 1027 2270 καὶ

239 2297 281 2329 τὸ,
299 2295 365 2328 Ταῖς
379 2294 533 2329 γλώσσαις
544 2292 643 2320 αὐτῶν
655 2291 851 2318 ἐδολιοῦσαν·
867 2289 914 2316 καὶ
929 2289 970 2320 τὺ,
999 2288 1028 2314 TI

241 2340 390 2378 ἐγκαυχᾷς
405 2341 440 2367 ἐν
452 2340 549 2373 κακίᾳ,
575 2340 591 2366 ὁ
611 2338 740 2370 δυνατὸς
764 2335 911 2370 ἀνομίαν;
933 2334 1030 2367 ’Ὅλην

239 2388 297 2422 τὴν
312 2387 424 2422 ἡμέραν
446 2385 565 2413 ἀδικίαν
586 2385 746 2419 ἐλογίσατο
774 2383 792 2416 ἡ
805 2380 933 2416 γλῶσσά
951 2387 1008 2406 σου
1022 2387 1028 2394 ·

241 2434 310 2461 ὡσεὶ
327 2433 419 2467 ξυρὸν
434 2427 622 2466 ήκονῖημένον
634 2430 779 2463 ἐποίησας
791 2427 892 2454 δόλον.
907 2424 1032 2452 Γευέσθω

242 2480 296 2506 τῶν
311 2477 486 2512 ὠφελούντων
501 2477 531 2503 τὺ
558 2476 654 2512 στόμα.
684 2473 869 2509 Σωφρωνείτω
881 2471 928 2498 καὶ
940 2472 957 2506 ὴ
978 2470 1030 2506 ῥὶς,

245 2525 282 2561 μὴ
297 2524 401 2560 τρυφὴν
416 2524 459 2550 ἀεὶ
469 2522 679 2557 ὸσφραινομένη,
696 2522 763 2556 μήτε
778 2518 870 2555 μύρων
880 2516 1031 2544 πολυτελῶν

243 2572 345 2608 ἀτμοὺς
361 2569 471 2601 εὐώδεις
496 2569 543 2595 ἐπὶ
563 2567 613 2601 τὴν
636 2566 755 2601 κεφαλὴν
782 2565 941 2592 ἁνέλκουσα.
972 2561 1032 2589 Τῶν

298 2654 318 2669 ¹⁷
332 2653 426 2680 Matth.
447 2658 474 2683 v,
494 2649 539 2676 28.
576 2648 598 2663 ¹⁸
609 2647 702 2674 Matth.
719 2655 784 2674 xvnt
795 2667 802 2679 ,
816 2647 843 2676 8.

281 2712 336 2744 (ιι)
358 2709 437 2736 Audit
465 2708 574 2738 oculus,
599 2703 1032 2744 πρῶτος-ᾀξιούειρφθαλμᾴς.

246 2739 454 2781 Οιὶοιὶόυιιὶιιιε
480 2748 577 2781 sensus
606 2742 643 2766 sit
666 2741 822 2781 disciplinas,
851 2739 914 2781 iure
940 2739 1034 2778 merito

249 2773 368 2810 Ksterius
387 2779 436 2812 ipsi
465 2775 594 2815 oculo__ac
615 2775 739 2815 sensibus
765 2775 880 2815 reliquis.
896 2773 1033 2801 Doutinica

250 2810 404 2856 praecepta,
423 2819 482 2848 quae
502 2810 630 2842 audiant,
653 2811 678 2837 id
701 2814 758 2842 est,
782 2810 944 2843 percipiant,
973 2815 1035 2842 pro-

252 2855 335 2886 ponit.

285 2876 341 2918 (15)
360 2883 460 2911 Malum
485 2891 584 2911 omnem
609 2880 729 2918 auditum
751 2878 926 2912 prohibentia.
958 2876 1034 2918 [ξι]άο

254 2912 344 2955 uocent
364 2919 471 2953 κακῆς,
501 2926 580 2953 quant
611 2917 729 2944 clausam
758 2917 937 2949 reprmseuto;
965 2912 1034 2939 forte

885 2647 905 2663 "
926 2645 996 2673 Psal.
1010 2651 1100 2678 xxxrt,
1116 2644 1143 2672 8.

1059 981 1090 1001 ex
1108 980 1168 999 sese
1190 972 1280 998 lumen
1296 971 1463 1005 prmbentcs;
1482 975 1573 994 verum
1589 965 1658 1000 quod
1684 965 1764 991 decus
1777 969 1852 989 acce-

1059 1023 1158 1054 perunt
1189 1026 1220 1044 ac
1249 1017 1380 1051 speciem,
1414 1013 1590 1047 ejacnlantes.
1624 1010 1721 1045 Aspice
1753 1015 1850 1035 terram

1060 1065 1157 1099 plantis
1174 1063 1325 1096 multigenis
1344 1061 1489 1094 herbisque
1515 1061 1687 1089 comantem;
1713 1063 1744 1082 ac
1767 1061 1851 1084 mare,

1060 1111 1220 1146 atquabilem
1237 1110 1262 1135 in
1287 1107 1426 1143 planitiem
1448 1112 1615 1140 expansum,
1636 1103 1680 1129 tibi
1701 1109 1766 1136 pura
1781 1105 1854 1126 trau—

1062 1157 1181 1193 quillitas
1199 1155 1295 1182 stravit
1311 1161 1342 1180 ac
1367 1152 1435 1179 tixit.
1457 1151 1484 1178 lu
1503 1151 1544 1177 Itis
1568 1157 1598 1175 ac
1616 1147 1768 1182 hnjusmodi
1795 1146 1854 1172 visu

1063 1209 1156 1234 utere;
1185 1201 1288 1235 reliqua
1316 1206 1380 1226 vero
1408 1196 1562 1232 spectacula
1588 1201 1647 1229 qua:
1679 1201 1711 1219 ex
1744 1196 1854 1226 aspectu

1064 1256 1160 1276 noxam
1176 1247 1265 1273 animo
1288 1244 1424 1275 inferunt,
1438 1242 1498 1277 fuge
1513 1249 1544 1268 ac
1577 1244 1755 1274 prmtercurre
1769 1257 1776 1269 ,
1795 1236 1856 1263 tibi-

1064 1301 1115 1329 que
1127 1293 1196 1327 ipsc,
1212 1297 1285 1318 utne
1298 1290 1390 1316 videas
1400 1309 1408 1321 ,
1424 1288 1514 1314 velum
1526 1285 1662 1313 obducito.
1681 1283 1771 1311 Salius
1784 1283 1856 1309 enim

1065 1340 1154 1367 sensui
1171 1338 1296 1364 tenebras
1311 1336 1455 1366 inducere,
1478 1341 1558 1367 quam
1578 1331 1704 1365 operibus
1729 1328 1855 1355 tenebra-

1066 1393 1125 1413 rum
1138 1383 1307 1411 occasionem
1323 1380 1452 1415 praebere.
1474 1377 1576 1404 Idcirco
1592 1376 1669 1402 nobis
1689 1374 1746 1401 heri
1764 1373 1856 1399 Domi-

1066 1438 1116 1459 nus
1129 1428 1246 1456 Matthaii
1262 1434 1309 1454 ore
1326 1425 1432 1452 dicebat
1448 1435 1455 1452 :
1471 1423 1626 1457 Quicunque
1648 1420 1741 1447 vii/eri:
1767 1419 1855 1445 mulie-

1068 1484 1121 1503 rem
1136 1475 1170 1502 ad
1187 1471 1439 1507 concupiscendum,
1455 1469 1511 1503 jam
1534 1467 1677 1494 moechatus
1698 1469 1736 1491 est
1756 1471 1812 1490 eam
1830 1463 1857 1488 in

1069 1522 1145 1549 corde
1159 1519 1237 1547 tua”
1255 1529 1261 1546 :
1282 1513 1609 1553 prmslalqueexscindere
1626 1511 1729 1545 ipsum,
1750 1516 1808 1535 cum
1826 1509 1858 1534 ad

1069 1567 1138 1594 foeda
1154 1574 1185 1593 ac
1197 1565 1274 1593 noxia
1290 1561 1423 1598 aspicit".
1445 1559 1498 1587 Sed
1514 1564 1539 1586 et
1555 1558 1628 1584 auris
1639 1556 1738 1582 malum
1752 1561 1858 1580 omnem

1070 1612 1193 1639 auditum
1221 1609 1391 1645 prohibentia
1405 1607 1427 1642 (1
1435 1605 1460 1641 ii)
1480 1608 1611 1640 pralci-pta
1629 1602 1713 1645 audit.
1726 1601 1765 1627 Ad
1779 1606 1860 1626 sanos

1070 1658 1142 1686 enim
1160 1657 1297 1691 bonosque
1313 1661 1454 1681 sermones
1479 1655 1584 1686 oportet
1604 1644 1723 1684 ap'ertam
1740 1654 1810 1677 esse.
1830 1653 1861 1672 ac.

1070 1704 1096 1731 in
1115 1704 1234 1730 animum
1248 1721 1256 1734 ,
1277 1708 1325 1728 suo
1341 1701 1426 1735 ipsam
1442 1704 1544 1731 organo
1558 1695 1632 1722 velut
1647 1693 1721 1725 tubo,
1732 1692 1861 1719 conduct-

1071 1750 1162 1778 bilium
1180 1755 1333 1776 sermonum
1349 1753 1456 1773 sensum
1469 1742 1663 1770 transmittere.

1107 1797 1141 1824 At
1155 1796 1176 1822 si
1194 1795 1253 1829 quis
1266 1793 1393 1820 vitiorum
1411 1790 1513 1818 assccla
1527 1810 1533 1820 ,
1549 1787 1731 1822 pestilensque
1751 1791 1782 1810 ac
1799 1790 1861 1817 per-

1073 1843 1190 1870 niciosus
1204 1840 1312 1875 propius
1328 1838 1449 1869 accedat,
1462 1835 1564 1870 peccati
1580 1831 1720 1860 infnsurns
1745 1835 1862 1859 ctenum,

1073 1887 1215 1922 fugiendus
1229 1886 1272 1912 ille
1286 1889 1367 1918 atque
1382 1882 1509 1909 vitandus
1520 1902 1527 1913 ,
1547 1879 1618 1906 haud
1634 1885 1712 1905 secus
1727 1882 1806 1908 atque
1819 1882 1863 1901 ve-

1073 1939 1190 1959 nenosus
1204 1936 1326 1964 serpens.
1342 1927 1378 1955 Os
1392 1927 1474 1954 etiam
1491 1932 1522 1952 ac
1541 1925 1629 1958 lingua
1648 1922 1776 1955 castigata
1790 1919 1841 1945 sint
1855 1939 1862 1950 ,

1074 1982 1103 2004 ut
1117 1977 1185 2004 bona
1210 1980 1314 2002 tantum
1332 1977 1358 2000 et
1381 1972 1492 1999 honesta
1518 1972 1659 2004 promunt;
1680 1975 1693 1993 a
1712 1965 1791 1993 [uadis
1802 1972 1864 1990 vero

1073 2023 1216 2056 vetitisque
1238 2020 1410 2049 abstineant;
1425 2023 1520 2050 nempe
1535 2023 1549 2041 a
1563 2012 1698 2041 conviciis
1710 2032 1718 2044 ,
1732 2019 1745 2037 ιι
1761 2010 1864 2037 calum-

1074 2068 1127 2096 niis
1138 2087 1146 2100 ,
1159 2067 1251 2101 iniqua
1264 2064 1469 2094 criminatione,
1485 2060 1651 2089 detractione
1668 2058 1797 2085 adversus
1812 2055 1864 2082 fra-

1076 2118 1147 2145 tres,
1167 2120 1199 2139 ac
1218 2110 1384 2146 blasphemia
1406 2113 1499 2136 contra
1522 2106 1621 2138 Deum,
1639 2110 1786 2136 eorumun
1807 2102 1865 2128 loco

1075 2158 1225 2194 proferant,
1242 2157 1263 2184 si
1280 2164 1332 2191 qua
1346 2155 1415 2182 bona
1429 2174 1436 2186 ,
1454 2154 1475 2180 si
1491 2160 1542 2187 qua
1556 2152 1610 2186 pia,
1629 2150 1650 2177 si
1667 2157 1719 2184 qua
1737 2148 1865 2175 bonarum

1078 2205 1214 2232 actionum
1234 2202 1376 2230 consilium
1399 2201 1516 2227 habeant
1540 2205 1571 2224 ac
1587 2196 1764 2224 incentivum.
1789 2193 1866 2221 Sacri

1043 2259 1064 2285 ι)
1079 2249 1175 2277 Psalta:
1189 2248 1303 2282 quisque
1319 2247 1376 2273 ham
1386 2247 1497 2278 usurpet
1513 2250 1521 2270 :
1539 2242 1600 2268 Dixi
1619 2249 1628 2268 :
1645 2239 1797 2267 Custodiam
1812 2238 1867 2264 vias

1079 2303 1167 2324 meas.
1188 2298 1215 2320 ut
1234 2301 1284 2319 non
1306 2292 1455 2325 delinquant
1472 2290 1497 2315 in
1519 2288 1608 2322 lingua
1627 2294 1683 2312 mea
1695 2285 1728 2318 i’;
1746 2289 1773 2311 et
1787 2293 1793 2310 :
1807 2283 1868 2310 Lin-

1080 2339 1136 2374 guis
1158 2340 1212 2365 suis
1227 2337 1315 2363 dolose
1330 2336 1439 2370 agebant
1458 2334 1496 2367 ¹⁶;
1508 2341 1538 2360 ac
1558 2336 1689 2366 praeterea
1705 2337 1712 2356 :
1727 2329 1796 2362 Quid
1810 2329 1868 2363 glo-

1081 2385 1161 2412 riaris
1176 2385 1204 2411 in
1219 2382 1320 2409 malitia
1331 2402 1338 2414 ,
1348 2381 1490 2416 quipotens
1503 2387 1529 2405 es
1541 2378 1567 2404 in
1576 2375 1734 2409 iniquitate?
1747 2373 1810 2400 Tota
1827 2373 1868 2400 die

1082 2430 1239 2465 injustitt'am
1253 2427 1377 2462 cogitavit
1390 2426 1480 2460 lingua
1497 2429 1563 2451 tua:
1576 2423 1644 2449 sicut
1658 2421 1782 2448 novacula
1791 2423 1869 2446 acuta

1085 2476 1170 2511 fecisti
1193 2473 1324 2502 dolum“.
1341 2472 1436 2499 Gustet
1453 2479 1484 2498 os
1512 2478 1570 2505 qum
1594 2467 1772 2496 conducibilia
1795 2470 1867 2493 sunt.

1085 2523 1124 2549 Ac
1138 2521 1249 2549 naribus
1266 2526 1372 2554 quoque
1388 2525 1420 2545 ac
1433 2516 1556 2544 odoratui
1581 2515 1675 2542 modus
1697 2513 1869 2544 adhibeatur,

1086 2575 1120 2595 ne
1131 2566 1260 2601 voluptati
1282 2565 1378 2592 dedita:
1402 2563 1513 2591 nimium
1527 2562 1598 2591 sint.
1621 2563 1871 2594 unguentorumque

1183 2643 1205 2659 ’θ
1217 2642 1287 2670 Psal.
1303 2649 1329 2675 v,
1347 2641 1390 2669 Η.
1428 2641 1449 2656 ἰ
1464 2639 1534 2667 Psal.
1546 2647 1583 2671 LI,
1595 2639 1624 2671 5,
1644 2637 1672 2665 4.

1084 2701 1152 2729 facta
1168 2708 1199 2727 ex
1216 2707 1248 2726 ea
1262 2699 1311 2726 fuit
1325 2707 1376 2726 vox
1396 2698 1486 2733 πάσης
1499 2706 1505 2712 ·
1532 2704 1591 2731 qua:
1613 2694 1686 2722 nullo
1702 2693 1870 2733 incommodo

1085 2737 1179 2763 abesse
1194 2739 1291 2769 poteSt.
1304 2734 1411 2768 Alioqui
1430 2728 1491 2769 vero
1503 2728 1554 2758 non
1568 2734 1780 2769 constatsensus
1791 2728 1870 2754 Λειο-

1085 2772 1135 2798 rio.
1158 2764 1215 2797 No'n
1235 2770 1305 2797 cnim
1331 2764 1420 2796 divina
1447 2768 1489 2794 lex
1508 2766 1617 2793 omnino
1641 2764 1718 2791 nobis
1732 2765 1869 2798 obturatas

1085 2797 1139 2832 vult
1152 2813 1242 2835 aures.
1257 2809 1301 2831 aut
1316 2803 1440 2838 prohibet
1455 2801 1562 2837 quidvis
1575 2800 1668 2838 audire
1685 2808 1691 2826 :
1707 2806 1768 2838 cum
1782 2797 1869 2837 potius

1083 2831 1297 2874 stepeﬂprov'ocet
1316 2831 1434 2874 auditum
1447 2831 1561 2874 {sitque
1583 2835 1693 2874 auditio,
1707 2831 1868 2874 sicut’visio,

1083 2868 1134 2936 prol
1156 2868 1193 2900 rei
1210 2874 1307 2901 auditae
1331 2879 1376 2900 aut
1399 2872 1463 2899 visa:
1484 2868 1603 2902 ratione,
1621 2869 1684 2904 quid
1707 2868 1806 2896 bonum
1823 2869 1870 2891 aut

1083 2917 1125 2936 ma
1139 2916 1194 2936 um.

1083 2916 1194 2937 malum.
