  <div class='ocr_page' id='page_1' title='image "/cluster/home/n/w/nwhite01/storage/ocr_20150623/40/njp.32101012273239/107.png"; bbox 0 0 2076 3155; ppageno 0'>
   <div class='ocr_carea' id='block_1_1' title="bbox 226 193 277 221">
    <p class='ocr_par' dir='ltr' id='par_1_1' title="bbox 226 193 277 221">
     <span class='ocr_line' id='line_1_1' title="bbox 226 193 277 221; baseline -0.039 0"><span class='ocrx_word' id='word_1_1' title='bbox 226 193 277 221; x_wconf 77' lang='grc'><strong>187</strong></span> 
     </span>
    </p>
   </div>
   <div class='ocr_carea' id='block_1_2' title="bbox 859 184 1214 214">
    <p class='ocr_par' dir='ltr' id='par_1_2' title="bbox 859 184 1214 214">
     <span class='ocr_line' id='line_1_2' title="bbox 859 184 1214 214; baseline -0.014 1"><span class='ocrx_word' id='word_1_2' title='bbox 859 187 886 214; x_wconf 88' lang='lat' dir='ltr'><strong>S.</strong></span> <span class='ocrx_word' id='word_1_3' title='bbox 907 186 1043 214; x_wconf 78' lang='lat' dir='ltr'><strong>ASTERII</strong></span> <span class='ocrx_word' id='word_1_4' title='bbox 1066 184 1214 212; x_wconf 71' lang='lat' dir='ltr'><strong>AMASEXI</strong></span> 
     </span>
    </p>
   </div>
   <div class='ocr_carea' id='block_1_3' title="bbox 1799 180 1850 206">
    <p class='ocr_par' dir='ltr' id='par_1_3' title="bbox 1799 180 1850 206">
     <span class='ocr_line' id='line_1_3' title="bbox 1799 180 1850 206; baseline 0.02 -1"><span class='ocrx_word' id='word_1_5' title='bbox 1799 180 1850 206; x_wconf 78' lang='lat'><strong>188</strong></span> 
     </span>
    </p>
   </div>
   <div class='ocr_carea' id='block_1_4' title="bbox 227 239 1017 285">
    <p class='ocr_par' dir='ltr' id='par_1_4' title="bbox 227 244 1010 285">
     <span class='ocr_line' id='line_1_4' title="bbox 227 244 1010 285; baseline -0.008 -8"><span class='ocrx_word' id='word_1_6' title='bbox 227 251 405 285; x_wconf 81' lang='lat' dir='ltr'><strong>pretiosorum</strong></span> <span class='ocrx_word' id='word_1_7' title='bbox 434 249 583 284; x_wconf 70' lang='lat' dir='ltr'><strong>fragrantes</strong></span> <span class='ocrx_word' id='word_1_8' title='bbox 617 247 716 274; x_wconf 82' lang='lat' dir='ltr'><strong>halitus</strong></span> <span class='ocrx_word' id='word_1_9' title='bbox 748 250 949 274; x_wconf 73' lang='lat' dir='ltr'><strong>consectentur.</strong></span> <span class='ocrx_word' id='word_1_10' title='bbox 983 244 1010 271; x_wconf 91' lang='lat' dir='ltr'><strong>lu</strong></span> 
     </span>
    </p>
   </div>
   <div class='ocr_carea' id='block_1_5' title="bbox 1069 239 1849 285">
    <p class='ocr_par' dir='ltr' id='par_1_5' title="bbox 1069 239 1849 278">
     <span class='ocr_line' id='line_1_5' title="bbox 1069 239 1849 278; baseline -0.006 -9"><span class='ocrx_word' id='word_1_11' title='bbox 1069 243 1118 278; x_wconf 68' lang='grc' dir='ltr'><strong>γὰρ</strong></span> <span class='ocrx_word' id='word_1_12' title='bbox 1132 243 1258 269; x_wconf 77' lang='grc' dir='ltr'>τοιούτων</span> <span class='ocrx_word' id='word_1_13' title='bbox 1274 242 1319 268; x_wconf 75' lang='grc' dir='ltr'>καὶ</span> <span class='ocrx_word' id='word_1_14' title='bbox 1333 242 1346 268; x_wconf 81' lang='grc' dir='ltr'><strong>ὁ</strong></span> <span class='ocrx_word' id='word_1_15' title='bbox 1364 242 1476 272; x_wconf 73' lang='grc' dir='ltr'>Ἡσαΐας</span> <span class='ocrx_word' id='word_1_16' title='bbox 1493 240 1612 274; x_wconf 70' lang='grc' dir='ltr'>σφοδρῶς</span> <span class='ocrx_word' id='word_1_17' title='bbox 1633 240 1706 266; x_wconf 72' lang='grc' dir='ltr'>ἐστιν</span> <span class='ocrx_word' id='word_1_18' title='bbox 1731 239 1849 274; x_wconf 79' lang='grc' dir='ltr'>κατήγο-</span> 
     </span>
    </p>
   </div>
   <div class='ocr_carea' id='block_1_6' title="bbox 227 291 1011 328">
    <p class='ocr_par' dir='ltr' id='par_1_6' title="bbox 227 291 1011 328">
     <span class='ocr_line' id='line_1_6' title="bbox 227 291 1011 328; baseline -0.005 -5"><span class='ocrx_word' id='word_1_19' title='bbox 227 296 294 323; x_wconf 88' lang='lat' dir='ltr'><strong>tales</strong></span> <span class='ocrx_word' id='word_1_20' title='bbox 315 296 384 322; x_wconf 86' lang='lat' dir='ltr'><strong>enim</strong></span> <span class='ocrx_word' id='word_1_21' title='bbox 402 295 483 322; x_wconf 81' lang='lat' dir='ltr'><strong>Isaias</strong></span> <span class='ocrx_word' id='word_1_22' title='bbox 498 301 604 328; x_wconf 87' lang='lat' dir='ltr'><strong>quoqtte</strong></span> <span class='ocrx_word' id='word_1_23' title='bbox 628 293 727 320; x_wconf 75' lang='lat' dir='ltr'><strong>acriter</strong></span> <span class='ocrx_word' id='word_1_24' title='bbox 745 293 880 319; x_wconf 78' lang='lat' dir='ltr'><strong>invehitur</strong></span> <span class='ocrx_word' id='word_1_25' title='bbox 891 293 924 318; x_wconf 83' lang='grc'><strong>¹¹.</strong></span> <span class='ocrx_word' id='word_1_26' title='bbox 944 291 1011 325; x_wconf 83' lang='grc' dir='ltr'>Ουῐιι</span> 
     </span>
    </p>
   </div>
   <div class='ocr_carea' id='block_1_7' title="bbox 227 339 1014 376">
    <p class='ocr_par' dir='ltr' id='par_1_7' title="bbox 227 339 1014 376">
     <span class='ocr_line' id='line_1_7' title="bbox 227 339 1014 376; baseline -0.004 -8"><span class='ocrx_word' id='word_1_27' title='bbox 227 349 323 369; x_wconf 83' lang='lat' dir='ltr'><strong>manus</strong></span> <span class='ocrx_word' id='word_1_28' title='bbox 344 349 449 376; x_wconf 88' lang='lat' dir='ltr'><strong>quoque</strong></span> <span class='ocrx_word' id='word_1_29' title='bbox 474 341 629 367; x_wconf 85' lang='lat' dir='ltr'><strong>meminisse</strong></span> <span class='ocrx_word' id='word_1_30' title='bbox 659 340 843 366; x_wconf 85' lang='lat' dir='ltr'><strong>manda‘orum</strong></span> <span class='ocrx_word' id='word_1_31' title='bbox 866 339 963 369; x_wconf 80' lang='lat' dir='ltr'><strong>debet,</strong></span> <span class='ocrx_word' id='word_1_32' title='bbox 983 346 1014 366; x_wconf 81' lang='lat' dir='ltr'><strong>ac</strong></span> 
     </span>
    </p>
   </div>
   <div class='ocr_carea' id='block_1_8' title="bbox 227 384 1013 420">
    <p class='ocr_par' dir='ltr' id='par_1_8' title="bbox 227 384 1013 420">
     <span class='ocr_line' id='line_1_8' title="bbox 227 384 1013 420; baseline -0.003 -8"><span class='ocrx_word' id='word_1_33' title='bbox 227 394 332 418; x_wconf 83' lang='lat' dir='ltr'><strong>cavere,</strong></span> <span class='ocrx_word' id='word_1_34' title='bbox 347 393 380 414; x_wconf 88' lang='lat' dir='ltr'><strong>ne</strong></span> <span class='ocrx_word' id='word_1_35' title='bbox 393 385 544 420; x_wconf 76' lang='lat' dir='ltr'><strong>promiscue</strong></span> <span class='ocrx_word' id='word_1_36' title='bbox 560 385 757 419; x_wconf 66' lang='lat' dir='ltr'><strong>qualiacunque</strong></span> <span class='ocrx_word' id='word_1_37' title='bbox 777 388 935 411; x_wconf 73' lang='lat' dir='ltr'><strong>contrecmt.</strong></span> <span class='ocrx_word' id='word_1_38' title='bbox 949 384 1013 411; x_wconf 85' lang='lat' dir='ltr'><strong>l‘ro-</strong></span> 
     </span>
    </p>
   </div>
   <div class='ocr_carea' id='block_1_9' title="bbox 230 431 1014 466">
    <p class='ocr_par' dir='ltr' id='par_1_9' title="bbox 230 431 1014 466">
     <span class='ocr_line' id='line_1_9' title="bbox 230 431 1014 466; baseline -0.001 -8"><span class='ocrx_word' id='word_1_39' title='bbox 230 433 355 460; x_wconf 87' lang='lat' dir='ltr'><strong>tendatur</strong></span> <span class='ocrx_word' id='word_1_40' title='bbox 369 433 400 458; x_wconf 89' lang='lat' dir='ltr'><strong>ad</strong></span> <span class='ocrx_word' id='word_1_41' title='bbox 415 432 629 466; x_wconf 74' lang='lat' dir='ltr'><strong>eleentosynam,</strong></span> <span class='ocrx_word' id='word_1_42' title='bbox 648 439 699 457; x_wconf 88' lang='lat' dir='ltr'><strong>non</strong></span> <span class='ocrx_word' id='word_1_43' title='bbox 721 431 753 457; x_wconf 89' lang='lat' dir='ltr'><strong>ad</strong></span> <span class='ocrx_word' id='word_1_44' title='bbox 770 431 908 465; x_wconf 85' lang='lat' dir='ltr'><strong>rapinam;</strong></span> <span class='ocrx_word' id='word_1_45' title='bbox 924 435 1014 457; x_wconf 85' lang='lat' dir='ltr'><strong>servet</strong></span> 
     </span>
    </p>
   </div>
   <div class='ocr_carea' id='block_1_10' title="bbox 226 476 1015 512">
    <p class='ocr_par' dir='ltr' id='par_1_10' title="bbox 226 476 1015 512">
     <span class='ocr_line' id='line_1_10' title="bbox 226 476 1015 512; baseline -0.001 -8"><span class='ocrx_word' id='word_1_46' title='bbox 226 478 333 512; x_wconf 85' lang='lat' dir='ltr'><strong>propria</strong></span> <span class='ocrx_word' id='word_1_47' title='bbox 345 498 351 506; x_wconf 84' lang='lat'>.</span> <span class='ocrx_word' id='word_1_48' title='bbox 367 485 418 504; x_wconf 92' lang='lat' dir='ltr'><strong>nou</strong></span> <span class='ocrx_word' id='word_1_49' title='bbox 440 477 547 511; x_wconf 76' lang='lat' dir='ltr'><strong>colligat</strong></span> <span class='ocrx_word' id='word_1_50' title='bbox 563 482 644 510; x_wconf 83' lang='lat' dir='ltr'><strong>atque</strong></span> <span class='ocrx_word' id='word_1_51' title='bbox 661 480 811 510; x_wconf 80' lang='lat' dir='ltr'><strong>comporlet</strong></span> <span class='ocrx_word' id='word_1_52' title='bbox 828 476 914 502; x_wconf 81' lang='lat' dir='ltr'><strong>aliena</strong></span> <span class='ocrx_word' id='word_1_53' title='bbox 932 485 939 510; x_wconf 84' lang='lat'><strong>;</strong></span> <span class='ocrx_word' id='word_1_54' title='bbox 953 484 1015 503; x_wconf 72' lang='lat' dir='ltr'><strong>cor-</strong></span> 
     </span>
    </p>
   </div>
   <div class='ocr_carea' id='block_1_11' title="bbox 225 521 1015 558">
    <p class='ocr_par' dir='ltr' id='par_1_11' title="bbox 225 521 1015 558">
     <span class='ocr_line' id='line_1_11' title="bbox 225 521 1015 558; baseline -0.001 -9"><span class='ocrx_word' id='word_1_55' title='bbox 225 530 291 557; x_wconf 82' lang='lat' dir='ltr'><strong>pora</strong></span> <span class='ocrx_word' id='word_1_56' title='bbox 316 530 386 558; x_wconf 58' lang='grc' dir='ltr'>πει-ο</span> <span class='ocrx_word' id='word_1_57' title='bbox 415 530 446 548; x_wconf 86' lang='lat' dir='ltr'><strong>ac</strong></span> <span class='ocrx_word' id='word_1_58' title='bbox 469 522 537 549; x_wconf 84' lang='lat' dir='ltr'><strong>male</strong></span> <span class='ocrx_word' id='word_1_59' title='bbox 564 521 658 549; x_wconf 79' lang='lat' dir='ltr'><strong>affecta</strong></span> <span class='ocrx_word' id='word_1_60' title='bbox 677 522 709 548; x_wconf 89' lang='lat' dir='ltr'><strong>ad</strong></span> <span class='ocrx_word' id='word_1_61' title='bbox 726 529 802 556; x_wconf 84' lang='lat' dir='ltr'><strong>opem</strong></span> <span class='ocrx_word' id='word_1_62' title='bbox 820 521 956 548; x_wconf 79' lang='lat' dir='ltr'><strong>ferendam</strong></span> <span class='ocrx_word' id='word_1_63' title='bbox 974 527 1015 548; x_wconf 90' lang='lat' dir='ltr'><strong>at-</strong></span> 
     </span>
    </p>
   </div>
   <div class='ocr_carea' id='block_1_12' title="bbox 228 567 1015 604">
    <p class='ocr_par' dir='ltr' id='par_1_12' title="bbox 228 567 1015 604">
     <span class='ocr_line' id='line_1_12' title="bbox 228 567 1015 604; baseline -0.003 -10"><span class='ocrx_word' id='word_1_64' title='bbox 228 569 329 604; x_wconf 74' lang='lat' dir='ltr'><strong>tingat,</strong></span> <span class='ocrx_word' id='word_1_65' title='bbox 360 576 413 595; x_wconf 81' lang='lat' dir='ltr'><strong>non</strong></span> <span class='ocrx_word' id='word_1_66' title='bbox 447 573 539 603; x_wconf 80' lang='lat' dir='ltr'><strong>vegeta</strong></span> <span class='ocrx_word' id='word_1_67' title='bbox 570 576 601 595; x_wconf 88' lang='lat' dir='ltr'><strong>ac</strong></span> <span class='ocrx_word' id='word_1_68' title='bbox 634 575 742 602; x_wconf 83' lang='lat' dir='ltr'><strong>semper</strong></span> <span class='ocrx_word' id='word_1_69' title='bbox 771 567 928 594; x_wconf 83' lang='lat' dir='ltr'><strong>libidinibus</strong></span> <span class='ocrx_word' id='word_1_70' title='bbox 953 575 1015 601; x_wconf 89' lang='lat' dir='ltr'><strong>pru-</strong></span> 
     </span>
    </p>
   </div>
   <div class='ocr_carea' id='block_1_13' title="bbox 227 614 336 641">
    <p class='ocr_par' dir='ltr' id='par_1_13' title="bbox 227 614 336 641">
     <span class='ocr_line' id='line_1_13' title="bbox 227 614 336 641; baseline -0.009 0"><span class='ocrx_word' id='word_1_71' title='bbox 227 614 336 641; x_wconf 85' lang='lat' dir='ltr'><strong>rientia.</strong></span> 
     </span>
    </p>
   </div>
   <div class='ocr_carea' id='block_1_14' title="bbox 261 658 1015 692">
    <p class='ocr_par' dir='ltr' id='par_1_14' title="bbox 261 658 1015 692">
     <span class='ocr_line' id='line_1_14' title="bbox 261 658 1015 692; baseline 0 -6"><span class='ocrx_word' id='word_1_72' title='bbox 261 659 319 687; x_wconf 72' lang='lat' dir='ltr'><strong>1am</strong></span> <span class='ocrx_word' id='word_1_73' title='bbox 335 666 458 688; x_wconf 75' lang='lat' dir='ltr'><strong>constare</strong></span> <span class='ocrx_word' id='word_1_74' title='bbox 475 661 601 688; x_wconf 61' lang='lat' dir='ltr'><strong>existimo</strong></span> <span class='ocrx_word' id='word_1_75' title='bbox 617 665 645 686; x_wconf 90' lang='lat' dir='ltr'><strong>ut</strong></span> <span class='ocrx_word' id='word_1_76' title='bbox 662 667 694 686; x_wconf 90' lang='lat' dir='ltr'><strong>ne</strong></span> <span class='ocrx_word' id='word_1_77' title='bbox 713 658 796 687; x_wconf 79' lang='lat' dir='ltr'><strong>nostri</strong></span> <span class='ocrx_word' id='word_1_78' title='bbox 810 659 916 692; x_wconf 81' lang='lat' dir='ltr'><strong>quidem</strong></span> <span class='ocrx_word' id='word_1_79' title='bbox 931 659 1015 686; x_wconf 87' lang='lat' dir='ltr'><strong>simus</strong></span> 
     </span>
    </p>
   </div>
   <div class='ocr_carea' id='block_1_15' title="bbox 226 705 1013 738">
    <p class='ocr_par' dir='ltr' id='par_1_15' title="bbox 226 705 1013 738">
     <span class='ocr_line' id='line_1_15' title="bbox 226 705 1013 738; baseline 0.003 -8"><span class='ocrx_word' id='word_1_80' title='bbox 226 705 342 737; x_wconf 80' lang='lat' dir='ltr'><strong>domini,</strong></span> <span class='ocrx_word' id='word_1_81' title='bbox 367 706 412 732; x_wconf 88' lang='lat' dir='ltr'><strong>sed</strong></span> <span class='ocrx_word' id='word_1_82' title='bbox 445 706 578 733; x_wconf 75' lang='lat' dir='ltr'><strong>(nconomi</strong></span> <span class='ocrx_word' id='word_1_83' title='bbox 599 710 704 732; x_wconf 85' lang='lat' dir='ltr'><strong>tantum</strong></span> <span class='ocrx_word' id='word_1_84' title='bbox 741 713 772 732; x_wconf 85' lang='lat' dir='ltr'><strong>ac</strong></span> <span class='ocrx_word' id='word_1_85' title='bbox 805 705 1013 738; x_wconf 74' lang='lat' dir='ltr'><strong>dispensatores.</strong></span> 
     </span>
    </p>
   </div>
   <div class='ocr_carea' id='block_1_16' title="bbox 226 749 1013 786">
    <p class='ocr_par' dir='ltr' id='par_1_16' title="bbox 226 749 1013 786">
     <span class='ocr_line' id='line_1_16' title="bbox 226 749 1013 786; baseline 0 -10"><span class='ocrx_word' id='word_1_86' title='bbox 226 749 360 784; x_wconf 75' lang='lat' dir='ltr'><strong>Quidquid</strong></span> <span class='ocrx_word' id='word_1_87' title='bbox 381 751 452 778; x_wconf 85' lang='lat' dir='ltr'><strong>enim</strong></span> <span class='ocrx_word' id='word_1_88' title='bbox 479 751 582 786; x_wconf 76' lang='lat' dir='ltr'><strong>legibus</strong></span> <span class='ocrx_word' id='word_1_89' title='bbox 610 759 641 778; x_wconf 88' lang='lat' dir='ltr'><strong>ac</strong></span> <span class='ocrx_word' id='word_1_90' title='bbox 670 752 810 786; x_wconf 70' lang='lat' dir='ltr'><strong>prmecptis</strong></span> <span class='ocrx_word' id='word_1_91' title='bbox 845 751 1013 784; x_wconf 73' lang='lat' dir='ltr'><strong>astringitur,</strong></span> 
     </span>
    </p>
   </div>
   <div class='ocr_carea' id='block_1_17' title="bbox 228 796 1014 831">
    <p class='ocr_par' dir='ltr' id='par_1_17' title="bbox 228 796 1014 831">
     <span class='ocr_line' id='line_1_17' title="bbox 228 796 1014 831; baseline -0.003 -8"><span class='ocrx_word' id='word_1_92' title='bbox 228 804 337 823; x_wconf 84' lang='lat' dir='ltr'><strong>servum</strong></span> <span class='ocrx_word' id='word_1_93' title='bbox 362 797 439 830; x_wconf 92' lang='lat' dir='ltr'><strong>plane</strong></span> <span class='ocrx_word' id='word_1_94' title='bbox 467 804 497 823; x_wconf 83' lang='lat' dir='ltr'><strong>ac</strong></span> <span class='ocrx_word' id='word_1_95' title='bbox 528 797 674 823; x_wconf 84' lang='lat' dir='ltr'><strong>obnoxium</strong></span> <span class='ocrx_word' id='word_1_96' title='bbox 706 796 852 831; x_wconf 81' lang='lat' dir='ltr'><strong>legislatori</strong></span> <span class='ocrx_word' id='word_1_97' title='bbox 885 797 1014 822; x_wconf 85' lang='lat' dir='ltr'><strong>noscitur.</strong></span> 
     </span>
    </p>
   </div>
   <div class='ocr_carea' id='block_1_18' title="bbox 227 841 1017 876">
    <p class='ocr_par' dir='ltr' id='par_1_18' title="bbox 227 841 1017 876">
     <span class='ocr_line' id='line_1_18' title="bbox 227 841 1017 876; baseline 0.003 -10"><span class='ocrx_word' id='word_1_98' title='bbox 227 841 303 874; x_wconf 79' lang='lat' dir='ltr'><strong>Quod</strong></span> <span class='ocrx_word' id='word_1_99' title='bbox 315 842 336 868; x_wconf 78' lang='lat' dir='ltr'><strong>si</strong></span> <span class='ocrx_word' id='word_1_100' title='bbox 352 842 444 876; x_wconf 77' lang='lat' dir='ltr'><strong>igitur.</strong></span> <span class='ocrx_word' id='word_1_101' title='bbox 459 849 491 868; x_wconf 90' lang='lat' dir='ltr'><strong>ne</strong></span> <span class='ocrx_word' id='word_1_102' title='bbox 511 843 574 876; x_wconf 74' lang='lat' dir='ltr'><strong>ipsa:</strong></span> <span class='ocrx_word' id='word_1_103' title='bbox 591 843 698 875; x_wconf 80' lang='lat' dir='ltr'><strong>quidem</strong></span> <span class='ocrx_word' id='word_1_104' title='bbox 715 842 834 875; x_wconf 76' lang='lat' dir='ltr'><strong>corpmis</strong></span> <span class='ocrx_word' id='word_1_105' title='bbox 855 842 940 868; x_wconf 81' lang='lat' dir='ltr'><strong>nostri</strong></span> <span class='ocrx_word' id='word_1_106' title='bbox 955 849 1017 875; x_wconf 89' lang='lat' dir='ltr'><strong>par-</strong></span> 
     </span>
    </p>
   </div>
   <div class='ocr_carea' id='block_1_19' title="bbox 229 885 1015 920">
    <p class='ocr_par' dir='ltr' id='par_1_19' title="bbox 229 885 1015 920">
     <span class='ocr_line' id='line_1_19' title="bbox 229 885 1015 920; baseline -0.003 -7"><span class='ocrx_word' id='word_1_107' title='bbox 229 891 268 914; x_wconf 81' lang='lat' dir='ltr'><strong>tes</strong></span> <span class='ocrx_word' id='word_1_108' title='bbox 291 893 322 913; x_wconf 80' lang='lat' dir='ltr'><strong>ac</strong></span> <span class='ocrx_word' id='word_1_109' title='bbox 343 887 478 918; x_wconf 77' lang='lat' dir='ltr'><strong>membra,</strong></span> <span class='ocrx_word' id='word_1_110' title='bbox 507 886 590 912; x_wconf 71' lang='lat' dir='ltr'><strong>libera</strong></span> <span class='ocrx_word' id='word_1_111' title='bbox 615 888 710 920; x_wconf 86' lang='lat' dir='ltr'><strong>suique</strong></span> <span class='ocrx_word' id='word_1_112' title='bbox 723 885 791 918; x_wconf 82' lang='lat' dir='ltr'><strong>juris</strong></span> <span class='ocrx_word' id='word_1_113' title='bbox 807 890 887 915; x_wconf 85' lang='lat' dir='ltr'><strong>sunt,</strong></span> <span class='ocrx_word' id='word_1_114' title='bbox 904 885 949 912; x_wconf 76' lang='lat' dir='ltr'><strong>sed</strong></span> <span class='ocrx_word' id='word_1_115' title='bbox 965 886 1015 911; x_wconf 85' lang='lat' dir='ltr'><strong>Do-</strong></span> 
     </span>
    </p>
   </div>
   <div class='ocr_carea' id='block_1_20' title="bbox 1066 284 1849 325">
    <p class='ocr_par' dir='ltr' id='par_1_20' title="bbox 1066 284 1849 325">
     <span class='ocr_line' id='line_1_20' title="bbox 1066 284 1849 325; baseline -0.008 -9"><span class='ocrx_word' id='word_1_116' title='bbox 1066 299 1120 325; x_wconf 85' lang='grc' dir='ltr'>ρος.</span> <span class='ocrx_word' id='word_1_117' title='bbox 1137 288 1293 324; x_wconf 81' lang='grc' dir='ltr'>Μεμνήσθω</span> <span class='ocrx_word' id='word_1_118' title='bbox 1307 288 1354 314; x_wconf 78' lang='grc' dir='ltr'>καὶ</span> <span class='ocrx_word' id='word_1_119' title='bbox 1369 289 1385 322; x_wconf 84' lang='grc' dir='ltr'><strong>ἡ</strong></span> <span class='ocrx_word' id='word_1_120' title='bbox 1398 288 1459 322; x_wconf 72' lang='grc' dir='ltr'>χεὶρ</span> <span class='ocrx_word' id='word_1_121' title='bbox 1471 286 1524 313; x_wconf 78' lang='grc' dir='ltr'>τῶν</span> <span class='ocrx_word' id='word_1_122' title='bbox 1539 286 1662 316; x_wconf 76' lang='grc' dir='ltr'>ἐντολῶν,</span> <span class='ocrx_word' id='word_1_123' title='bbox 1678 286 1721 311; x_wconf 75' lang='grc' dir='ltr'>ἵνα</span> <span class='ocrx_word' id='word_1_124' title='bbox 1737 284 1774 319; x_wconf 78' lang='grc' dir='ltr'>μὴ</span> <span class='ocrx_word' id='word_1_125' title='bbox 1786 285 1849 310; x_wconf 72' lang='grc' dir='ltr'>πάν-</span> 
     </span>
    </p>
   </div>
   <div class='ocr_carea' id='block_1_21' title="bbox 1065 330 1847 368">
    <p class='ocr_par' dir='ltr' id='par_1_21' title="bbox 1065 330 1847 368">
     <span class='ocr_line' id='line_1_21' title="bbox 1065 330 1847 368; baseline -0.008 -7"><span class='ocrx_word' id='word_1_126' title='bbox 1065 344 1118 361; x_wconf 86' lang='grc' dir='ltr'><strong>των</strong></span> <span class='ocrx_word' id='word_1_127' title='bbox 1129 333 1275 365; x_wconf 78' lang='grc' dir='ltr'><strong>ἀκωλύτως</strong></span> <span class='ocrx_word' id='word_1_128' title='bbox 1304 333 1432 368; x_wconf 73' lang='grc' dir='ltr'>ἅπτηται.</span> <span class='ocrx_word' id='word_1_129' title='bbox 1460 332 1635 359; x_wconf 75' lang='grc' dir='ltr'>Ἑκτεινέσθω</span> <span class='ocrx_word' id='word_1_130' title='bbox 1650 331 1716 366; x_wconf 76' lang='grc' dir='ltr'>πρὸς</span> <span class='ocrx_word' id='word_1_131' title='bbox 1736 330 1847 365; x_wconf 75' lang='grc' dir='ltr'>ἐλεημο-</span> 
     </span>
    </p>
   </div>
   <div class='ocr_carea' id='block_1_22' title="bbox 1067 375 1849 414">
    <p class='ocr_par' dir='ltr' id='par_1_22' title="bbox 1067 375 1849 414">
     <span class='ocr_line' id='line_1_22' title="bbox 1067 375 1849 414; baseline -0.005 -9"><span class='ocrx_word' id='word_1_132' title='bbox 1067 379 1158 414; x_wconf 75' lang='grc' dir='ltr'>σύνην,</span> <span class='ocrx_word' id='word_1_133' title='bbox 1177 379 1214 414; x_wconf 74' lang='grc' dir='ltr'>μὴ</span> <span class='ocrx_word' id='word_1_134' title='bbox 1232 378 1300 413; x_wconf 82' lang='grc' dir='ltr'>πρὸς</span> <span class='ocrx_word' id='word_1_135' title='bbox 1314 378 1453 414; x_wconf 78' lang='grc' dir='ltr'>ἁρπαγήν·</span> <span class='ocrx_word' id='word_1_136' title='bbox 1469 377 1585 413; x_wconf 80' lang='grc' dir='ltr'>τηρείτω</span> <span class='ocrx_word' id='word_1_137' title='bbox 1599 377 1631 403; x_wconf 68' lang='grc' dir='ltr'>τὰ</span> <span class='ocrx_word' id='word_1_138' title='bbox 1644 376 1708 407; x_wconf 83' lang='grc' dir='ltr'>ἴδια,</span> <span class='ocrx_word' id='word_1_139' title='bbox 1728 375 1764 411; x_wconf 82' lang='grc' dir='ltr'>μὴ</span> <span class='ocrx_word' id='word_1_140' title='bbox 1781 383 1849 401; x_wconf 77' lang='grc' dir='ltr'>συν-</span> 
     </span>
    </p>
   </div>
   <div class='ocr_carea' id='block_1_23' title="bbox 1066 421 1855 459">
    <p class='ocr_par' dir='ltr' id='par_1_23' title="bbox 1066 421 1855 459">
     <span class='ocr_line' id='line_1_23' title="bbox 1066 421 1855 459; baseline -0.004 -9"><span class='ocrx_word' id='word_1_141' title='bbox 1066 424 1155 458; x_wconf 82' lang='grc' dir='ltr'>αγέτω</span> <span class='ocrx_word' id='word_1_142' title='bbox 1179 424 1213 450; x_wconf 78' lang='grc' dir='ltr'><strong>τὰ</strong></span> <span class='ocrx_word' id='word_1_143' title='bbox 1230 423 1358 459; x_wconf 83' lang='grc' dir='ltr'>ἀλλότρια</span> <span class='ocrx_word' id='word_1_144' title='bbox 1369 433 1375 439; x_wconf 88' lang='grc'><strong>-</strong></span> <span class='ocrx_word' id='word_1_145' title='bbox 1395 423 1521 450; x_wconf 75' lang='grc' dir='ltr'>ἀτπέσΟω</span> <span class='ocrx_word' id='word_1_146' title='bbox 1539 423 1670 458; x_wconf 75' lang='grc' dir='ltr'>σωμάτων</span> <span class='ocrx_word' id='word_1_147' title='bbox 1681 421 1791 457; x_wconf 80' lang='grc' dir='ltr'>νωθρῶν</span> <span class='ocrx_word' id='word_1_148' title='bbox 1802 421 1855 448; x_wconf 71' lang='grc' dir='ltr'>καὶ·</span> 
     </span>
    </p>
   </div>
   <div class='ocr_carea' id='block_1_24' title="bbox 1067 468 1853 507">
    <p class='ocr_par' dir='ltr' id='par_1_24' title="bbox 1067 468 1853 507">
     <span class='ocr_line' id='line_1_24' title="bbox 1067 468 1853 507; baseline -0.006 -9"><span class='ocrx_word' id='word_1_149' title='bbox 1067 471 1267 507; x_wconf 80' lang='grc' dir='ltr'><strong>κεκακωμένων</strong></span> <span class='ocrx_word' id='word_1_150' title='bbox 1278 472 1309 498; x_wconf 79' lang='grc' dir='ltr'><strong>δι’</strong></span> <span class='ocrx_word' id='word_1_151' title='bbox 1325 471 1429 506; x_wconf 79' lang='grc' dir='ltr'><strong>ἀγαθῆς</strong></span> <span class='ocrx_word' id='word_1_152' title='bbox 1452 469 1630 504; x_wconf 71' lang='grc' dir='ltr'><strong>ἐπισκέψεως,</strong></span> <span class='ocrx_word' id='word_1_153' title='bbox 1653 469 1689 503; x_wconf 84' lang='grc' dir='ltr'>μὴ</span> <span class='ocrx_word' id='word_1_154' title='bbox 1704 468 1756 496; x_wconf 83' lang='grc' dir='ltr'>τῶν</span> <span class='ocrx_word' id='word_1_155' title='bbox 1773 477 1853 502; x_wconf 65' lang='grc' dir='ltr'>σφρι-</span> 
     </span>
    </p>
   </div>
   <div class='ocr_carea' id='block_1_25' title="bbox 1066 514 1726 552">
    <p class='ocr_par' dir='ltr' id='par_1_25' title="bbox 1066 514 1726 552">
     <span class='ocr_line' id='line_1_25' title="bbox 1066 514 1726 552; baseline -0.006 -9"><span class='ocrx_word' id='word_1_156' title='bbox 1066 515 1175 550; x_wconf 83' lang='grc' dir='ltr'>γώντων</span> <span class='ocrx_word' id='word_1_157' title='bbox 1185 517 1232 543; x_wconf 78' lang='grc' dir='ltr'>καὶ</span> <span class='ocrx_word' id='word_1_158' title='bbox 1243 518 1303 548; x_wconf 87' lang='grc' dir='ltr'>ταῖς</span> <span class='ocrx_word' id='word_1_159' title='bbox 1321 516 1460 552; x_wconf 72' lang='grc' dir='ltr'>πορνείαις</span> <span class='ocrx_word' id='word_1_160' title='bbox 1472 516 1514 542; x_wconf 73' lang='grc' dir='ltr'><strong>ἀεὶ</strong></span> <span class='ocrx_word' id='word_1_161' title='bbox 1533 514 1726 550; x_wconf 74' lang='grc' dir='ltr'>σχολαζόντων.</span> 
     </span>
    </p>
   </div>
   <div class='ocr_carea' id='block_1_26' title="bbox 1104 657 1850 693">
    <p class='ocr_par' dir='ltr' id='par_1_26' title="bbox 1104 657 1850 693">
     <span class='ocr_line' id='line_1_26' title="bbox 1104 657 1850 693; baseline 0 -9"><span class='ocrx_word' id='word_1_162' title='bbox 1104 658 1221 690; x_wconf 78' lang='grc' dir='ltr'>Ἔδειξεν</span> <span class='ocrx_word' id='word_1_163' title='bbox 1245 660 1310 693; x_wconf 74' lang='grc' dir='ltr'>ἡμῖν</span> <span class='ocrx_word' id='word_1_164' title='bbox 1325 659 1338 684; x_wconf 84' lang='grc' dir='ltr'>ὁ</span> <span class='ocrx_word' id='word_1_165' title='bbox 1355 658 1442 692; x_wconf 80' lang='grc' dir='ltr'>λόγος,</span> <span class='ocrx_word' id='word_1_166' title='bbox 1465 659 1502 690; x_wconf 80' lang='grc' dir='ltr'>ὡς</span> <span class='ocrx_word' id='word_1_167' title='bbox 1527 658 1574 684; x_wconf 78' lang='grc' dir='ltr'>καὶ</span> <span class='ocrx_word' id='word_1_168' title='bbox 1599 659 1674 684; x_wconf 73' lang='grc' dir='ltr'>αὐτοὶ</span> <span class='ocrx_word' id='word_1_169' title='bbox 1699 657 1801 684; x_wconf 78' lang='grc' dir='ltr'><strong>ἑαυτῶν</strong></span> <span class='ocrx_word' id='word_1_170' title='bbox 1821 658 1850 684; x_wconf 77' lang='grc' dir='ltr'>οὗ</span> 
     </span>
    </p>
   </div>
   <div class='ocr_carea' id='block_1_27' title="bbox 1066 702 1852 739">
    <p class='ocr_par' dir='ltr' id='par_1_27' title="bbox 1066 702 1852 739">
     <span class='ocr_line' id='line_1_27' title="bbox 1066 702 1852 739; baseline 0.003 -11"><span class='ocrx_word' id='word_1_171' title='bbox 1066 702 1192 730; x_wconf 76' lang='grc' dir='ltr'><strong>δεσπόται</strong></span> <span class='ocrx_word' id='word_1_172' title='bbox 1210 705 1302 739; x_wconf 73' lang='grc' dir='ltr'>ἐσμὲν,</span> <span class='ocrx_word' id='word_1_173' title='bbox 1329 704 1385 730; x_wconf 71' lang='grc' dir='ltr'>ἀλλ’</span> <span class='ocrx_word' id='word_1_174' title='bbox 1402 705 1547 739; x_wconf 81' lang='grc' dir='ltr'>οἰκονόμοι.</span> <span class='ocrx_word' id='word_1_175' title='bbox 1566 705 1622 730; x_wconf 78' lang='lat' dir='ltr'><strong>[liv</strong></span> <span class='ocrx_word' id='word_1_176' title='bbox 1633 704 1687 739; x_wconf 75' lang='grc' dir='ltr'><strong>γὰρ</strong></span> <span class='ocrx_word' id='word_1_177' title='bbox 1717 704 1747 730; x_wconf 79' lang='grc' dir='ltr'>τὸ</span> <span class='ocrx_word' id='word_1_178' title='bbox 1762 704 1852 738; x_wconf 76' lang='grc' dir='ltr'>νόμοις</span> 
     </span>
    </p>
   </div>
   <div class='ocr_carea' id='block_1_28' title="bbox 1067 748 1852 785">
    <p class='ocr_par' dir='ltr' id='par_1_28' title="bbox 1067 748 1852 785">
     <span class='ocr_line' id='line_1_28' title="bbox 1067 748 1852 785; baseline 0.003 -11"><span class='ocrx_word' id='word_1_179' title='bbox 1067 748 1244 784; x_wconf 78' lang='grc' dir='ltr'>ὑποκείμενον</span> <span class='ocrx_word' id='word_1_180' title='bbox 1259 750 1304 776; x_wconf 73' lang='grc' dir='ltr'>καὶ</span> <span class='ocrx_word' id='word_1_181' title='bbox 1321 750 1522 785; x_wconf 80' lang='grc' dir='ltr'>προστάγμασι,</span> <span class='ocrx_word' id='word_1_182' title='bbox 1538 749 1631 776; x_wconf 71' lang='grc' dir='ltr'>δοῦλον</span> <span class='ocrx_word' id='word_1_183' title='bbox 1646 749 1692 776; x_wconf 79' lang='grc' dir='ltr'>τοῦ</span> <span class='ocrx_word' id='word_1_184' title='bbox 1707 749 1852 784; x_wconf 75' lang='grc' dir='ltr'><strong>νομοθέτου</strong></span> 
     </span>
    </p>
   </div>
   <div class='ocr_carea' id='block_1_29' title="bbox 1067 793 1853 830">
    <p class='ocr_par' dir='ltr' id='par_1_29' title="bbox 1067 793 1853 830">
     <span class='ocr_line' id='line_1_29' title="bbox 1067 793 1853 830; baseline 0.004 -12"><span class='ocrx_word' id='word_1_185' title='bbox 1067 793 1140 819; x_wconf 75' lang='grc' dir='ltr'>ἐστὶν</span> <span class='ocrx_word' id='word_1_186' title='bbox 1155 794 1201 820; x_wconf 76' lang='grc' dir='ltr'>καὶ</span> <span class='ocrx_word' id='word_1_187' title='bbox 1214 794 1343 829; x_wconf 80' lang='grc' dir='ltr'>ὑπήκοον.</span> <span class='ocrx_word' id='word_1_188' title='bbox 1355 795 1386 820; x_wconf 74' lang='lat' dir='ltr'><strong>El</strong></span> <span class='ocrx_word' id='word_1_189' title='bbox 1400 794 1428 820; x_wconf 83' lang='grc' dir='ltr'><strong>δὲ</strong></span> <span class='ocrx_word' id='word_1_190' title='bbox 1440 794 1472 820; x_wconf 80' lang='grc' dir='ltr'><strong>τὰ</strong></span> <span class='ocrx_word' id='word_1_191' title='bbox 1490 793 1571 830; x_wconf 86' lang='grc' dir='ltr'>μόρια</span> <span class='ocrx_word' id='word_1_192' title='bbox 1581 794 1627 821; x_wconf 77' lang='grc' dir='ltr'>τοῦ</span> <span class='ocrx_word' id='word_1_193' title='bbox 1640 794 1762 829; x_wconf 79' lang='grc' dir='ltr'>σώματος</span> <span class='ocrx_word' id='word_1_194' title='bbox 1776 795 1853 830; x_wconf 80' lang='grc' dir='ltr'>ἡμῶν</span> 
     </span>
    </p>
   </div>
   <div class='ocr_carea' id='block_1_30' title="bbox 1066 837 1853 874">
    <p class='ocr_par' dir='ltr' id='par_1_30' title="bbox 1066 837 1853 874">
     <span class='ocr_line' id='line_1_30' title="bbox 1066 837 1853 874; baseline 0.001 -10"><span class='ocrx_word' id='word_1_195' title='bbox 1066 837 1116 864; x_wconf 68' lang='grc' dir='ltr'>οὐκ</span> <span class='ocrx_word' id='word_1_196' title='bbox 1130 838 1258 873; x_wconf 71' lang='grc' dir='ltr'>ἐλεύθερα</span> <span class='ocrx_word' id='word_1_197' title='bbox 1290 837 1423 871; x_wconf 82' lang='grc' dir='ltr'>ἐξουσίας,</span> <span class='ocrx_word' id='word_1_198' title='bbox 1440 839 1507 865; x_wconf 86' lang='grc' dir='ltr'>ἀλλὰ</span> <span class='ocrx_word' id='word_1_199' title='bbox 1535 838 1686 873; x_wconf 79' lang='grc' dir='ltr'>δεσποτικῷ</span> <span class='ocrx_word' id='word_1_200' title='bbox 1707 839 1853 874; x_wconf 73' lang='grc' dir='ltr'><strong>βουλήματι</strong></span> 
     </span>
    </p>
   </div>
   <div class='ocr_carea' id='block_1_31' title="bbox 1068 884 1853 921">
    <p class='ocr_par' dir='ltr' id='par_1_31' title="bbox 1068 884 1853 921">
     <span class='ocr_line' id='line_1_31' title="bbox 1068 884 1853 921; baseline 0.004 -12"><span class='ocrx_word' id='word_1_201' title='bbox 1068 884 1136 920; x_wconf 83' lang='grc' dir='ltr'>πρὸς</span> <span class='ocrx_word' id='word_1_202' title='bbox 1159 884 1208 915; x_wconf 82' lang='grc' dir='ltr'><strong>τὰς</strong></span> <span class='ocrx_word' id='word_1_203' title='bbox 1224 885 1363 920; x_wconf 76' lang='grc' dir='ltr'><strong>ἐνεργείας</strong></span> <span class='ocrx_word' id='word_1_204' title='bbox 1392 885 1602 921; x_wconf 69' lang='grc' dir='ltr'>κανονιζόμενα·</span> <span class='ocrx_word' id='word_1_205' title='bbox 1630 886 1655 911; x_wconf 87' lang='grc' dir='ltr'><strong>τί</strong></span> <span class='ocrx_word' id='word_1_206' title='bbox 1679 886 1711 912; x_wconf 77' lang='grc' dir='ltr'>ἂν</span> <span class='ocrx_word' id='word_1_207' title='bbox 1727 885 1796 912; x_wconf 78' lang='grc' dir='ltr'>εἴποι</span> <span class='ocrx_word' id='word_1_208' title='bbox 1813 894 1853 918; x_wconf 85' lang='grc' dir='ltr'><strong>τις</strong></span> 
     </span>
    </p>
   </div>
   <div class='ocr_carea' id='block_1_32' title="bbox 228 929 1017 967">
    <p class='ocr_par' dir='ltr' id='par_1_32' title="bbox 228 931 1012 965">
     <span class='ocr_line' id='line_1_32' title="bbox 228 931 1012 965; baseline 0 -7"><span class='ocrx_word' id='word_1_209' title='bbox 228 932 292 958; x_wconf 85' lang='lat' dir='ltr'><strong>mitti</strong></span> <span class='ocrx_word' id='word_1_210' title='bbox 307 931 443 958; x_wconf 85' lang='lat' dir='ltr'><strong>voluntate</strong></span> <span class='ocrx_word' id='word_1_211' title='bbox 458 932 489 958; x_wconf 92' lang='lat' dir='ltr'><strong>ad</strong></span> <span class='ocrx_word' id='word_1_212' title='bbox 506 932 657 958; x_wconf 86' lang='lat' dir='ltr'><strong>functiones</strong></span> <span class='ocrx_word' id='word_1_213' title='bbox 685 940 748 958; x_wconf 87' lang='lat' dir='ltr'><strong>suas</strong></span> <span class='ocrx_word' id='word_1_214' title='bbox 771 932 936 964; x_wconf 71' lang='lat' dir='ltr'><strong>diriguntur,</strong></span> <span class='ocrx_word' id='word_1_215' title='bbox 950 931 1012 965; x_wconf 85' lang='lat' dir='ltr'><strong>quid</strong></span> 
     </span>
    </p>
   </div>
   <div class='ocr_carea' id='block_1_33' title="bbox 1069 929 1850 967">
    <p class='ocr_par' dir='ltr' id='par_1_33' title="bbox 1069 929 1850 967">
     <span class='ocr_line' id='line_1_33' title="bbox 1069 929 1850 967; baseline 0.004 -12"><span class='ocrx_word' id='word_1_216' title='bbox 1069 929 1133 964; x_wconf 77' lang='grc' dir='ltr'>πρὸς</span> <span class='ocrx_word' id='word_1_217' title='bbox 1146 930 1208 961; x_wconf 68' lang='grc' dir='ltr'>τοὺς</span> <span class='ocrx_word' id='word_1_218' title='bbox 1223 930 1370 965; x_wconf 74' lang='grc' dir='ltr'>οἰομένους,</span> <span class='ocrx_word' id='word_1_219' title='bbox 1390 931 1491 966; x_wconf 78' lang='grc' dir='ltr'>χρυσοῦ</span> <span class='ocrx_word' id='word_1_220' title='bbox 1521 931 1567 957; x_wconf 76' lang='grc' dir='ltr'><strong>καὶ</strong></span> <span class='ocrx_word' id='word_1_221' title='bbox 1583 931 1713 967; x_wconf 72' lang='grc' dir='ltr'>ἀργύρου,</span> <span class='ocrx_word' id='word_1_222' title='bbox 1729 933 1775 958; x_wconf 74' lang='grc' dir='ltr'>καὶ</span> <span class='ocrx_word' id='word_1_223' title='bbox 1790 933 1850 966; x_wconf 77' lang='grc' dir='ltr'>γῆς,</span> 
     </span>
    </p>
   </div>
   <div class='ocr_carea' id='block_1_34' title="bbox 227 977 1013 1011">
    <p class='ocr_par' dir='ltr' id='par_1_34' title="bbox 227 977 1013 1011">
     <span class='ocr_line' id='line_1_34' title="bbox 227 977 1013 1011; baseline 0 -8"><span class='ocrx_word' id='word_1_224' title='bbox 227 977 269 1003; x_wconf 70' lang='lat' dir='ltr'><strong>his</strong></span> <span class='ocrx_word' id='word_1_225' title='bbox 289 977 425 1006; x_wconf 78' lang='lat' dir='ltr'><strong>dicemus.</strong></span> <span class='ocrx_word' id='word_1_226' title='bbox 452 978 497 1011; x_wconf 89' lang='lat' dir='ltr'><strong>qui</strong></span> <span class='ocrx_word' id='word_1_227' title='bbox 519 978 568 1004; x_wconf 84' lang='lat' dir='ltr'><strong>sibi</strong></span> <span class='ocrx_word' id='word_1_228' title='bbox 591 978 766 1011; x_wconf 69' lang='lat' dir='ltr'><strong>person-ient,</strong></span> <span class='ocrx_word' id='word_1_229' title='bbox 790 977 847 1004; x_wconf 88' lang='lat' dir='ltr'><strong>auri</strong></span> <span class='ocrx_word' id='word_1_230' title='bbox 869 982 954 1009; x_wconf 84' lang='lat' dir='ltr'><strong>se,ct</strong></span> <span class='ocrx_word' id='word_1_231' title='bbox 970 985 1013 1003; x_wconf 79' lang='lat' dir='ltr'><strong>ar-</strong></span> 
     </span>
    </p>
   </div>
   <div class='ocr_carea' id='block_1_35' title="bbox 228 1024 1014 1058">
    <p class='ocr_par' dir='ltr' id='par_1_35' title="bbox 228 1024 1014 1058">
     <span class='ocr_line' id='line_1_35' title="bbox 228 1024 1014 1058; baseline 0.001 -10"><span class='ocrx_word' id='word_1_232' title='bbox 228 1024 312 1057; x_wconf 74' lang='lat' dir='ltr'><strong>genti,</strong></span> <span class='ocrx_word' id='word_1_233' title='bbox 339 1031 370 1050; x_wconf 88' lang='lat' dir='ltr'><strong>ac</strong></span> <span class='ocrx_word' id='word_1_234' title='bbox 399 1024 468 1057; x_wconf 73' lang='lat' dir='ltr'><strong>agri,</strong></span> <span class='ocrx_word' id='word_1_235' title='bbox 497 1029 707 1058; x_wconf 76' lang='lat' dir='ltr'><strong>ca‘tcraruntqne</strong></span> <span class='ocrx_word' id='word_1_236' title='bbox 734 1031 833 1055; x_wconf 72' lang='lat' dir='ltr'><strong>rezum,</strong></span> <span class='ocrx_word' id='word_1_237' title='bbox 859 1024 938 1050; x_wconf 80' lang='lat' dir='ltr'><strong>nullis</strong></span> <span class='ocrx_word' id='word_1_238' title='bbox 967 1024 1014 1049; x_wconf 88' lang='lat' dir='ltr'><strong>ob-</strong></span> 
     </span>
    </p>
   </div>
   <div class='ocr_carea' id='block_1_36' title="bbox 230 1067 1014 1102">
    <p class='ocr_par' dir='ltr' id='par_1_36' title="bbox 230 1067 1014 1102">
     <span class='ocr_line' id='line_1_36' title="bbox 230 1067 1014 1102; baseline 0 -8"><span class='ocrx_word' id='word_1_239' title='bbox 230 1068 338 1094; x_wconf 80' lang='lat' dir='ltr'><strong>noxiam</strong></span> <span class='ocrx_word' id='word_1_240' title='bbox 354 1068 504 1095; x_wconf 85' lang='lat' dir='ltr'><strong>rationibus</strong></span> <span class='ocrx_word' id='word_1_241' title='bbox 523 1068 646 1094; x_wconf 81' lang='lat' dir='ltr'><strong>obtinere</strong></span> <span class='ocrx_word' id='word_1_242' title='bbox 667 1068 882 1102; x_wconf 72' lang='lat' dir='ltr'><strong>possessionem?</strong></span> <span class='ocrx_word' id='word_1_243' title='bbox 901 1067 980 1099; x_wconf 69' lang='lat' dir='ltr'><strong>Nihil,</strong></span> <span class='ocrx_word' id='word_1_244' title='bbox 998 1075 1014 1094; x_wconf 81' lang='grc' dir='ltr'><strong>ο</strong></span> 
     </span>
    </p>
   </div>
   <div class='ocr_carea' id='block_1_37' title="bbox 229 1112 1013 1147">
    <p class='ocr_par' dir='ltr' id='par_1_37' title="bbox 229 1112 1013 1147">
     <span class='ocr_line' id='line_1_37' title="bbox 229 1112 1013 1147; baseline 0.001 -9"><span class='ocrx_word' id='word_1_245' title='bbox 229 1113 325 1144; x_wconf 80' lang='lat' dir='ltr'><strong>homo,</strong></span> <span class='ocrx_word' id='word_1_246' title='bbox 343 1118 416 1140; x_wconf 93' lang='lat' dir='ltr'><strong>tuum</strong></span> <span class='ocrx_word' id='word_1_247' title='bbox 430 1118 481 1140; x_wconf 86' lang='lat' dir='ltr'><strong>est.</strong></span> <span class='ocrx_word' id='word_1_248' title='bbox 498 1113 597 1140; x_wconf 85' lang='lat' dir='ltr'><strong>Servus</strong></span> <span class='ocrx_word' id='word_1_249' title='bbox 609 1121 638 1139; x_wconf 89' lang='lat' dir='ltr'><strong>es</strong></span> <span class='ocrx_word' id='word_1_250' title='bbox 660 1121 667 1145; x_wconf 83' lang='lat'><strong>;</strong></span> <span class='ocrx_word' id='word_1_251' title='bbox 695 1119 792 1147; x_wconf 84' lang='lat' dir='ltr'><strong>tuaque</strong></span> <span class='ocrx_word' id='word_1_252' title='bbox 809 1113 896 1139; x_wconf 79' lang='lat' dir='ltr'><strong>omnia</strong></span> <span class='ocrx_word' id='word_1_253' title='bbox 910 1112 1013 1139; x_wconf 87' lang='lat' dir='ltr'><strong>Domini</strong></span> 
     </span>
    </p>
   </div>
   <div class='ocr_carea' id='block_1_38' title="bbox 229 1158 1014 1192">
    <p class='ocr_par' dir='ltr' id='par_1_38' title="bbox 229 1158 1014 1192">
     <span class='ocr_line' id='line_1_38' title="bbox 229 1158 1014 1192; baseline 0.001 -8"><span class='ocrx_word' id='word_1_254' title='bbox 229 1158 423 1186; x_wconf 72' lang='lat' dir='ltr'><strong>sunt:Servus</strong></span> <span class='ocrx_word' id='word_1_255' title='bbox 446 1158 516 1185; x_wconf 87' lang='lat' dir='ltr'><strong>enim</strong></span> <span class='ocrx_word' id='word_1_256' title='bbox 549 1167 599 1185; x_wconf 86' lang='lat' dir='ltr'><strong>nou</strong></span> <span class='ocrx_word' id='word_1_257' title='bbox 624 1158 699 1184; x_wconf 81' lang='lat' dir='ltr'><strong>habet</strong></span> <span class='ocrx_word' id='word_1_258' title='bbox 730 1159 860 1192; x_wconf 75' lang='lat' dir='ltr'><strong>peculium</strong></span> <span class='ocrx_word' id='word_1_259' title='bbox 895 1158 1014 1185; x_wconf 74' lang='lat' dir='ltr'><strong>liberant.</strong></span> 
     </span>
    </p>
   </div>
   <div class='ocr_carea' id='block_1_39' title="bbox 228 1202 1016 1238">
    <p class='ocr_par' dir='ltr' id='par_1_39' title="bbox 228 1202 1016 1238">
     <span class='ocr_line' id='line_1_39' title="bbox 228 1202 1016 1238; baseline 0.003 -10"><span class='ocrx_word' id='word_1_260' title='bbox 228 1202 332 1238; x_wconf 80' lang='lat' dir='ltr'><strong>Quippe</strong></span> <span class='ocrx_word' id='word_1_261' title='bbox 348 1204 434 1230; x_wconf 81' lang='lat' dir='ltr'><strong>nudus</strong></span> <span class='ocrx_word' id='word_1_262' title='bbox 452 1204 478 1230; x_wconf 92' lang='lat' dir='ltr'><strong>in</strong></span> <span class='ocrx_word' id='word_1_263' title='bbox 495 1205 564 1230; x_wconf 82' lang='lat' dir='ltr'><strong>hanc</strong></span> <span class='ocrx_word' id='word_1_264' title='bbox 583 1204 668 1230; x_wconf 83' lang='lat' dir='ltr'><strong>lucem</strong></span> <span class='ocrx_word' id='word_1_265' title='bbox 688 1204 826 1238; x_wconf 88' lang='lat' dir='ltr'><strong>prodiisti;</strong></span> <span class='ocrx_word' id='word_1_266' title='bbox 851 1211 1016 1238; x_wconf 62' lang='lat' dir='ltr'><strong>quaecunque</strong></span> 
     </span>
    </p>
   </div>
   <div class='ocr_carea' id='block_1_40' title="bbox 229 1249 1014 1283">
    <p class='ocr_par' dir='ltr' id='par_1_40' title="bbox 229 1249 1014 1283">
     <span class='ocr_line' id='line_1_40' title="bbox 229 1249 1014 1283; baseline -0.003 -7"><span class='ocrx_word' id='word_1_267' title='bbox 229 1249 330 1281; x_wconf 82' lang='lat' dir='ltr'><strong>habes,</strong></span> <span class='ocrx_word' id='word_1_268' title='bbox 346 1257 378 1276; x_wconf 87' lang='lat' dir='ltr'><strong>cx</strong></span> <span class='ocrx_word' id='word_1_269' title='bbox 395 1250 500 1276; x_wconf 80' lang='lat' dir='ltr'><strong>Domini</strong></span> <span class='ocrx_word' id='word_1_270' title='bbox 527 1250 564 1276; x_wconf 92' lang='lat' dir='ltr'><strong>tui</strong></span> <span class='ocrx_word' id='word_1_271' title='bbox 586 1250 643 1283; x_wconf 79' lang='lat' dir='ltr'><strong>lege</strong></span> <span class='ocrx_word' id='word_1_272' title='bbox 662 1250 803 1282; x_wconf 86' lang='lat' dir='ltr'><strong>accepisti;</strong></span> <span class='ocrx_word' id='word_1_273' title='bbox 828 1250 884 1276; x_wconf 84' lang='lat' dir='ltr'><strong>sive</strong></span> <span class='ocrx_word' id='word_1_274' title='bbox 905 1254 1014 1282; x_wconf 82' lang='lat' dir='ltr'><strong>paterna</strong></span> 
     </span>
    </p>
   </div>
   <div class='ocr_carea' id='block_1_41' title="bbox 229 1293 1014 1329">
    <p class='ocr_par' dir='ltr' id='par_1_41' title="bbox 229 1293 1014 1329">
     <span class='ocr_line' id='line_1_41' title="bbox 229 1293 1014 1329; baseline -0.003 -7"><span class='ocrx_word' id='word_1_275' title='bbox 229 1295 404 1327; x_wconf 75' lang='lat' dir='ltr'><strong>lueretlilate,</strong></span> <span class='ocrx_word' id='word_1_276' title='bbox 426 1295 496 1329; x_wconf 89' lang='lat' dir='ltr'><strong>quod</strong></span> <span class='ocrx_word' id='word_1_277' title='bbox 524 1295 559 1321; x_wconf 81' lang='lat' dir='ltr'><strong>ita</strong></span> <span class='ocrx_word' id='word_1_278' title='bbox 585 1295 654 1322; x_wconf 73' lang='lat' dir='ltr'><strong>Dens</strong></span> <span class='ocrx_word' id='word_1_279' title='bbox 679 1295 848 1322; x_wconf 87' lang='lat' dir='ltr'><strong>constituerit</strong></span> <span class='ocrx_word' id='word_1_280' title='bbox 877 1293 1014 1329; x_wconf 68' lang='lat' dir='ltr'><strong>(Parentes</strong></span> 
     </span>
    </p>
   </div>
   <div class='ocr_carea' id='block_1_42' title="bbox 228 1339 1015 1376">
    <p class='ocr_par' dir='ltr' id='par_1_42' title="bbox 228 1339 1015 1376">
     <span class='ocr_line' id='line_1_42' title="bbox 228 1339 1015 1376; baseline 0 -9"><span class='ocrx_word' id='word_1_281' title='bbox 228 1341 310 1373; x_wconf 76' lang='lat' dir='ltr'><strong>enim,</strong></span> <span class='ocrx_word' id='word_1_282' title='bbox 331 1341 433 1375; x_wconf 89' lang='lat' dir='ltr'><strong>iuqttit,</strong></span> <span class='ocrx_word' id='word_1_283' title='bbox 449 1341 511 1375; x_wconf 81' lang='lat' dir='ltr'><strong>ﬁliis</strong></span> <span class='ocrx_word' id='word_1_284' title='bbox 532 1341 615 1374; x_wconf 73' lang='lat' dir='ltr'><strong>spolia</strong></span> <span class='ocrx_word' id='word_1_285' title='bbox 628 1342 739 1368; x_wconf 80' lang='lat' dir='ltr'><strong>divident</strong></span> <span class='ocrx_word' id='word_1_286' title='bbox 757 1341 780 1356; x_wconf 82' lang='lat'><strong><em>“</em></strong></span> <span class='ocrx_word' id='word_1_287' title='bbox 799 1339 857 1376; x_wconf 81' lang='lat' dir='ltr'><strong>[l6]</strong></span> <span class='ocrx_word' id='word_1_288' title='bbox 873 1342 894 1372; x_wconf 88' lang='lat'><strong>),</strong></span> <span class='ocrx_word' id='word_1_289' title='bbox 911 1341 967 1368; x_wconf 88' lang='lat' dir='ltr'><strong>sive</strong></span> <span class='ocrx_word' id='word_1_290' title='bbox 983 1347 1015 1367; x_wconf 80' lang='lat' dir='ltr'><strong>ex</strong></span> 
     </span>
    </p>
   </div>
   <div class='ocr_carea' id='block_1_43' title="bbox 231 1385 1017 1418">
    <p class='ocr_par' dir='ltr' id='par_1_43' title="bbox 231 1385 1017 1418">
     <span class='ocr_line' id='line_1_43' title="bbox 231 1385 1017 1418; baseline 0.004 -9"><span class='ocrx_word' id='word_1_291' title='bbox 231 1385 402 1412; x_wconf 84' lang='lat' dir='ltr'><strong>matrimonio</strong></span> <span class='ocrx_word' id='word_1_292' title='bbox 424 1386 533 1412; x_wconf 87' lang='lat' dir='ltr'><strong>divitias</strong></span> <span class='ocrx_word' id='word_1_293' title='bbox 552 1391 713 1413; x_wconf 85' lang='lat' dir='ltr'><strong>consecutus</strong></span> <span class='ocrx_word' id='word_1_294' title='bbox 739 1393 783 1418; x_wconf 86' lang='lat' dir='ltr'><strong>es;</strong></span> <span class='ocrx_word' id='word_1_295' title='bbox 809 1386 859 1412; x_wconf 91' lang='lat' dir='ltr'><strong>hoc</strong></span> <span class='ocrx_word' id='word_1_296' title='bbox 881 1385 951 1411; x_wconf 79' lang='lat' dir='ltr'><strong>enim</strong></span> <span class='ocrx_word' id='word_1_297' title='bbox 966 1405 973 1416; x_wconf 86' lang='lat'><strong>,</strong></span> <span class='ocrx_word' id='word_1_298' title='bbox 990 1389 1017 1412; x_wconf 88' lang='lat' dir='ltr'><strong>et</strong></span> 
     </span>
    </p>
   </div>
   <div class='ocr_carea' id='block_1_44' title="bbox 230 1430 1017 1465">
    <p class='ocr_par' dir='ltr' id='par_1_44' title="bbox 230 1430 1017 1465">
     <span class='ocr_line' id='line_1_44' title="bbox 230 1430 1017 1465; baseline 0.003 -10"><span class='ocrx_word' id='word_1_299' title='bbox 230 1436 290 1463; x_wconf 63' lang='lat' dir='ltr'><strong>quae</strong></span> <span class='ocrx_word' id='word_1_300' title='bbox 316 1430 449 1465; x_wconf 86' lang='lat' dir='ltr'><strong>pertinent</strong></span> <span class='ocrx_word' id='word_1_301' title='bbox 470 1433 501 1457; x_wconf 87' lang='lat' dir='ltr'><strong>ad</strong></span> <span class='ocrx_word' id='word_1_302' title='bbox 523 1430 587 1457; x_wconf 88' lang='lat' dir='ltr'><strong>illud</strong></span> <span class='ocrx_word' id='word_1_303' title='bbox 609 1438 623 1457; x_wconf 87' lang='lat' dir='ltr'><strong>a</strong></span> <span class='ocrx_word' id='word_1_304' title='bbox 647 1431 700 1458; x_wconf 85' lang='lat' dir='ltr'><strong>Deo</strong></span> <span class='ocrx_word' id='word_1_305' title='bbox 720 1431 840 1457; x_wconf 69' lang='lat' dir='ltr'><strong>instituta</strong></span> <span class='ocrx_word' id='word_1_306' title='bbox 865 1436 926 1457; x_wconf 78' lang='lat' dir='ltr'><strong>sunt</strong></span> <span class='ocrx_word' id='word_1_307' title='bbox 941 1439 947 1456; x_wconf 93' lang='lat'>:</span> <span class='ocrx_word' id='word_1_308' title='bbox 961 1431 1017 1457; x_wconf 78' lang='lat' dir='ltr'><strong>sive</strong></span> 
     </span>
    </p>
   </div>
   <div class='ocr_carea' id='block_1_45' title="bbox 230 1476 1017 1511">
    <p class='ocr_par' dir='ltr' id='par_1_45' title="bbox 230 1476 1017 1511">
     <span class='ocr_line' id='line_1_45' title="bbox 230 1476 1017 1511; baseline 0 -9"><span class='ocrx_word' id='word_1_309' title='bbox 230 1476 346 1510; x_wconf 87' lang='lat' dir='ltr'><strong>deniqtte</strong></span> <span class='ocrx_word' id='word_1_310' title='bbox 374 1483 406 1502; x_wconf 84' lang='lat' dir='ltr'><strong>ex</strong></span> <span class='ocrx_word' id='word_1_311' title='bbox 442 1482 604 1509; x_wconf 79' lang='lat' dir='ltr'><strong>mercatura,</strong></span> <span class='ocrx_word' id='word_1_312' title='bbox 631 1481 678 1503; x_wconf 85' lang='lat' dir='ltr'><strong>aut</strong></span> <span class='ocrx_word' id='word_1_313' title='bbox 707 1476 881 1511; x_wconf 77' lang='lat' dir='ltr'><strong>agricultura,</strong></span> <span class='ocrx_word' id='word_1_314' title='bbox 897 1476 936 1503; x_wconf 88' lang='lat' dir='ltr'><strong>vel</strong></span> <span class='ocrx_word' id='word_1_315' title='bbox 959 1476 1017 1502; x_wconf 87' lang='lat' dir='ltr'><strong>aliis</strong></span> 
     </span>
    </p>
   </div>
   <div class='ocr_carea' id='block_1_46' title="bbox 230 1521 369 1548">
    <p class='ocr_par' dir='ltr' id='par_1_46' title="bbox 230 1521 369 1548">
     <span class='ocr_line' id='line_1_46' title="bbox 230 1521 369 1548; baseline -0.007 -1"><span class='ocrx_word' id='word_1_316' title='bbox 230 1521 316 1547; x_wconf 81' lang='lat' dir='ltr'><strong>faetns</strong></span> <span class='ocrx_word' id='word_1_317' title='bbox 331 1529 369 1548; x_wconf 80' lang='lat' dir='ltr'><strong>es.</strong></span> 
     </span>
    </p>
   </div>
   <div class='ocr_carea' id='block_1_47' title="bbox 265 1566 1016 1602">
    <p class='ocr_par' dir='ltr' id='par_1_47' title="bbox 265 1566 1016 1602">
     <span class='ocr_line' id='line_1_47' title="bbox 265 1566 1016 1602; baseline -0.003 -9"><span class='ocrx_word' id='word_1_318' title='bbox 265 1566 325 1593; x_wconf 81' lang='lat' dir='ltr'><strong>.lam</strong></span> <span class='ocrx_word' id='word_1_319' title='bbox 346 1568 435 1601; x_wconf 79' lang='lat' dir='ltr'><strong>itaque</strong></span> <span class='ocrx_word' id='word_1_320' title='bbox 449 1567 589 1602; x_wconf 86' lang='lat' dir='ltr'><strong>probatum</strong></span> <span class='ocrx_word' id='word_1_321' title='bbox 605 1571 665 1598; x_wconf 87' lang='lat' dir='ltr'><strong>est,</strong></span> <span class='ocrx_word' id='word_1_322' title='bbox 691 1567 828 1600; x_wconf 60' lang='lat' dir='ltr'><strong>accepisse</strong></span> <span class='ocrx_word' id='word_1_323' title='bbox 849 1571 873 1593; x_wconf 85' lang='lat' dir='ltr'><strong>te</strong></span> <span class='ocrx_word' id='word_1_324' title='bbox 886 1574 938 1593; x_wconf 90' lang='lat' dir='ltr'><strong>non</strong></span> <span class='ocrx_word' id='word_1_325' title='bbox 956 1571 1016 1598; x_wconf 82' lang='lat' dir='ltr'><strong>tua;</strong></span> 
     </span>
    </p>
   </div>
   <div class='ocr_carea' id='block_1_48' title="bbox 231 1612 1018 1647">
    <p class='ocr_par' dir='ltr' id='par_1_48' title="bbox 231 1612 1018 1647">
     <span class='ocr_line' id='line_1_48' title="bbox 231 1612 1018 1647; baseline 0.001 -9"><span class='ocrx_word' id='word_1_326' title='bbox 231 1614 370 1639; x_wconf 76' lang='lat' dir='ltr'><strong>videmnus</strong></span> <span class='ocrx_word' id='word_1_327' title='bbox 399 1614 525 1647; x_wconf 83' lang='lat' dir='ltr'><strong>deinceps</strong></span> <span class='ocrx_word' id='word_1_328' title='bbox 546 1613 609 1646; x_wconf 91' lang='lat' dir='ltr'><strong>quid</strong></span> <span class='ocrx_word' id='word_1_329' title='bbox 633 1613 817 1646; x_wconf 74' lang='lat' dir='ltr'><strong>prmscriptum</strong></span> <span class='ocrx_word' id='word_1_330' title='bbox 843 1612 889 1639; x_wconf 76' lang='lat' dir='ltr'><strong>tibi</strong></span> <span class='ocrx_word' id='word_1_331' title='bbox 912 1614 965 1645; x_wconf 89' lang='lat' dir='ltr'><strong>sit,</strong></span> <span class='ocrx_word' id='word_1_332' title='bbox 987 1620 1018 1639; x_wconf 88' lang='lat' dir='ltr'><strong>ac</strong></span> 
     </span>
    </p>
   </div>
   <div class='ocr_carea' id='block_1_49' title="bbox 230 1657 1018 1693">
    <p class='ocr_par' dir='ltr' id='par_1_49' title="bbox 230 1657 1018 1693">
     <span class='ocr_line' id='line_1_49' title="bbox 230 1657 1018 1693; baseline -0.001 -9"><span class='ocrx_word' id='word_1_333' title='bbox 230 1658 317 1693; x_wconf 85' lang='lat' dir='ltr'><strong>qualis</strong></span> <span class='ocrx_word' id='word_1_334' title='bbox 334 1666 425 1685; x_wconf 89' lang='lat' dir='ltr'><strong>eorum</strong></span> <span class='ocrx_word' id='word_1_335' title='bbox 453 1658 652 1685; x_wconf 85' lang='lat' dir='ltr'><strong>administratio</strong></span> <span class='ocrx_word' id='word_1_336' title='bbox 677 1665 736 1684; x_wconf 82' lang='lat' dir='ltr'><strong>esse</strong></span> <span class='ocrx_word' id='word_1_337' title='bbox 760 1658 867 1685; x_wconf 74' lang='lat' dir='ltr'><strong>debeat.</strong></span> <span class='ocrx_word' id='word_1_338' title='bbox 891 1657 927 1684; x_wconf 88' lang='lat' dir='ltr'><strong>Da</strong></span> <span class='ocrx_word' id='word_1_339' title='bbox 955 1666 1018 1684; x_wconf 85' lang='lat' dir='ltr'><strong>esu-</strong></span> 
     </span>
    </p>
   </div>
   <div class='ocr_carea' id='block_1_50' title="bbox 231 1702 1019 1738">
    <p class='ocr_par' dir='ltr' id='par_1_50' title="bbox 231 1702 1019 1738">
     <span class='ocr_line' id='line_1_50' title="bbox 231 1702 1019 1738; baseline -0.003 -7"><span class='ocrx_word' id='word_1_340' title='bbox 231 1705 326 1736; x_wconf 88' lang='lat' dir='ltr'><strong>rienti;</strong></span> <span class='ocrx_word' id='word_1_341' title='bbox 355 1708 414 1738; x_wconf 77' lang='lat' dir='ltr'><strong>tege</strong></span> <span class='ocrx_word' id='word_1_342' title='bbox 428 1704 544 1735; x_wconf 88' lang='lat' dir='ltr'><strong>nttdttm;</strong></span> <span class='ocrx_word' id='word_1_343' title='bbox 562 1711 626 1730; x_wconf 86' lang='lat' dir='ltr'><strong>cura</strong></span> <span class='ocrx_word' id='word_1_344' title='bbox 651 1704 719 1730; x_wconf 86' lang='lat' dir='ltr'><strong>male</strong></span> <span class='ocrx_word' id='word_1_345' title='bbox 740 1702 884 1736; x_wconf 70' lang='lat' dir='ltr'><strong>affectum;</strong></span> <span class='ocrx_word' id='word_1_346' title='bbox 905 1711 938 1730; x_wconf 87' lang='lat' dir='ltr'><strong>ne</strong></span> <span class='ocrx_word' id='word_1_347' title='bbox 959 1711 1019 1737; x_wconf 71' lang='lat' dir='ltr'><strong>cge-</strong></span> 
     </span>
    </p>
   </div>
   <div class='ocr_carea' id='block_1_51' title="bbox 231 1749 1017 1784">
    <p class='ocr_par' dir='ltr' id='par_1_51' title="bbox 231 1749 1017 1784">
     <span class='ocr_line' id='line_1_51' title="bbox 231 1749 1017 1784; baseline -0.003 -7"><span class='ocrx_word' id='word_1_348' title='bbox 231 1758 306 1782; x_wconf 83' lang='lat' dir='ltr'><strong>nnm,</strong></span> <span class='ocrx_word' id='word_1_349' title='bbox 320 1757 351 1776; x_wconf 91' lang='lat' dir='ltr'><strong>ac</strong></span> <span class='ocrx_word' id='word_1_350' title='bbox 367 1750 392 1776; x_wconf 94' lang='lat' dir='ltr'><strong>in</strong></span> <span class='ocrx_word' id='word_1_351' title='bbox 414 1749 499 1776; x_wconf 87' lang='lat' dir='ltr'><strong>triviis</strong></span> <span class='ocrx_word' id='word_1_352' title='bbox 516 1749 662 1783; x_wconf 83' lang='lat' dir='ltr'><strong>projectum</strong></span> <span class='ocrx_word' id='word_1_353' title='bbox 685 1749 850 1784; x_wconf 63' lang='lat' dir='ltr'><strong>neglexeris;</strong></span> <span class='ocrx_word' id='word_1_354' title='bbox 865 1750 916 1776; x_wconf 88' lang='lat' dir='ltr'><strong>noli</strong></span> <span class='ocrx_word' id='word_1_355' title='bbox 933 1750 965 1775; x_wconf 85' lang='lat' dir='ltr'><strong>de</strong></span> <span class='ocrx_word' id='word_1_356' title='bbox 976 1754 1017 1776; x_wconf 93' lang='lat' dir='ltr'><strong>te-</strong></span> 
     </span>
    </p>
   </div>
   <div class='ocr_carea' id='block_1_52' title="bbox 233 1795 1017 1831">
    <p class='ocr_par' dir='ltr' id='par_1_52' title="bbox 233 1795 1017 1831">
     <span class='ocr_line' id='line_1_52' title="bbox 233 1795 1017 1831; baseline 0.001 -9"><span class='ocrx_word' id='word_1_357' title='bbox 233 1797 289 1829; x_wconf 84' lang='lat' dir='ltr'><strong>ipso</strong></span> <span class='ocrx_word' id='word_1_358' title='bbox 296 1796 425 1823; x_wconf 86' lang='lat' dir='ltr'><strong>sollicitns</strong></span> <span class='ocrx_word' id='word_1_359' title='bbox 431 1803 501 1828; x_wconf 82' lang='lat' dir='ltr'><strong>esse,</strong></span> <span class='ocrx_word' id='word_1_360' title='bbox 509 1796 643 1830; x_wconf 90' lang='lat' dir='ltr'><strong>quomodo</strong></span> <span class='ocrx_word' id='word_1_361' title='bbox 653 1803 715 1830; x_wconf 75' lang='lat' dir='ltr'><strong>ages</strong></span> <span class='ocrx_word' id='word_1_362' title='bbox 725 1796 750 1822; x_wconf 88' lang='lat' dir='ltr'><strong>itt</strong></span> <span class='ocrx_word' id='word_1_363' title='bbox 766 1795 914 1822; x_wconf 79' lang='lat' dir='ltr'><strong>crastinum</strong></span> <span class='ocrx_word' id='word_1_364' title='bbox 922 1795 1017 1831; x_wconf 74' lang='lat'><strong>“(17).</strong></span> 
     </span>
    </p>
   </div>
   <div class='ocr_carea' id='block_1_53' title="bbox 232 1841 1018 1876">
    <p class='ocr_par' dir='ltr' id='par_1_53' title="bbox 232 1841 1018 1876">
     <span class='ocr_line' id='line_1_53' title="bbox 232 1841 1018 1876; baseline -0.001 -8"><span class='ocrx_word' id='word_1_365' title='bbox 232 1842 265 1869; x_wconf 80' lang='lat' dir='ltr'><strong>Et</strong></span> <span class='ocrx_word' id='word_1_366' title='bbox 289 1842 323 1868; x_wconf 85' lang='lat' dir='ltr'><strong>ita</strong></span> <span class='ocrx_word' id='word_1_367' title='bbox 349 1841 456 1876; x_wconf 86' lang='lat' dir='ltr'><strong>quidem</strong></span> <span class='ocrx_word' id='word_1_368' title='bbox 472 1841 493 1868; x_wconf 89' lang='lat' dir='ltr'><strong>si</strong></span> <span class='ocrx_word' id='word_1_369' title='bbox 513 1841 620 1873; x_wconf 86' lang='lat' dir='ltr'><strong>feceris,</strong></span> <span class='ocrx_word' id='word_1_370' title='bbox 636 1841 723 1876; x_wconf 87' lang='lat' dir='ltr'><strong>inquit</strong></span> <span class='ocrx_word' id='word_1_371' title='bbox 738 1861 746 1872; x_wconf 93' lang='lat'><strong>,</strong></span> <span class='ocrx_word' id='word_1_372' title='bbox 778 1841 989 1868; x_wconf 77' lang='lat' dir='ltr'><strong>cohonestabere</strong></span> <span class='ocrx_word' id='word_1_373' title='bbox 1004 1849 1018 1867; x_wconf 86' lang='lat' dir='ltr'><strong>a</strong></span> 
     </span>
    </p>
   </div>
   <div class='ocr_carea' id='block_1_54' title="bbox 232 1887 1019 1923">
    <p class='ocr_par' dir='ltr' id='par_1_54' title="bbox 232 1887 1019 1923">
     <span class='ocr_line' id='line_1_54' title="bbox 232 1887 1019 1923; baseline -0.001 -9"><span class='ocrx_word' id='word_1_374' title='bbox 232 1888 385 1923; x_wconf 64' lang='lat' dir='ltr'><strong>lt-gislatore</strong></span> <span class='ocrx_word' id='word_1_375' title='bbox 401 1897 409 1921; x_wconf 91' lang='lat'><strong>;</strong></span> <span class='ocrx_word' id='word_1_376' title='bbox 427 1888 467 1914; x_wconf 85' lang='lat' dir='ltr'><strong>sin</strong></span> <span class='ocrx_word' id='word_1_377' title='bbox 484 1895 549 1915; x_wconf 85' lang='lat' dir='ltr'><strong>vero</strong></span> <span class='ocrx_word' id='word_1_378' title='bbox 572 1889 728 1915; x_wconf 88' lang='lat' dir='ltr'><strong>mandatum</strong></span> <span class='ocrx_word' id='word_1_379' title='bbox 752 1892 937 1922; x_wconf 76' lang='lat' dir='ltr'><strong>transgressus</strong></span> <span class='ocrx_word' id='word_1_380' title='bbox 961 1887 1019 1914; x_wconf 87' lang='lat' dir='ltr'><strong>fue-</strong></span> 
     </span>
    </p>
   </div>
   <div class='ocr_carea' id='block_1_55' title="bbox 233 1934 1021 1970">
    <p class='ocr_par' dir='ltr' id='par_1_55' title="bbox 233 1934 1021 1970">
     <span class='ocr_line' id='line_1_55' title="bbox 233 1934 1021 1970; baseline -0.003 -8"><span class='ocrx_word' id='word_1_381' title='bbox 233 1937 289 1966; x_wconf 82' lang='lat' dir='ltr'><strong>ris,</strong></span> <span class='ocrx_word' id='word_1_382' title='bbox 311 1936 429 1968; x_wconf 73' lang='lat' dir='ltr'><strong>graviter</strong></span> <span class='ocrx_word' id='word_1_383' title='bbox 449 1935 569 1970; x_wconf 89' lang='lat' dir='ltr'><strong>puniere.</strong></span> <span class='ocrx_word' id='word_1_384' title='bbox 595 1935 657 1962; x_wconf 68' lang='lat' dir='ltr'><strong>litec</strong></span> <span class='ocrx_word' id='word_1_385' title='bbox 679 1934 800 1969; x_wconf 89' lang='lat' dir='ltr'><strong>profecto</strong></span> <span class='ocrx_word' id='word_1_386' title='bbox 819 1942 870 1961; x_wconf 91' lang='lat' dir='ltr'><strong>non</strong></span> <span class='ocrx_word' id='word_1_387' title='bbox 896 1934 960 1961; x_wconf 93' lang='lat' dir='ltr'><strong>mihi</strong></span> <span class='ocrx_word' id='word_1_388' title='bbox 982 1935 1021 1960; x_wconf 88' lang='lat' dir='ltr'><strong>vi-</strong></span> 
     </span>
    </p>
   </div>
   <div class='ocr_carea' id='block_1_56' title="bbox 231 1981 1018 2015">
    <p class='ocr_par' dir='ltr' id='par_1_56' title="bbox 231 1981 1018 2015">
     <span class='ocr_line' id='line_1_56' title="bbox 231 1981 1018 2015; baseline -0.001 -8"><span class='ocrx_word' id='word_1_389' title='bbox 231 1984 328 2008; x_wconf 76' lang='lat' dir='ltr'><strong>dentur</strong></span> <span class='ocrx_word' id='word_1_390' title='bbox 344 1981 401 2015; x_wconf 81' lang='lat' dir='ltr'><strong>ejus</strong></span> <span class='ocrx_word' id='word_1_391' title='bbox 417 1989 488 2014; x_wconf 79' lang='lat' dir='ltr'><strong>esse,</strong></span> <span class='ocrx_word' id='word_1_392' title='bbox 504 1981 550 2015; x_wconf 90' lang='lat' dir='ltr'><strong>qui</strong></span> <span class='ocrx_word' id='word_1_393' title='bbox 563 1989 628 2008; x_wconf 89' lang='lat' dir='ltr'><strong>suus</strong></span> <span class='ocrx_word' id='word_1_394' title='bbox 651 1981 700 2008; x_wconf 88' lang='lat' dir='ltr'><strong>sibi</strong></span> <span class='ocrx_word' id='word_1_395' title='bbox 716 1981 841 2008; x_wconf 88' lang='lat' dir='ltr'><strong>dominus</strong></span> <span class='ocrx_word' id='word_1_396' title='bbox 857 1981 891 2008; x_wconf 85' lang='lat' dir='ltr'><strong>sit</strong></span> <span class='ocrx_word' id='word_1_397' title='bbox 902 1999 909 2012; x_wconf 84' lang='lat'><strong>,</strong></span> <span class='ocrx_word' id='word_1_398' title='bbox 928 1988 960 2008; x_wconf 89' lang='lat' dir='ltr'><strong>ac</strong></span> <span class='ocrx_word' id='word_1_399' title='bbox 978 1981 1018 2007; x_wconf 90' lang='lat' dir='ltr'><strong>cui</strong></span> 
     </span>
    </p>
   </div>
   <div class='ocr_carea' id='block_1_57' title="bbox 233 2027 1021 2062">
    <p class='ocr_par' dir='ltr' id='par_1_57' title="bbox 233 2027 1021 2062">
     <span class='ocr_line' id='line_1_57' title="bbox 233 2027 1021 2062; baseline -0.003 -8"><span class='ocrx_word' id='word_1_400' title='bbox 233 2028 315 2054; x_wconf 87' lang='lat' dir='ltr'><strong>libera</strong></span> <span class='ocrx_word' id='word_1_401' title='bbox 331 2032 454 2062; x_wconf 86' lang='lat' dir='ltr'><strong>suppetat</strong></span> <span class='ocrx_word' id='word_1_402' title='bbox 475 2027 584 2061; x_wconf 77' lang='lat' dir='ltr'><strong>quidvis</strong></span> <span class='ocrx_word' id='word_1_403' title='bbox 612 2027 709 2061; x_wconf 78' lang='lat' dir='ltr'><strong>agendi</strong></span> <span class='ocrx_word' id='word_1_404' title='bbox 737 2031 874 2061; x_wconf 85' lang='lat' dir='ltr'><strong>potestas:</strong></span> <span class='ocrx_word' id='word_1_405' title='bbox 891 2027 937 2053; x_wconf 88' lang='lat' dir='ltr'><strong>scd</strong></span> <span class='ocrx_word' id='word_1_406' title='bbox 962 2033 1021 2053; x_wconf 92' lang='lat' dir='ltr'><strong>om-</strong></span> 
     </span>
    </p>
   </div>
   <div class='ocr_carea' id='block_1_58' title="bbox 233 2071 1020 2106">
    <p class='ocr_par' dir='ltr' id='par_1_58' title="bbox 233 2071 1020 2106">
     <span class='ocr_line' id='line_1_58' title="bbox 233 2071 1020 2106; baseline 0 -8"><span class='ocrx_word' id='word_1_407' title='bbox 233 2073 296 2099; x_wconf 89' lang='lat' dir='ltr'><strong>nino</strong></span> <span class='ocrx_word' id='word_1_408' title='bbox 317 2078 425 2105; x_wconf 74' lang='lat' dir='ltr'><strong>contra,</strong></span> <span class='ocrx_word' id='word_1_409' title='bbox 450 2073 595 2099; x_wconf 88' lang='lat' dir='ltr'><strong>multitudo</strong></span> <span class='ocrx_word' id='word_1_410' title='bbox 609 2076 803 2106; x_wconf 67' lang='lat' dir='ltr'><strong>praeceptorum</strong></span> <span class='ocrx_word' id='word_1_411' title='bbox 827 2071 961 2098; x_wconf 87' lang='lat' dir='ltr'><strong>hominem</strong></span> <span class='ocrx_word' id='word_1_412' title='bbox 975 2079 1020 2098; x_wconf 91' lang='lat' dir='ltr'><strong>ar-</strong></span> 
     </span>
    </p>
   </div>
   <div class='ocr_carea' id='block_1_59' title="bbox 232 2115 1020 2151">
    <p class='ocr_par' dir='ltr' id='par_1_59' title="bbox 232 2115 1020 2151">
     <span class='ocr_line' id='line_1_59' title="bbox 232 2115 1020 2151; baseline -0.003 -8"><span class='ocrx_word' id='word_1_413' title='bbox 232 2117 290 2150; x_wconf 72' lang='lat' dir='ltr'><strong>guit.</strong></span> <span class='ocrx_word' id='word_1_414' title='bbox 303 2117 379 2144; x_wconf 72' lang='lat' dir='ltr'><strong>valde</strong></span> <span class='ocrx_word' id='word_1_415' title='bbox 402 2117 515 2150; x_wconf 87' lang='lat' dir='ltr'><strong>imperio</strong></span> <span class='ocrx_word' id='word_1_416' title='bbox 536 2118 716 2150; x_wconf 88' lang='lat' dir='ltr'><strong>mancipatum</strong></span> <span class='ocrx_word' id='word_1_417' title='bbox 728 2136 735 2148; x_wconf 88' lang='lat'><strong>,</strong></span> <span class='ocrx_word' id='word_1_418' title='bbox 764 2115 918 2151; x_wconf 70' lang='lat' dir='ltr'><strong>legibusque</strong></span> <span class='ocrx_word' id='word_1_419' title='bbox 933 2115 1020 2142; x_wconf 85' lang='lat' dir='ltr'><strong>Domi-</strong></span> 
     </span>
    </p>
   </div>
   <div class='ocr_carea' id='block_1_60' title="bbox 238 2161 1019 2196">
    <p class='ocr_par' dir='ltr' id='par_1_60' title="bbox 238 2161 1019 2196">
     <span class='ocr_line' id='line_1_60' title="bbox 238 2161 1019 2196; baseline 0 -8"><span class='ocrx_word' id='word_1_420' title='bbox 238 2162 305 2188; x_wconf 71' lang='lat' dir='ltr'><strong>uiris</strong></span> <span class='ocrx_word' id='word_1_421' title='bbox 330 2162 479 2194; x_wconf 86' lang='lat' dir='ltr'><strong>subditum,</strong></span> <span class='ocrx_word' id='word_1_422' title='bbox 505 2170 519 2188; x_wconf 85' lang='lat' dir='ltr'><strong>a</strong></span> <span class='ocrx_word' id='word_1_423' title='bbox 543 2169 597 2196; x_wconf 92' lang='lat' dir='ltr'><strong>quo</strong></span> <span class='ocrx_word' id='word_1_424' title='bbox 612 2162 773 2196; x_wconf 70' lang='lat' dir='ltr'><strong>prmscriplaa</strong></span> <span class='ocrx_word' id='word_1_425' title='bbox 787 2162 847 2188; x_wconf 79' lang='lat' dir='ltr'><strong>vitae</strong></span> <span class='ocrx_word' id='word_1_426' title='bbox 862 2162 930 2188; x_wconf 89' lang='lat' dir='ltr'><strong>ratio</strong></span> <span class='ocrx_word' id='word_1_427' title='bbox 945 2161 1019 2196; x_wconf 87' lang='lat' dir='ltr'><strong>quasi</strong></span> 
     </span>
    </p>
   </div>
   <div class='ocr_carea' id='block_1_61' title="bbox 233 2206 1022 2242">
    <p class='ocr_par' dir='ltr' id='par_1_61' title="bbox 233 2206 1022 2242">
     <span class='ocr_line' id='line_1_61' title="bbox 233 2206 1022 2242; baseline 0 -8"><span class='ocrx_word' id='word_1_428' title='bbox 233 2207 351 2234; x_wconf 83' lang='lat' dir='ltr'><strong>debitum</strong></span> <span class='ocrx_word' id='word_1_429' title='bbox 370 2207 478 2242; x_wconf 88' lang='lat' dir='ltr'><strong>aliquod</strong></span> <span class='ocrx_word' id='word_1_430' title='bbox 499 2207 633 2241; x_wconf 76' lang='lat' dir='ltr'><strong>exigatur.</strong></span> <span class='ocrx_word' id='word_1_431' title='bbox 656 2206 710 2235; x_wconf 83' lang='lat' dir='ltr'><strong>Nos</strong></span> <span class='ocrx_word' id='word_1_432' title='bbox 730 2215 809 2239; x_wconf 85' lang='lat' dir='ltr'><strong>vero,</strong></span> <span class='ocrx_word' id='word_1_433' title='bbox 833 2207 968 2242; x_wconf 88' lang='lat' dir='ltr'><strong>qttomodo</strong></span> <span class='ocrx_word' id='word_1_434' title='bbox 983 2208 1022 2234; x_wconf 92' lang='lat' dir='ltr'><strong>sic</strong></span> 
     </span>
    </p>
   </div>
   <div class='ocr_carea' id='block_1_62' title="bbox 1067 976 1854 1012">
    <p class='ocr_par' dir='ltr' id='par_1_62' title="bbox 1067 976 1854 1012">
     <span class='ocr_line' id='line_1_62' title="bbox 1067 976 1854 1012; baseline 0.003 -10"><span class='ocrx_word' id='word_1_435' title='bbox 1067 976 1180 1002; x_wconf 77' lang='grc' dir='ltr'>καὶτῶν</span> <span class='ocrx_word' id='word_1_436' title='bbox 1195 976 1282 1003; x_wconf 79' lang='grc' dir='ltr'>ἄλλων</span> <span class='ocrx_word' id='word_1_437' title='bbox 1303 976 1448 1003; x_wconf 79' lang='grc' dir='ltr'>ἀνεύθυνον</span> <span class='ocrx_word' id='word_1_438' title='bbox 1475 976 1546 1012; x_wconf 75' lang='grc' dir='ltr'>ἔχειν</span> <span class='ocrx_word' id='word_1_439' title='bbox 1570 977 1618 1012; x_wconf 81' lang='grc' dir='ltr'>τὴν</span> <span class='ocrx_word' id='word_1_440' title='bbox 1645 978 1757 1012; x_wconf 69' lang='grc' dir='ltr'>κτῆσινξ</span> <span class='ocrx_word' id='word_1_441' title='bbox 1773 978 1854 1005; x_wconf 73' lang='grc' dir='ltr'><strong>Οὐδὲν</strong></span> 
     </span>
    </p>
   </div>
   <div class='ocr_carea' id='block_1_63' title="bbox 1067 1020 1854 1057">
    <p class='ocr_par' dir='ltr' id='par_1_63' title="bbox 1067 1020 1854 1057">
     <span class='ocr_line' id='line_1_63' title="bbox 1067 1020 1854 1057; baseline 0.004 -11"><span class='ocrx_word' id='word_1_442' title='bbox 1067 1020 1123 1052; x_wconf 74' lang='grc' dir='ltr'>σὺν,</span> <span class='ocrx_word' id='word_1_443' title='bbox 1149 1021 1285 1056; x_wconf 74' lang='grc' dir='ltr'>ἄνθρωπε.</span> <span class='ocrx_word' id='word_1_444' title='bbox 1308 1022 1342 1048; x_wconf 77' lang='grc' dir='ltr'><strong>Σὺ</strong></span> <span class='ocrx_word' id='word_1_445' title='bbox 1364 1021 1466 1054; x_wconf 77' lang='grc' dir='ltr'>δοῦλος,</span> <span class='ocrx_word' id='word_1_446' title='bbox 1497 1023 1542 1049; x_wconf 70' lang='grc' dir='ltr'>καὶ</span> <span class='ocrx_word' id='word_1_447' title='bbox 1554 1022 1591 1057; x_wconf 59' lang='grc' dir='ltr'><strong>τὰ</strong></span> <span class='ocrx_word' id='word_1_448' title='bbox 1618 1022 1651 1048; x_wconf 81' lang='grc' dir='ltr'><strong>σὰ</strong></span> <span class='ocrx_word' id='word_1_449' title='bbox 1677 1022 1724 1049; x_wconf 74' lang='grc' dir='ltr'>τοῦ</span> <span class='ocrx_word' id='word_1_450' title='bbox 1742 1023 1854 1057; x_wconf 72' lang='grc' dir='ltr'>Κυρίου.</span> 
     </span>
    </p>
   </div>
   <div class='ocr_carea' id='block_1_64' title="bbox 1062 1066 1855 1104">
    <p class='ocr_par' dir='ltr' id='par_1_64' title="bbox 1062 1066 1855 1104">
     <span class='ocr_line' id='line_1_64' title="bbox 1062 1066 1855 1104; baseline 0.005 -12"><span class='ocrx_word' id='word_1_451' title='bbox 1062 1066 1176 1099; x_wconf 79' lang='grc' dir='ltr'><em>Δοῦλος</em></span> <span class='ocrx_word' id='word_1_452' title='bbox 1184 1067 1236 1103; x_wconf 86' lang='grc' dir='ltr'><strong>γὰρ</strong></span> <span class='ocrx_word' id='word_1_453' title='bbox 1248 1068 1406 1102; x_wconf 77' lang='grc' dir='ltr'>ἐλεύθερον</span> <span class='ocrx_word' id='word_1_454' title='bbox 1423 1069 1585 1096; x_wconf 76' lang='grc' dir='ltr'>πεκούλιον</span> <span class='ocrx_word' id='word_1_455' title='bbox 1599 1069 1654 1095; x_wconf 81' lang='grc' dir='ltr'>οὐκ</span> <span class='ocrx_word' id='word_1_456' title='bbox 1671 1069 1731 1103; x_wconf 82' lang='grc' dir='ltr'><strong>ἔχει</strong></span> <span class='ocrx_word' id='word_1_457' title='bbox 1753 1070 1855 1104; x_wconf 71' lang='grc' dir='ltr'>Γυμνὸς</span> 
     </span>
    </p>
   </div>
   <div class='ocr_carea' id='block_1_65' title="bbox 1063 1111 1857 1148">
    <p class='ocr_par' dir='ltr' id='par_1_65' title="bbox 1063 1111 1857 1148">
     <span class='ocr_line' id='line_1_65' title="bbox 1063 1111 1857 1148; baseline 0.003 -10"><span class='ocrx_word' id='word_1_458' title='bbox 1063 1111 1117 1147; x_wconf 69' lang='grc' dir='ltr'>γὰρ</span> <span class='ocrx_word' id='word_1_459' title='bbox 1142 1111 1228 1147; x_wconf 78' lang='grc' dir='ltr'>ἧχθης</span> <span class='ocrx_word' id='word_1_460' title='bbox 1241 1114 1281 1144; x_wconf 81' lang='grc' dir='ltr'><strong>είς</strong></span> <span class='ocrx_word' id='word_1_461' title='bbox 1303 1112 1380 1139; x_wconf 79' lang='grc' dir='ltr'>τοῦτο</span> <span class='ocrx_word' id='word_1_462' title='bbox 1401 1113 1431 1139; x_wconf 73' lang='grc' dir='ltr'>τὸ</span> <span class='ocrx_word' id='word_1_463' title='bbox 1458 1113 1531 1147; x_wconf 84' lang='grc' dir='ltr'>φῶς·</span> <span class='ocrx_word' id='word_1_464' title='bbox 1557 1113 1650 1145; x_wconf 75' lang='grc' dir='ltr'>ἔλαϐες</span> <span class='ocrx_word' id='word_1_465' title='bbox 1669 1114 1686 1140; x_wconf 78' lang='grc' dir='ltr'>ἂ</span> <span class='ocrx_word' id='word_1_466' title='bbox 1701 1114 1771 1148; x_wconf 78' lang='grc' dir='ltr'>ἔχεις</span> <span class='ocrx_word' id='word_1_467' title='bbox 1786 1115 1857 1140; x_wconf 75' lang='grc' dir='ltr'>κατὰ</span> 
     </span>
    </p>
   </div>
   <div class='ocr_carea' id='block_1_66' title="bbox 1064 1156 1854 1195">
    <p class='ocr_par' dir='ltr' id='par_1_66' title="bbox 1064 1156 1854 1195">
     <span class='ocr_line' id='line_1_66' title="bbox 1064 1156 1854 1195; baseline 0.005 -13"><span class='ocrx_word' id='word_1_468' title='bbox 1064 1156 1146 1192; x_wconf 83' lang='grc' dir='ltr'>νόμον</span> <span class='ocrx_word' id='word_1_469' title='bbox 1167 1157 1214 1183; x_wconf 75' lang='grc' dir='ltr'>τοῦ</span> <span class='ocrx_word' id='word_1_470' title='bbox 1245 1158 1347 1194; x_wconf 67' lang='grc' dir='ltr'>Κυρίου</span> <span class='ocrx_word' id='word_1_471' title='bbox 1369 1166 1427 1190; x_wconf 73' lang='grc' dir='ltr'>σου,</span> <span class='ocrx_word' id='word_1_472' title='bbox 1453 1159 1470 1194; x_wconf 83' lang='grc' dir='ltr'><strong>ἢ</strong></span> <span class='ocrx_word' id='word_1_473' title='bbox 1502 1159 1708 1194; x_wconf 71' lang='grc' dir='ltr'><strong>κληρονομήσας</strong></span> <span class='ocrx_word' id='word_1_474' title='bbox 1738 1159 1854 1195; x_wconf 82' lang='grc' dir='ltr'>πατέρα,</span> 
     </span>
    </p>
   </div>
   <div class='ocr_carea' id='block_1_67' title="bbox 1065 1202 1856 1239">
    <p class='ocr_par' dir='ltr' id='par_1_67' title="bbox 1065 1202 1856 1239">
     <span class='ocr_line' id='line_1_67' title="bbox 1065 1202 1856 1239; baseline 0.003 -12"><span class='ocrx_word' id='word_1_475' title='bbox 1065 1202 1158 1237; x_wconf 80' lang='grc' dir='ltr'>ἐπειδὴ</span> <span class='ocrx_word' id='word_1_476' title='bbox 1171 1202 1257 1234; x_wconf 71' lang='grc' dir='ltr'>οὕτως</span> <span class='ocrx_word' id='word_1_477' title='bbox 1276 1204 1290 1229; x_wconf 80' lang='grc' dir='ltr'>ὁ</span> <span class='ocrx_word' id='word_1_478' title='bbox 1303 1203 1369 1235; x_wconf 80' lang='grc' dir='ltr'>Θεὸς</span> <span class='ocrx_word' id='word_1_479' title='bbox 1384 1203 1523 1237; x_wconf 75' lang='grc' dir='ltr'><strong>διετάξατο</strong></span> <span class='ocrx_word' id='word_1_480' title='bbox 1533 1203 1647 1238; x_wconf 60' lang='lat' dir='ltr'><strong>(For-sic</strong></span> <span class='ocrx_word' id='word_1_481' title='bbox 1663 1204 1717 1239; x_wconf 72' lang='grc' dir='ltr'>γὰρ</span> <span class='ocrx_word' id='word_1_482' title='bbox 1730 1205 1856 1237; x_wconf 73' lang='grc' dir='ltr'>τέκνοις,</span> 
     </span>
    </p>
   </div>
   <div class='ocr_carea' id='block_1_68' title="bbox 1068 1243 1856 1289">
    <p class='ocr_par' dir='ltr' id='par_1_68' title="bbox 1068 1243 1856 1289">
     <span class='ocr_line' id='line_1_68' title="bbox 1068 1243 1856 1289; baseline 0.009 -16"><span class='ocrx_word' id='word_1_483' title='bbox 1068 1249 1144 1282; x_wconf 74' lang='grc' dir='ltr'>φησὶ,</span> <span class='ocrx_word' id='word_1_484' title='bbox 1160 1249 1300 1282; x_wconf 80' lang='grc' dir='ltr'>μεριοῦσι</span> <span class='ocrx_word' id='word_1_485' title='bbox 1317 1251 1440 1285; x_wconf 68' lang='grc' dir='ltr'>σκῦλα),</span> <span class='ocrx_word' id='word_1_486' title='bbox 1461 1252 1477 1287; x_wconf 81' lang='grc' dir='ltr'>ἦ</span> <span class='ocrx_word' id='word_1_487' title='bbox 1495 1252 1548 1278; x_wconf 85' lang='grc' dir='ltr'><strong>ἀπὸ</strong></span> <span class='ocrx_word' id='word_1_488' title='bbox 1562 1251 1650 1287; x_wconf 76' lang='grc' dir='ltr'>γάμου</span> <span class='ocrx_word' id='word_1_489' title='bbox 1668 1253 1715 1288; x_wconf 86' lang='grc' dir='ltr'>τὴν</span> <span class='ocrx_word' id='word_1_490' title='bbox 1727 1243 1856 1289; x_wconf 77' lang='grc' dir='ltr'>εὐπορίαν</span> 
     </span>
    </p>
   </div>
   <div class='ocr_carea' id='block_1_69' title="bbox 1068 1295 1858 1335">
    <p class='ocr_par' dir='ltr' id='par_1_69' title="bbox 1068 1295 1858 1335">
     <span class='ocr_line' id='line_1_69' title="bbox 1068 1295 1858 1335; baseline 0.008 -15"><span class='ocrx_word' id='word_1_491' title='bbox 1068 1295 1238 1330; x_wconf 82' lang='grc' dir='ltr'>κτησάμενος</span> <span class='ocrx_word' id='word_1_492' title='bbox 1253 1296 1352 1331; x_wconf 80' lang='grc' dir='ltr'>(γάμος</span> <span class='ocrx_word' id='word_1_493' title='bbox 1371 1297 1400 1324; x_wconf 81' lang='grc' dir='ltr'><strong>δὲ</strong></span> <span class='ocrx_word' id='word_1_494' title='bbox 1426 1298 1472 1324; x_wconf 73' lang='grc' dir='ltr'>καὶ</span> <span class='ocrx_word' id='word_1_495' title='bbox 1490 1299 1523 1324; x_wconf 81' lang='grc' dir='ltr'><strong>τὰ</strong></span> <span class='ocrx_word' id='word_1_496' title='bbox 1536 1299 1578 1324; x_wconf 80' lang='grc' dir='ltr'><strong>ἐπ’</strong></span> <span class='ocrx_word' id='word_1_497' title='bbox 1590 1299 1685 1334; x_wconf 79' lang='grc' dir='ltr'>ἐκείνῳ</span> <span class='ocrx_word' id='word_1_498' title='bbox 1702 1299 1777 1335; x_wconf 84' lang='grc' dir='ltr'>παρὰ</span> <span class='ocrx_word' id='word_1_499' title='bbox 1791 1299 1858 1326; x_wconf 80' lang='grc' dir='ltr'>Θεοῦ</span> 
     </span>
    </p>
   </div>
   <div class='ocr_carea' id='block_1_70' title="bbox 1068 1339 1858 1379">
    <p class='ocr_par' dir='ltr' id='par_1_70' title="bbox 1068 1339 1858 1379">
     <span class='ocr_line' id='line_1_70' title="bbox 1068 1339 1858 1379; baseline 0.006 -13"><span class='ocrx_word' id='word_1_500' title='bbox 1068 1339 1264 1374; x_wconf 78' lang='grc' dir='ltr'><strong>διατέτακται),</strong></span> <span class='ocrx_word' id='word_1_501' title='bbox 1293 1341 1308 1377; x_wconf 85' lang='grc' dir='ltr'>ἢ</span> <span class='ocrx_word' id='word_1_502' title='bbox 1334 1343 1387 1368; x_wconf 80' lang='grc' dir='ltr'>ἀπὺ</span> <span class='ocrx_word' id='word_1_503' title='bbox 1410 1343 1556 1377; x_wconf 82' lang='grc' dir='ltr'>ἐμπορίας.</span> <span class='ocrx_word' id='word_1_504' title='bbox 1581 1343 1628 1369; x_wconf 74' lang='grc' dir='ltr'><strong>καὶ</strong></span> <span class='ocrx_word' id='word_1_505' title='bbox 1649 1344 1794 1379; x_wconf 77' lang='grc' dir='ltr'>γεωργίας,</span> <span class='ocrx_word' id='word_1_506' title='bbox 1812 1346 1858 1372; x_wconf 77' lang='grc' dir='ltr'>καὶ</span> 
     </span>
    </p>
   </div>
   <div class='ocr_carea' id='block_1_71' title="bbox 1069 1384 1858 1426">
    <p class='ocr_par' dir='ltr' id='par_1_71' title="bbox 1069 1384 1858 1426">
     <span class='ocr_line' id='line_1_71' title="bbox 1069 1384 1858 1426; baseline 0.008 -15"><span class='ocrx_word' id='word_1_507' title='bbox 1069 1384 1122 1411; x_wconf 84' lang='grc' dir='ltr'>τῶν</span> <span class='ocrx_word' id='word_1_508' title='bbox 1137 1385 1224 1412; x_wconf 75' lang='grc' dir='ltr'>ἄλλων</span> <span class='ocrx_word' id='word_1_509' title='bbox 1243 1387 1416 1422; x_wconf 75' lang='grc' dir='ltr'>προφάσεων,</span> <span class='ocrx_word' id='word_1_510' title='bbox 1445 1387 1513 1414; x_wconf 70' lang='grc' dir='ltr'>Θεοῦ</span> <span class='ocrx_word' id='word_1_511' title='bbox 1534 1387 1601 1424; x_wconf 81' lang='grc' dir='ltr'>πρὸς</span> <span class='ocrx_word' id='word_1_512' title='bbox 1624 1389 1716 1415; x_wconf 75' lang='grc' dir='ltr'>ἐκεῖνα</span> <span class='ocrx_word' id='word_1_513' title='bbox 1733 1390 1858 1426; x_wconf 70' lang='grc' dir='ltr'>συμπρά-</span> 
     </span>
    </p>
   </div>
   <div class='ocr_carea' id='block_1_72' title="bbox 1071 1429 1174 1463">
    <p class='ocr_par' dir='ltr' id='par_1_72' title="bbox 1071 1429 1174 1463">
     <span class='ocr_line' id='line_1_72' title="bbox 1071 1429 1174 1463; baseline 0.019 -9"><span class='ocrx_word' id='word_1_514' title='bbox 1071 1429 1174 1463; x_wconf 77' lang='grc' dir='ltr'>ξαντος.</span> 
     </span>
    </p>
   </div>
   <div class='ocr_carea' id='block_1_73' title="bbox 1038 1476 1861 1516">
    <p class='ocr_par' dir='ltr' id='par_1_73' title="bbox 1038 1476 1861 1516">
     <span class='ocr_line' id='line_1_73' title="bbox 1038 1476 1861 1516; baseline 0.007 -14"><span class='ocrx_word' id='word_1_515' title='bbox 1038 1476 1195 1510; x_wconf 86' lang='lat' dir='ltr'><strong>acquirendi</strong></span> <span class='ocrx_word' id='word_1_516' title='bbox 1213 1477 1313 1508; x_wconf 90' lang='lat' dir='ltr'><strong>modis,</strong></span> <span class='ocrx_word' id='word_1_517' title='bbox 1336 1477 1448 1505; x_wconf 78' lang='lat' dir='ltr'><strong>faciente</strong></span> <span class='ocrx_word' id='word_1_518' title='bbox 1475 1478 1529 1506; x_wconf 86' lang='lat' dir='ltr'><strong>Deo</strong></span> <span class='ocrx_word' id='word_1_519' title='bbox 1556 1488 1587 1508; x_wconf 91' lang='lat' dir='ltr'><strong>ac</strong></span> <span class='ocrx_word' id='word_1_520' title='bbox 1614 1481 1769 1516; x_wconf 81' lang='lat' dir='ltr'><strong>idjuvautc,</strong></span> <span class='ocrx_word' id='word_1_521' title='bbox 1784 1481 1861 1508; x_wconf 76' lang='lat' dir='ltr'><strong>dives</strong></span> 
     </span>
    </p>
   </div>
   <div class='ocr_carea' id='block_1_74' title="bbox 1111 1564 1858 1603">
    <p class='ocr_par' dir='ltr' id='par_1_74' title="bbox 1111 1564 1858 1603">
     <span class='ocr_line' id='line_1_74' title="bbox 1111 1564 1858 1603; baseline 0.007 -14"><span class='ocrx_word' id='word_1_522' title='bbox 1111 1564 1177 1590; x_wconf 64' lang='grc' dir='ltr'><strong>Ἰδοὺ</strong></span> <span class='ocrx_word' id='word_1_523' title='bbox 1191 1564 1290 1595; x_wconf 78' lang='grc' dir='ltr'>τοίνυν,</span> <span class='ocrx_word' id='word_1_524' title='bbox 1309 1564 1412 1600; x_wconf 74' lang='grc' dir='ltr'>ἐδείχθη</span> <span class='ocrx_word' id='word_1_525' title='bbox 1439 1565 1479 1592; x_wconf 78' lang='grc' dir='ltr'>ὅτι</span> <span class='ocrx_word' id='word_1_526' title='bbox 1502 1566 1597 1598; x_wconf 73' lang='grc' dir='ltr'>ἔλαϐες</span> <span class='ocrx_word' id='word_1_527' title='bbox 1614 1567 1648 1593; x_wconf 74' lang='grc' dir='ltr'>τὰ</span> <span class='ocrx_word' id='word_1_528' title='bbox 1666 1567 1703 1603; x_wconf 81' lang='grc' dir='ltr'>μὴ</span> <span class='ocrx_word' id='word_1_529' title='bbox 1721 1567 1764 1594; x_wconf 82' lang='grc' dir='ltr'><strong>σά.</strong></span> <span class='ocrx_word' id='word_1_530' title='bbox 1785 1567 1858 1594; x_wconf 81' lang='grc' dir='ltr'><strong>Ἴδω-</strong></span> 
     </span>
    </p>
   </div>
   <div class='ocr_carea' id='block_1_75' title="bbox 1071 1609 1860 1648">
    <p class='ocr_par' dir='ltr' id='par_1_75' title="bbox 1071 1609 1860 1648">
     <span class='ocr_line' id='line_1_75' title="bbox 1071 1609 1860 1648; baseline 0.009 -14"><span class='ocrx_word' id='word_1_531' title='bbox 1071 1618 1120 1644; x_wconf 86' lang='grc' dir='ltr'><strong>μεν</strong></span> <span class='ocrx_word' id='word_1_532' title='bbox 1136 1610 1224 1635; x_wconf 85' lang='grc' dir='ltr'>τοίνυν</span> <span class='ocrx_word' id='word_1_533' title='bbox 1239 1609 1343 1642; x_wconf 73' lang='grc' dir='ltr'>λοιπὸν,</span> <span class='ocrx_word' id='word_1_534' title='bbox 1359 1611 1383 1636; x_wconf 83' lang='grc' dir='ltr'><strong>τί</strong></span> <span class='ocrx_word' id='word_1_535' title='bbox 1401 1619 1441 1637; x_wconf 81' lang='grc' dir='ltr'><strong>σοι</strong></span> <span class='ocrx_word' id='word_1_536' title='bbox 1456 1612 1605 1648; x_wconf 76' lang='grc' dir='ltr'>ἐπετάχθη,</span> <span class='ocrx_word' id='word_1_537' title='bbox 1619 1613 1666 1639; x_wconf 75' lang='grc' dir='ltr'><strong>καὶ</strong></span> <span class='ocrx_word' id='word_1_538' title='bbox 1678 1614 1719 1640; x_wconf 75' lang='grc' dir='ltr'>οἵα</span> <span class='ocrx_word' id='word_1_539' title='bbox 1732 1615 1774 1640; x_wconf 83' lang='grc' dir='ltr'><strong>ἐπ’</strong></span> <span class='ocrx_word' id='word_1_540' title='bbox 1787 1615 1860 1642; x_wconf 81' lang='grc' dir='ltr'>ἐκεί-</span> 
     </span>
    </p>
   </div>
   <div class='ocr_carea' id='block_1_76' title="bbox 1068 1655 1858 1696">
    <p class='ocr_par' dir='ltr' id='par_1_76' title="bbox 1068 1655 1858 1696">
     <span class='ocr_line' id='line_1_76' title="bbox 1068 1655 1858 1696; baseline 0.008 -15"><span class='ocrx_word' id='word_1_541' title='bbox 1068 1664 1124 1687; x_wconf 80' lang='grc' dir='ltr'>νοις</span> <span class='ocrx_word' id='word_1_542' title='bbox 1134 1655 1274 1691; x_wconf 73' lang='grc' dir='ltr'><strong>διοίκησις.</strong></span> <span class='ocrx_word' id='word_1_543' title='bbox 1290 1656 1339 1688; x_wconf 77' lang='grc' dir='ltr'>Δὸς</span> <span class='ocrx_word' id='word_1_544' title='bbox 1351 1656 1389 1692; x_wconf 85' lang='grc' dir='ltr'><strong>τῷ</strong></span> <span class='ocrx_word' id='word_1_545' title='bbox 1407 1657 1544 1690; x_wconf 83' lang='grc' dir='ltr'>πεινῶντι,</span> <span class='ocrx_word' id='word_1_546' title='bbox 1561 1658 1668 1686; x_wconf 76' lang='grc' dir='ltr'>ἔνδυσον</span> <span class='ocrx_word' id='word_1_547' title='bbox 1684 1660 1728 1686; x_wconf 73' lang='grc' dir='ltr'><strong>τὸν</strong></span> <span class='ocrx_word' id='word_1_548' title='bbox 1747 1662 1858 1696; x_wconf 80' lang='grc' dir='ltr'>γυμνὸν,</span> 
     </span>
    </p>
   </div>
   <div class='ocr_carea' id='block_1_77' title="bbox 1069 1701 1858 1741">
    <p class='ocr_par' dir='ltr' id='par_1_77' title="bbox 1069 1701 1858 1741">
     <span class='ocr_line' id='line_1_77' title="bbox 1069 1701 1858 1741; baseline 0.008 -14"><span class='ocrx_word' id='word_1_549' title='bbox 1069 1701 1237 1736; x_wconf 78' lang='grc' dir='ltr'>θεράπευσον</span> <span class='ocrx_word' id='word_1_550' title='bbox 1255 1702 1301 1728; x_wconf 85' lang='grc' dir='ltr'>τὸν</span> <span class='ocrx_word' id='word_1_551' title='bbox 1316 1703 1520 1738; x_wconf 75' lang='grc' dir='ltr'>κεκακωμένον,</span> <span class='ocrx_word' id='word_1_552' title='bbox 1545 1705 1582 1740; x_wconf 81' lang='grc' dir='ltr'>μὴ</span> <span class='ocrx_word' id='word_1_553' title='bbox 1596 1705 1717 1741; x_wconf 80' lang='grc' dir='ltr'>περιίδῃς</span> <span class='ocrx_word' id='word_1_554' title='bbox 1729 1706 1775 1733; x_wconf 73' lang='grc' dir='ltr'><strong>τὸν</strong></span> <span class='ocrx_word' id='word_1_555' title='bbox 1795 1706 1858 1733; x_wconf 54' lang='lat' dir='ltr'><strong>duo</strong></span> 
     </span>
    </p>
   </div>
   <div class='ocr_carea' id='block_1_78' title="bbox 1071 1746 1859 1784">
    <p class='ocr_par' dir='ltr' id='par_1_78' title="bbox 1071 1746 1859 1784">
     <span class='ocr_line' id='line_1_78' title="bbox 1071 1746 1859 1784; baseline 0.006 -12"><span class='ocrx_word' id='word_1_556' title='bbox 1071 1754 1126 1782; x_wconf 85' lang='grc' dir='ltr'>ρον,</span> <span class='ocrx_word' id='word_1_557' title='bbox 1143 1747 1187 1772; x_wconf 69' lang='grc' dir='ltr'><strong>τὸν</strong></span> <span class='ocrx_word' id='word_1_558' title='bbox 1203 1746 1369 1782; x_wconf 71' lang='grc' dir='ltr'>ἐρριμμένον</span> <span class='ocrx_word' id='word_1_559' title='bbox 1393 1747 1422 1773; x_wconf 76' lang='grc' dir='ltr'>ἐν</span> <span class='ocrx_word' id='word_1_560' title='bbox 1443 1748 1501 1779; x_wconf 81' lang='grc' dir='ltr'>τοῖς</span> <span class='ocrx_word' id='word_1_561' title='bbox 1527 1748 1651 1782; x_wconf 85' lang='grc' dir='ltr'>τριόδοις.</span> <span class='ocrx_word' id='word_1_562' title='bbox 1677 1749 1712 1776; x_wconf 83' lang='grc' dir='ltr'><strong>Σὺ</strong></span> <span class='ocrx_word' id='word_1_563' title='bbox 1729 1749 1778 1784; x_wconf 83' lang='grc' dir='ltr'>μὲν</span> <span class='ocrx_word' id='word_1_564' title='bbox 1795 1758 1859 1776; x_wconf 84' lang='grc' dir='ltr'>σαυ-</span> 
     </span>
    </p>
   </div>
   <div class='ocr_carea' id='block_1_79' title="bbox 1069 1792 1860 1830">
    <p class='ocr_par' dir='ltr' id='par_1_79' title="bbox 1069 1792 1860 1830">
     <span class='ocr_line' id='line_1_79' title="bbox 1069 1792 1860 1830; baseline 0.006 -12"><span class='ocrx_word' id='word_1_565' title='bbox 1069 1792 1116 1818; x_wconf 74' lang='grc' dir='ltr'>τοῦ</span> <span class='ocrx_word' id='word_1_566' title='bbox 1134 1792 1170 1828; x_wconf 81' lang='grc' dir='ltr'>μὴ</span> <span class='ocrx_word' id='word_1_567' title='bbox 1183 1793 1363 1828; x_wconf 77' lang='grc' dir='ltr'>μεριμνήσῃς,</span> <span class='ocrx_word' id='word_1_568' title='bbox 1379 1793 1445 1828; x_wconf 82' lang='grc' dir='ltr'><strong>μηδὲ</strong></span> <span class='ocrx_word' id='word_1_569' title='bbox 1461 1794 1617 1830; x_wconf 76' lang='grc' dir='ltr'>φροντίσῃς,</span> <span class='ocrx_word' id='word_1_570' title='bbox 1631 1795 1688 1827; x_wconf 85' lang='grc' dir='ltr'>πῶς</span> <span class='ocrx_word' id='word_1_571' title='bbox 1701 1796 1801 1829; x_wconf 77' lang='grc' dir='ltr'>διάξεις</span> <span class='ocrx_word' id='word_1_572' title='bbox 1815 1797 1860 1823; x_wconf 78' lang='grc' dir='ltr'><strong>ἐπὶ</strong></span> 
     </span>
    </p>
   </div>
   <div class='ocr_carea' id='block_1_80' title="bbox 1069 1837 1860 1877">
    <p class='ocr_par' dir='ltr' id='par_1_80' title="bbox 1069 1837 1860 1877">
     <span class='ocr_line' id='line_1_80' title="bbox 1069 1837 1860 1877; baseline 0.004 -14"><span class='ocrx_word' id='word_1_573' title='bbox 1069 1837 1119 1871; x_wconf 80' lang='grc' dir='ltr'>τῆς</span> <span class='ocrx_word' id='word_1_574' title='bbox 1133 1837 1287 1873; x_wconf 78' lang='grc' dir='ltr'>ὑοτεραίας.</span> <span class='ocrx_word' id='word_1_575' title='bbox 1306 1837 1364 1864; x_wconf 78' lang='grc' dir='ltr'>Κᾶν</span> <span class='ocrx_word' id='word_1_576' title='bbox 1378 1837 1473 1870; x_wconf 83' lang='grc' dir='ltr'>ταῦτα,</span> <span class='ocrx_word' id='word_1_577' title='bbox 1486 1839 1577 1874; x_wconf 79' lang='grc' dir='ltr'>φησὶν,</span> <span class='ocrx_word' id='word_1_578' title='bbox 1592 1840 1705 1876; x_wconf 79' lang='grc' dir='ltr'>ἐργάσῃ,</span> <span class='ocrx_word' id='word_1_579' title='bbox 1721 1840 1860 1877; x_wconf 77' lang='grc' dir='ltr'>τιμηθήσῃ</span> 
     </span>
    </p>
   </div>
   <div class='ocr_carea' id='block_1_81' title="bbox 1071 1883 1861 1922">
    <p class='ocr_par' dir='ltr' id='par_1_81' title="bbox 1071 1883 1861 1922">
     <span class='ocr_line' id='line_1_81' title="bbox 1071 1883 1861 1922; baseline 0.005 -13"><span class='ocrx_word' id='word_1_580' title='bbox 1071 1884 1146 1918; x_wconf 81' lang='grc' dir='ltr'>παρὰ</span> <span class='ocrx_word' id='word_1_581' title='bbox 1156 1883 1202 1910; x_wconf 74' lang='grc' dir='ltr'><strong>τοῦ</strong></span> <span class='ocrx_word' id='word_1_582' title='bbox 1218 1883 1381 1918; x_wconf 74' lang='grc' dir='ltr'>νομοθέτου·</span> <span class='ocrx_word' id='word_1_583' title='bbox 1396 1883 1429 1910; x_wconf 82' lang='grc' dir='ltr'>ἂν</span> <span class='ocrx_word' id='word_1_584' title='bbox 1445 1884 1472 1911; x_wconf 76' lang='grc' dir='ltr'>δὲ</span> <span class='ocrx_word' id='word_1_585' title='bbox 1490 1886 1666 1922; x_wconf 73' lang='grc' dir='ltr'>παρακούσῃς</span> <span class='ocrx_word' id='word_1_586' title='bbox 1680 1887 1728 1922; x_wconf 80' lang='grc' dir='ltr'>τῆς</span> <span class='ocrx_word' id='word_1_587' title='bbox 1741 1887 1861 1922; x_wconf 80' lang='grc' dir='ltr'>ἐντολῆς,</span> 
     </span>
    </p>
   </div>
   <div class='ocr_carea' id='block_1_82' title="bbox 1071 1928 1861 1966">
    <p class='ocr_par' dir='ltr' id='par_1_82' title="bbox 1071 1928 1861 1966">
     <span class='ocr_line' id='line_1_82' title="bbox 1071 1928 1861 1966; baseline 0.005 -12"><span class='ocrx_word' id='word_1_588' title='bbox 1071 1928 1223 1964; x_wconf 78' lang='grc' dir='ltr'>χολασθήσῃ</span> <span class='ocrx_word' id='word_1_589' title='bbox 1238 1928 1355 1963; x_wconf 82' lang='grc' dir='ltr'>πικρῶς.</span> <span class='ocrx_word' id='word_1_590' title='bbox 1381 1928 1473 1955; x_wconf 79' lang='grc' dir='ltr'>Ταῦτα</span> <span class='ocrx_word' id='word_1_591' title='bbox 1491 1929 1545 1964; x_wconf 75' lang='grc' dir='ltr'>ἐγὼ</span> <span class='ocrx_word' id='word_1_592' title='bbox 1559 1931 1589 1957; x_wconf 78' lang='grc' dir='ltr'>οὗ</span> <span class='ocrx_word' id='word_1_593' title='bbox 1604 1930 1693 1966; x_wconf 81' lang='grc' dir='ltr'>βλέπω</span> <span class='ocrx_word' id='word_1_594' title='bbox 1705 1930 1749 1957; x_wconf 79' lang='grc' dir='ltr'>τοῦ</span> <span class='ocrx_word' id='word_1_595' title='bbox 1768 1931 1861 1964; x_wconf 70' lang='grc' dir='ltr'>αὐτεξ-</span> 
     </span>
    </p>
   </div>
   <div class='ocr_carea' id='block_1_83' title="bbox 1071 1975 1861 2011">
    <p class='ocr_par' dir='ltr' id='par_1_83' title="bbox 1071 1975 1861 2011">
     <span class='ocr_line' id='line_1_83' title="bbox 1071 1975 1861 2011; baseline 0.003 -9"><span class='ocrx_word' id='word_1_596' title='bbox 1071 1975 1172 2008; x_wconf 78' lang='grc' dir='ltr'>ουσίου,</span> <span class='ocrx_word' id='word_1_597' title='bbox 1185 1975 1243 2002; x_wconf 75' lang='grc' dir='ltr'>οὐδὲ</span> <span class='ocrx_word' id='word_1_598' title='bbox 1258 1975 1304 2001; x_wconf 79' lang='grc' dir='ltr'>τοῦ</span> <span class='ocrx_word' id='word_1_599' title='bbox 1319 1975 1417 2008; x_wconf 78' lang='grc' dir='ltr'>ζῶντος</span> <span class='ocrx_word' id='word_1_600' title='bbox 1441 1977 1500 2011; x_wconf 79' lang='grc' dir='ltr'>μετ’</span> <span class='ocrx_word' id='word_1_601' title='bbox 1517 1977 1674 2009; x_wconf 86' lang='grc' dir='ltr'>αὑθεντείας</span> <span class='ocrx_word' id='word_1_602' title='bbox 1684 1987 1690 1993; x_wconf 87' lang='grc'><strong>·</strong></span> <span class='ocrx_word' id='word_1_603' title='bbox 1708 1977 1775 2005; x_wconf 73' lang='grc' dir='ltr'>ἀλλὰ</span> <span class='ocrx_word' id='word_1_604' title='bbox 1790 1978 1861 2004; x_wconf 75' lang='grc' dir='ltr'><strong>τούν-</strong></span> 
     </span>
    </p>
   </div>
   <div class='ocr_carea' id='block_1_84' title="bbox 1071 2020 1861 2060">
    <p class='ocr_par' dir='ltr' id='par_1_84' title="bbox 1071 2020 1861 2060">
     <span class='ocr_line' id='line_1_84' title="bbox 1071 2020 1861 2060; baseline 0.004 -12"><span class='ocrx_word' id='word_1_605' title='bbox 1071 2021 1171 2052; x_wconf 86' lang='grc' dir='ltr'>αντίον,</span> <span class='ocrx_word' id='word_1_606' title='bbox 1186 2020 1221 2047; x_wconf 72' lang='grc' dir='ltr'><strong>τὰ</strong></span> <span class='ocrx_word' id='word_1_607' title='bbox 1248 2020 1332 2047; x_wconf 75' lang='grc' dir='ltr'>πολλὰ</span> <span class='ocrx_word' id='word_1_608' title='bbox 1349 2021 1395 2048; x_wconf 75' lang='grc' dir='ltr'>καὶ</span> <span class='ocrx_word' id='word_1_609' title='bbox 1421 2023 1520 2058; x_wconf 87' lang='grc' dir='ltr'>συνεχῆ</span> <span class='ocrx_word' id='word_1_610' title='bbox 1545 2024 1744 2060; x_wconf 82' lang='grc' dir='ltr'>προστάγματα</span> <span class='ocrx_word' id='word_1_611' title='bbox 1757 2024 1861 2051; x_wconf 81' lang='grc' dir='ltr'>ὑποδεί-</span> 
     </span>
    </p>
   </div>
   <div class='ocr_carea' id='block_1_85' title="bbox 1072 2066 1862 2105">
    <p class='ocr_par' dir='ltr' id='par_1_85' title="bbox 1072 2066 1862 2105">
     <span class='ocr_line' id='line_1_85' title="bbox 1072 2066 1862 2105; baseline 0.006 -13"><span class='ocrx_word' id='word_1_612' title='bbox 1072 2066 1149 2093; x_wconf 83' lang='grc' dir='ltr'>κνυσί</span> <span class='ocrx_word' id='word_1_613' title='bbox 1166 2075 1210 2101; x_wconf 88' lang='grc' dir='ltr'><strong>μοι</strong></span> <span class='ocrx_word' id='word_1_614' title='bbox 1223 2066 1366 2102; x_wconf 82' lang='grc' dir='ltr'>ἄνθρωπον</span> <span class='ocrx_word' id='word_1_615' title='bbox 1381 2067 1588 2103; x_wconf 81' lang='grc' dir='ltr'>βασιλευόμενον</span> <span class='ocrx_word' id='word_1_616' title='bbox 1615 2069 1742 2105; x_wconf 76' lang='grc' dir='ltr'>ἰσχυρῶς,</span> <span class='ocrx_word' id='word_1_617' title='bbox 1758 2070 1805 2097; x_wconf 73' lang='grc' dir='ltr'>καὶ</span> <span class='ocrx_word' id='word_1_618' title='bbox 1819 2070 1862 2096; x_wconf 75' lang='grc' dir='ltr'>νό-</span> 
     </span>
    </p>
   </div>
   <div class='ocr_carea' id='block_1_86' title="bbox 1073 2114 1862 2153">
    <p class='ocr_par' dir='ltr' id='par_1_86' title="bbox 1073 2114 1862 2153">
     <span class='ocr_line' id='line_1_86' title="bbox 1073 2114 1862 2153; baseline 0.005 -13"><span class='ocrx_word' id='word_1_619' title='bbox 1073 2123 1133 2150; x_wconf 88' lang='grc' dir='ltr'>μοις</span> <span class='ocrx_word' id='word_1_620' title='bbox 1145 2115 1315 2147; x_wconf 85' lang='grc' dir='ltr'>δεσποτικοῖς</span> <span class='ocrx_word' id='word_1_621' title='bbox 1329 2114 1489 2148; x_wconf 73' lang='grc' dir='ltr'>ὑπεύθυνον,</span> <span class='ocrx_word' id='word_1_622' title='bbox 1505 2116 1551 2142; x_wconf 75' lang='grc' dir='ltr'>καὶ</span> <span class='ocrx_word' id='word_1_623' title='bbox 1565 2116 1614 2152; x_wconf 83' lang='grc' dir='ltr'>τὴν</span> <span class='ocrx_word' id='word_1_624' title='bbox 1633 2117 1862 2153; x_wconf 81' lang='grc' dir='ltr'>κεκανονισμένην</span> 
     </span>
    </p>
   </div>
   <div class='ocr_carea' id='block_1_87' title="bbox 1073 2160 1863 2198">
    <p class='ocr_par' dir='ltr' id='par_1_87' title="bbox 1073 2160 1863 2198">
     <span class='ocr_line' id='line_1_87' title="bbox 1073 2160 1863 2198; baseline 0.006 -13"><span class='ocrx_word' id='word_1_625' title='bbox 1073 2160 1209 2186; x_wconf 73' lang='grc' dir='ltr'>πολιτείαν</span> <span class='ocrx_word' id='word_1_626' title='bbox 1239 2161 1437 2196; x_wconf 82' lang='grc' dir='ltr'>ἀπαιτούμενον</span> <span class='ocrx_word' id='word_1_627' title='bbox 1462 2161 1499 2194; x_wconf 85' lang='grc' dir='ltr'>ὡς</span> <span class='ocrx_word' id='word_1_628' title='bbox 1526 2163 1614 2198; x_wconf 82' lang='grc' dir='ltr'>χρέος.</span> <span class='ocrx_word' id='word_1_629' title='bbox 1638 2163 1732 2198; x_wconf 79' lang='grc' dir='ltr'>Ἡμεῖς</span> <span class='ocrx_word' id='word_1_630' title='bbox 1752 2163 1790 2195; x_wconf 83' lang='grc' dir='ltr'>δὲ,</span> <span class='ocrx_word' id='word_1_631' title='bbox 1805 2163 1863 2195; x_wconf 63' lang='lat' dir='ltr'><strong>arti);</strong></span> 
     </span>
    </p>
   </div>
   <div class='ocr_carea' id='block_1_88' title="bbox 1073 2206 1863 2244">
    <p class='ocr_par' dir='ltr' id='par_1_88' title="bbox 1073 2206 1863 2244">
     <span class='ocr_line' id='line_1_88' title="bbox 1073 2206 1863 2244; baseline 0.005 -12"><span class='ocrx_word' id='word_1_632' title='bbox 1073 2206 1263 2240; x_wconf 85' lang='grc' dir='ltr'>ἀλογίστευτον</span> <span class='ocrx_word' id='word_1_633' title='bbox 1281 2207 1388 2243; x_wconf 74' lang='grc' dir='ltr'>ἔχοντες</span> <span class='ocrx_word' id='word_1_634' title='bbox 1407 2208 1452 2234; x_wconf 70' lang='grc' dir='ltr'>τὸν</span> <span class='ocrx_word' id='word_1_635' title='bbox 1469 2209 1537 2243; x_wconf 79' lang='grc' dir='ltr'>βίον,</span> <span class='ocrx_word' id='word_1_636' title='bbox 1550 2209 1613 2240; x_wconf 76' lang='grc' dir='ltr'>τοὺς</span> <span class='ocrx_word' id='word_1_637' title='bbox 1630 2209 1679 2244; x_wconf 81' lang='grc' dir='ltr'>μὲν</span> <span class='ocrx_word' id='word_1_638' title='bbox 1692 2209 1798 2241; x_wconf 71' lang='grc' dir='ltr'>ἀθλίους</span> <span class='ocrx_word' id='word_1_639' title='bbox 1815 2210 1863 2236; x_wconf 78' lang='grc' dir='ltr'>καὶ</span> 
     </span>
    </p>
   </div>
   <div class='ocr_carea' id='block_1_89' title="bbox 234 2243 1017 2290">
    <p class='ocr_par' dir='ltr' id='par_1_89' title="bbox 234 2254 1017 2288">
     <span class='ocr_line' id='line_1_89' title="bbox 234 2254 1017 2288; baseline 0 -8"><span class='ocrx_word' id='word_1_640' title='bbox 234 2254 317 2281; x_wconf 88' lang='lat' dir='ltr'><strong>stulte</strong></span> <span class='ocrx_word' id='word_1_641' title='bbox 331 2260 508 2288; x_wconf 84' lang='lat' dir='ltr'><strong>anteuterque</strong></span> <span class='ocrx_word' id='word_1_642' title='bbox 520 2254 601 2280; x_wconf 91' lang='lat' dir='ltr'><strong>vitam</strong></span> <span class='ocrx_word' id='word_1_643' title='bbox 619 2254 749 2280; x_wconf 80' lang='lat' dir='ltr'><strong>habemus</strong></span> <span class='ocrx_word' id='word_1_644' title='bbox 760 2273 767 2284; x_wconf 92' lang='lat'><strong>,</strong></span> <span class='ocrx_word' id='word_1_645' title='bbox 782 2258 810 2280; x_wconf 93' lang='lat' dir='ltr'><strong>ut</strong></span> <span class='ocrx_word' id='word_1_646' title='bbox 830 2254 942 2280; x_wconf 85' lang='lat' dir='ltr'><strong>miseros</strong></span> <span class='ocrx_word' id='word_1_647' title='bbox 960 2254 1017 2280; x_wconf 91' lang='lat' dir='ltr'><strong>ino-</strong></span> 
     </span>
    </p>
   </div>
   <div class='ocr_carea' id='block_1_90' title="bbox 1069 2243 1864 2290">
    <p class='ocr_par' dir='ltr' id='par_1_90' title="bbox 1074 2252 1864 2290">
     <span class='ocr_line' id='line_1_90' title="bbox 1074 2252 1864 2290; baseline 0.005 -12"><span class='ocrx_word' id='word_1_648' title='bbox 1074 2252 1238 2288; x_wconf 80' lang='grc' dir='ltr'>πενομένους</span> <span class='ocrx_word' id='word_1_649' title='bbox 1255 2253 1428 2289; x_wconf 79' lang='grc' dir='ltr'>περιορῶμεν</span> <span class='ocrx_word' id='word_1_650' title='bbox 1450 2254 1660 2286; x_wconf 75' lang='grc' dir='ltr'>ἐντελευτῶντας</span> <span class='ocrx_word' id='word_1_651' title='bbox 1687 2256 1746 2286; x_wconf 84' lang='grc' dir='ltr'>ταῖς</span> <span class='ocrx_word' id='word_1_652' title='bbox 1759 2263 1864 2290; x_wconf 72' lang='grc' dir='ltr'>συμφο-</span> 
     </span>
    </p>
   </div>
   <div class='ocr_carea' id='block_1_91' title="bbox 233 2299 1018 2334">
    <p class='ocr_par' dir='ltr' id='par_1_91' title="bbox 233 2299 1018 2334">
     <span class='ocr_line' id='line_1_91' title="bbox 233 2299 1018 2334; baseline -0.001 -8"><span class='ocrx_word' id='word_1_653' title='bbox 233 2307 336 2334; x_wconf 75' lang='lat' dir='ltr'><strong>pesque</strong></span> <span class='ocrx_word' id='word_1_654' title='bbox 349 2299 541 2334; x_wconf 72' lang='lat' dir='ltr'><strong>despiciemus,</strong></span> <span class='ocrx_word' id='word_1_655' title='bbox 557 2307 589 2326; x_wconf 87' lang='lat' dir='ltr'><strong>ac</strong></span> <span class='ocrx_word' id='word_1_656' title='bbox 603 2300 719 2327; x_wconf 82' lang='lat' dir='ltr'><strong>miseriis</strong></span> <span class='ocrx_word' id='word_1_657' title='bbox 742 2300 848 2327; x_wconf 88' lang='lat' dir='ltr'><strong>inunori</strong></span> <span class='ocrx_word' id='word_1_658' title='bbox 868 2301 1018 2334; x_wconf 84' lang='lat' dir='ltr'><strong>patiamur;</strong></span> 
     </span>
    </p>
   </div>
   <div class='ocr_carea' id='block_1_92' title="bbox 234 2344 1019 2379">
    <p class='ocr_par' dir='ltr' id='par_1_92' title="bbox 234 2344 1019 2379">
     <span class='ocr_line' id='line_1_92' title="bbox 234 2344 1019 2379; baseline 0.001 -9"><span class='ocrx_word' id='word_1_659' title='bbox 234 2345 376 2379; x_wconf 78' lang='lat' dir='ltr'><strong>largosque</strong></span> <span class='ocrx_word' id='word_1_660' title='bbox 402 2345 509 2372; x_wconf 86' lang='lat' dir='ltr'><strong>interim</strong></span> <span class='ocrx_word' id='word_1_661' title='bbox 535 2351 657 2379; x_wconf 87' lang='lat' dir='ltr'><strong>sutnptus</strong></span> <span class='ocrx_word' id='word_1_662' title='bbox 688 2345 714 2372; x_wconf 88' lang='lat' dir='ltr'><strong>in</strong></span> <span class='ocrx_word' id='word_1_663' title='bbox 740 2346 820 2372; x_wconf 90' lang='lat' dir='ltr'><strong>rebus</strong></span> <span class='ocrx_word' id='word_1_664' title='bbox 844 2346 920 2372; x_wconf 91' lang='lat' dir='ltr'><strong>vanis</strong></span> <span class='ocrx_word' id='word_1_665' title='bbox 935 2344 1019 2371; x_wconf 85' lang='lat' dir='ltr'><strong>ambi-</strong></span> 
     </span>
    </p>
   </div>
   <div class='ocr_carea' id='block_1_93' title="bbox 236 2391 1019 2425">
    <p class='ocr_par' dir='ltr' id='par_1_93' title="bbox 236 2391 1019 2425">
     <span class='ocr_line' id='line_1_93' title="bbox 236 2391 1019 2425; baseline 0 -8"><span class='ocrx_word' id='word_1_666' title='bbox 236 2392 303 2418; x_wconf 81' lang='lat' dir='ltr'><strong>tiosc</strong></span> <span class='ocrx_word' id='word_1_667' title='bbox 319 2398 468 2425; x_wconf 82' lang='lat' dir='ltr'><strong>ponamus;</strong></span> <span class='ocrx_word' id='word_1_668' title='bbox 486 2391 590 2418; x_wconf 79' lang='lat' dir='ltr'><strong>alamus</strong></span> <span class='ocrx_word' id='word_1_669' title='bbox 607 2391 761 2418; x_wconf 87' lang='lat' dir='ltr'><strong>ltclluonntn</strong></span> <span class='ocrx_word' id='word_1_670' title='bbox 783 2391 951 2418; x_wconf 79' lang='lat' dir='ltr'><strong>adulatorum</strong></span> <span class='ocrx_word' id='word_1_671' title='bbox 965 2395 1019 2417; x_wconf 91' lang='lat' dir='ltr'><strong>tur-</strong></span> 
     </span>
    </p>
   </div>
   <div class='ocr_carea' id='block_1_94' title="bbox 236 2437 1020 2472">
    <p class='ocr_par' dir='ltr' id='par_1_94' title="bbox 236 2437 1020 2472">
     <span class='ocr_line' id='line_1_94' title="bbox 236 2437 1020 2472; baseline 0.001 -10"><span class='ocrx_word' id='word_1_672' title='bbox 236 2438 308 2469; x_wconf 84' lang='lat' dir='ltr'><strong>ham,</strong></span> <span class='ocrx_word' id='word_1_673' title='bbox 328 2445 359 2464; x_wconf 84' lang='lat' dir='ltr'><strong>ac</strong></span> <span class='ocrx_word' id='word_1_674' title='bbox 373 2438 552 2471; x_wconf 81' lang='lat' dir='ltr'><strong>parasitorum</strong></span> <span class='ocrx_word' id='word_1_675' title='bbox 579 2437 725 2464; x_wconf 68' lang='lat' dir='ltr'><strong>infu-licium</strong></span> <span class='ocrx_word' id='word_1_676' title='bbox 752 2438 857 2472; x_wconf 76' lang='lat' dir='ltr'><strong>agmina</strong></span> <span class='ocrx_word' id='word_1_677' title='bbox 884 2437 1020 2463; x_wconf 84' lang='lat' dir='ltr'><strong>individuo</strong></span> 
     </span>
    </p>
   </div>
   <div class='ocr_carea' id='block_1_95' title="bbox 234 2482 1021 2518">
    <p class='ocr_par' dir='ltr' id='par_1_95' title="bbox 234 2482 1021 2518">
     <span class='ocr_line' id='line_1_95' title="bbox 234 2482 1021 2518; baseline 0 -9"><span class='ocrx_word' id='word_1_678' title='bbox 234 2485 361 2510; x_wconf 77' lang='lat' dir='ltr'><strong>comitatu</strong></span> <span class='ocrx_word' id='word_1_679' title='bbox 384 2484 541 2516; x_wconf 88' lang='lat' dir='ltr'><strong>trahamus;</strong></span> <span class='ocrx_word' id='word_1_680' title='bbox 568 2491 728 2518; x_wconf 85' lang='lat' dir='ltr'><strong>rursumque</strong></span> <span class='ocrx_word' id='word_1_681' title='bbox 753 2483 779 2510; x_wconf 92' lang='lat' dir='ltr'><strong>in</strong></span> <span class='ocrx_word' id='word_1_682' title='bbox 805 2482 967 2517; x_wconf 75' lang='lat' dir='ltr'><strong>gladiatores</strong></span> <span class='ocrx_word' id='word_1_683' title='bbox 989 2490 1021 2509; x_wconf 85' lang='lat' dir='ltr'><strong>ac</strong></span> 
     </span>
    </p>
   </div>
   <div class='ocr_carea' id='block_1_96' title="bbox 285 2571 871 2606">
    <p class='ocr_par' dir='ltr' id='par_1_96' title="bbox 285 2571 871 2606">
     <span class='ocr_line' id='line_1_96' title="bbox 285 2571 871 2606; baseline 0.002 -8"><span class='ocrx_word' id='word_1_684' title='bbox 285 2574 308 2590; x_wconf 80' lang='lat'><strong>&quot;</strong></span> <span class='ocrx_word' id='word_1_685' title='bbox 323 2572 375 2598; x_wconf 64' lang='lat' dir='ltr'><strong>lsa.</strong></span> <span class='ocrx_word' id='word_1_686' title='bbox 388 2580 434 2605; x_wconf 90' lang='grc' dir='ltr'>ιιι,</span> <span class='ocrx_word' id='word_1_687' title='bbox 449 2571 485 2598; x_wconf 71' lang='lat'><strong>28</strong></span> <span class='ocrx_word' id='word_1_688' title='bbox 497 2580 558 2606; x_wconf 90' lang='lat' dir='ltr'><strong>sqq.</strong></span> <span class='ocrx_word' id='word_1_689' title='bbox 612 2573 634 2587; x_wconf 82' lang='lat'>&quot;</span> <span class='ocrx_word' id='word_1_690' title='bbox 649 2572 728 2600; x_wconf 80' lang='lat' dir='ltr'><strong>Prov.</strong></span> <span class='ocrx_word' id='word_1_691' title='bbox 749 2580 794 2600; x_wconf 67' lang='grc' dir='ltr'><strong>χιι</strong></span> <span class='ocrx_word' id='word_1_692' title='bbox 805 2595 813 2606; x_wconf 83' lang='grc'><strong>,</strong></span> <span class='ocrx_word' id='word_1_693' title='bbox 830 2573 871 2600; x_wconf 79' lang='grc' dir='ltr'>Η.</span> 
     </span>
    </p>
   </div>
   <div class='ocr_carea' id='block_1_97' title="bbox 274 2661 1019 2699">
    <p class='ocr_par' dir='ltr' id='par_1_97' title="bbox 274 2661 1019 2699">
     <span class='ocr_line' id='line_1_97' title="bbox 274 2661 1019 2699; baseline -0.004 -8"><span class='ocrx_word' id='word_1_694' title='bbox 274 2664 330 2699; x_wconf 84' lang='lat' dir='ltr'><strong>(l6)</strong></span> <span class='ocrx_word' id='word_1_695' title='bbox 354 2663 477 2690; x_wconf 73' lang='lat' dir='ltr'><strong>Parentes</strong></span> <span class='ocrx_word' id='word_1_696' title='bbox 492 2663 554 2699; x_wconf 71' lang='lat' dir='ltr'><strong>[iliis</strong></span> <span class='ocrx_word' id='word_1_697' title='bbox 568 2662 788 2699; x_wconf 76' lang='lat' dir='ltr'><strong>spolia_divident_.</strong></span> <span class='ocrx_word' id='word_1_698' title='bbox 808 2661 886 2699; x_wconf 66' lang='lat' dir='ltr'><strong>Prov.</strong></span> <span class='ocrx_word' id='word_1_699' title='bbox 902 2670 959 2699; x_wconf 67' lang='lat' dir='ltr'><strong>xix.</strong></span> <span class='ocrx_word' id='word_1_700' title='bbox 976 2662 1019 2694; x_wconf 77' lang='grc' dir='ltr'>Η,</span> 
     </span>
    </p>
   </div>
   <div class='ocr_carea' id='block_1_98' title="bbox 238 2695 1020 2734">
    <p class='ocr_par' dir='ltr' id='par_1_98' title="bbox 238 2695 1020 2734">
     <span class='ocr_line' id='line_1_98' title="bbox 238 2695 1020 2734; baseline -0.005 -8"><span class='ocrx_word' id='word_1_701' title='bbox 238 2695 291 2734; x_wconf 81' lang='lat' dir='ltr'><strong>quo</strong></span> <span class='ocrx_word' id='word_1_702' title='bbox 305 2695 427 2725; x_wconf 57' lang='lat' dir='ltr'><strong>Asterius</strong></span> <span class='ocrx_word' id='word_1_703' title='bbox 441 2695 558 2734; x_wconf 77' lang='lat' dir='ltr'><strong>respicit,</strong></span> <span class='ocrx_word' id='word_1_704' title='bbox 568 2695 621 2734; x_wconf 58' lang='lat' dir='ltr'><strong>est,</strong></span> <span class='ocrx_word' id='word_1_705' title='bbox 635 2695 767 2734; x_wconf 21' lang='lat' dir='ltr'><strong>oixovrxal.</strong></span> <span class='ocrx_word' id='word_1_706' title='bbox 776 2696 901 2734; x_wconf 78' lang='grc' dir='ltr'>ὓπαρξιν,</span> <span class='ocrx_word' id='word_1_707' title='bbox 914 2697 1020 2722; x_wconf 85' lang='lat' dir='ltr'><strong>domum</strong></span> 
     </span>
    </p>
   </div>
   <div class='ocr_carea' id='block_1_99' title="bbox 239 2731 1024 2765">
    <p class='ocr_par' dir='ltr' id='par_1_99' title="bbox 239 2731 1024 2765">
     <span class='ocr_line' id='line_1_99' title="bbox 239 2731 1024 2765; baseline -0.006 -4"><span class='ocrx_word' id='word_1_708' title='bbox 239 2731 262 2762; x_wconf 71' lang='grc' dir='ltr'>ἐι</span> <span class='ocrx_word' id='word_1_709' title='bbox 279 2734 451 2760; x_wconf 63' lang='lat' dir='ltr'><strong>substantiam</strong></span> <span class='ocrx_word' id='word_1_710' title='bbox 464 2742 474 2765; x_wconf 87' lang='lat'><strong>;</strong></span> <span class='ocrx_word' id='word_1_711' title='bbox 485 2731 491 2733; x_wconf 58' lang='grc'>⁷</span> <span class='ocrx_word' id='word_1_712' title='bbox 504 2732 587 2759; x_wconf 87' lang='lat' dir='ltr'><strong>voluit</strong></span> <span class='ocrx_word' id='word_1_713' title='bbox 606 2731 673 2759; x_wconf 87' lang='lat' dir='ltr'><strong>forte</strong></span> <span class='ocrx_word' id='word_1_714' title='bbox 697 2733 736 2758; x_wconf 86' lang='lat' dir='ltr'><strong>sic</strong></span> <span class='ocrx_word' id='word_1_715' title='bbox 761 2739 813 2758; x_wconf 91' lang='lat' dir='ltr'><strong>uno</strong></span> <span class='ocrx_word' id='word_1_716' title='bbox 830 2731 911 2758; x_wconf 78' lang='lat' dir='ltr'><strong>verbo</strong></span> <span class='ocrx_word' id='word_1_717' title='bbox 929 2738 1024 2758; x_wconf 90' lang='lat' dir='ltr'><strong>auctor</strong></span> 
     </span>
    </p>
   </div>
   <div class='ocr_carea' id='block_1_100' title="bbox 240 2766 1025 2802">
    <p class='ocr_par' dir='ltr' id='par_1_100' title="bbox 240 2766 1025 2802">
     <span class='ocr_line' id='line_1_100' title="bbox 240 2766 1025 2802; baseline -0.003 -8"><span class='ocrx_word' id='word_1_718' title='bbox 240 2770 343 2801; x_wconf 85' lang='lat' dir='ltr'><strong>dicere;</strong></span> <span class='ocrx_word' id='word_1_719' title='bbox 372 2774 399 2795; x_wconf 87' lang='lat' dir='ltr'><strong>et</strong></span> <span class='ocrx_word' id='word_1_720' title='bbox 431 2769 493 2802; x_wconf 87' lang='lat' dir='ltr'><strong>quia</strong></span> <span class='ocrx_word' id='word_1_721' title='bbox 522 2768 620 2802; x_wconf 78' lang='lat' dir='ltr'><strong>passim</strong></span> <span class='ocrx_word' id='word_1_722' title='bbox 646 2768 672 2793; x_wconf 93' lang='lat' dir='ltr'><strong>in</strong></span> <span class='ocrx_word' id='word_1_723' title='bbox 706 2767 843 2800; x_wconf 72' lang='lat' dir='ltr'><strong>Scriptura</strong></span> <span class='ocrx_word' id='word_1_724' title='bbox 870 2767 969 2792; x_wconf 88' lang='lat' dir='ltr'><strong>mentio</strong></span> <span class='ocrx_word' id='word_1_725' title='bbox 997 2766 1025 2792; x_wconf 88' lang='lat' dir='ltr'><strong>ﬁt</strong></span> 
     </span>
    </p>
   </div>
   <div class='ocr_carea' id='block_1_101' title="bbox 241 2802 1025 2838">
    <p class='ocr_par' dir='ltr' id='par_1_101' title="bbox 241 2802 1025 2838">
     <span class='ocr_line' id='line_1_101' title="bbox 241 2802 1025 2838; baseline 0 -10"><span class='ocrx_word' id='word_1_726' title='bbox 241 2803 380 2830; x_wconf 78' lang='lat' dir='ltr'><strong>divisionis</strong></span> <span class='ocrx_word' id='word_1_727' title='bbox 404 2803 561 2838; x_wconf 85' lang='lat' dir='ltr'><strong>spoliorum.</strong></span> <span class='ocrx_word' id='word_1_728' title='bbox 581 2803 650 2829; x_wconf 85' lang='lat' dir='ltr'><strong>Bene</strong></span> <span class='ocrx_word' id='word_1_729' title='bbox 667 2802 778 2829; x_wconf 74' lang='lat' dir='ltr'><strong>Ducteus</strong></span> <span class='ocrx_word' id='word_1_730' title='bbox 801 2802 954 2836; x_wconf 81' lang='lat' dir='ltr'><strong>interpretis</strong></span> <span class='ocrx_word' id='word_1_731' title='bbox 981 2802 1025 2829; x_wconf 85' lang='lat' dir='ltr'><strong>hic</strong></span> 
     </span>
    </p>
   </div>
   <div class='ocr_carea' id='block_1_102' title="bbox 242 2839 528 2873">
    <p class='ocr_par' dir='ltr' id='par_1_102' title="bbox 242 2839 528 2873">
     <span class='ocr_line' id='line_1_102' title="bbox 242 2839 528 2873; baseline -0.007 -7"><span class='ocrx_word' id='word_1_732' title='bbox 242 2839 345 2873; x_wconf 87' lang='lat' dir='ltr'><strong>lapsum</strong></span> <span class='ocrx_word' id='word_1_733' title='bbox 363 2843 528 2865; x_wconf 80' lang='lat' dir='ltr'><strong>correxeral.</strong></span> 
     </span>
    </p>
   </div>
   <div class='ocr_carea' id='block_1_103' title="bbox 277 2871 1026 2908">
    <p class='ocr_par' dir='ltr' id='par_1_103' title="bbox 277 2871 1026 2908">
     <span class='ocr_line' id='line_1_103' title="bbox 277 2871 1026 2908; baseline -0.004 -8"><span class='ocrx_word' id='word_1_734' title='bbox 277 2873 332 2908; x_wconf 83' lang='grc'><strong>(17)</strong></span> <span class='ocrx_word' id='word_1_735' title='bbox 354 2873 562 2908; x_wconf 22' lang='grc' dir='ltr'>ριιοιηοιίοναςεε</span> <span class='ocrx_word' id='word_1_736' title='bbox 575 2873 600 2900; x_wconf 87' lang='lat' dir='ltr'><strong>in</strong></span> <span class='ocrx_word' id='word_1_737' title='bbox 613 2872 764 2903; x_wconf 75' lang='lat' dir='ltr'><strong>crastinum,</strong></span> <span class='ocrx_word' id='word_1_738' title='bbox 774 2871 836 2904; x_wconf 76' lang='grc' dir='ltr'><strong>πῶς</strong></span> <span class='ocrx_word' id='word_1_739' title='bbox 852 2871 965 2904; x_wconf 78' lang='grc' dir='ltr'>διάξεις</span> <span class='ocrx_word' id='word_1_740' title='bbox 979 2871 1026 2898; x_wconf 74' lang='grc' dir='ltr'><strong>ἐπὶ</strong></span> 
     </span>
    </p>
   </div>
   <div class='ocr_carea' id='block_1_104' title="bbox 241 2907 1026 2944">
    <p class='ocr_par' dir='ltr' id='par_1_104' title="bbox 241 2907 1026 2944">
     <span class='ocr_line' id='line_1_104' title="bbox 241 2907 1026 2944; baseline -0.004 -8"><span class='ocrx_word' id='word_1_741' title='bbox 241 2907 297 2944; x_wconf 59' lang='grc' dir='ltr'><strong>τῆξ*</strong></span> <span class='ocrx_word' id='word_1_742' title='bbox 308 2907 478 2943; x_wconf 77' lang='grc' dir='ltr'>ὕστεραίας.</span> <span class='ocrx_word' id='word_1_743' title='bbox 491 2907 572 2936; x_wconf 85' lang='lat' dir='ltr'><strong>Plana</strong></span> <span class='ocrx_word' id='word_1_744' title='bbox 585 2912 625 2936; x_wconf 84' lang='lat' dir='ltr'><strong>cst</strong></span> <span class='ocrx_word' id='word_1_745' title='bbox 637 2907 731 2935; x_wconf 78' lang='lat' dir='ltr'><strong>allusio</strong></span> <span class='ocrx_word' id='word_1_746' title='bbox 740 2909 772 2935; x_wconf 88' lang='lat' dir='ltr'><strong>ad</strong></span> <span class='ocrx_word' id='word_1_747' title='bbox 780 2907 866 2934; x_wconf 85' lang='lat' dir='ltr'><strong>locum</strong></span> <span class='ocrx_word' id='word_1_748' title='bbox 882 2909 1026 2941; x_wconf 82' lang='lat' dir='ltr'><strong>ascriptum</strong></span> 
     </span>
    </p>
   </div>
   <div class='ocr_carea' id='block_1_105' title="bbox 925 2571 1061 2600">
    <p class='ocr_par' dir='ltr' id='par_1_105' title="bbox 925 2571 1061 2600">
     <span class='ocr_line' id='line_1_105' title="bbox 925 2571 1061 2600; baseline 0.015 -2"><span class='ocrx_word' id='word_1_749' title='bbox 925 2572 947 2587; x_wconf 77' lang='lat'><em>“</em></span> <span class='ocrx_word' id='word_1_750' title='bbox 968 2571 1061 2600; x_wconf 76' lang='lat' dir='ltr'><strong>Matth.</strong></span> 
     </span>
    </p>
   </div>
   <div class='ocr_carea' id='block_1_106' title="bbox 1075 2299 1864 2339">
    <p class='ocr_par' dir='ltr' id='par_1_106' title="bbox 1075 2299 1864 2339">
     <span class='ocr_line' id='line_1_106' title="bbox 1075 2299 1864 2339; baseline 0.001 -13"><span class='ocrx_word' id='word_1_751' title='bbox 1075 2299 1150 2334; x_wconf 77' lang='grc' dir='ltr'>ραῖς”</span> <span class='ocrx_word' id='word_1_752' title='bbox 1176 2301 1221 2339; x_wconf 69' lang='grc' dir='ltr'>καὶ</span> <span class='ocrx_word' id='word_1_753' title='bbox 1233 2299 1416 2334; x_wconf 71' lang='grc' dir='ltr'>δαπανιῦμεϐα</span> <span class='ocrx_word' id='word_1_754' title='bbox 1439 2300 1467 2326; x_wconf 84' lang='grc' dir='ltr'><strong>δὲ</strong></span> <span class='ocrx_word' id='word_1_755' title='bbox 1479 2300 1627 2336; x_wconf 83' lang='grc' dir='ltr'>φιλοτίμως</span> <span class='ocrx_word' id='word_1_756' title='bbox 1640 2302 1698 2332; x_wconf 85' lang='grc' dir='ltr'>ταῖς</span> <span class='ocrx_word' id='word_1_757' title='bbox 1716 2300 1864 2336; x_wconf 81' lang='grc' dir='ltr'>ματαιότη-</span> 
     </span>
    </p>
   </div>
   <div class='ocr_carea' id='block_1_107' title="bbox 1075 2345 1863 2383">
    <p class='ocr_par' dir='ltr' id='par_1_107' title="bbox 1075 2345 1863 2383">
     <span class='ocr_line' id='line_1_107' title="bbox 1075 2345 1863 2383; baseline 0.004 -12"><span class='ocrx_word' id='word_1_758' title='bbox 1075 2353 1126 2377; x_wconf 88' lang='grc' dir='ltr'>σιν,</span> <span class='ocrx_word' id='word_1_759' title='bbox 1142 2345 1263 2372; x_wconf 78' lang='grc' dir='ltr'>κολάκων</span> <span class='ocrx_word' id='word_1_760' title='bbox 1273 2345 1373 2380; x_wconf 83' lang='grc' dir='ltr'>πλῆθος</span> <span class='ocrx_word' id='word_1_761' title='bbox 1385 2345 1496 2372; x_wconf 85' lang='grc' dir='ltr'>ἀσώτων</span> <span class='ocrx_word' id='word_1_762' title='bbox 1505 2346 1658 2382; x_wconf 70' lang='grc' dir='ltr'>τρέφοντες,</span> <span class='ocrx_word' id='word_1_763' title='bbox 1669 2347 1716 2373; x_wconf 76' lang='grc' dir='ltr'><strong>καὶ</strong></span> <span class='ocrx_word' id='word_1_764' title='bbox 1729 2347 1863 2383; x_wconf 79' lang='grc' dir='ltr'>φρατρίας</span> 
     </span>
    </p>
   </div>
   <div class='ocr_carea' id='block_1_108' title="bbox 1074 2390 1862 2428">
    <p class='ocr_par' dir='ltr' id='par_1_108' title="bbox 1074 2390 1862 2428">
     <span class='ocr_line' id='line_1_108' title="bbox 1074 2390 1862 2428; baseline 0 -10"><span class='ocrx_word' id='word_1_765' title='bbox 1074 2393 1275 2427; x_wconf 75' lang='grc' dir='ltr'>κακοδαιμόνων</span> <span class='ocrx_word' id='word_1_766' title='bbox 1287 2392 1442 2428; x_wconf 80' lang='grc' dir='ltr'>παρασίτων</span> <span class='ocrx_word' id='word_1_767' title='bbox 1456 2392 1646 2427; x_wconf 71' lang='grc' dir='ltr'>ἐπισυρόμενοι</span> <span class='ocrx_word' id='word_1_768' title='bbox 1655 2401 1663 2408; x_wconf 74' lang='grc' dir='ltr'><strong>ο</strong></span> <span class='ocrx_word' id='word_1_769' title='bbox 1679 2390 1756 2424; x_wconf 84' lang='grc' dir='ltr'>αὖθις</span> <span class='ocrx_word' id='word_1_770' title='bbox 1769 2392 1862 2427; x_wconf 85' lang='grc' dir='ltr'>θηριο-</span> 
     </span>
    </p>
   </div>
   <div class='ocr_carea' id='block_1_109' title="bbox 1076 2437 1865 2473">
    <p class='ocr_par' dir='ltr' id='par_1_109' title="bbox 1076 2437 1865 2473">
     <span class='ocr_line' id='line_1_109' title="bbox 1076 2437 1865 2473; baseline -0.001 -9"><span class='ocrx_word' id='word_1_771' title='bbox 1076 2437 1170 2472; x_wconf 82' lang='grc' dir='ltr'>μάχοις</span> <span class='ocrx_word' id='word_1_772' title='bbox 1192 2438 1238 2464; x_wconf 70' lang='grc' dir='ltr'>καὶ</span> <span class='ocrx_word' id='word_1_773' title='bbox 1261 2437 1365 2472; x_wconf 71' lang='grc' dir='ltr'>Θηρίοις</span> <span class='ocrx_word' id='word_1_774' title='bbox 1384 2437 1576 2473; x_wconf 76' lang='grc' dir='ltr'>σκορπίζοντες</span> <span class='ocrx_word' id='word_1_775' title='bbox 1598 2437 1643 2464; x_wconf 80' lang='grc' dir='ltr'><strong>τὸν</strong></span> <span class='ocrx_word' id='word_1_776' title='bbox 1673 2437 1796 2467; x_wconf 82' lang='grc' dir='ltr'>πλοῦτον,</span> <span class='ocrx_word' id='word_1_777' title='bbox 1812 2437 1865 2463; x_wconf 82' lang='grc' dir='ltr'>κάν</span> 
     </span>
    </p>
   </div>
   <div class='ocr_carea' id='block_1_110' title="bbox 1075 2483 1862 2520">
    <p class='ocr_par' dir='ltr' id='par_1_110' title="bbox 1075 2483 1862 2520">
     <span class='ocr_line' id='line_1_110' title="bbox 1075 2483 1862 2520; baseline 0.001 -11"><span class='ocrx_word' id='word_1_778' title='bbox 1075 2484 1134 2515; x_wconf 84' lang='grc' dir='ltr'>ταῖς</span> <span class='ocrx_word' id='word_1_779' title='bbox 1160 2484 1353 2520; x_wconf 81' lang='grc' dir='ltr'>ἱπποτροφίαις</span> <span class='ocrx_word' id='word_1_780' title='bbox 1373 2484 1480 2516; x_wconf 76' lang='grc' dir='ltr'>οὐδενὸς</span> <span class='ocrx_word' id='word_1_781' title='bbox 1504 2484 1557 2511; x_wconf 82' lang='grc' dir='ltr'>τῶν</span> <span class='ocrx_word' id='word_1_782' title='bbox 1585 2484 1668 2511; x_wconf 73' lang='grc' dir='ltr'>ὄντων</span> <span class='ocrx_word' id='word_1_783' title='bbox 1694 2483 1862 2519; x_wconf 61' lang='grc' dir='ltr'>φειδόμενον</span> 
     </span>
    </p>
   </div>
   <div class='ocr_carea' id='block_1_111' title="bbox 1076 2573 1174 2604">
    <p class='ocr_par' dir='ltr' id='par_1_111' title="bbox 1076 2573 1174 2604">
     <span class='ocr_line' id='line_1_111' title="bbox 1076 2573 1174 2604; baseline 0.01 -6"><span class='ocrx_word' id='word_1_784' title='bbox 1076 2580 1112 2604; x_wconf 86' lang='lat' dir='ltr'><strong>vt,</strong></span> <span class='ocrx_word' id='word_1_785' title='bbox 1130 2573 1174 2600; x_wconf 63' lang='grc'><strong>54.</strong></span> 
     </span>
    </p>
   </div>
   <div class='ocr_carea' id='block_1_112' title="bbox 1076 2659 1862 2696">
    <p class='ocr_par' dir='ltr' id='par_1_112' title="bbox 1076 2659 1862 2696">
     <span class='ocr_line' id='line_1_112' title="bbox 1076 2659 1862 2696; baseline -0.003 -8"><span class='ocrx_word' id='word_1_786' title='bbox 1076 2661 1200 2696; x_wconf 82' lang='lat' dir='ltr'><strong>margini,</strong></span> <span class='ocrx_word' id='word_1_787' title='bbox 1220 2669 1273 2696; x_wconf 86' lang='lat' dir='ltr'><strong>quo</strong></span> <span class='ocrx_word' id='word_1_788' title='bbox 1291 2661 1449 2695; x_wconf 86' lang='lat' dir='ltr'><strong>prohibetur</strong></span> <span class='ocrx_word' id='word_1_789' title='bbox 1463 2670 1495 2689; x_wconf 90' lang='lat' dir='ltr'><strong>ne</strong></span> <span class='ocrx_word' id='word_1_790' title='bbox 1509 2661 1594 2688; x_wconf 83' lang='lat' dir='ltr'><strong>simus</strong></span> <span class='ocrx_word' id='word_1_791' title='bbox 1609 2661 1642 2687; x_wconf 89' lang='lat' dir='ltr'><strong>de</strong></span> <span class='ocrx_word' id='word_1_792' title='bbox 1655 2661 1774 2687; x_wconf 84' lang='lat' dir='ltr'><strong>crastino</strong></span> <span class='ocrx_word' id='word_1_793' title='bbox 1790 2659 1862 2686; x_wconf 79' lang='lat' dir='ltr'><strong>solli-</strong></span> 
     </span>
    </p>
   </div>
   <div class='ocr_carea' id='block_1_113' title="bbox 1077 2697 1864 2729">
    <p class='ocr_par' dir='ltr' id='par_1_113' title="bbox 1077 2697 1864 2729">
     <span class='ocr_line' id='line_1_113' title="bbox 1077 2697 1864 2729; baseline -0.004 -6"><span class='ocrx_word' id='word_1_794' title='bbox 1077 2698 1134 2726; x_wconf 83' lang='lat' dir='ltr'><strong>citi,</strong></span> <span class='ocrx_word' id='word_1_795' title='bbox 1150 2701 1231 2729; x_wconf 89' lang='lat' dir='ltr'><strong>utque</strong></span> <span class='ocrx_word' id='word_1_796' title='bbox 1247 2697 1272 2722; x_wconf 95' lang='lat' dir='ltr'><strong>in</strong></span> <span class='ocrx_word' id='word_1_797' title='bbox 1288 2704 1320 2722; x_wconf 85' lang='lat' dir='ltr'><strong>co</strong></span> <span class='ocrx_word' id='word_1_798' title='bbox 1333 2697 1417 2724; x_wconf 86' lang='lat' dir='ltr'><strong>simus</strong></span> <span class='ocrx_word' id='word_1_799' title='bbox 1432 2697 1537 2726; x_wconf 88' lang='lat' dir='ltr'><strong>victuri.</strong></span> <span class='ocrx_word' id='word_1_800' title='bbox 1558 2704 1589 2722; x_wconf 88' lang='lat' dir='ltr'><strong>ac</strong></span> <span class='ocrx_word' id='word_1_801' title='bbox 1604 2703 1647 2722; x_wconf 82' lang='lat' dir='ltr'><strong>res</strong></span> <span class='ocrx_word' id='word_1_802' title='bbox 1662 2699 1769 2722; x_wconf 83' lang='lat' dir='ltr'><strong>nostras</strong></span> <span class='ocrx_word' id='word_1_803' title='bbox 1788 2702 1864 2721; x_wconf 80' lang='lat' dir='ltr'><strong>enm-</strong></span> 
     </span>
    </p>
   </div>
   <div class='ocr_carea' id='block_1_114' title="bbox 1077 2730 1862 2766">
    <p class='ocr_par' dir='ltr' id='par_1_114' title="bbox 1077 2730 1862 2766">
     <span class='ocr_line' id='line_1_114' title="bbox 1077 2730 1862 2766; baseline -0.003 -10"><span class='ocrx_word' id='word_1_804' title='bbox 1077 2732 1196 2766; x_wconf 80' lang='lat' dir='ltr'><strong>paraturi</strong></span> <span class='ocrx_word' id='word_1_805' title='bbox 1213 2739 1218 2756; x_wconf 95' lang='lat'><strong>:</strong></span> <span class='ocrx_word' id='word_1_806' title='bbox 1237 2738 1288 2757; x_wconf 88' lang='lat' dir='ltr'><strong>non</strong></span> <span class='ocrx_word' id='word_1_807' title='bbox 1301 2733 1371 2765; x_wconf 85' lang='lat' dir='ltr'><strong>quod</strong></span> <span class='ocrx_word' id='word_1_808' title='bbox 1387 2732 1472 2758; x_wconf 86' lang='lat' dir='ltr'><strong>reddit</strong></span> <span class='ocrx_word' id='word_1_809' title='bbox 1488 2733 1629 2766; x_wconf 71' lang='lat' dir='ltr'><strong>interpres,</strong></span> <span class='ocrx_word' id='word_1_810' title='bbox 1640 2730 1862 2766; x_wconf 55' lang='lat' dir='ltr'><strong>quemadmodum</strong></span> 
     </span>
    </p>
   </div>
   <div class='ocr_carea' id='block_1_115' title="bbox 1078 2765 1863 2800">
    <p class='ocr_par' dir='ltr' id='par_1_115' title="bbox 1078 2765 1863 2800">
     <span class='ocr_line' id='line_1_115' title="bbox 1078 2765 1863 2800; baseline -0.003 -8"><span class='ocrx_word' id='word_1_811' title='bbox 1078 2765 1111 2792; x_wconf 62' lang='lat' dir='ltr'><strong>ad</strong></span> <span class='ocrx_word' id='word_1_812' title='bbox 1123 2766 1191 2792; x_wconf 81' lang='lat' dir='ltr'><strong>diem</strong></span> <span class='ocrx_word' id='word_1_813' title='bbox 1212 2767 1355 2792; x_wconf 72' lang='lat' dir='ltr'><strong>crastinum</strong></span> <span class='ocrx_word' id='word_1_814' title='bbox 1376 2767 1516 2800; x_wconf 68' lang='lat' dir='ltr'><strong>perveniet.</strong></span> <span class='ocrx_word' id='word_1_815' title='bbox 1536 2765 1580 2792; x_wconf 90' lang='lat' dir='ltr'><strong>Sic</strong></span> <span class='ocrx_word' id='word_1_816' title='bbox 1596 2766 1695 2799; x_wconf 72' lang='lat' dir='ltr'><strong>passim</strong></span> <span class='ocrx_word' id='word_1_817' title='bbox 1716 2765 1863 2797; x_wconf 72' lang='lat' dir='ltr'><strong>Scripturze</strong></span> 
     </span>
    </p>
   </div>
   <div class='ocr_carea' id='block_1_116' title="bbox 1081 2799 1863 2835">
    <p class='ocr_par' dir='ltr' id='par_1_116' title="bbox 1081 2799 1863 2835">
     <span class='ocr_line' id='line_1_116' title="bbox 1081 2799 1863 2835; baseline -0.004 -7"><span class='ocrx_word' id='word_1_818' title='bbox 1081 2802 1136 2828; x_wconf 85' lang='lat' dir='ltr'><strong>loca</strong></span> <span class='ocrx_word' id='word_1_819' title='bbox 1155 2801 1242 2828; x_wconf 85' lang='lat' dir='ltr'><strong>minus</strong></span> <span class='ocrx_word' id='word_1_820' title='bbox 1256 2801 1445 2828; x_wconf 78' lang='lat' dir='ltr'><strong>animadvertit</strong></span> <span class='ocrx_word' id='word_1_821' title='bbox 1466 2809 1498 2829; x_wconf 84' lang='lat' dir='ltr'><strong>ac</strong></span> <span class='ocrx_word' id='word_1_822' title='bbox 1521 2802 1658 2835; x_wconf 75' lang='lat' dir='ltr'><strong>exprimit,</strong></span> <span class='ocrx_word' id='word_1_823' title='bbox 1678 2802 1748 2834; x_wconf 88' lang='lat' dir='ltr'><strong>quod</strong></span> <span class='ocrx_word' id='word_1_824' title='bbox 1769 2806 1819 2832; x_wconf 76' lang='lat' dir='ltr'><strong>ego</strong></span> <span class='ocrx_word' id='word_1_825' title='bbox 1836 2799 1863 2825; x_wconf 91' lang='lat' dir='ltr'><strong>in</strong></span> 
     </span>
    </p>
   </div>
   <div class='ocr_carea' id='block_1_117' title="bbox 1081 2836 1862 2869">
    <p class='ocr_par' dir='ltr' id='par_1_117' title="bbox 1081 2836 1862 2869">
     <span class='ocr_line' id='line_1_117' title="bbox 1081 2836 1862 2869; baseline -0.004 -6"><span class='ocrx_word' id='word_1_826' title='bbox 1081 2837 1190 2863; x_wconf 80' lang='lat' dir='ltr'><strong>Patrum</strong></span> <span class='ocrx_word' id='word_1_827' title='bbox 1201 2836 1359 2863; x_wconf 81' lang='lat' dir='ltr'><strong>Gneeorum</strong></span> <span class='ocrx_word' id='word_1_828' title='bbox 1369 2837 1525 2869; x_wconf 78' lang='lat' dir='ltr'><strong>interprete,</strong></span> <span class='ocrx_word' id='word_1_829' title='bbox 1542 2836 1650 2862; x_wconf 74' lang='lat' dir='ltr'><strong>maximi</strong></span> <span class='ocrx_word' id='word_1_830' title='bbox 1664 2843 1720 2862; x_wconf 87' lang='lat' dir='ltr'><strong>rem</strong></span> <span class='ocrx_word' id='word_1_831' title='bbox 1734 2839 1862 2861; x_wconf 84' lang='lat' dir='ltr'><strong>momenti</strong></span> 
     </span>
    </p>
   </div>
   <div class='ocr_carea' id='block_1_118' title="bbox 1081 2869 1866 2906">
    <p class='ocr_par' dir='ltr' id='par_1_118' title="bbox 1081 2869 1866 2906">
     <span class='ocr_line' id='line_1_118' title="bbox 1081 2869 1866 2906; baseline -0.004 -8"><span class='ocrx_word' id='word_1_832' title='bbox 1081 2871 1219 2902; x_wconf 76' lang='lat' dir='ltr'><strong>existimo;</strong></span> <span class='ocrx_word' id='word_1_833' title='bbox 1234 2879 1293 2898; x_wconf 91' lang='lat' dir='ltr'><strong>cum</strong></span> <span class='ocrx_word' id='word_1_834' title='bbox 1309 2871 1334 2897; x_wconf 91' lang='lat' dir='ltr'><strong>in</strong></span> <span class='ocrx_word' id='word_1_835' title='bbox 1351 2871 1414 2903; x_wconf 88' lang='lat' dir='ltr'><strong>illis,</strong></span> <span class='ocrx_word' id='word_1_836' title='bbox 1430 2871 1551 2906; x_wconf 75' lang='lat' dir='ltr'><strong>sciteque</strong></span> <span class='ocrx_word' id='word_1_837' title='bbox 1562 2878 1656 2897; x_wconf 87' lang='lat' dir='ltr'><strong>eorum</strong></span> <span class='ocrx_word' id='word_1_838' title='bbox 1669 2878 1729 2901; x_wconf 81' lang='lat' dir='ltr'><strong>usu,</strong></span> <span class='ocrx_word' id='word_1_839' title='bbox 1746 2869 1866 2904; x_wconf 70' lang='lat' dir='ltr'><strong>plurima</strong></span> 
     </span>
    </p>
   </div>
   <div class='ocr_carea' id='block_1_119' title="bbox 1083 2905 1720 2934">
    <p class='ocr_par' dir='ltr' id='par_1_119' title="bbox 1083 2905 1720 2934">
     <span class='ocr_line' id='line_1_119' title="bbox 1083 2905 1720 2934; baseline -0.005 0"><span class='ocrx_word' id='word_1_840' title='bbox 1083 2906 1122 2934; x_wconf 87' lang='lat' dir='ltr'><strong>vis</strong></span> <span class='ocrx_word' id='word_1_841' title='bbox 1134 2913 1166 2934; x_wconf 85' lang='lat' dir='ltr'><strong>ac</strong></span> <span class='ocrx_word' id='word_1_842' title='bbox 1177 2906 1258 2934; x_wconf 84' lang='lat' dir='ltr'><strong>decor</strong></span> <span class='ocrx_word' id='word_1_843' title='bbox 1268 2905 1423 2934; x_wconf 81' lang='lat' dir='ltr'><strong>earumdem</strong></span> <span class='ocrx_word' id='word_1_844' title='bbox 1436 2905 1589 2934; x_wconf 82' lang='lat' dir='ltr'><strong>sermonum</strong></span> <span class='ocrx_word' id='word_1_845' title='bbox 1604 2909 1720 2934; x_wconf 83' lang='lat' dir='ltr'><strong>constet.</strong></span> 
     </span>
    </p>
   </div>
  </div>
