2076 3155
197 171 249 200 189

677 168 818 196 HOMILIA
840 167 870 195 ΙΙ.
892 167 936 195 DE
956 167 1142 196 υΕΕΟλΟΜΟ
1162 166 1380 200 ΙΜΟΓΙΤΑΤΙΞ.

1775 169 1825 196 193

201 231 247 256 καὶ
260 228 340 255 πάλιν
367 227 589 262 θαυματοποιοῖς,
607 226 653 254 καὶ
675 226 778 262 μίμοις,
797 227 912 258 καὶτοῖς
928 227 990 262 ἑξῆς

1054 234 1123 258 eras,
1143 226 1307 260 alcndosque
1323 233 1417 261 equos,
1436 226 1507 253 nulla
1527 227 1706 261 impensarum
1721 228 1827 256 ratione

200 273 331 310 ὀλεθρίοις
350 271 525 303 δαπανῶντες
550 272 599 308 τὴν
626 271 766 307 εὐπορίαν.
793 272 848 298 Καὶ
872 272 988 306 πρᾶγμα

201 321 339 356 πάσχομεν
348 319 436 351 κενὸν,
451 318 498 345 καὶ
513 319 611 353 μανίας
622 317 714 352 ἐγγύς.
732 317 817 344 Ἔνθα
840 317 889 352 μὲν
908 316 989 352 γὰρὴ

200 366 306 400 δαπάνη
326 364 403 400 φέρει
430 363 459 389 τὸ
485 362 579 398 κέρδος
605 362 753 397 ἀνάριθμον
775 362 823 389 καὶ
856 361 991 396 σωτηρίαν

201 412 346 442 ἀθάνατον,
368 409 514 445 συνέχομεν
532 408 652 444 σφοδρῶς
663 408 694 434 τὺ
710 408 852 444 ἀργύριον,
872 408 909 439 ὡς
926 407 993 443 μηδὲ

203 457 311 492 ὀλίγους
327 456 435 487 όὸολοῡς
454 455 502 490 τῆς
515 454 605 490 χειρὸς
630 455 773 480 ἐκπεσεῖν·
789 454 854 480 ὅπου
865 453 893 480 δὲ
907 454 995 489 ἁμαρ-

156 516 159 520 ·
205 503 272 530 τιῶν
285 503 390 537 γίνεται
415 501 445 528 τὸ
461 500 591 535 ἀνάλωμα
605 500 652 527 καὶ
681 499 785 535 μυρίων
801 499 937 526 κολάσεων
953 498 995 526 αἰ-

206 557 273 580 τιον,
286 548 332 575 καὶ
343 547 428 582 αὐτῆς
445 555 477 581 γε
489 546 539 582 τῆς
558 546 602 572 διὰ
624 545 708 580 πυρὸς
722 545 866 581 τιμωρίας,
882 545 996 571 αὐτοκέ-

207 595 311 626 λευστοι
325 593 431 628 ρὲομεν.
455 592 487 618 Ἣ
503 591 640 626 φιλοτιμία
650 590 836 626 προλαμϐάνει
849 590 897 625 τὴν
917 589 995 625 αἴτη-

208 646 263 665 σιν·
279 639 325 665 καὶ
335 639 425 670 πάσας
442 638 524 674 θύρας
540 637 704 670 ἀνοίξαντες,
726 637 841 672 ἀφίεμεν
854 637 899 663 τὸν
913 637 994 664 πλοῦ-

205 693 250 711 τον
263 683 331 719 πρὸς
349 684 411 716 τοὺς
428 683 480 716 ἕξω
496 684 604 719 χωρεῖν.
621 683 706 709 Τοῦτο
718 683 745 709 δὲ
762 683 791 710 τό
807 683 934 718 φρόνημα
946 683 995 709 οὐκ

205 729 262 760 ἐστι
273 729 373 756 δούλων
383 729 572 764 ἀναμενόντων
581 728 626 755 τὸν
640 728 744 763 κύριον,
761 727 829 754 ἀλλὰ
839 728 906 754 νέων
922 727 994 754 ἀσώ-

205 785 268 809 των,
284 775 449 811 κωμαστῶν,
465 774 632 802 ἀκολάστων.

1043 272 1132 300 habita
1146 292 1154 304 ,
1169 280 1235 306 opes
1252 272 1455 307 dispergamus;
1480 272 1596 306 denique
1607 273 1632 299 in
1651 273 1827 308 praestigiato-

1044 326 1087 345 res
1103 326 1134 345 ac
1151 318 1247 345 mimos
1269 319 1390 353 aliosque
1403 319 1600 353 perditissimos
1623 319 1745 346 homines
1760 321 1828 346 divi-

1047 364 1097 390 tias
1112 372 1320 397 consumamus,
1347 369 1427 398 atque
1452 365 1519 392 adeo
1541 365 1651 391 stultum
1668 366 1730 400 quid
1745 373 1776 393 ac
1788 366 1828 392 iu-

1046 409 1129 436 saniae
1150 417 1260 444 prorsus
1280 410 1361 436 alline
1381 409 1531 436 faciamus?
1548 410 1597 437 Ubi
1615 411 1686 437 enim
1708 411 1828 446 impensa

1043 454 1146 481 luerunt
1174 454 1362 482 inwstimabile
1393 462 1424 481 ac
1449 459 1575 482 attentam
1603 455 1679 482 all‘ert
1702 456 1828 488 salutem,

1044 507 1199 534 compressa
1215 508 1293 526 manu
1313 501 1453 534 pecuniam
1472 501 1628 528 cuhibemus
1639 521 1646 533 ,
1661 506 1689 528 ut
1704 509 1738 528 ne
1751 502 1828 536 pauci

1045 547 1155 580 quidem
1186 546 1257 573 oboli
1285 547 1589 578 excidantutbiantem
1619 547 1652 574 de
1681 546 1830 582 sutnptibus

1044 592 1195 619 istiusmodi
1219 592 1316 627 agitur,
1345 599 1412 626 quos
1433 597 1459 618 et
1479 597 1588 627 peccata
1615 593 1788 626 comitamur,
1803 597 1832 620 et

1044 645 1129 672 paenae
1155 637 1283 669 inﬁnitas,
1302 646 1333 665 ac
1357 639 1395 664 vel
1416 639 1501 672 ipsum
1524 639 1594 672 ignis
1612 638 1771 673 supplicium
1785 645 1830 666 se»

1045 684 1146 718 quitur.
1166 682 1236 710 ultro
1258 691 1323 719 opes
1348 683 1520 712 effundimus.
1537 684 1655 719 Largitio
1669 691 1700 711 ac
1716 683 1834 712 liberali-

1047 733 1088 756 tas
1104 729 1160 764 (18)
1177 729 1333 762 petitionem
1358 735 1487 764 occupat;
1512 734 1621 764 totoque
1645 736 1739 764 aperto
1753 730 1833 762 ostio,

1048 775 1157 803 divitias
1172 776 1203 802 ad
1220 781 1366 803 extraneos
1387 777 1461 803 exire
1483 777 1676 810 permittimus.
1697 777 1747 811 Qui
1769 785 1835 805 sane

207 829 259 850 non
276 827 317 849 est
330 829 426 848 sensus
443 821 602 854 animusque
617 827 756 846 servorum
776 819 990 853 exspectantium
1011 820 1161 856 dominum,
1178 823 1224 850 sed
1239 823 1366 857 jnvemnn
1402 822 1554 850 belluonum
1567 843 1575 856 ,
1610 830 1835 860 comessatorum,

207 868 373 901 luxurimqite
398 874 430 893 ac
445 865 628 900 voluptatibus
651 865 811 892 deditorum.

241 913 274 940 Εἰ
298 912 326 939 δὲ
348 912 446 943 θέλεις,
465 912 478 938 ὁ
493 910 641 947 ἀκροατὴς,
668 910 730 936 ἰδεῖν
745 909 885 944 οἰκονόμου
907 909 997 944 φόϐον,

1086 909 1161 942 Quod
1178 910 1210 942 si,
1223 911 1339 942 auditor,
1362 911 1452 938 videre
1466 911 1615 946 desideras,
1629 921 1709 948 quam
1723 914 1837 942 sollicite

209 958 279 996 μετὰ
295 959 346 994 τῆς
361 957 499 993 σώφρονος
512 956 654 988 εὐλαϐείας
667 956 829 987 διοικοῦντος
841 955 876 982 τὰ
889 964 999 982 ’κιο-τευ⁶

208 1005 298 1038 θέντα,
314 1003 466 1036 ἀνάπτυξον
486 1003 535 1039 τὴν
548 1003 637 1038 βίϐλον
651 1002 700 1029 τοῦ
712 1001 807 1028 Δαὸίδ·
834 1001 949 1037 ζήτησον
970 1002 998 1027 ὲ-

208 1051 315 1082 κείνους
328 1051 390 1082 τοὺς
407 1049 502 1084 λόγους
512 1049 575 1075 ἔνθα
590 1049 673 1084 φησὶν
688 1048 755 1084 πρὸς
763 1048 807 1074 τὸν
820 1047 885 1074 Θεὸν
893 1047 907 1073 ὁ
918 1047 998 1082 ἀνὴρ,

208 1095 442 1132 πολυπραγμονῶν
464 1094 510 1122 τοῦ
530 1093 594 1121 ἰδίου
616 1094 710 1124 τέλους
740 1093 790 1128 τὴν
812 1092 979 1128 προθεσμίαν
992 1101 998 1107 -

209 1140 364 1175 Γνώρισόν
399 1149 460 1174 μοι,
484 1140 582 1173 Κύριε,
605 1139 638 1166 τὸ
662 1138 754 1173 πέρας
775 1146 846 1172 μου,
871 1137 920 1164 καί
948 1137 1001 1164 τὸν

209 1186 334 1221 ἀριθμὸν
352 1184 411 1212 τῶν
435 1184 554 1220 ἡμερῶν
570 1193 630 1219 μου
654 1184 700 1216 τίς
715 1184 810 1214 ἐστιν.
827 1183 878 1210 ἵνα
895 1183 955 1218 γνῶ
973 1183 1002 1210 τί

209 1230 324 1265 ὑστερῶ
338 1230 404 1266 ἐγώ.
427 1230 508 1266 Ὁρᾷς
536 1229 610 1260 ὅπως
634 1229 672 1260 ὼς
696 1229 724 1255 ἐν
748 1228 832 1255 εἰκόνι
861 1228 1001 1263 θεωρεῖται

209 1277 248 1312 τῷ
261 1278 355 1312 λόγῳὴ
366 1276 413 1303 τοῦ
428 1275 576 1310 εὐξαμένου
591 1274 720 1307 διάθεσις,
735 1274 775 1301 ὅτι
791 1274 918 1309 περιδεὴς
933 1274 1000 1305 ἐστι,

211 1323 259 1350 καὶ
272 1323 377 1357 προορᾷ
391 1321 421 1348 τὸ
441 1321 547 1356 μέλλον,
576 1321 622 1347 καὶ
635 1313 766 1355 ἀναμένει
777 1320 826 1354 τὴν
842 1319 942 1353 κρίσιν,
955 1319 1003 1345 καὶ

210 1368 260 1403 τὴν
275 1367 443 1403 προθεσμίαν
470 1365 693 1402 περιεργάξεται,
713 1365 756 1391 ἵνα
772 1365 808 1400 μὴ
825 1363 879 1399 [τὸ]
893 1363 1002 1398 ἀπαρά-

213 1422 308 1440 σκευον
324 1413 405 1440 αὐτὸν
419 1412 559 1448 καταλάϐῃ
586 1412 634 1448 τῆς
646 1412 736 1445 ἐξόδου
747 1411 777 1438 τὸ
796 1411 921 1446 σύνθημα
933 1419 939 1425 ⁸
956 1410 1003 1437 καὶ

212 1460 289 1495 ζητεῖ
310 1459 489 1495 λογισάμενος
519 1458 649 1490 κατιδεῖν,
673 1458 700 1483 τί
723 1457 753 1484 τὸ
784 1457 832 1492 τῆς
860 1456 1003 1492 παροικίας

213 1505 365 1540 ὑστέρημα,
377 1505 422 1531 ἵνα
435 1504 555 1535 σπεύσας
568 1503 763 1539 ἀναπληρώσῃ.
779 1503 843 1538 πρὶν
857 1502 944 1529 ἐλθεῖν
959 1502 1004 1528 τὸν

213 1550 353 1584 ἐξάγοντα.
384 1550 503 1583 ’Δληθῶς
517 1550 570 1586 γάρ
587 1550 660 1576 ἐστιν
675 1549 756 1575 εἰκὼν
767 1548 919 1583 οἰκονόμου,
937 1548 1002 1575 ἐκά-

215 1605 276 1623 στου
302 1596 381 1632 ἡμῶν
398 1596 520 1631 τελευτὴ,
552 1595 584 1622 ἂν
601 1595 636 1622 τὰ
663 1593 724 1621 καθ’
737 1594 852 1621 ἕκαστον
879 1593 1003 1629 ἀλλήλοις

213 1642 446 1677 ἀντεξετάσωμεν,
471 1641 497 1667 τί
511 1642 560 1677 μὲν
575 1641 674 1676 πάσχει
699 1642 712 1667 ὁ
726 1639 915 1675 ἀποθνήσκων,
935 1639 961 1666 τί
976 1639 1004 1666 δὲ

215 1688 345 1724 ὑπομένει
361 1689 375 1715 ό
385 1688 434 1722 τῆς
442 1686 596 1723 οἰκονομίας
614 1686 820 1721 ἐκϐαλλόμενος.

257 1819 371 1855 Ὁμοίως
392 1819 448 1855 γὰρ
469 1819 482 1845 ὁ
501 1818 634 1845 τελευτῶν
653 1817 742 1849 ἄλλοις
770 1816 1006 1853 μεταπαραδίδωσι

215 1868 264 1902 τὴν
286 1866 428 1901 διοίκησιν,
445 1865 482 1897 ὡς
495 1866 510 1892 ό
526 1865 666 1900 οἰκονόμος
685 1862 734 1895 τὰς
757 1863 879 1894 κλεῖδας·
903 1863 1006 1894 ἐκεῖνος

217 1913 412 1947 ὲκὸαλλόμενος
428 1911 524 1947 ἀγροῦ·
542 1908 628 1947 οξτος,
647 1910 693 1936 τοῦ
711 1910 815 1945 κόσμου
842 1908 953 1940 παντὸς,
969 1908 1006 1940 ὠς

217 1957 275 1989 ἑνὸς
298 1942 409 1992 χιόρῑουξ
437 1942 610 1991 Περιπαίέίν)
624 1942 771 1990 ἀναχωρεῖ.
786 1953 927 1988 οἰκονόμος
953 1952 1006 1978 τῶν

219 2003 290 2030 ἰδίων
308 2003 405 2033 πόνων,
424 1999 479 2028 οἷον
495 1993 638 2036 ἀμπέλων,
655 2001 762 2036 κήπων,
783 1999 893 2026 οἰκιῶν·
920 1998 945 2025 τί
961 1995 1007 2025 οὖν

217 2050 291 2076 δοκεῖ
305 2057 347 2076 σοι
364 2049 410 2075 καὶ
428 2049 442 2075 ὁ
458 2047 591 2074 τελευτῶν
610 2046 744 2082 πάσχειν;
760 2047 817 2073 Οὺκ
833 2045 958 2082 ὀδύρεται
974 2044 1008 2071 τὰ

218 2095 361 2131 mquam;
381 2095 431 2121 οὐκ
447 2094 561 2120 ἐλεεινὸν
579 2092 739 2128 περιϐλέπει
754 2092 803 2126 τὴν
823 2091 921 2122 οἰκίαν,
939 2089 1008 2126 μετὰ

217 2141 351 2177 τοσαύτην
370 2140 558 2176 προσκάθειαν
573 2138 763 2174 ἀπροαιρέτως
779 2137 864 2172 αὐτῆς
879 2136 1008 2163 ἀποσπώ-

221 2195 317 2222 μενος,
333 2187 427 2222 πόρρω
450 2185 604 2221 θησαυρῶν,
632 2184 785 2219 ταμιείων;
804 2183 850 2209 καὶ
873 2183 936 2209 ὃταν
955 2182 1008 2216 ἀφ-

221 2233 312 2268 ίκηται
325 2233 392 2268 πρὸς
402 2232 447 2259 τὸν
461 2231 636 2268 κληρωθέντα
653 2230 744 2262 τόπον,
757 2229 863 2256 ἀκούων
873 2237 879 2243 ’
889 2227 1009 2260 Ἀπόδος

219 2277 274 2304 τὸν
287 2277 380 2312 λόγον
391 2277 446 2311 τῆς
459 2277 629 2311 οἰκονομίας
641 2283 699 2302 σου
709 2284 717 2292 ·
735 2273 830 2306 δεῖξον,
843 2273 917 2304 ὅπως
931 2273 1009 2308 ἣκου-

222 2332 270 2355 σας
285 2322 339 2349 τῶν
360 2321 485 2354 ἐντολῶν,
505 2322 579 2353 ὅπως
594 2320 716 2356 διετέθης
732 2319 799 2355 πρὸς
813 2318 877 2350 τοὺς
897 2317 1010 2353 ὁμοδού-

220 2368 301 2400 λους,
327 2367 344 2404 ἢ
369 2367 494 2404 χρηστῶς
516 2367 563 2394 καὶ
586 2365 800 2401 φιλανθρώπως,
819 2364 835 2400 ἢ
857 2363 1011 2391 τούναντίον

222 2414 348 2450 ἐπαχθῶς
364 2415 410 2441 καὶ
429 2413 596 2449 τυραννικῶς
607 2433 613 2444 ,
631 2412 729 2442 παίων,
750 2410 925 2442 κονδυλίζων,
941 2410 1010 2436 ἀπο-

224 2460 326 2496 στερῶν
344 2461 393 2497 τῆς
415 2459 599 2495 ὲλεημοσύνης
625 2458 797 2495 σιτηρέσιον;
819 2458 878 2484 Κᾶν
894 2457 946 2493 μὴν
966 2457 1011 2483 δυ-

222 2506 289 2543 νηθῇ
305 2506 367 2533 ἵλεω
383 2505 553 2541 καταστῆσαι
569 2505 614 2531 τὸν
629 2504 774 2540 δεσπότην,
800 2503 901 2538 ἀγαθὸν
917 2503 1010 2530 δοῦλον

222 2552 317 2580 ἑαυτὸν
334 2552 434 2585 δείξας,
451 2550 480 2578 εὖ
497 2552 530 2578 ἂν
545 2551 601 2587 ἔχοι
612 2559 618 2566 ·
638 2551 662 2577 εἰ
678 2551 706 2577 δὲ
721 2549 887 2582 τούναντίον,
904 2550 954 2576 οὐκ
970 2549 1011 2576 ἐτι

225 2599 357 2637 μάστιγες
375 2599 419 2626 διὰ
445 2598 560 2634 ῥάϐδων.
586 2597 646 2624 οὐδὲ
670 2597 761 2632 μύλων
790 2596 945 2628 σκοτεινὸς,
965 2597 1011 2623 καὶ

223 2646 303 2674 πέδαι
318 2646 437 2682 σιδηραῖ·
459 2645 528 2672 ἀλλὰ
544 2644 600 2680 πῦρ
619 2643 760 2675 ἄσῦεστον,
774 2643 822 2670 καὶ
835 2643 930 2674 σκότος
944 2642 1010 2670 αἰώ-

249 2712 272 2728 ¹⁸
286 2712 356 2740 Psal.
369 2720 482 2743 xxxv'tn,
495 2711 520 2738 5.

261 2780 316 2816 (l8)
339 2780 454 2813 Larqilio
468 2788 498 2807 ac
514 2779 668 2816 liberalitas.
682 2776 801 2816 Lego‘ac
813 2776 930 2816 corrigo,
942 2777 1012 2816 quod

225 2811 339 2843 Du‘caa'us
362 2811 476 2842 libenter
503 2815 540 2841 ait
556 2815 699 2844 lecturum,
715 2811 775 2838 ἀντὶ
795 2811 842 2837 τοῦ
859 2813 1012 2846 προσλαμ-

226 2851 319 2884 ϐάνει,
332 2851 362 2877 τὸ
374 2849 585 2884 προλαμϐάνει.
599 2848 688 2875 Palam
705 2847 775 2874 enim
790 2846 905 2884 explicat
917 2853 1013 2884 auctor

227 2887 299 2926 quod
313 2881 341 2913 ir;
361 2881 450 2912 multis
467 2881 586 2920 quotidie
605 2883 741 2919 legemus;
767 2882 811 2918 qui
828 2881 898 2909 ultro
917 2882 1010 2915 etiam,

1051 956 1196 990 timideque
1212 956 1368 983 concredita
1391 957 1441 984 sibi
1469 958 1640 992 dispensator
1654 960 1782 993 providus
1794 961 1837 987 ad-

1052 1001 1196 1033 ministret,
1213 1002 1320 1029 liavidis
1332 1002 1397 1028 mihi
1410 1002 1515 1036 explica
1533 1003 1630 1030 librum
1647 1012 1654 1036 ;
1672 1012 1732 1032 eum
1749 1005 1835 1032 locum

1051 1055 1164 1081 quaere,
1190 1055 1242 1081 quo
1268 1048 1309 1074 vir
1330 1047 1374 1074 ille
1404 1048 1581 1082 prmstitutam
1611 1049 1698 1077 exitus
1713 1050 1836 1078 suidiein

1051 1093 1170 1121 studiose
1190 1094 1329 1128 inquirens
1343 1114 1350 1125 ,
1375 1094 1413 1120 sic
1425 1094 1457 1120 ad
1473 1093 1555 1121 Deum
1572 1094 1643 1122 fatur
1658 1105 1664 1122 :
1683 1095 1782 1122 Notum
1795 1096 1838 1130 [ac

1051 1139 1130 1171 milii,
1150 1139 1276 1172 Domine,
1300 1140 1378 1174 ﬁnem
1407 1149 1510 1173 nteant;
1532 1146 1556 1167 et
1581 1149 1717 1168 numerum
1737 1142 1838 1168 dierum

1052 1193 1167 1211 mearum
1181 1185 1239 1220 quis
1257 1190 1310 1216 est,
1326 1190 1354 1212 ut
1371 1186 1452 1212 sciam
1472 1187 1535 1219 quid
1552 1187 1618 1213 desit
1635 1187 1698 1214 mihi
1709 1184 1743 1216 ".
1758 1185 1839 1214 Vides

1053 1231 1079 1257 in
1096 1232 1137 1258 his
1151 1232 1238 1258 verbis
1252 1236 1379 1266 tanquam
1402 1233 1427 1259 in
1449 1233 1567 1267 imagine
1584 1234 1719 1267 precantis
1733 1240 1841 1268 expres-

1053 1284 1110 1302 sum
1131 1277 1250 1303 animum
1262 1282 1289 1303 et
1306 1276 1490 1309 allec-tionem,
1506 1283 1534 1304 ut
1550 1279 1583 1304 sit
1601 1279 1710 1306 timidus
1723 1299 1730 1312 ,
1750 1284 1780 1305 ut
1797 1278 1840 1305 1⁸η-

1054 1326 1141 1347 turnnt
1155 1322 1293 1355 provideat
1305 1341 1311 1353 ,
1328 1327 1356 1348 ut
1370 1322 1501 1356 judicium
1525 1328 1673 1357 cuper-let,
1690 1331 1721 1350 ac
1734 1324 1840 1351 curiose

1054 1365 1173 1400 inquirat
1202 1367 1380 1400 priestitututu
1405 1366 1492 1398 dieui,
1511 1375 1543 1392 ne
1572 1375 1632 1393 etnn
1662 1368 1776 1394 abeundi
1804 1368 1841 1394 si-

1053 1417 1134 1444 gnum
1146 1429 1152 1441 ,
1173 1410 1332 1445 imparatum
1356 1410 1472 1437 uli'endat
1492 1417 1573 1446 atque
1588 1413 1742 1446 opprimat:
1759 1417 1841 1447 utque

1055 1457 1205 1490 recogitans
1233 1457 1385 1491 perspicere
1413 1463 1516 1492 quaerat
1549 1458 1612 1490 quid
1640 1466 1687 1492 pro
1724 1458 1840 1485 incolatu

1055 1502 1139 1534 desit,
1167 1508 1196 1529 ut
1219 1503 1355 1537 diligentia
1372 1512 1403 1531 ac
1421 1504 1510 1531 studio
1530 1504 1600 1538 quod
1624 1510 1664 1530 est
1691 1502 1769 1530 ollicii
1793 1503 1843 1530 im-

1056 1548 1142 1582 pleat,
1168 1549 1322 1583 priusquam
1351 1549 1392 1582 is,
1411 1549 1456 1583 qui
1479 1553 1520 1575 est
1540 1548 1723 1581 abducturus,
1741 1549 1842 1577 veniat.

1057 1593 1126 1622 Vere
1148 1602 1264 1629 namque
1289 1600 1410 1622 nostrum
1436 1596 1567 1631 cujusque
1588 1597 1677 1622 exitus
1705 1603 1843 1629 morsque,

1056 1641 1188 1668 meonomi
1207 1649 1238 1668 ac
1248 1641 1442 1675 dispensatoris
1458 1643 1576 1677 speciem
1597 1642 1715 1677 μηνίει-ι,
1731 1649 1759 1668 ut
1774 1642 1843 1677 sigil-

1056 1687 1131 1714 latim
1152 1688 1353 1720 examinemus,
1373 1696 1404 1715 ac.
1419 1696 1533 1722 quaeque
1553 1695 1746 1723 componamus
1760 1695 1767 1719 ;
1781 1687 1843 1721 quid

1063 1732 1181 1760 moriens
1194 1732 1311 1766 patiatur
1321 1752 1329 1763 ,
1345 1733 1444 1767 quidve
1456 1732 1666 1767 dispensatiOnis
1680 1732 1844 1759 abdicandus

1057 1785 1177 1806 munere.

1092 1822 1206 1850 Perinde
1221 1824 1290 1850 enirn
1306 1823 1329 1851 is
1351 1824 1395 1858 qui
1412 1824 1525 1851 moritur
1551 1824 1610 1850 aliis
1633 1824 1846 1850 administratio-

1059 1875 1118 1894 nem
1132 1867 1223 1898 tradit,
1237 1872 1316 1901 atque
1329 1873 1487 1894 meouomus
1501 1868 1606 1894 claves:
1623 1868 1666 1894 hic
1690 1875 1754 1902 agro
1768 1867 1843 1900 ejici-

1061 1917 1123 1945 tur;
1150 1912 1193 1938 ille
1208 1917 1263 1938 toto
1291 1913 1391 1939 mundo
1409 1916 1534 1946 tanquam
1557 1920 1609 1938 uno
1634 1914 1748 1946 quodam
1780 1920 1846 1947 ung
1870 1918 1879 1947 ς

1065 1958 1161 1985 cedere
1175 1958 1288 1992 cogitur.
1305 1957 1476 1985 diconoums
1492 1958 1598 1985 labores
1614 1966 1686 1991 suos,
1713 1963 1786 1993 puta,
1804 1959 1844 1984 vi-
1910 1957 1916 1977 ἱ

1058 2011 1132 2036 neas,
1148 2004 1250 2036 hortos,
1263 2005 1357 2031 domos
1369 2024 1377 2036 ,
1396 2009 1508 2031 mtestus
1531 2004 1682 2039 inritusque
1699 2004 1822 2038 relinquit
1837 2013 1845 2037 ;

1059 2049 1132 2076 illum
1149 2050 1292 2084 auteinqui
1306 2050 1360 2077 vita
1374 2048 1504 2084 fungitur,
1517 2051 1652 2084 quomodo
1665 2055 1742 2084 putas
1757 2049 1847 2078 allici?

1059 2095 1154 2124 Nonne
1180 2097 1365 2130 possessiones
1400 2095 1546 2131 deplorat?
1570 2095 1663 2123 Nonne
1701 2095 1847 2123 miserabili

1059 2146 1168 2176 aspectu
1192 2143 1300 2169 domum
1321 2143 1533 2177 circumquaque
1564 2143 1669 2173 lustrat,
1699 2150 1713 2168 a
1740 2149 1793 2177 qua
1808 2143 1848 2170 sic

1060 2188 1185 2215 adamata
1204 2187 1303 2215 invitus
1324 2188 1459 2220 avellitur,
1473 2193 1554 2222 atque
1570 2196 1584 2214 ιι
1597 2187 1772 2222 suppellectili
1794 2189 1849 2214 the-

1062 2233 1204 2267 sanrisque
1233 2233 1325 2268 procul
1341 2233 1467 2267 ejicitur:
1483 2241 1515 2260 ac
1533 2234 1576 2260 ubi
1601 2241 1640 2260 etc
1665 2233 1848 2268 personabunt

1061 2286 1151 2310 voces,
1168 2286 1228 2306 cum
1244 2279 1396 2313 pervenerit
1411 2279 1443 2306 ad
1458 2279 1620 2307 destinatum
1638 2278 1725 2305 locum
1737 2298 1744 2310 ,
1759 2278 1847 2304 Iledrla

1060 2325 1187 2352 rationum
1201 2329 1253 2352 tum
1266 2325 1468 2359 dispensationi:
1480 2333 1488 2357 ;
1507 2325 1620 2352 ostende
1634 2324 1768 2358 quomodo
1780 2331 1848 2357 prm-

1058 2370 1144 2405 ceptis
1156 2370 1395 2404 obtentpcraveris,
1419 2375 1447 2396 ut
1461 2370 1587 2396 habueris
1609 2376 1673 2403 erga
1687 2375 1845 2398 conservos,

1059 2424 1122 2443 num
1133 2416 1201 2444 lenis
1214 2416 1398 2451 benignusque
1413 2423 1445 2443 ac
1459 2415 1589 2446 clemens.
1603 2422 1636 2441 an
1652 2418 1744 2441 contra
1761 2421 1850 2440 sazvus

1060 2467 1086 2491 et
1097 2463 1269 2496 inhumanus,
1283 2463 1364 2497 inque
1380 2470 1480 2489 moretn
1495 2461 1610 2497 tyranni,
1629 2460 1724 2495 pugnis
1740 2466 1771 2485 ac
1785 2466 1848 2485 ver-

1061 2508 1169 2536 beribus
1186 2509 1212 2535 in
1237 2516 1285 2536 eos
1310 2509 1436 2540 satviens,
1463 2515 1495 2534 ac
1515 2507 1693 2542 elcemosynaa
1721 2506 1850 2532 detnenso

1059 2553 1208 2581 l'ramlans?
1221 2556 1259 2582 Ae
1275 2554 1384 2590 quidem
1399 2560 1428 2581 ut
1443 2554 1587 2581 Dominum
1602 2552 1745 2588 propitium
1755 2554 1850 2586 potueo

1061 2600 1095 2627 rit
1107 2601 1230 2633 reddere,
1248 2609 1280 2629 ac
1293 2601 1391 2628 bonum
1410 2608 1439 2628 se
1459 2607 1568 2628 servum
1597 2599 1721 2634 probare,
1737 2598 1807 2624 bene
1821 2596 1848 2623 id

1061 2646 1203 2680 habuerit;
1221 2647 1262 2674 sin
1278 2649 1378 2680 minus,
1395 2654 1447 2674 non
1471 2646 1526 2674 illic
1554 2645 1578 2672 ei
1594 2648 1693 2679 parata:
1711 2643 1793 2678 virga:
1817 2649 1849 2668 ac

1070 2785 1101 2806 ac
1118 2778 1184 2806 nihil
1211 2778 1296 2814 rogati
1313 2779 1347 2814 in
1366 2778 1532 2810 meretrices,
1548 2776 1637 2814 ludos,
1649 2775 1754 2814 aliaque
1765 2774 1790 2801 id
1799 2782 1847 2809 ge»

1067 2821 1119 2840 nus
1143 2810 1270 2848 pecuniis
1290 2813 1445 2845 eﬂ‘undant,
1470 2820 1530 2840 cum
1556 2812 1597 2838 vix
1611 2811 1720 2848 pholum
1741 2810 1766 2837 in
1783 2817 1847 2844 pau-

1065 2846 1150 2882 peres
1160 2855 1192 2876 ac
1205 2849 1248 2884 pia
1260 2848 1311 2875 alia
1327 2855 1408 2883 opera
1421 2855 1534 2882 erogare
1549 2846 1711 2874 sustineant.
