2076 3155
255 193 305 221 191

893 193 922 222 5.
944 193 1080 221 ASTERII
1099 193 1263 222 AMASENI.

1833 192 1889 219 ΜΞ·

255 251 357 285 ﬂagra;
377 258 430 278 non
457 251 600 278 obscurum
632 250 795 283 pistrinum;
822 257 875 278 non
903 250 1037 285 compedes

1096 258 1162 281 νιον,
1178 249 1275 276 οὔποτε
1297 251 1367 284 φωτὶ
1384 250 1630 286 καταυγαζόμενον,
1655 249 1701 277 καὶ
1724 251 1738 276 ό
1762 249 1882 286 βρυγμδς

255 297 371 330 ferrem;
390 298 436 324 sed
449 297 517 331 ignis
532 296 768 329 inexstinguibilis,
785 296 829 322 sed
848 296 964 323 teuebrm
979 303 1041 330 per-

256 348 353 377 petua.
371 343 493 376 nullaque
506 343 573 368 lucis
599 342 799 375 intercapedine
818 342 966 373 distinctze;
994 342 1041 369 sed

255 389 356 414 stridor
368 388 496 419 dentium,
513 387 595 420 ipsius
610 388 686 413 nobis
713 386 848 422 Evangelii
875 387 962 420 palam
977 387 1039 414 olim

255 433 407 467 designatus
426 432 578 458 testimonio
590 432 623 458 “.
644 431 719 464 Quod
736 432 757 458 si
777 439 911 466 nunquam
927 432 1041 459 terrenis

256 479 330 504 hisce
361 477 436 504 bouis
463 483 590 511 tanquam
622 477 717 504 alienis
745 485 855 508 exuere,
886 484 935 510 age
964 484 1038 509 sane,

254 522 344 549 fruere
362 524 470 553 mundo,
501 527 608 556 totaque
629 522 753 548 libertate
768 529 895 549 sensuum
917 522 1037 549 omnium

254 568 417 594 adminiculo
432 567 561 601 voluptati
578 568 702 601 indulge;
721 569 760 594 sin
783 574 872 595 autent
903 569 960 595 hmc
979 574 1042 595 sunt

252 614 477 646 consummantia,
491 622 539 640 nec
558 614 606 640 nisi
621 621 704 647 pauco
721 618 841 647 tctupore
854 622 946 641 earnm
964 614 1041 641 nobis

253 660 386 687 constabit
404 660 496 686 l'rnitio
514 667 521 686 :
545 661 689 687 timeamus
702 680 709 692 ,
735 660 835 687 fratres
848 681 855 692 ,
874 661 1041 695 migrationit

252 705 326 731 illutn
341 705 423 735 diem.
440 712 527 738 exque
538 704 642 730 Domini
659 706 826 740 prrcscripto,
845 706 977 732 incolatns
993 712 1040 731 no-

252 751 302 777 stri
316 755 436 784 tempore
451 751 580 777 vivamus.
596 749 633 776 Ne
645 758 692 784 pro
708 759 761 778 acre
774 751 862 778 alieno
874 751 954 778 vincti
967 750 1040 777 abri-

1095 296 1149 322 τῶν
1165 296 1288 327 ὀδόντων,
1302 296 1331 322 ὃν
1347 296 1440 331 σαφῶς
1454 298 1521 332 ἡμῖν
1543 297 1573 323 τὸ
1590 296 1756 331 Εὑαγγέλιον
1769 297 1883 331 προεδή-

1095 340 1190 368 λωσεν,
1211 340 1242 366 Εἰ
1265 340 1313 375 μὲν
1329 338 1375 367 οὖν
1395 341 1522 368 οὐδέποτε
1538 341 1592 368 τῶν
1611 341 1735 374 ἐνταῦθα,
1752 341 1789 372 ὡς
1804 341 1882 368 ἀλλο-

1094 385 1186 420 τρίων,
1202 385 1330 421 ἐκϐάλλῃ,
1346 387 1555 421 κατατρύφησον
1567 385 1614 412 τοῦ
1628 386 1740 421 κόσμου,
1755 385 1801 412 καὶ
1813 386 1882 420 μετὰ

1094 431 1184 466 πάσης
1198 431 1350 467 αἰσθήσεως
1366 431 1503 459 ἀκώλυτον
1522 431 1590 465 ἄφες
1607 432 1657 467 τὴν
1676 432 1783 466 ἡδονήν.
1805 432 1836 458 El
1853 431 1881 458 δὲ

1095 477 1331 512 συντελεσθήσεται
1349 477 1446 510 ταῦτα,
1472 478 1519 504 καὶ
1547 479 1593 504 ἐπὶ
1619 477 1722 513 μακρὸν
1743 477 1765 493 ¹⁰
1792 477 1881 504 αὐτῶν

1092 522 1290 558 ἀπολαύσομεν
1307 523 1481 558 φοϐηθῶμεν,
1510 523 1629 557 ἀδελφοὶ,
1649 523 1699 558 τὴν
1717 523 1822 550 ἐνθένδε
1835 531 1882 558 με-

1092 567 1233 601 τάστασιν,
1250 570 1296 595 καὶ
1311 569 1438 604 ζήσωμεν
1455 570 1483 595 ὲν
1498 569 1536 604 τῷ
1552 568 1639 604 καιρῷ
1654 569 1704 604 τῆς
1722 569 1878 604 παροικίας,

1092 613 1130 646 ὡς
1148 614 1162 639 ὁ
1179 614 1281 650 Κύριος
1301 616 1469 642 ἑνετείλατο’
1496 616 1532 650 μὴ
1551 614 1718 650 ἀπαχθῶμεν
1743 615 1880 650 δεσμῶται

1094 659 1162 694 μετὰ
1179 661 1276 695 χρεῶν,
1295 662 1351 687 ἀλλ’
1367 661 1521 696 ὀδεύσωμεν
1541 661 1693 696 ἐλεύθεροι,
1715 658 1761 687 καὶ
1779 661 1880 696 εὐπαρ-

1093 705 1238 740 ρησίαστον
1256 707 1284 734 τὸ
1296 707 1415 738 συνειδὸς
1429 707 1606 742 ἐπαγόμενοι,
1621 707 1818 742 ἀκατάγνωστα
1832 708 1881 742 φέ-

1093 759 1184 786 ροντες
1202 752 1235 778 τὰ
1248 754 1296 787 τῆς
1313 753 1360 779 τοῦ
1382 753 1439 788 βίου
1452 753 1590 785 πολιτείας
1604 753 1702 788 βιϐλία.

252 798 376 830 piantur;
395 798 442 825 sed
474 797 561 829 liberi,
597 805 746 833 securaque
774 799 950 830 conscicntia,
987 797 1048 824 vita:
1064 798 1196 825 rationum
1216 799 1320 827 libellos
1339 800 1402 827 nulli
1422 800 1552 827 obnoxios
1577 799 1776 835 reprehensioni
1792 799 1879 828 feren'

251 847 300 873 tes,
322 850 353 869 eo
368 844 571 871 contendamus.

287 887 370 913 Malus
386 887 435 914 fuit
449 888 528 922 hnjns
544 889 605 916 vita:
624 897 782 917 mconomus
801 890 875 916 dives
893 889 946 922 ille,
962 889 1037 923 cujus

1125 891 1215 922 Κακὺς
1237 889 1271 927 ἦν
1287 891 1427 926 οἰκονόμος
1442 891 1491 926 τῆς
1511 891 1603 918 ἐνθάδε
1621 889 1693 925 ζωῆς
1717 883 1730 916 ὁ
1753 890 1879 921 πλούσιος

250 942 314 969 ager
325 935 427 962 fructus
438 935 534 963 uberes
549 937 701 964 reddiderat
718 946 724 963 :
742 938 841 972 quippe
857 938 901 972 qui
916 938 941 964 itt
966 942 1038 964 tanta

249 981 293 1007 illa
309 980 413 1016 frugum
425 982 513 1016 copia,
532 982 598 1009 nihil
610 984 670 1010 boni
683 991 713 1010 ac
727 983 918 1010 humanitatem
934 983 1038 1009 haben-

249 1027 284 1052 tis
298 1027 403 1054 consilii
431 1027 540 1060 inierit;
569 1029 614 1055 sed
646 1029 738 1055 hiante
764 1029 866 1056 ventris
892 1028 1037 1060 desiderio,

250 1070 362 1105 latisque
378 1080 409 1098 ac
428 1072 565 1100 immensis
591 1074 712 1100 avaritia).
735 1074 840 1101 sinibus
859 1074 968 1108 apertis,
990 1082 1038 1100 suo

250 1117 333 1150 ipsius
351 1118 409 1143 usui
429 1125 460 1144 ac
481 1119 611 1153 voluptati
638 1119 729 1146 omnia
753 1120 898 1151 addixerit,
921 1120 1036 1146 dicens:

250 1161 389 1188 Deurttam
403 1163 496 1189 horrea
513 1171 582 1197 mea,
604 1169 627 1190 et
641 1164 743 1197 majora
756 1169 900 1197 exstruam,
916 1170 940 1190 el
952 1165 1036 1190 diram

249 1208 346 1234 anima-
360 1217 423 1235 πισοί
441 1217 450 1235 :
468 1208 553 1235 [Iabes
565 1210 646 1236 multa
660 1209 727 1236 bona
739 1211 852 1243 repasita
867 1218 876 1241 ;
897 1211 1035 1244 requiesce,

249 1254 361 1283 comede,
380 1255 445 1288 bibe,
465 1255 571 1288 epulare
595 1256 630 1282 ’⁷.
651 1256 771 1289 Dumque
796 1257 852 1283 haec
872 1257 1036 1290 loqueretur,

251 1298 336 1324 astitit
348 1299 392 1332 qui
408 1303 479 1326 esset
494 1300 670 1327 abducturus.
684 1301 807 1327 Accessit
819 1309 966 1328 conservus
983 1307 1034 1328 trr-

252 1343 323 1369 r.hili
343 1344 442 1376 specie,
460 1345 504 1378 qui
533 1346 654 1372 avulsum
685 1353 700 1371 a
728 1345 892 1372 villicatione
920 1350 1035 1380 raperet.

247 1386 306 1414 Jatn
323 1396 386 1415 vero
407 1390 471 1423 quid
495 1391 546 1416 vita
563 1390 712 1425 voluptaria
738 1390 834 1423 juvat?
863 1391 952 1424 Atque
981 1391 1037 1418 hazc

248 1435 358 1469 quidem
381 1436 469 1462 vivide
483 1444 512 1462 ac
526 1437 655 1471 graphice
671 1438 703 1463 ad
718 1443 838 1463 nostram
855 1438 955 1471 srripta
974 1441 1038 1464 sunt

247 1479 468 1507 admonitionem.
487 1480 596 1512 Quanta
610 1489 672 1508 vero
684 1482 737 1508 vita
757 1482 807 1508 hac
836 1483 930 1509 horutn
956 1489 1036 1515 expe-

248 1525 363 1551 rientia?
380 1525 473 1552 Nonne
487 1526 543 1552 haec
561 1526 670 1554 assidue
689 1535 779 1554 rerum
797 1527 852 1562 ipsa
870 1527 1036 1554 exhibitione

249 1569 311 1596 talia
325 1570 442 1597 clamat?
454 1571 516 1598 dum
531 1579 591 1598 enm
611 1572 730 1606 quidem,
746 1573 790 1607 qui
818 1573 929 1600 meridie
943 1573 1036 1600 ﬁrmus

248 1620 290 1642 cst
303 1623 334 1641 ac.
348 1616 449 1649 valens,
465 1622 527 1643 ante
545 1618 651 1651 hesperi
667 1623 767 1650 ortum,
796 1625 931 1646 mortuum
948 1625 1038 1646 osten-

247 1661 302 1694 dit;
319 1662 448 1695 illumque
470 1663 514 1696 qui
528 1663 633 1696 vesperi
660 1670 742 1690 sanus
767 1669 809 1690 est
834 1673 865 1690 ac
885 1664 1035 1698 incolumis,

247 1707 361 1733 necdum
377 1707 510 1741 explicato
524 1708 598 1734 radio
609 1709 738 1735 matutino
751 1710 913 1736 exstinctum
930 1719 937 1742 ;
955 1710 1036 1737 alium

248 1753 365 1787 denique
384 1753 452 1780 inter
465 1753 559 1787 epulas
574 1761 604 1780 ac
622 1754 696 1781 cibos
722 1755 773 1781 vita
795 1756 950 1789 privatum?
973 1756 1038 1789 Quis

249 1799 286 1824 ita
299 1798 425 1829 stolidus,
440 1804 467 1825 nt
485 1807 536 1825 non
547 1799 646 1832 videat,
661 1800 721 1827 aliis
735 1801 849 1835 aliisque
872 1802 958 1829 tnodis
972 1810 1039 1836 quo-

249 1845 313 1872 tidie
329 1852 378 1872 nos
393 1846 454 1872 vita:
469 1845 547 1879 huius
569 1847 772 1881 dispensatione
802 1849 901 1875 tnoveri
915 1848 927 1875 ?
944 1848 1038 1876 Enim-

248 1898 312 1918 vero
337 1891 422 1919 bonus
438 1900 469 1919 ac
485 1892 571 1919 ﬁdelis
585 1901 690 1926 servus,
707 1894 798 1928 reique
816 1894 899 1929 probe
924 1895 1038 1922 admini-

246 1941 338 1964 strata:
351 1938 514 1964 conscientia
536 1937 631 1971 frctus,
651 1939 687 1965 ita
701 1939 791 1966 animo
801 1944 973 1974 comparatus
985 1945 1038 1972 est,

248 1983 286 2010 ttti
300 1984 364 2010 oliui
382 1984 491 2012 Paulus.
508 1985 555 2012 Ille
568 1986 639 2012 enim
653 1993 713 2013 cum
741 1993 789 2013 nec
808 1987 936 2014 Dominus
962 1995 1039 2022 urge-

248 2034 297 2060 ret,
317 2029 349 2056 ad
365 2037 424 2056 eum
440 2030 597 2062 anhelabat,
614 2039 646 2058 ac
662 2031 728 2058 solvi
757 2032 893 2067 cupiebat,
913 2033 1039 2068 ultroque

247 2073 444 2107 deprecabatur
461 2075 661 2108 villicationem,
674 2076 774 2103 alicubi
803 2078 913 2112 quidem
944 2079 980 2105 ita
998 2079 1040 2105 di-

246 2125 311 2144 cens
327 2127 333 2144 :
353 2118 450 2151 Infelix
462 2127 509 2152 ego
523 2120 609 2152 Itonia,
624 2128 683 2154 quis
696 2129 736 2147 me
751 2122 869 2148 liberabit
890 2123 921 2149 de
933 2131 1039 2157 corpore

247 2162 339 2188 mortis
352 2163 430 2197 Intqu
441 2163 481 2189 "1’
494 2165 531 2190 Ac
554 2173 648 2192 rursus
664 2173 670 2191 :
689 2165 756 2193 Illi/ti
772 2172 859 2195 autem
894 2169 988 2196 bonum
1001 2175 1037 2197 eu

248 2207 366 2238 dissolvi,
381 2214 404 2236 et
421 2217 476 2236 esse
489 2219 546 2237 cum
560 2210 665 2239 Chrislo
689 2213 722 2239 ".
744 2213 853 2246 Contra,
881 2215 926 2249 qui
941 2215 1034 2250 plenus

248 2258 289 2280 est
306 2255 422 2282 terrenis
440 2255 660 2289 cogitationibus.
676 2258 816 2293 glebisque
828 2267 860 2287 ac
875 2260 955 2288 humo
977 2269 1040 2289 vere

247 2305 387 2334 cognatus,
398 2302 529 2336 ejusmodi
542 2302 706 2331 lamentatur
714 2306 812 2333 anxius
822 2306 854 2333 de
868 2307 1038 2341 migratione,

248 2350 328 2381 atque
343 2347 424 2375 homo
437 2347 480 2375 ille
491 2349 517 2375 in
531 2350 657 2383 parabola
670 2352 835 2386 propositus:
853 2353 922 2385 Quid
929 2353 1037 2388 faciam,

246 2393 309 2426 quia
332 2393 453 2422 dominus
487 2404 559 2423 meus
589 2397 675 2431 aufert
693 2406 708 2424 α
726 2406 766 2424 me
793 2398 1012 2432 dispensationem
1027 2401 1040 2427 .9

247 2437 351 2465 Fodere
362 2448 412 2467 non
423 2440 506 2473 valeo,
519 2442 666 2468 mendicare
679 2444 820 2476 erubesco;
834 2445 933 2471 desidis
958 2446 1038 2474 simul

248 2489 329 2519 atque
344 2487 484 2520 voluptarii
498 2487 573 2515 dolor
590 2488 632 2515 hic
659 2497 691 2516 ac
715 2491 835 2524 querela.
861 2491 1039 2520 Abiturientis

248 2530 320 2556 enim
336 2530 415 2558 ﬂetus
430 2532 474 2559 illc
493 2541 524 2559 ac
540 2533 665 2568 cjulalus,
690 2535 826 2562 hominem
852 2538 939 2571 arguit
954 2538 1039 2565 fundo

251 2576 398 2609 impensius
411 2578 558 2611 addictum,
572 2580 673 2614 quique
686 2581 776 2608 carnis
791 2581 904 2609 vitiosas
916 2583 1039 2618 volupta-

251 2625 290 2647 tes
305 2621 434 2654 deploret.
464 2620 637 2652 [inbecillitas
661 2630 750 2653 autem
767 2633 799 2653 ac
828 2627 890 2663 fuga
904 2627 1036 2661 laborum,

251 2667 311 2693 vita:
337 2674 384 2701 pcr
407 2667 530 2695 inertiam
559 2677 590 2696 ac
615 2672 745 2698 desidiam
778 2677 843 2700 actm
871 2679 932 2702 nota
947 2679 988 2702 est
1006 2683 1038 2703 ac

249 2712 364 2740 crimen.
390 2712 456 2740 Nam
472 2713 494 2741 si
514 2715 587 2748 operi
613 2723 644 2743 ac
670 2716 755 2745 labori
770 2720 943 2754 assuevisset,
961 2728 975 2748 a
996 2721 1036 2749 lo-

250 2757 348 2785 diendo
357 2766 525 2794 nequaquam
542 2760 710 2791 abhorreret.

287 2803 364 2836 Quod
375 2805 397 2832 si
423 2805 564 2840 allegorice
584 2806 618 2834 de
638 2807 680 2836 his
709 2817 769 2845 qua:
797 2811 846 2839 sub
873 2811 1035 2840 intellectum

1090 934 1209 966 ἐκεῖνος,
1227 931 1257 961 οὗ
1279 936 1295 970 ἡ
1323 935 1399 971 χώρα
1415 936 1579 971 ηὐῳόρησενι
1603 935 1695 970 ἐπειδὴ
1711 935 1744 969 τῇ
1767 934 1878 969 εὐθηνίᾳ

1088 980 1143 1006 τῶν
1155 981 1278 1016 καρπῶν,
1291 981 1365 1007 οὐδὲν
1375 983 1390 1008 ὁ
1403 981 1545 1016 ἄνθρωπος
1558 981 1675 1017 χρηστὸν
1688 980 1876 1007 ὲϐουλεύσατο⁴

1089 1025 1145 1052 ἀλλ’
1167 1026 1276 1058 ἀνοίξας
1299 1027 1416 1062 γαστρὸς
1435 1027 1598 1062 ἐπιθυμίαν,
1621 1026 1667 1053 καὶ
1689 1026 1752 1058 τοὺς
1767 1026 1878 1057 πλατεῖς

1089 1071 1135 1098 καὶ
1149 1072 1306 1108 ἀχωρήτους
1325 1072 1375 1108 τῆς
1392 1072 1550 1104 πλεονεξίας
1567 1072 1693 1104 κόλπους,
1709 1072 1796 1098 πάντα
1812 1072 1878 1098 ἀπε-

1089 1118 1190 1153 κλήρου
1212 1120 1245 1154 τῇ
1264 1119 1360 1145 ἑαυτοῦ
1387 1119 1546 1151 ἀπολαύσει,
1563 1119 1660 1153 λέγων’
1679 1118 1801 1145 Καθελῶ
1817 1127 1877 1153 μου

1088 1164 1140 1196 τὰς
1168 1163 1343 1198 ἀποθήκας,
1362 1164 1413 1191 καὶ
1437 1164 1575 1199 μείζονας
1598 1164 1800 1199 οἰκοδομήσω,
1827 1164 1876 1190 καί

1087 1210 1144 1244 ἐρῷ
1158 1209 1195 1243 τῇ
1213 1209 1301 1245 ψυχῇ
1311 1219 1370 1244 μου
1381 1219 1387 1225 ·
1407 1211 1505 1245 Ἔχεις
1519 1211 1619 1238 πολλὰ
1638 1209 1732 1245 ἀγαθὰ
1746 1210 1875 1244 κείμενον

1087 1258 1255 1289 ἀναπαύου,
1274 1257 1359 1292 φάγε,
1376 1257 1435 1289 πίε,
1447 1257 1610 1292 εὐφραίνου
1623 1266 1629 1272 ·
1648 1256 1695 1283 καὶ
1710 1257 1813 1292 μεταξὺ
1830 1256 1878 1283 λα-

1087 1303 1204 1335 λοῦντος,
1227 1304 1241 1329 ὁ
1262 1303 1375 1338 ἀπάγων
1400 1304 1518 1339 ἐπέστη·
1537 1301 1603 1338 ἦλθε
1629 1302 1744 1338 φοϐερὸς
1767 1302 1876 1329 σύνδου-

1087 1349 1142 1381 λος,
1158 1348 1331 1376 ἀνάσπαστον
1351 1350 1383 1376 ἐκ
1402 1349 1453 1384 τῆς
1468 1349 1625 1384 οἰκονομίας
1641 1348 1752 1380 ἀπάξων
1763 1356 1769 1362 ·
1784 1348 1831 1374 καὶ
1850 1348 1877 1374 τί

1087 1394 1116 1421 τδ
1140 1394 1234 1429 ὄφελος
1258 1396 1309 1430 τῆς
1332 1395 1475 1430 φιληδόνου
1496 1394 1614 1429 βουλῆς;
1640 1395 1695 1421 Καὶ
1718 1393 1801 1421 ταῦτα
1827 1394 1877 1429 μὲν

1087 1441 1216 1477 ἐμψύχως
1233 1442 1338 1477 ἐγράφη
1354 1443 1394 1473 είς
1419 1441 1559 1468 νουθεσίαν
1584 1441 1672 1476 ἡμῶν.
1702 1441 1734 1467 Ἡ
1749 1441 1776 1467 δὲ
1794 1442 1877 1476 πεῖρα

1087 1487 1133 1514 τοῦ
1151 1488 1207 1523 βίου
1232 1489 1359 1524 norm-un;
1386 1488 1423 1514 Οὐ
1442 1487 1502 1514 καθ’
1529 1487 1646 1522 ἑκάστην
1665 1486 1771 1522 ἡμέραν
1790 1486 1877 1513 ταῦτα

1089 1534 1121 1560 δι’
1151 1533 1238 1569 ἔργων
1263 1534 1323 1570 βοᾷ,
1348 1533 1475 1560 δεικνῦσα
1499 1534 1563 1568 ἡμῖν
1582 1533 1627 1559 τὸν
1651 1534 1679 1559 ὲν
1701 1533 1769 1568 μέσῃ
1787 1532 1878 1568 ἡμέρᾳ

1090 1580 1255 1614 ὑγιαίνοντα,
1279 1581 1331 1616 πρὸ
1351 1579 1401 1614 τῆς
1418 1579 1546 1614 ὲπιτολῆς
1563 1579 1609 1605 τοῦ
1630 1579 1747 1614 ἑσπέρου
1768 1578 1874 1614 νεκρόν

1089 1626 1135 1653 καὶ
1151 1627 1196 1653 τὸν
1218 1626 1374 1662 ἐρρωμένον
1391 1627 1419 1652 ὲν
1451 1628 1483 1662 τῇ
1512 1626 1625 1662 ἑσπέρᾳ,
1645 1625 1693 1660 τὴν
1715 1626 1810 1652 ἀκτῖνα
1828 1625 1878 1660 τὴν

1088 1672 1202 1708 ἑωθινὴν
1223 1674 1252 1699 οὺ
1275 1671 1533 1707 καταλαμϐάνοντα·
1551 1673 1597 1698 καὶ
1617 1672 1695 1698 ἄλλον
1714 1671 1814 1706 μεταξὺ
1830 1671 1876 1697 τοῦ

1089 1719 1198 1751 ἐσθίειν,
1210 1718 1256 1745 τοῦ
1270 1717 1319 1754 ζῇν
1330 1718 1518 1754 ἀπολήγοντα;
1531 1717 1578 1749 Τίς
1587 1717 1614 1744 δὲ
1625 1716 1710 1748 οὕτως
1719 1716 1830 1751 ἠλίθιος,
1840 1715 1878 1746 ὠς

1091 1765 1128 1800 μὴ
1137 1766 1262 1801 συνορᾷν,
1275 1765 1348 1796 ὅπως
1363 1764 1525 1800 καθημέραν
1535 1763 1612 1794 ἄλλος
1624 1762 1717 1789 ἄλλοτε
1726 1762 1776 1797 τῆς
1784 1761 1878 1788 ἐνθάδε

1089 1812 1244 1847 οἰκονομίας
1256 1810 1469 1845 ἀποκινούμεθα;
1489 1809 1559 1836 Ἀλλ’
1571 1811 1585 1836 ὁ
1599 1810 1647 1844 μὲν
1663 1808 1765 1844 ἀγαθὸς
1774 1809 1819 1834 καὶ
1835 1817 1879 1834 πι⁴

1090 1857 1150 1888 στος
1164 1856 1272 1891 οἰκέτης
1280 1857 1327 1882 καὶ
1339 1856 1475 1888 πεποιθὼς
1485 1857 1518 1891 τῇ
1531 1855 1628 1882 ἑαυτοῦ
1643 1855 1784 1891 διοικήσει,
1793 1854 1880 1886 οὕτως

1090 1902 1145 1938 ἔχει
1152 1901 1272 1937 γνώμης,
1280 1902 1318 1933 ὡς
1326 1899 1381 1937 εἶχε
1391 1901 1506 1933 Παῦλος.
1526 1902 1644 1933 Ἐκεῖνος
1652 1901 1716 1937 γὰρ.
1723 1901 1769 1927 τοῦ
1779 1901 1879 1935 Κυρίου

1091 1949 1128 1984 μὴ
1141 1948 1357 1982 κατεπείγοντος,
1377 1947 1490 1973 ἔσπευδε
1502 1948 1570 1983 πρὸς
1583 1947 1672 1979 αὑτὸν,
1691 1946 1738 1973 καὶ
1748 1946 1797 1982 τὴν
1813 1946 1879 1972 ὀινά-

1090 1996 1165 2022 λυσιν
1183 1993 1275 2020 ἐπόθει
1289 2014 1295 2024 ,
1321 1994 1368 2020 καὶ
1391 1995 1539 2028 παρῃτεῖτο
1560 1992 1629 2019 ἑκὼν
1648 1992 1696 2028 τὴν
1713 1991 1878 2028 οἰκονομίαν,

1092 2042 1128 2076 πῆ
1144 2041 1193 2076 μὲν
1208 2040 1293 2074 λέγων
1303 2048 1311 2056 ·
1327 2039 1516 2073 Ταίίιίπωρος
1529 2039 1586 2074 ἐγὼ
1607 2038 1772 2072 ἅνθρωπος,
1784 2038 1830 2070 τίς
1841 2046 1882 2072 με

1086 2086 1213 2120 ῥύσεται
1232 2085 1266 2111 ἐκ
1285 2084 1338 2112 τοῦ
1367 2084 1503 2119 σώματος
1526 2083 1579 2110 τοῦ
1596 2083 1726 2111 θανάτου
1755 2083 1877 2115 τούτου,

1090 2131 1137 2157 καὶ
1157 2130 1252 2157 πάλιν·
1277 2130 1354 2165 Ἐμοὶ
1381 2129 1424 2163 δὲ,
1447 2129 1542 2156 καλὸν
1563 2129 1727 2161 ἀναλῦσαι,
1749 2128 1798 2155 καί
1819 2127 1882 2155 σὺν

1090 2176 1206 2212 Χριστῷ
1224 2177 1310 2204 εἶναι,
1329 2177 1358 2203 '0
1375 2176 1403 2202 δὲ
1428 2176 1519 2211 γήινος
1542 2175 1572 2202 τὸ
1590 2175 1733 2210 φρόνημα,
1759 2175 1806 2202 καὶ
1825 2173 1880 2201 τῶν

1055 2221 1077 2248 D
1093 2223 1184 2259 βώλων
1202 2222 1310 2258 ἀληθῶς
1334 2221 1478 2255 συγγενὴς,
1496 2220 1607 2246 τοιαῦτα
1623 2219 1746 2255 ὀδύρεται
1770 2220 1879 2254 ἀμηχα-

1090 2270 1143 2296 νῶν
1162 2269 1209 2295 ὲπὶ
1224 2270 1257 2304 τῇ
1283 2267 1462 2304 μεταστάσει,
1479 2263 1523 2293 οἷα
1537 2263 1613 2297 οὗτος
1628 2265 1641 2291 ὁ
1658 2265 1707 2300 τῆς
1723 2264 1881 2300 παραϐολῆς

1089 2315 1248 2351 ἄνθρωπος·
1268 2314 1298 2341 Τί
1312 2312 1428 2345 ποιήσω
1439 2333 1446 2346 ,
1465 2313 1509 2339 ὅτι
1526 2314 1542 2340 ὀ
1559 2312 1660 2346 κύριός
1671 2320 1730 2346 μου
1748 2310 1879 2346 ἀφαιρεῖ-

1089 2367 1137 2386 ται
1164 2358 1223 2392 τὴν
1249 2357 1422 2390 οἰκονομίαν·
1451 2356 1500 2381 ἀπ’
1527 2355 1619 2390 ἐμοῦ;
1648 2353 1797 2381 Σκάπτειν
1823 2355 1881 2382 οὐκ

1090 2405 1184 2439 ἰσχύω
1195 2423 1202 2435 ,
1218 2402 1354 2430 ἀπαιτεῖν
1374 2401 1564 2436 αἰσχύνομαι.
1589 2399 1686 2436 Ἀργοῦ
1700 2399 1747 2427 καὶ
1769 2399 1879 2434 φιληδό-

1089 2459 1134 2476 νου
1151 2451 1168 2485 ὴ
1183 2449 1266 2484 λύπη.
1284 2448 1320 2475 Τὸ
1337 2448 1384 2483 μὲν
1401 2447 1455 2483 γὰρ
1466 2447 1512 2473 ὲπὶ
1526 2448 1559 2482 τῇ
1575 2446 1745 2481 ἀναχωρήσει
1757 2445 1877 2481 θρηνεῖν,

1091 2495 1201 2531 ἔλεγχός
1215 2496 1288 2522 ἐστιν
1308 2494 1354 2521 τοῦ
1371 2492 1583 2529 προστετηκέναι
1597 2491 1635 2527 τῷ
1651 2491 1753 2527 χωρίῳ,
1771 2491 1879 2523 καὶτὰς

1091 2542 1225 2578 ἐμπαθεῖς
1248 2541 1297 2577 τῆς
1313 2540 1414 2575 σαρκὸς
1441 2539 1603 2570 ἀπολαύσεις
1622 2537 1780 2573 ὀδύρεσθαι·
1796 2537 1826 2563 τὸ
1845 2537 1880 2570 ¹δὲ

1091 2588 1231 2615 ἀδυνατεῖν
1245 2586 1312 2623 πρὸς
1327 2586 1417 2621 ἔργον,
1437 2584 1522 2620 ἀργοῦ
1541 2583 1597 2619 βίου
1613 2583 1661 2610 καὶ
1680 2582 1878 2610 ἀναπεπτωκό-

1093 2643 1137 2666 τος
1153 2635 1211 2660 ἐστὶ
1226 2632 1417 2668 κατηγόρημα.
1433 2632 1465 2658 Εἰ
1483 2631 1536 2667 γὰρ
1549 2629 1620 2666 εἶχεν
1637 2630 1705 2665 πρὸς
1722 2629 1879 2664 φιλοπονίαν

1093 2679 1246 2715 συνήθειαν,
1266 2679 1315 2704 οὐκ
1329 2677 1362 2704 ἂν
1375 2677 1497 2711 ἐφοϐεῖτο
1509 2675 1554 2702 τοῦ
1569 2675 1709 2702 σκάπτειν.

1127 2811 1157 2838 El
1179 2811 1208 2837 δὲ
1224 2809 1412 2845 ἁλληγορικῶς
1437 2808 1487 2843 τὴν
1501 2807 1659 2844 παραϐολὴν
1682 2806 1728 2833 ἐπὶ
1742 2806 1772 2833 τὸ
1783 2805 1879 2841 νοητὸν

287 2873 309 2915 ξε
330 2873 423 2915 Matt_h.
442 2882 502 2915 inti,
518 2876 569 2910 42;
581 2885 649 2910 uti,
662 2879 709 2914 l5;
723 2888 797 2915 xxtv,
818 2881 848 2908 51
864 2889 872 2914 ;
889 2889 951 2913 xxv,
979 2881 1022 2909 50.

1091 2879 1156 2908 Luc.
1178 2887 1224 2913 xn,
1242 2879 1286 2912 18,
1308 2878 1350 2905 19.
1389 2875 1499 2904 "Rom.
1515 2883 1563 2908 vn,
1581 2874 1626 2902 24.
1659 2875 1682 2891 ¹³
1700 2874 1767 2902 Phil.
1785 2882 1804 2907 ι,
1830 2873 1878 2902 83.

247 2907 271 2926 ³⁰
289 2908 355 2945 Leg.
371 2910 421 2937 οὐκ
443 2907 500 2938 ὲπῖ
516 2907 599 2948 μακρ.
