2076 3155
208 179 262 207 "193

726 173 867 201 IIOMILIA
888 175 931 202 Ill.
953 175 1136 204 ADVERSUS
1157 175 1357 204 AVARITIAM.

1786 179 1836 209 194

211 235 383 271 ὲκλάὸοιμεν,
399 234 468 270 μετὰ
488 233 536 268 τὴν
550 233 654 259 ἐνθένδε
678 233 857 268 μετάστασιν,
872 235 932 260 οὒτε
951 234 996 260 τοῦ

1050 235 1157 267 eadunt,
1180 235 1334 269 parabolam
1349 236 1418 262 lianc
1434 236 1642 271 interpretemur
1658 247 1665 265 :
1692 238 1735 266 ubi
1753 241 1835 268 semel

211 282 367 317 προσαιτεῖν
395 278 499 314 καιρός.
525 278 580 304 Καὶ
602 277 646 304 διὰ
668 278 747 304 τοῦτο
772 278 864 313 μηδεὶς
884 277 996 311 mem-

208 329 360 356 Σκιίπτειν
374 328 429 354 οὐκ
439 326 542 360 Ισχὺω.
556 324 614 352 Κᾶν
629 325 682 360 γὰρ
697 325 818 361 δύνηται,
834 325 919 357 οὐδεὶς
934 333 999 359 συγ-

211 377 304 410 χωρεῖ.
331 375 360 401 '0
381 373 437 408 βίος
464 369 539 404 οὗτος
565 371 621 407 ἔχει
646 371 699 398 τῶν
718 371 830 398 ἐντολῶν
845 371 893 407 τὴν
911 380 999 406 γεωρ-

207 419 292 452 γίαν·
308 420 322 445 ὁ
343 418 371 445 δὲ
390 417 502 453 μέλλων,
522 416 571 451 τὴν
590 415 749 443 ἀπόλαυσιν,
767 417 850 442 ’Ὥστε
869 417 893 442 εί
917 415 998 452 μηδὲν

212 465 333 501 εἰργάσω
348 463 474 495 ἐνταῦθα,
491 462 640 497 ἁπέμεινον
655 463 681 488 αἱ
695 462 822 497 ἄμπελοι,
840 462 886 489 καὶ
905 471 998 498 περιτ-

213 511 266 542 τῶς
284 509 434 545 φροντίζεις
456 508 519 543 περὶ
540 507 589 542 τῆς
613 507 770 542 σκαπάνης·
791 507 852 534 οὔτε
873 507 901 534 δέ
916 516 1000 543 προσ-

215 555 295 582 αιτῶν
309 555 457 590 ὠφελήσεις
471 562 497 579 τι
513 553 620 580 σαυτόν.
639 554 694 579 Καὶ
707 553 802 579 τούτου
817 554 901 587 σαφὲς
932 554 997 588 ἡμῖν

215 601 364 635 ὑπόδειγμα
382 600 578 636 παραδέδοται,
594 599 624 625 τὸ
645 599 698 625 τῶν
720 600 818 635 μωρῶν
843 599 996 635 παρθένων·

214 647 312 677 αἵτινες
330 646 431 681 ἀπορίᾳ
445 646 614 672 καταστᾶσαι
627 645 673 671 τοῦ
688 645 788 678 ἐλαίου,
807 645 921 678 ἀναιδῶς
934 646 998 681 ᾔτη-

213 700 261 718 σαν
285 691 358 727 παρὰ
377 691 431 717 τῶν
455 691 613 727 φρονίμων·
642 690 751 726 ὤνησαν
773 691 800 718 δὲ
826 692 912 723 οὐδὲν,
940 691 998 718 ἁλλ’

211 738 428 773 ἀπεστράφησαν
449 738 582 773 ἄπρακτοι
594 746 600 752 ·
624 737 776 769 δεικνύντος
789 737 837 764 τοῦ
851 737 940 772 λόγου,
957 738 997 764 ὅτι

211 783 342 819 ἀλλοτρίῳ
364 783 446 818 ἐλαίῳ
465 783 494 809 ὲν
509 785 542 818 τῇ
562 783 697 818 παρουσία
720 783 765 810 τοῦ
781 783 897 818 νυμφίου
911 783 999 814 οὐδεὶς

212 829 363 864 κέχρηται·
397 828 547 860 τοὺτέστιν,
577 829 710 864 ἀλλοτρίῳ
739 828 932 864 κατορθώματι
959 829 999 860 είς

212 875 278 901 ἰδίαν
301 874 462 901 ἀπόλαυσιν.
481 875 618 905 ’Ἕκαστος
643 874 696 909 γὰρ
710 874 758 909 τὴν
778 874 846 900 ἰδίαν
862 873 998 900 πολιτείαν

1050 280 1112 307 hinc
1123 281 1338 315 migraverimus,
1357 289 1441 316 neque
1459 283 1588 317 operandi
1601 288 1705 318 tempus
1717 290 1769 319 est,
1786 293 1835 313 ne-

1049 332 1101 360 que
1112 326 1300 358 mendicandi;
1319 334 1405 361 eoque
1431 335 1511 354 nemo
1535 328 1628 356 dicat:
1658 329 1759 357 Fodere
1783 339 1835 358 non

1049 370 1130 398 valeo.
1147 369 1180 397 Ut
1193 371 1262 398 enim
1285 372 1399 399 maxime
1426 372 1516 400 valeas
1531 393 1538 405 ,
1563 381 1641 401 nemo
1670 376 1834 408 permiserit.

1050 413 1142 441 Cultus
1163 420 1189 441 et
1226 415 1378 444 observatio
1405 417 1592 445 mandatorum
1628 419 1707 453 hujus
1727 421 1835 455 propria

1050 459 1110 485 vita.-
1127 464 1185 491 est;
1201 459 1293 486 fruitio
1309 468 1372 487 vero
1383 460 1491 489 futurae.
1509 462 1597 495 Quare
1611 463 1633 490 si
1656 463 1699 490 hic
1715 465 1781 491 nihil
1806 472 1836 492 es

1049 509 1184 539 operatus,
1196 511 1385 532 remanserunt
1410 507 1488 538 vites,
1504 514 1536 534 ac
1557 507 1692 535 incassum
1717 509 1750 536 de
1777 509 1834 537 fos-

1050 551 1126 578 sione
1149 551 1280 579 sollicitus
1308 560 1346 578 es.
1368 552 1401 578 At
1426 561 1474 579 nec
1489 554 1668 582 mendicando
1687 556 1834 591 quidquam

1050 597 1206 630 profeceris.
1226 597 1309 630 llujus
1322 597 1516 626 nobisillustre
1530 601 1683 634 exetnplum
1706 602 1833 628 traditum

1049 647 1100 674 est,
1116 642 1234 677 quinque
1252 643 1315 669 illud
1328 643 1463 670 fatuarum
1486 644 1618 680 virginum
1631 645 1672 680 ";
1689 654 1756 681 qum,
1772 654 1834 673 cum

1049 688 1136 714 olcum
1152 688 1216 722 ipsis
1230 688 1346 721 deesset,
1362 690 1532 724 impudenter
1555 691 1643 718 oleum
1662 700 1676 718 a
1703 693 1833 727 sapienti-

1050 734 1099 760 bus
1113 735 1256 768 petierunt,
1276 743 1324 761 nee
1335 736 1481 770 quidquam
1495 741 1584 763 tamen
1599 742 1662 764 sunt
1674 743 1833 769 consecutae.

1050 779 1096 805 sed
1112 787 1139 806 re
1157 779 1252 807 infecta
1272 780 1407 807 abierunt.
1439 780 1497 815 Quo
1535 782 1673 812 docemur,
1701 783 1834 809 neminem

1050 824 1137 851 alieno
1153 825 1189 850 uti
1203 825 1261 852 oleo
1273 825 1299 851 iu
1312 826 1427 851 adventu
1445 825 1549 859 sponsi,
1566 826 1590 852 id
1606 831 1656 857 est,
1673 826 1768 852 alienis
1780 834 1835 853 me-

1052 870 1119 900 ritis,
1136 871 1168 896 ad
1182 878 1257 897 suutn
1271 871 1354 903 ipsius
1372 871 1541 898 commodum
1558 879 1590 898 ac
1606 871 1732 898 fructum.
1748 871 1833 904 Quam

210 920 248 951 ὡς
268 920 372 954 ἱμάτιον
395 920 599 956 περιϐέϐληται,
616 920 670 946 εἴτε
685 919 809 955 λαμπρὴν
833 920 879 946 καὶ
898 921 996 954 τίμιον,

1051 915 1164 948 quisque
1188 915 1269 949 gessit
1293 916 1353 941 vita:
1370 917 1519 948 rationem,
1542 924 1589 943 ceu
1615 922 1716 943 vestem
1737 917 1833 949 induit,

210 966 265 992 εἴτε
284 965 384 1000 φαῦλον
411 966 525 1001 καὶτῆς
548 966 687 1001 πωχικῆς
715 965 869 1001 ἑφεστρίδος
895 966 996 1000 ὅμοιον.

217 1012 394 1039 Ἐκδύσασθαι
414 1012 442 1038 δὲ
456 1012 521 1039 αὐτὸ
535 1012 585 1039 οὐκ
602 1013 685 1044 ἐστιν,
707 1011 766 1038 οὔτε
784 1012 935 1044 ἀπαλλάξαι
952 1012 998 1037 καὶ

211 1058 402 1093 διαμείψασθαι
416 1058 483 1092 πρὸς
497 1057 600 1093 ἕτερον,
614 1057 674 1084 οὔτε
688 1059 719 1084 ἐκ
733 1057 828 1089 δάνους
845 1058 860 1092 ἢ
877 1058 998 1093 χρήσεως

212 1106 241 1131 ἐν
252 1105 290 1140 τῷ
305 1104 392 1140 καιρῷ
407 1105 455 1140 τῆς
466 1105 582 1139 κρίσεως
598 1104 820 1131 καλλωπίσασθαι
834 1104 878 1130 καὶ
896 1113 999 1139 κοσμη-

212 1150 300 1186 θῆναι.
318 1151 401 1177 Μένει
413 1150 441 1177 δὲ
455 1150 569 1182 ἕκαστος
583 1147 638 1182 οἷος
652 1151 697 1177 ἐπὶ
714 1152 762 1186 τῆς
772 1150 898 1185 ἀληθείας
912 1150 996 1181 ἐστιν,

210 1196 266 1223 εἴτε
288 1197 372 1231 πένης
392 1196 511 1230 ἀγαθῶν,
530 1195 585 1222 εἴτε
607 1196 742 1228 πλούσιος.
767 1196 821 1222 Καὶ
838 1195 923 1222 ταῦτα
949 1195 998 1230 μὲν

211 1240 259 1267 ἐπὶ
274 1232 409 1267 τοσοῦτον.

247 1286 279 1312 Τί
304 1287 325 1312 δ’
340 1286 371 1313 ἂν
398 1286 522 1321 εἴποιμεν
551 1286 615 1321 περὶ
641 1286 689 1321 τῆς
715 1286 914 1321 συγχωρήσεως
945 1285 998 1312 τῶν

211 1331 308 1367 χρεῶν,
322 1331 354 1366 ἢν
368 1331 512 1366 ἐπενόησεν
533 1331 547 1357 ό
562 1331 703 1366 οἰκονόμος
719 1333 767 1366 τῆς
782 1328 898 1362 ἀδικίας,
914 1339 998 1366 παρα-

214 1377 311 1412 μυθίαν
338 1377 425 1412 ἑαυτῷ
450 1377 504 1404 τῶν
527 1376 620 1403 κακῶν
651 1377 718 1412 πρὸς
748 1377 810 1407 τοὺς
836 1375 997 1411 ὁμοδούλους

212 1423 513 1459 πραγματευσάμενοςς
532 1423 569 1449 Οὐ
583 1422 637 1458 γάρ
653 1423 726 1448 ἐστιν
741 1422 850 1448 εὔκολον
863 1423 902 1453 εἰς
917 1421 998 1457 ἀλλη-

211 1469 306 1504 γορίαν
324 1468 466 1495 ἀκόλουθον
491 1468 691 1504 μετασκευάσαι
709 1467 748 1502 τῷ
764 1467 949 1503 γεγραμμένῳ
964 1468 996 1496 ³ί,

213 1515 248 1541 '0
271 1515 299 1542 δέ
325 1524 369 1550 μοι
399 1515 483 1542 πολλὰ
511 1513 711 1549 σκοπησαμένῳ
729 1513 870 1548 παρέστη,
895 1512 998 1539 τοιοῦτο

211 1560 355 1596 τυγχάνει·
381 1560 484 1592 Πάντες
511 1559 665 1595 ἄνθρωποι,
690 1559 746 1584 ὅσοι
771 1558 819 1593 τὴν
848 1558 997 1593 μέλλουσαν

211 1607 317 1638 ἑαυτοῖς
331 1607 423 1633 ἄνεσιν
440 1605 691 1642 πραγματευόμεοα
703 1625 709 1637 ,
729 1604 855 1640 ἀλλότρια
869 1604 996 1637 διδόντες,

212 1655 228 1690 ἢ
246 1655 461 1691 συγχωροῦντες,
477 1655 576 1681 οίκεῖον
598 1652 765 1689 ποριζόμεθα
778 1652 883 1688 κέρδος.
907 1651 998 1677 Ἀλλό-

211 1710 275 1736 τρια
297 1701 325 1726 δὲ
341 1700 428 1735 λέγω,
455 1699 490 1726 τὰ
509 1699 556 1726 τοῦ
576 1699 723 1725 Δεσπότου.
745 1698 828 1724 Οὐδὲν
850 1697 904 1732 γάρ
925 1697 998 1723 ἐστιν

213 1747 356 1782 ήμέτεροψ
372 1746 440 1773 ἀλλὰ
463 1745 551 1772 πάντα
566 1745 615 1779 τῆς
635 1744 740 1771 ἐκείνου
755 1743 913 1773 δεσποτείας
932 1742 999 1777 κτήο

217 1802 297 1827 ματα.
316 1794 380 1819 ’Ὀτε
397 1792 429 1820 ἂν
443 1790 488 1819 οὖν
504 1800 546 1822 τις
565 1791 725 1825 αἰσθόμενος
742 1790 790 1824 τῆς
809 1788 935 1823 τελευτῆς
953 1787 999 1813 καὶ

213 1839 263 1874 τῆς
287 1838 391 1865 ἐνθένδε
416 1838 623 1873 μεταστάσεως,
647 1835 779 1866 εὐποιίαις
800 1834 915 1869 κουφίσῃ
945 1832 999 1859 τῶν

213 1885 354 1921 ἁμαρτιῶν
364 1885 393 1911 τὸ
407 1885 524 1919 φορτίον,
539 1883 555 1918 ἢ
569 1882 719 1919 χρεωσταίς
733 1880 911 1916 συγχωρήσας
922 1879 1001 1914 ὀφλή-

215 1940 286 1967 ματα
298 1952 305 1964 ,
331 1931 347 1966 ἢ
370 1932 425 1962 τοῖς
443 1930 600 1965 πενομένοις
621 1928 778 1965 χορηγήσας
792 1927 841 1961 τὴν
858 1925 999 1961 εὐπορίαν,

213 1978 248 2004 τὰ
259 1978 304 2004 τοῦ
320 1977 456 2003 Δεσπότου
470 1976 566 2007 διδοὺς,
580 1975 673 2010 φίλους
688 1974 784 1999 κτᾶται
799 1971 923 2002 πολλοὺς.
937 1970 1000 2001 τοὺς

216 2024 361 2059 μέλλοντας
376 2023 449 2059 αὑτῷ
465 2023 687 2058 προσμαρτυρεῖν
703 2020 778 2056 παρὰ
793 2019 832 2054 τῷ
849 2019 937 2054 Κριτῇ
951 2017 999 2052 τήν

214 2070 411 2105 ἀγαθωσύνην,
437 2071 484 2096 καὶ
508 2068 552 2095 διὰ
575 2068 624 2103 τῆς
655 2066 807 2102 μαρτυρίας
830 2063 1000 2099 εὐτρεπίζειν

214 2116 369 2150 ἀναψύξεως
383 2115 564 2149 καταγώγιον.
584 2113 729 2148 Μάρτυρες
747 2111 775 2137 δὲ
789 2111 912 2144 λέγονται
929 2109 952 2135 οἱ
970 2106 999 2134 εὗ

215 2161 346 2193 παθόντες
371 2161 446 2197 παρὰ
459 2160 498 2195 τῷ
509 2160 610 2196 Κριτῇ,
622 2159 652 2184 οὺ
667 2159 778 2192 φωναῖς,
791 2157 828 2188 ὡς
840 2155 999 2190 ἀγνοοῦντα,

215 2208 384 2239 διδάσκοντες
397 2227 404 2240 ,
423 2207 479 2233 ἀλλ’
495 2206 532 2238 ὡς
555 2205 605 2240 τῆς
619 2204 683 2240 περὶ
700 2204 798 2234 αὐτοὺς
813 2202 937 2239 πράξεως
952 2201 1001 2236 τῆς

213 2255 347 2290 τιμωρίας
360 2255 422 2286 τοὺς
434 2253 647 2289 ἁμαρτήσαντας
660 2249 864 2285 ἐξαιρουμένης.
883 2249 929 2274 Ὃν
946 2246 1000 2282 γὰρ
1017 2251 1040 2280 D

214 2300 313 2337 τρόπον
336 2301 366 2327 τὸ
387 2299 456 2335 αἷμα
474 2299 520 2326 τοῦ
548 2298 630 2325 Ἀὗελ
653 2297 760 2330 ἐλέγετο
780 2295 843 2330 βοᾷν
869 2293 936 2329 πρὸς
955 2292 1000 2318 τὸν

215 2348 291 2379 Θεὸν,
306 2347 406 2383 ὁμοίως
422 2346 469 2373 καὶ
481 2345 512 2372 τὺ
528 2344 629 2378 ἀγαθὸν
652 2343 732 2379 ἔργον
746 2341 906 2376 λεχθήσεται
929 2347 1000 2374 μαρ-

216 2394 305 2428 τυρεῖν
323 2392 362 2428 τῷ
390 2389 581 2426 κατωρθωκότι
605 2389 634 2415 ἐν
658 2386 769 2423 Χριστῷ
801 2385 888 2421 Ἰησοῦ
906 2383 1001 2419 Κυρίῳ

216 2438 294 2473 ἡμῶν
304 2447 310 2453 ·
355 2439 371 2473 ἡ
384 2437 447 2469 δόξα
459 2437 498 2469 είς
508 2435 571 2467 τοὺς
584 2434 685 2465 αἰῶνας
695 2433 748 2459 τῶν
764 2430 880 2460 αἰώνων.
901 2430 999 2466 Ἀμήν.

589 2526 623 2552 Γ’.

408 2572 522 2606 Ὀμιλία
536 2571 610 2598 κατὰ
627 2569 814 2601 πλεονεξίας.

255 2619 367 2654 Ἄνδρες
398 2617 573 2655 Χριστιανοὶ,
607 2617 655 2643 καὶ
688 2615 809 2651 κλήσεως
837 2611 996 2648 ἐπουρανίου

252 2689 274 2706 ³³
290 2688 353 2723 Leg.
377 2689 407 2714 τὸ
433 2685 634 2723 γεγραμμένον.
672 2685 693 2700 ³¹
709 2684 802 2710 ΜιιιιΙ).
830 2682 932 2714 xxv,l
962 2688 1020 2715 sqq.

253 2758 311 2794 (l9)
331 2757 476 2794 Occasione
497 2755 685 2794 nundinarum,
708 2759 767 2792 quae
791 2752 818 2794 in
847 2755 995 2794 martyrum

218 2786 355 2822 solemniis
373 2793 468 2819 crebro
483 2790 571 2825 populi
588 2795 718 2825 concursu
739 2787 793 2825 jam
813 2790 866 2825 tum
890 2786 995 2825 tierent,

219 2819 345 2856 iturinulla
372 2819 491 2854 avaritiae
512 2819 616 2861 specie,
642 2819 829 2861 exagitandam
843 2821 909 2861 __ltoc
938 2819 997 2846 loco

220 2862 343 2890 Asterius
359 2862 475 2896 suscepit
487 2856 639 2891 avaritiam,
659 2858 685 2884 in
696 2864 776 2896 quam
790 2856 876 2896 pridie
891 2861 998 2896 quoque

222 2898 343 2926 invectus
357 2890 446 2924 esset}
461 2897 507 2924 sed
524 2902 574 2922 non
591 2890 678 2922 exstat
696 2890 780 2919 altera
801 2890 845 2917 illa
861 2890 996 2917 tractatio.

1013 1580 1034 1609 C

1050 959 1106 986 sive
1117 959 1282 993 splendidam
1300 961 1371 986 illam
1399 969 1430 988 ac
1452 962 1607 995 pretiosam,
1629 961 1685 989 sive
1703 962 1779 989 vilem
1803 969 1834 989 ac

1050 1006 1208 1040 paupertino
1219 1007 1311 1041 sagulo
1327 1007 1460 1035 similem:
1478 1015 1525 1034 nec
1541 1015 1638 1035 exuere
1653 1015 1711 1034 eam
1731 1007 1769 1034 fas
1782 1012 1834 1040 est,

1049 1055 1094 1076 aut
1105 1050 1154 1076 alia
1169 1058 1354 1085 commutare;
1373 1060 1421 1079 nec
1436 1054 1545 1080 omnino
1559 1054 1600 1080 vel
1617 1061 1649 1080 ex
1667 1055 1736 1080 douo
1748 1054 1788 1080 vel
1801 1062 1834 1080 cx

1049 1098 1217 1123 commodato
1237 1098 1330 1129 judicii
1355 1103 1475 1133 tempore
1501 1105 1625 1126 ornatmn
1651 1100 1835 1132 mundumque

1049 1143 1192 1170 asciscere.
1218 1143 1307 1170 Manet
1326 1144 1440 1179 quisque
1470 1145 1556 1179 qualis
1587 1153 1679 1171 revera
1709 1148 1758 1173 est.
1777 1145 1834 1172 sive

1049 1189 1179 1215 bonorum
1195 1196 1306 1223 egenus,
1317 1189 1373 1216 sive
1389 1190 1463 1217 dives
1475 1190 1646 1224 etcopiosus.
1664 1190 1695 1216 Et
1708 1191 1763 1217 luce
1777 1191 1835 1225 qui-

1049 1233 1108 1259 dem
1129 1233 1266 1260 hactenus.

1084 1278 1152 1312 Quid
1162 1279 1216 1314 jam
1232 1279 1395 1306 dicemusde
1412 1281 1607 1308 condonatioue
1622 1289 1652 1308 ac
1673 1281 1833 1308 remissione

1049 1325 1210 1354 debitorum.
1231 1334 1312 1360 quam
1326 1326 1476 1360 iniquitatis
1492 1334 1648 1354 mcouomus
1666 1332 1834 1354 commentus

1048 1375 1098 1403 est,
1115 1372 1277 1397 utsolalium
1299 1372 1406 1406 aliquod
1426 1377 1452 1397 et
1467 1372 1595 1399 auxilium
1610 1373 1634 1398 iu
1661 1373 1736 1398 malis
1763 1372 1832 1405 apud

1048 1424 1192 1443 conservos
1206 1417 1255 1443 sibi
1270 1417 1457 1451 compararet?
1469 1417 1528 1444 Non
1543 1418 1614 1444 enim
1627 1425 1691 1443 sane
1705 1418 1833 1451 proclive,

1049 1463 1119 1497 quod
1138 1463 1172 1488 ita
1188 1463 1316 1496 scriptum
1332 1467 1372 1489 est.
1388 1463 1413 1489 in
1430 1463 1586 1497 allegoriam
1604 1470 1667 1490 vero
1686 1471 1832 1490 consonam

1048 1514 1216 1535 convertere.
1235 1508 1325 1535 Dicam
1352 1514 1439 1536 tamen
1456 1509 1526 1544 quod
1552 1509 1634 1535 multa
1662 1509 1778 1535 volvenli
1806 1510 1832 1536 in

1051 1561 1166 1581 mentem
1184 1555 1266 1582 venit.
1288 1557 1387 1582 Omncs
1403 1563 1461 1587 nos,
1479 1560 1609 1589 quotquot
1624 1554 1739 1581 futuram
1757 1555 1834 1582 nobis

1051 1601 1170 1635 requiem
1186 1607 1344 1634 comparare
1362 1601 1500 1626 sunlemus
1511 1620 1518 1632 ,
1535 1599 1683 1626 alienarum
1708 1601 1833 1627 donatio-

1051 1654 1110 1673 nem
1127 1654 1157 1673 ac
1169 1646 1369 1672 COIICESSiOllClll
1399 1653 1500 1676 rerum.
1527 1645 1627 1671 lucrum
1648 1652 1679 1672 8C
1703 1649 1832 1679 (ιιιςῡδῑιιιη

1050 1693 1186 1727 proprium
1200 1691 1321 1718 facimus.
1338 1691 1448 1725 Appello
1473 1695 1561 1717 autent
1582 1691 1678 1722 aliena,
1696 1699 1754 1724 quze
1783 1691 1835 1718 Do-

1052 1738 1115 1764 mini
1129 1743 1200 1765 sunl.
1216 1737 1287 1764 Nihil
1311 1738 1381 1764 enim
1400 1737 1509 1763 omnino
1526 1741 1656 1767 nostrum.
1672 1738 1717 1763 sed
1733 1737 1834 1768 omnia,

1051 1783 1121 1810 illius
1132 1788 1193 1810 sunt
1209 1783 1329 1810 dominio
1342 1783 1494 1817 mancipata
1510 1782 1589 1809 bona.
1606 1782 1672 1809 Cum
1698 1783 1758 1817 quis
1785 1783 1835 1817 igi-

1052 1834 1104 1861 tur,
1119 1830 1278 1855 moriturum
1299 1827 1355 1854 fore
1369 1827 1568 1862 perseuliscens
1595 1835 1625 1854 ac
1645 1827 1834 1862 migraturum,

1051 1879 1221 1909 peccatorum
1237 1880 1306 1899 onus
1324 1872 1499 1899 beneﬁcentia
1515 1872 1604 1898 levare
1626 1874 1726 1903 studet,
1749 1880 1780 1898 ac
1794 1873 1836 1898 vel

1050 1919 1202 1946 debitorum
1214 1919 1264 1945 sibi
1277 1918 1414 1944 nominum
1427 1917 1539 1951 gratiam
1554 1917 1627 1948 facit,
1638 1917 1678 1943 vel
1695 1917 1836 1950 egentibus

1051 1966 1172 2001 largitur,
1187 1974 1217 1992 ea
1232 1966 1356 1992 donando
1378 1973 1438 1999 qua:
1453 1971 1516 1992 Slllll.
1543 1965 1659 1997 Domini,
1683 1966 1771 2000 plures
1785 1967 1835 1993 sibi

1051 2012 1152 2038 atnicos
1168 2011 1305 2042 conciliat,
1325 2013 1367 2044 qui
1390 2010 1517 2037 bonitatis
1531 2009 1588 2043 ejus
1611 2017 1642 2036 ac
1669 2010 1836 2037 liberalitatis

1052 2058 1119 2091 apud
1131 2056 1251 2083 .Itulicem
1268 2061 1347 2083 teste‘
1366 2056 1446 2082 futuri
1468 2056 1530 2087 sint,
1553 2064 1583 2082 ac
1602 2056 1753 2082 testimonio
1770 2064 1829 2087 suo.

1052 2103 1186 2137 refrigerii
1206 2102 1292 2128 locum
1306 2102 1435 2135 paraturi.
1453 2102 1534 2128 Porro
1547 2107 1631 2129 testes
1646 2102 1774 2128 dicuntur
1790 2103 1836 2129 bc-

1053 2149 1147 2176 neticio
1163 2148 1250 2175 allecti
1271 2149 1340 2182 apud
1366 2147 1505 2180 Judieclu;
1523 2156 1574 2174 non
1590 2147 1709 2177 vocibus,
1729 2153 1757 2174 ut
1774 2152 1834 2174 tau-

1052 2203 1131 2229 quam
1147 2195 1268 2228 ignarum
1283 2193 1416 2225 doceant;
1447 2193 1492 2219 scd
1509 2193 1579 2227 quod
1598 2193 1624 2219 in
1643 2200 1689 2219 eos
1717 2193 1836 2219 exhibita

1053 2241 1133 2272 actio,
1151 2247 1276 2267 auctores
1304 2247 1366 2266 suos
1391 2247 1404 2265 a
1429 2238 1572 2266 criminum
1600 2245 1680 2272 ptraa
1711 2242 1835 2266 eximat:

1054 2294 1116 2313 nam
1135 2294 1186 2320 qua
1203 2286 1304 2311 ratione
1315 2285 1423 2319 sanguis
1438 2284 1504 2311 Abel
1520 2284 1637 2311 clamare
1649 2285 1681 2310 ad
1697 2283 1837 2310 Dominum

1055 2332 1141 2358 dii-tus
1150 2336 1192 2358 est
1201 2331 1233 2364 ",
1246 2331 1339 2358 eodem
1354 2331 1433 2357 modo
1446 2338 1525 2364 opera
1541 2331 1609 2357 bona
1622 2330 1645 2356 ei
1656 2330 1838 2356 tcsti...onium

1056 2378 1197 2412 perbibere
1209 2378 1341 2408 dicentur,
1354 2377 1398 2412 qui
1414 2376 1511 2403 meruit
1522 2376 1688 2409 acprtuclara
1706 2375 1798 2409 gessit,
1812 2374 1837 2400 iu

1055 2425 1163 2452 Christo
1187 2423 1251 2451 Jesu
1278 2423 1391 2451 Domino
1416 2428 1508 2450 nostro
1520 2442 1526 2454 ,
1541 2422 1583 2448 cui
1599 2421 1682 2456 gloria
1700 2421 1725 2447 iu
1740 2420 1837 2447 smeula

1054 2470 1223 2498 saeculorum.
1237 2470 1331 2497 Amen.

1425 2513 1467 2541 lll.

1201 2561 1314 2589 Homilia
1337 2560 1459 2587 adversus
1473 2559 1613 2586 auaritiam
1630 2557 1693 2594 (19).

1092 2608 1146 2636 Viri
1162 2608 1321 2639 Christiani,
1343 2613 1445 2641 vosque
1460 2605 1579 2633 cmleslis
1607 2603 1754 2632 vocationis
1775 2610 1837 2638 par-

1067 2679 1170 2706 "Geu.
1204 2685 1239 2709 tv,
1273 2677 1315 2705 10.

1051 2748 1087 2774 De
1104 2747 1147 2774 illa
1167 2746 1254 2781 populi
1273 2745 1403 2772 ell‘usione
1424 2742 1456 2770 ad
1473 2748 1629 2781 _t_nartyrum
1654 2745 1731 2768 extra
1757 2742 1838 2768 urbes

1050 2778 1210 2809 celebranda
1229 2786 1339 2814 tropica,
1361 2787 1393 2806 ac
1429 2781 1455 2805 in
1473 2778 1832 2814 Martyriis._uoununquam

1049 2811 1313 2851 Ultrysostomus,'ut
1323 2823 1383 2842 cum
1399 2814 1431 2841 de
1446 2811 1666 2851 sancio‘tiabyla,
1682 2811 1838 2851 ete._Erant

1051 2846 1176 2886 Mariyria
1199 2846 1274 2886 cetra
1300 2851 1390 2886 urbes,
1414 2849 1486 2886 quod
1512 2846 1616 2881 legibus
1637 2846 1765 2874 Ruinauis
1783 2853 1838 2872 non

1052 2883 1145 2913 liceret
1163 2885 1241 2912 condi
1255 2885 1281 2912 iu
1294 2885 1406 2912 urbibus
1421 2883 1558 2911 cadaveia.
