2076 3155
225 169 277 197 195
861 169 890 195 S.
912 167 1045 195 ASTERII

1033 167 1048 195 ΙΙ
1069 167 1220 195 AMASENI
1804 166 1853 196 196

222 229 317 264 ticipes
333 228 357 244 “
370 227 459 256 elfecti
476 229 537 261 viri,
553 228 627 263 plebs
652 227 797 259 rusticam,
824 235 854 255 ac
877 232 1009 263 quotquot
1023 229 1042 258 Α

1031 229 1046 258 λ
1062 227 1170 262 μέτοχοι
1183 227 1292 263 ἄνδρες·
1319 228 1397 263 ὑμεῖς
1424 228 1438 254 ὀ
1453 227 1571 264 χωρικδς
1596 228 1696 264 δῆμος.
1718 229 1764 256 καὶ
1785 229 1851 256 πάν-

220 275 325 309 oppidis
340 275 453 310 egressi,
466 282 517 301 una
529 275 708 302 consensione
722 275 754 301 ad
767 275 817 301 hoc
831 274 928 301 festum
944 282 1009 300 con—

1060 281 1115 304 τες,
1144 273 1201 300 ὅσοι
1237 273 1291 300 τῶν
1323 274 1426 301 πόλεων
1456 275 1678 310 ὲκφοιτήσαντες,
1703 275 1771 310 πρὸς
1804 275 1853 310 τὴν

219 320 343 348 curristis
372 321 478 355 (omnes
492 320 591 355 quippe
612 327 658 347 vos
687 328 740 346 uno
755 320 921 354 complector
934 319 1009 346 vocis

1061 319 1201 353 παροῦσαν
1231 318 1384 354 συμφώνως
1405 320 1501 356 ἑορτὴν
1528 320 1710 356 συνεδράμετε
1734 321 1853 356 (γενικῷ

221 367 365 402 ρτιιιςοηίο)
379 375 386 392 :
403 367 552 402 quisquene
565 372 681 394 vestrum
698 367 788 394 animo
797 374 888 393 curam
906 366 1008 401 injecit,
1023 399 1041 407 .-

1034 363 1114 407 -γὰρ
1137 365 1208 400 ὑμᾶς
1235 366 1337 398 πάντας
1370 365 1566 401 περιλαμϐάνω
1589 366 1780 402 κηρύγματι),
1799 364 1854 402 ἆρα

220 413 410 447 perspexitque
426 419 457 439 ac
479 411 610 439 intellexit
637 420 688 446 qua
703 415 735 438 de
750 419 833 438 causa
851 411 1009 438 conveneri-

1059 410 1174 442 ἕκαστος
1194 411 1271 447 ὑμῶν
1291 412 1431 438 ἐνεῦἀλετο
1455 413 1487 447 τῇ
1509 412 1613 449 διανοίᾳ
1635 413 1773 448 φροντίδα,
1790 422 1852 440 συν-

221 458 302 485 mus?
318 466 350 486 ac
364 466 447 493 quare
465 464 608 494 martyres,
630 466 691 485 cum
720 458 818 484 aedium
838 461 935 484 ornata
952 457 1008 484 cnl-

1060 455 1128 482 εἶδεν
1142 455 1171 481 δὲ
1193 456 1239 482 καὶ
1263 455 1437 492 κατενόησεν,
1460 457 1530 492 ὑπὲρ
1549 456 1621 488 τίνος
1648 455 1850 492 ὴθροίσθημενς

220 509 300 539 tuque
325 505 477 539 magniﬁco,
508 509 562 530 tum
589 504 688 530 annuis
705 502 871 535 rjuscemodi
893 503 1008 530 coetibus

1059 500 1118 527 ἀνθ’
1132 501 1192 527 ὅτου
1217 501 1245 528 δὲ
1267 501 1400 537 τιμῶνται
1417 502 1556 538 μάρτυρες
1590 502 1672 529 οἴκων
1695 502 1851 538 περιφανῶν

219 551 411 583 honestentur,
438 558 470 577 ac
496 558 550 585 quo
567 549 738 584 potissimum
770 549 907 584 proposito
923 555 1007 582 scopo

1059 549 1258 580 κατασκευαῖς,
1276 548 1323 574 καὶ
1336 549 1392 579 τοῖς
1416 548 1561 579 ἐνιαυσίοις
1576 547 1682 579 τούτοις
1697 548 1850 582 συλλόγοις,

218 597 333 631 majores
350 596 447 628 nostri.
467 596 518 623 ista
535 603 595 630 qua:
611 595 733 622 videmus
749 593 1007 628 instituerint.jure—

1059 591 1106 618 καὶ
1117 591 1184 627 πρὸς
1196 592 1255 618 τίνα
1267 593 1367 618 σκοπὸν
1379 592 1522 627 βλέποντες
1537 594 1560 618 οἱ
1572 591 1688 628 πατέρες
1700 593 1780 628 ἡμῶν
1795 595 1852 620 ἑνο-

218 651 270 678 qtte
287 647 415 678 perpetuo
431 650 492 670 eum
508 642 587 668 ritum
604 641 636 668 ad
651 646 775 675 posteros
791 639 1008 667 transmiserint?

1061 637 1212 672 μοθὲτησαν
1223 637 1256 664 τὰ
1265 637 1399 673 ὁρώμενα,
1415 638 1460 664 καὶ
1472 638 1579 674 ἰσχυρὸν
1589 638 1697 673 ἀφῆκαν
1707 639 1751 665 τὸν
1768 639 1849 674 νόμον

217 687 311 715 Nonne
325 688 367 715 vel
393 695 487 721 parum
517 686 665 713 intendenti
690 686 810 712 anitunm
830 693 861 712 ac
891 685 1005 719 sapienti

1059 683 1115 713 τοῖς
1129 682 1292 717 μετέπειτα;
1309 684 1343 709 Ἢ
1361 683 1493 718 πρόδηλον
1508 683 1548 718 τῷ
1563 684 1609 710 καὶ
1626 684 1723 719 μικρὸν
1745 684 1851 712 πυκνώ-

217 734 324 768 pianum
342 733 368 760 id
383 738 463 767 atque
477 733 660 767 perspicuum,
677 731 784 766 pietatis
799 731 857 758 zrlo
872 731 927 758 haec
942 731 1006 758 talia

1060 736 1136 755 σαντι
1151 729 1200 763 τὴν
1219 729 1348 761 διάνοιαν,
1370 729 1407 761 ὡς
1429 729 1502 765 ζήλῳ
1518 731 1583 765 ἡμῖν
1607 730 1747 762 εὐσεϐείας
1766 731 1851 758 ταῦτα

217 780 294 807 nobis
310 780 457 807 constituta
468 787 539 811 esse,
556 779 745 812 solemnesque
761 783 919 809 conventus.
931 785 1006 804 com-

1057 773 1229 809 διετυπώθη,
1254 775 1300 801 καὶ
1315 775 1392 801 κοινὰ
1414 775 1601 810 παιδαγωγεῖα
1627 776 1681 802 τῶν
1704 776 1799 812 ψυχῶν
1823 777 1850 804 αἱ

217 834 311 852 tnnnes
327 825 458 859 qnestlam
485 825 636 851 animorum
655 824 766 852 coaflari
785 824 872 856 ludos,
888 828 917 850 ut
933 831 1006 850 mar-

1059 818 1228 854 πανηγύρεις
1256 820 1426 854 συνάγονται,
1443 821 1485 847 ἵνα
1501 822 1641 856 μάρτυρας
1659 822 1802 858 τιμῶντες,
1822 822 1852 849 τὸ

217 877 304 906 tyrum
321 871 394 897 cultu
413 879 444 897 ac
463 870 645 903 veneratione,
671 877 751 904 quam
779 870 814 896 illi
834 877 882 904 pro
906 870 1006 903 pietate
1026 903 1037 906 Α

1033 903 1040 906 Α
1058 864 1113 890 τῶν
1137 865 1283 900 μαρτύρων
1307 865 1377 901 ὑπὲρ
1401 866 1541 899 εὐσεϐείας
1566 868 1699 903 καρτερὸν
1727 867 1853 904 μιμησώ-

217 917 401 944 fortitudinem
421 917 621 949 exhiliucrunt,
642 917 789 947 imitemur,
816 921 899 949 utque
915 903 1037 942 docto-E

1031 903 1044 932 Β
1061 909 1144 944 μεθα·
1159 910 1203 937 ἵνα
1215 912 1271 942 τοῖς
1287 911 1481 946 συναγομένοις
1495 913 1651 945 παιδευταῖς
1666 914 1809 946 ὑποθέντες
1822 916 1851 942 τὸ

217 963 290 991 ribus
313 971 344 989 ea
357 963 502 990 occasione
529 963 702 997 congregatis
727 969 820 989 aurem
845 962 1008 996 praebentes.

1059 953 1115 988 οὖς,
1129 956 1259 992 μάθωμεν
1272 965 1298 983 τι
1310 958 1439 993 χρηστὸν,
1457 958 1471 984 ὃ
1494 961 1546 994 πρὸ
1562 959 1676 995 βραχέος
1689 961 1739 987 οὐκ
1755 961 1850 995 ἐγινώ-

216 1008 385 1043 profuturum
403 1008 515 1042 aliquid,
530 1016 561 1035 ac
576 1012 657 1034 antea
686 1008 874 1042 hactennsque
896 1008 1007 1043 ignOra'

1060 1010 1171 1037 σκομεν,
1185 1002 1201 1038 ἢ
1216 1002 1350 1038 δόγματος
1364 1004 1524 1038 ἀσφάλειαν,
1537 1006 1553 1040 ἢ
1568 1005 1644 1032 λύσιν
1657 1007 1851 1043 ἀπορουμένης

217 1059 271 1080 tum
283 1054 435 1086 discamus;
452 1054 492 1080 vel
505 1054 571 1080 certi
591 1054 718 1080 nimirum
732 1053 834 1088 aliquid
850 1055 983 1087 dogmatis
998 1062 1004 1086 ;

1059 1048 1170 1084 Γραφῆς
1183 1049 1220 1084 ,ἡ
1241 1058 1301 1076 τινα
1319 1049 1397 1084 λόγον
1418 1051 1467 1086 τὴν
1481 1051 1536 1077 τῶν
1556 1051 1629 1086 ὴθῶν
1651 1052 1851 1087 ἐπανορθοῦνται

217 1099 256 1125 vel
274 1099 469 1132 expositionem
484 1099 604 1129 obscuri,
619 1106 651 1125 ac
665 1099 784 1132 ambigui
805 1099 854 1126 loci
883 1099 1001 1133 Scriptu-

1059 1094 1242 1127 καταστασιν;
1264 1094 1359 1130 Ὑμεῖς
1378 1095 1406 1122 δέ
1427 1105 1470 1131 μοι
1487 1096 1588 1123 δοκεῖτε
1602 1097 1652 1132 τῆς
1667 1098 1769 1133 ἀρετῆς
1793 1100 1852 1125 ἐπι-

218 1153 254 1171 ηι»
269 1153 276 1177 ;
292 1145 333 1170 vel
360 1145 474 1178 denique
505 1144 685 1178 compositum
703 1152 856 1172 sermonem
887 1145 1008 1172 moribus

1061 1139 1170 1174 μέλειαν
1190 1140 1322 1174 ἀφέντες,
1347 1142 1393 1168 καὶ
1412 1142 1460 1176 τῆς
1481 1143 1546 1178 περὶ
1567 1143 1616 1179 τὴν
1630 1143 1718 1179 ψυχὴν
1734 1144 1851 1179 σπουδῆς

218 1191 410 1218 instituendis?
436 1191 488 1218 Sed
508 1192 580 1218 enim
598 1199 646 1218 vos
673 1191 738 1217 mihi
755 1191 890 1220 videmini.
906 1191 1008 1218 omisso

1059 1184 1246 1219 ἐκλαθόμενοι,
1264 1186 1328 1221 ὅλην
1343 1187 1448 1214 ἑαυτῶν
1466 1189 1688 1222 μετατεθεικέναι
1710 1190 1758 1226 τὴν
1775 1190 1853 1226 μέρι-

217 1237 324 1264 virtutis
348 1237 448 1269 studio,
483 1244 603 1271 curaque
642 1237 739 1263 anima;
761 1237 925 1272 posthabita,
959 1237 1007 1264 toti

1061 1239 1129 1265 μναν
1143 1231 1211 1266 πρὸς
1221 1231 1266 1258 τὸν
1276 1233 1409 1267 συρφετὸν
1423 1233 1470 1260 τοῦ
1485 1236 1635 1270 μαμμωνᾶ,
1649 1235 1696 1262 καὶ
1709 1236 1760 1271 τὴν
1769 1237 1850 1271 ἀσχο-

217 1284 287 1309 circa
303 1290 464 1310 mammona
481 1284 586 1315 sordes,
608 1283 748 1317 forumque
769 1289 857 1309 rerum
872 1282 1007 1309 venalium

1058 1277 1117 1304 λίαν
1132 1277 1184 1304 τῶν
1201 1279 1377 1313 πρατηρίων·
1396 1281 1420 1306 οἱ
1445 1281 1493 1315 μὲν
1514 1281 1591 1308 αὐτοὶ
1613 1281 1849 1316 συναλλάττοντες,

217 1329 338 1361 versari;
354 1328 399 1355 alii
416 1328 524 1362 quidem
552 1328 602 1362 ipsi
618 1329 832 1361 contrahentes;
851 1328 894 1354 alii
913 1327 1007 1356 alienis

1057 1323 1082 1349 οί
1095 1323 1124 1349 δὲ
1142 1324 1287 1367 κεχηνότες
1300 1325 1340 1355 εἶς
1359 1324 1394 1351 τὰ
1412 1325 1555 1362 ἀλλότρια,
1579 1327 1625 1353 καὶ
1646 1327 1710 1359 τοὺς
1731 1328 1777 1356 ἐπὶ
1795 1330 1850 1360 τοῖς

217 1374 311 1401 intenti
329 1374 529 1408 inliiautesque,
543 1381 575 1400 ac
591 1381 680 1401 rerum
704 1373 837 1400 venalium
857 1374 1007 1401 contentio—

1058 1368 1148 1400 ὠνίοις
1161 1369 1380 1403 φιλονεικοῦντας
1396 1372 1575 1409 ἱστοροῦντες,
1591 1373 1664 1405 ὅπως
1677 1374 1712 1400 τὰ
1727 1375 1849 1411 ἀλλήλων

216 1421 301 1447 siorcs
316 1420 493 1447 aestimatores
505 1419 688 1451 sciscitantes,
701 1427 754 1454 quo
771 1427 820 1446 sua
836 1419 950 1446 invicem
968 1420 1007 1446 vi-

1058 1415 1269 1448 ὲπευωνίζωσιν.
1293 1417 1373 1444 Ἀλλὰ
1390 1418 1520 1453 μετάθετέ
1531 1428 1575 1454 μοι
1592 1419 1638 1446 τὸν
1650 1421 1732 1447 πόθον
1746 1421 1792 1448 ἐπὶ
1801 1422 1849 1458 τὴν

217 1467 321 1493 lcscere
339 1465 439 1492 faciant
456 1473 488 1492 ac
504 1466 590 1500 pretio
619 1465 749 1492 minuant.
772 1465 881 1496 Verum.
912 1466 982 1500 agite
997 1475 1005 1499 ;

1064 1460 1225 1496 Ἐκκλησίαν
1235 1471 1241 1477 ·
1256 1463 1438 1498 καταλείψατε
1451 1464 1500 1499 τὴν
1513 1464 1707 1501 φιλαργυρίαν,
1721 1466 1770 1502 τὴν
1786 1467 1849 1500 ἀγό-

218 1512 267 1538 Ιιοε
285 1511 480 1538 mihistudium
499 1511 532 1538 ad
563 1511 712 1538 Ecclesiam
743 1511 895 1544 transferte,
928 1512 1007 1538 relin-

1060 1514 1152 1541 ραιον,
1168 1507 1217 1543 τὴν
1234 1508 1360 1543 μαινάδα.
1390 1510 1597 1546 Ἀποστράφητε
1618 1511 1704 1547 αὐτὴν
1725 1512 1763 1543 ὡς
1785 1513 1849 1539 ἄκο-

216 1556 455 1591 quitoavaritiam,
470 1556 542 1582 illam
566 1555 828 1588 circumforaneum,
850 1556 921 1583 illam
939 1565 1004 1583 mat-
1021 1575 1036 1604 ε

1027 1575 1042 1604 Β
1060 1560 1128 1587 σμον
1143 1553 1276 1589 ἑταιρίδα,
1297 1554 1492 1590 προσγελώσαν
1514 1556 1552 1590 τῷ
1570 1556 1678 1592 πλήθει,
1691 1559 1752 1589 ταῖς
1768 1558 1847 1584 ἁλλο-

216 1602 284 1630 nada
302 1609 308 1628 :
324 1603 490 1629 aversamini
521 1607 648 1637 tanquam
673 1607 776 1637 turpem
796 1602 1006 1635 tueretricnlam,
1023 1598 1036 1604 “

1027 1598 1042 1604 ’⁸
1058 1598 1147 1634 τρίαις
1165 1599 1241 1631 ὕλαις
1262 1600 1514 1636 καλλωπιζομένην,
1541 1603 1587 1629 καὶ
1611 1605 1667 1635 τοῖς
1690 1603 1782 1630 ἄνθεσι
1802 1605 1847 1631 τοῦ

217 1648 377 1675 tnnltitndini
393 1648 566 1679 arridentetn,
578 1648 673 1675 alienis
686 1653 810 1675 ornatam
830 1649 1004 1681 indumentis,

1059 1645 1290 1680 φαρμακοπώλου.
1323 1647 1471 1683 Ἐράσθητε
1497 1647 1600 1684 ταύτης
1625 1649 1675 1685 τῆς
1701 1649 1775 1682 Θείας
1800 1651 1847 1677 καὶ

217 1701 248 1720 ac
255 1692 389 1720 coloribus
405 1693 574 1728 pigtttenlarii
585 1693 711 1721 fucatam.
721 1694 830 1727 Contra,
840 1699 928 1721 amate
937 1694 1006 1721 divi-

1059 1688 1197 1725 σώφρονος
1211 1691 1380 1727 ὲσταλμένης
1401 1693 1523 1727 κοσμίως
1533 1714 1540 1726 ,
1557 1693 1655 1729 σεμνὸν
1669 1695 1716 1721 καὶ
1727 1695 1847 1730 ἀμετεὼ-

217 1746 278 1766 nam
295 1738 365 1765 illam
379 1746 410 1766 ac
424 1739 534 1774 probam
549 1738 738 1773 pudicamque,
756 1739 853 1766 decore
869 1740 1005 1772 amictam,

1060 1743 1150 1770 ριστον
1167 1735 1328 1771 βλεπούσης.
1344 1737 1422 1764 Οὕτω
1433 1738 1487 1773 γὰρ
1516 1739 1645 1774 Σαλομών
1661 1740 1690 1766 ὲν
1702 1742 1734 1776 τῇ
1752 1750 1847 1776 παροι-

216 1785 345 1820 vultuque
356 1785 429 1820 gravi
451 1792 482 1811 ac
496 1786 627 1812 modesto.
642 1784 686 1811 Sic
701 1785 772 1811 enim
788 1785 825 1812 ait
838 1785 964 1812 Salomon
979 1786 1005 1813 in

1059 1782 1144 1816 μιακῇ
1163 1781 1246 1817 βίϐλῳ
1261 1783 1342 1818 φησίν
1352 1792 1359 1799 ·
1376 1784 1424 1818 Μὴ
1439 1785 1660 1820 ἐγκαταλείπῃς
1677 1787 1785 1820 αὐτὴν.
1798 1788 1846 1814 καὶ

216 1831 283 1860 libro
296 1831 523 1860 Proverbiorutn‘.
554 1830 595 1858 Ne
622 1832 741 1858 dimittas
772 1840 841 1864 eam,
871 1832 1005 1867 lequeilla

1057 1826 1213 1858 ἀνθέξεταί
1222 1835 1291 1855 σου.
1311 1828 1465 1863 Ἐράσθητι
1478 1829 1585 1864 αὐτῆς.
1600 1831 1648 1858 καί
1664 1832 1786 1867 τηρήσει
1799 1842 1844 1860 σε.

216 1883 306 1906 mutuo
319 1877 503 1912 complectetur
519 1885 527 1904 :
544 1877 624 1912 dilige
641 1886 708 1910 eaut,
731 1883 754 1904 et
779 1878 906 1904 custodiet
933 1883 957 1904 te
972 1877 1004 1904 ³⁵.

1122 1871 1261 1907 παρέλθῃς
1274 1875 1495 1909 καταφρονήσας,
1511 1875 1579 1910 μηδὲ
1594 1876 1628 1902 τὰ
1643 1878 1707 1913 παρ’
1724 1879 1789 1913 ἡμῖν
1802 1879 1846 1905 ἐπὶ

215 1924 274 1952 Noli
303 1932 351 1959 per
370 1929 555 1959 contemptum
583 1924 736 1958 prmtcrirc.
756 1931 804 1951 nec
820 1931 879 1958 qum
906 1923 952 1951 tibi
979 1924 1004 1951 in

1056 1916 1104 1952 τῆς
1129 1917 1269 1953 τραπέζης
1290 1919 1392 1954 ταύτης
1408 1921 1590 1956 προκείμενα,
1612 1923 1656 1949 διὰ
1677 1923 1756 1950 τοῦτο
1777 1925 1846 1951 αὐτὰ

215 1972 265 1999 hac
280 1978 371 1997 mensa
390 1970 575 2004 proponimus.
590 1977 622 1996 eo
638 1970 808 2002 aspernanda
829 1974 917 2003 putes,
933 1971 1004 2003 quod

1056 1961 1169 1997 νομίσῃς
1180 1962 1275 1998 ἄτιμα,
1289 1964 1381 1999 ἐπειδὴ
1398 1966 1499 1999 προῖκά
1513 1974 1554 1992 σοι
1566 1966 1669 1999 ἔξεστιν
1682 1968 1731 2003 τὴν
1745 1969 1842 2004 κτῆσιν

214 2025 245 2044 ea
262 2017 344 2051 gratis
371 2016 498 2048 consequi
526 2020 611 2049 poles.
641 2014 692 2041 Sed
713 2023 745 2042 co
760 2016 877 2049 gratiora
898 2017 952 2042 sint
974 2023 1005 2044 ac

1056 2008 1300 2043 περιποιήσασθαι·
1326 2009 1394 2036 ἀλλὰ
1420 2011 1465 2037 καὶ
1483 2012 1583 2046 μᾶλλον
1607 2013 1787 2050 ὲπιθύμησον,
1804 2015 1844 2041 ὅτι

214 2062 299 2095 niagis
325 2066 499 2095 expetantur,
511 2062 581 2095 quod
601 2068 653 2087 non
678 2061 820 2088 sedeamus
849 2062 1003 2090 institorum

1055 2053 1086 2079 οὺ
1102 2053 1244 2090 καθήμεθα
1265 2055 1393 2091 κάπηλοι,
1412 2056 1494 2091 ζυγὸν
1513 2058 1529 2093 ἧ
1551 2059 1687 2095 τρυτάνην
1703 2060 1842 2096 φέροντες·

214 2115 289 2134 more
318 2114 379 2133 cum
411 2111 511 2132 statera
530 2111 556 2132 et
577 2106 675 2132 trutina
693 2114 700 2132 :
729 2106 888 2141 lttcrumque
910 2116 1002 2139 unum,

1055 2099 1083 2124 ἓν
1097 2099 1125 2126 δὲ
1141 2100 1234 2135 κέρδος
1252 2101 1398 2137 ζητοῦμεν,
1416 2103 1466 2139 τὴν
1477 2103 1524 2130 τοῦ
1540 2105 1662 2140 μαθητοῦ
1678 2107 1823 2143 σωτηρίαν.

214 2154 345 2180 auditoris
362 2160 394 2179 ac
411 2152 533 2186 discipuli
550 2152 663 2178 salutem
674 2160 836 2187 quati-anius.

250 2199 329 2226 Lecta
350 2199 426 2226 nobis
437 2204 520 2226 estex
532 2199 606 2225 Actis
622 2199 804 2232 apostolorum
820 2200 894 2227 Pauli
906 2201 938 2227 ad
951 2201 1001 2227 Fe-

1097 2196 1263 2233 Ἄνεγνώσθη
1283 2198 1347 2233 ἡμῖν
1369 2199 1401 2226 ἐκ
1420 2199 1472 2226 τῶν
1488 2200 1617 2236 Πρὰξεων
1643 2202 1750 2230 Παύλου
1767 2203 1844 2237 λόγος

213 2251 284 2272 stum
313 2253 344 2271 ac
366 2244 508 2279 Agrippan:
528 2244 614 2271 oratio
626 2244 648 2260 “
665 2243 770 2276 :Pauli,
787 2245 911 2279 inquam,
930 2246 1002 2273 illius
1021 2248 1033 2274 ί

1025 2248 1041 2274 [)
1055 2245 1122 2280 πρὸς
1134 2245 1237 2280 Φῆστον
1249 2246 1296 2272 καὶ
1314 2247 1477 2282 Ἀγρίππαν,
1493 2248 1599 2275 Παύλου
1611 2249 1658 2276 τοῦ
1670 2249 1766 2276 πιστοῦ
1781 2250 1845 2277 ἀπο-

213 2297 238 2318 et
253 2289 337 2317 fidelis
351 2289 499 2323 apostoliet
513 2288 651 2323 prudentis
664 2289 792 2316 oratoris.
806 2288 899 2316 Vidisti
911 2289 1000 2324 plane,

1056 2291 1158 2325 στόλον,
1187 2293 1233 2318 καὶ
1262 2293 1343 2328 σοφοῦ
1372 2294 1539 2330 δημηγόρου.
1570 2294 1645 2328 Εἶδες
1674 2296 1791 2328 πάντως,
1822 2293 1844 2323 ὦ

213 2336 329 2369 auditur,
342 2335 473 2369 siquidem
493 2334 610 2361 animum
623 2333 773 2365 advenisti,
794 2338 823 2361 ut
836 2342 885 2362 nec
900 2335 944 2362 ille
958 2343 1002 2362 vc-

1055 2339 1201 2374 ἁκροατὴς,
1216 2340 1239 2366 εἰ
1252 2339 1297 2366 τὸν
1312 2339 1373 2366 νοῦν
1388 2340 1551 2376 ἐπέστησας,
1566 2342 1640 2374 ὅπως
1657 2343 1704 2369 καὶ
1716 2342 1764 2379 τὴν
1777 2343 1844 2378 ἀλή-

214 2383 318 2410 ritatem
335 2390 366 2408 cx
382 2386 454 2407 metu
469 2380 580 2416 prodat;
601 2388 633 2407 ac
651 2379 808 2414 obsequium
824 2388 887 2415 erga
905 2381 1002 2415 Agrip-

1055 2384 1130 2411 θείαν
1144 2385 1174 2411 οὺ
1189 2385 1349 2420 προδίδωσιν
1366 2387 1399 2413 ὲκ
1409 2387 1519 2420 δειλίας,
1535 2388 1582 2415 καὶ
1592 2389 1641 2424 τὴν
1653 2389 1720 2425 πρὸς
1737 2389 1844 2426 Ἀγρίπ-

213 2437 272 2463 pam
279 2428 412 2455 sermonis
419 2427 540 2454 libertate
548 2431 709 2460 temperans,
720 2426 815 2452 durum
824 2427 936 2454 tribunal
944 2428 1000 2463 (20)

1056 2437 1110 2455 παν
1126 2429 1276 2464 θεραπείαν
1299 2431 1332 2465 τῇ
1359 2431 1501 2467 παρρησίᾳ
1531 2433 1661 2468 κεράσας,
1678 2433 1707 2459 τὺ
1727 2432 1842 2468 βραχὺ³⁷

212 2474 388 2508 ιιυιιιιιιῑιὶεει,
415 2481 446 2500 ac
464 2473 496 2499 ad
523 2473 659 2500 lenitatem
685 2472 826 2499 inflectat:
848 2481 900 2498 non
925 2473 1002 2500 aliter

1055 2475 1196 2510 κριτήριον
1215 2475 1382 2510 ὲκμαλάσσει
1399 2477 1467 2512 πρὸς
1478 2478 1641 2514 ἁγαθότητα,
1655 2478 1750 2514 ὣσπερ
1763 2478 1843 2514 θηρία

212 2528 292 2555 quam
320 2519 341 2546 si
363 2519 465 2546 belluas
493 2518 606 2553 aliquas,
629 2518 769 2550 orationis,
789 2522 818 2545 ut
846 2519 880 2544 ita
902 2518 1000 2550 dicam.

1055 2519 1115 2546 τινὰ
1130 2519 1288 2555 κατεπᾴδων
1304 2522 1363 2552 ταῖς
1374 2520 1420 2548 τοῦ
1433 2521 1511 2555 λόγου
1526 2523 1758 2558 μεταχειρήσεσιν.
1775 2522 1843 2557 Προ-

213 2565 426 2593 contrectatione
441 2565 606 2591 incantares.
629 2563 682 2591 Sed
697 2569 724 2591 et
748 2563 892 2592 Zacharias
921 2565 1001 2592 bodic

1055 2565 1204 2599 εφήτευσεν
1218 2565 1265 2592 καὶ
1278 2566 1398 2601 σήμερον
1411 2567 1557 2603 Ζαχαρίας,
1571 2567 1626 2594 τῶν
1639 2567 1764 2602 μεγάλων
1779 2567 1842 2602 ἡμῖν

212 2611 384 2645 prophetavit
405 2610 473 2645 (21),
487 2616 644 2644 magnorum
668 2610 745 2638 nobis
761 2609 894 2645 Unigcniti
910 2618 1001 2638 sacra-

1056 2610 1214 2645 μυστηρίων
1240 2610 1288 2637 τοῦ
1311 2612 1480 2646 Μονογενοῦς
1506 2613 1658 2648 ὑπανοίγων
1681 2613 1729 2648 τὴν
1747 2613 1840 2648 θύραν,

265 2678 288 2693 ³⁸
305 2676 386 2704 Ilehr.
403 2684 444 2709 ut,
456 2677 481 2703 l.
528 2676 550 2692 ⁸⁸
564 2676 642 2704 Prov.
658 2684 695 2708 tv,
713 2676 739 2704 6.
777 2677 870 2704 "Act.
888 2685 950 2709 XXV.
970 2677 1071 2713 8sqq.;

713 2676 739 2704 6.
777 2677 870 2704 "Act.
888 2685 950 2709 ην,
970 2677 1071 2713 8sqq.;
1084 2685 1156 2709 xxvt.
1173 2678 1262 2713 Ssqq.
1301 2679 1323 2696 ³⁷
1342 2679 1405 2716 Leg.
1423 2690 1519 2716 τραχν.

247 2744 302 2780 (20)
324 2745 422 2772 Durum
440 2744 566 2777 tribunal,
589 2743 683 2779 τραχὺ
706 2744 868 2781 κριτήριον.
879 2744 924 2772 Sic
938 2745 1000 2781 legit
1055 2751 1062 2772 ι

519 2744 566 2777 uti,
589 2743 683 2779 τραχὺ
706 2744 868 2781 κριτήριον.
879 2744 924 2772 Sic
938 2745 1000 2781 legit
1055 2745 1141 2778 tisset,
1159 2751 1186 2781 ut
1201 2747 1262 2774 Act.
1279 2756 1339 2775 xxv.

213 2781 356 2819 interpres.
381 2788 441 2819 cum
471 2781 563 2819 reddit
583 2781 672 2819 duros_
690 2782 800 2819 animos.
832 2780 896 2819 Erat
924 2780 998 2807 certe
1088 2781 1144 2819 (gl)
1165 2780 1309 2819 Zacharias
1329 2785 1404 2810 hodie
1428 2784 1603 2819 prophetarit.
1626 2783 1669 2812 Uti
1689 2785 1786 2817 Latini,
1803 2786 1841 2812 sic

214 2815 308 2852 Festus
324 2814 406 2852 Paulo
420 2816 503 2852 durus
518 2815 610 2852 index,
629 2816 673 2848 qui
690 2815 783 2852 volens
800 2816 916 2850 gratiam
934 2823 1000 2852 praef
1051 2820 1078 2852 et.
1102 2815 1188 2852 Gra-ci
1211 2819 1353 2852 ιπειει-ίριιίς
1380 2814 1531 2852 quibusque
1561 2819 1753 2847 feslh‘llttltltlh
1777 2814 1841 2847 suas

214 2856 284 2891 stare
297 2850 405 2891 Jndm‘is,
423 2851 524 2891 eisdem
548 2850 823 2890 l‘attlunrlraditurns
848 2855 917 2883 erat,
946 2851 998 2877 nisi
1053 2851 1182 2890 lectiones
1199 2850 1308 2891 habent,
1344 2850 1606 2891 κε-’ἀναγνώσματα
1631 2861 1663 2882 ex
1689 2856 1841 2891 Scriptura,

215 2888 269 2922 ipsc
289 2885 447 2920 appellando
466 2885 611 2918 (la-sarem,
635 2885 754 2920 iniquum
769 2891 896 2913 conatum
922 2893 999 2913 aver-
1050 2885 1126 2920 juxta
1153 2887 1222 2920 quod
1251 2888 1311 2915 festi
1341 2889 1407 2915 ratio
1429 2885 1538 2916 videtur
1556 2890 1675 2925 exigere,
1707 2885 1841 2926 praccipio
