2076 3155
197 165 245 192 201

709 164 849 192 IIOMILIA
867 163 909 191 ΙΙΙ.
931 164 1113 193 ADVERSUS
1134 165 1331 193 AVARITIAM.

1769 164 1824 192 202

231 225 293 256 Τοῖς
314 224 425 256 οἰκείοις
451 226 465 252 ὁ
489 225 732 260 πλεονέκτηςὲστὶν
751 225 846 261 ἀηδὴς,
866 226 982 257 οἰκέταις

1074 227 1179 255 Avarus
1205 227 1363 262 propinquis
1380 231 1421 254 est
1438 226 1547 254 odiosus
1560 248 1568 259 ,
1590 226 1698 254 famulis
1710 227 1802 261 gravis
1813 245 1822 258 ,

196 271 292 306 βαρὺς,
306 270 392 305 φίλοις
411 271 558 307 ἄχρηστος,
575 270 659 302 ξένοις
675 271 879 303 δυσέντευκτος.
897 271 985 305 γείτο-

196 325 237 342 σιν
263 316 389 352 ὀχληρὸς,
414 316 524 350 γυναικὶ
554 315 690 352 μοχθηρὸς
718 316 851 349 σύνοικος,
883 317 986 344 παίδων

196 361 325 396 φειδωλὸς
339 362 387 388 καὶ
406 361 567 397 μικρολόγος
580 362 706 397 τροφεὺς,
722 363 818 389 ἑαυτοῦ
831 363 916 395 κακὸς
928 364 987 390 ἐπι-

195 407 310 442 στάτης,
329 406 437 442 νύκτωρ
459 405 618 442 φροντίζων,
636 406 695 441 μεθ’
715 407 822 442 ἡμέραν
842 416 987 433 πεπυκνω-

197 453 289 487 μένος,
303 452 491 488 διοιλεγόμενος
502 451 590 487 ἑαυτῷ
601 451 672 478 κατὰ
685 452 748 484 τοὺς
764 452 955 487 ἐξεστηκότος,
969 452 986 487 ἢ

197 498 417 534 παραφέροντας·
436 497 760 533 πάιδτωνεύθηνούμενος,
775 498 822 524 καὶ
837 498 937 524 στένων
949 498 987 529 ὡς

197 543 300 578 ἐνδεής·
317 542 369 569 τῶν
386 543 524 578 παρόντων
538 544 588 570 οὐκ
599 543 755 574 ἀπολαύων,
769 543 816 569 καὶ
829 543 863 569 τὰ
882 543 987 569 ἀπόντα

199 589 298 624 ζητιῖιψ
317 591 372 621 τοῖς
394 589 469 621 ἰδίοις
491 590 522 616 οὐ
541 590 721 626 κεχρημένος,
748 588 941 624 ἑποφθαλμιῶν
959 588 987 615 δὲ

197 637 253 668 τοῖς
263 635 421 671 ἀλλοτρίοις.
437 637 591 672 Πολύαρνον
606 636 653 663 τοῦ
668 636 789 663 τοιούτου
806 636 837 662 τὸ
848 635 985 670 ποίμνιον,

198 681 305 708 στενοῦν
320 682 383 713 τοὺς
401 683 511 718 σηκοὺς,
524 682 566 717 ἐφ’
578 679 616 709 ὧν
629 682 830 709 κατακλείεται·
848 681 985 708 καλύπτον

196 728 323 760 πεδιάδας
349 729 379 754 ὲν
401 725 444 760 αἷς
463 729 586 764 νέμεται.
609 728 665 756 Κᾶν
686 728 819 764 εὔσαρκον
841 728 909 763 ὀφθῇ
937 726 985 752 τοῦ

195 774 340 809 προσοίκου
357 775 503 810 πρόϐατον.
522 775 601 809 ἀφεὶς
611 775 661 810 τὴν
681 775 748 801 ἰδίαν
765 774 877 809 ἀγέλην,
893 773 932 808 τῷ
944 773 986 799 ἐνὶ

195 819 243 846 καὶ
266 819 399 856 ἀλλοτρίῳ
421 821 454 854 τῇ
481 819 613 854 ἐπιθυμίᾳ
635 819 834 855 προσκάθηται.
857 818 894 845 Τὸ
920 818 986 844 αὐτὸ

195 865 242 891 ἐπὶ
264 865 318 891 τῶν
336 865 421 899 βοῶν·
447 865 546 900 ὁμοίως
570 866 616 891 ἐπὶ
635 865 688 892 τῶν
706 865 806 892 ἵππων·
823 864 874 891 οὐκ
897 863 985 894 ἄλλως

1039 273 1132 300 amicis
1162 273 1274 304 inutilis,
1296 274 1397 300 exteris
1421 273 1536 300 dillicilis
1558 281 1590 300 ac
1611 273 1655 300 vix
1690 273 1823 306 affabilis,

1037 317 1135 344 vicinis
1149 317 1280 344 molestus
1295 338 1303 350 ,
1322 318 1397 344 uxori
1425 318 1592 353 importunus
1607 319 1823 352 contubernalis,

1037 361 1182 389 liberorum
1210 370 1306 396 parcus
1337 367 1417 398 atque
1448 364 1573 390 sordidus
1601 364 1753 397 educator,
1779 365 1820 391 sui

1037 406 1123 441 ipsius
1138 407 1223 434 malus
1236 412 1353 440 curator,
1372 409 1486 436 interdiu
1502 415 1635 444 noctuque
1649 410 1780 438 sollicitus
1791 417 1824 438 ac

1038 453 1253 486 cogitabundus,
1288 460 1381 480 secum
1401 454 1458 488 ipse
1483 454 1596 490 loquens
1623 464 1655 482 ac
1676 456 1819 486 disserens.

1037 503 1130 524 eorum
1146 499 1284 533 more,qui
1296 500 1419 527 sensibus
1429 501 1510 527 etnoti
1521 501 1689 528 iniusaniaru
1706 501 1821 536 prolapsi

1037 547 1110 570 sunt.
1129 542 1195 570 Cum
1211 544 1336 572 omnibus
1350 545 1476 576 abundet,
1490 551 1616 581 tanquam
1631 548 1751 574 omnium
1762 555 1824 583 ege-

1038 597 1087 616 nus
1097 589 1258 624 ingemiscit.
1276 590 1333 618 Non
1346 591 1443 618 fruitur
1457 593 1645 626 praesentibus;
1663 601 1693 620 ea
1705 602 1764 628 qure
1776 595 1823 621 ab-

1037 641 1108 667 sunt,
1122 637 1202 663 anxie
1214 638 1338 670 qmcritat
1356 646 1363 669 ;
1381 645 1433 664 non
1453 639 1538 665 utitur
1560 640 1626 670 suis,
1651 640 1746 667 alienis
1758 647 1823 667 vero

1015 715 1017 717 _
1035 680 1255 714 adjicitomlum.
1283 682 1363 709 Multa
1377 683 1526 710 confertum
1542 685 1644 718 pecude
1658 693 1765 720 gregem
1777 686 1824 712 ha-

1036 725 1089 757 bet,
1113 730 1142 751 ut
1161 726 1204 752 vix
1226 727 1329 754 stabula
1354 727 1479 761 capiant,
1500 729 1642 764 campique
1669 738 1701 757 ac
1724 738 1820 764 pascua

1037 773 1170 804 tegantur.
1184 771 1219 798 At
1235 774 1260 799 si
1277 773 1401 807 pinguem
1425 781 1456 800 ac
1474 774 1542 800 bene
1558 775 1676 802 habitam
1691 783 1768 803 ovem
1781 777 1822 803 vi-

1035 815 1087 842 cini
1102 817 1250 851 aspexerit,
1266 819 1349 846 misso
1365 820 1474 854 proprio
1486 827 1577 855 grege,
1592 820 1618 848 in
1644 829 1724 849 unam
1751 821 1821 848 illam

1036 868 1068 888 ac
1085 862 1201 890 alienam
1221 864 1369 897 cupiditate
1386 865 1480 893 fertur.
1502 867 1590 900 Atque
1609 866 1645 894 ita
1667 875 1774 901 quoque
1789 868 1823 895 de

195 911 241 937 ἐπὶ
257 911 305 946 τῆς
324 911 386 946 γῆς.
402 911 495 938 Πάντα
513 912 674 947 στενοχωρεῖ
691 911 740 947 τὴν
753 911 852 942 οἰκίαν,
872 911 918 937 καὶ
939 910 982 936 οὺ-

1037 906 1135 939 hobus,
1159 908 1247 942 equis,
1273 909 1355 943 agris.
1380 909 1506 938 Omnium
1535 912 1609 946 copia
1638 920 1727 939 rerum
1751 913 1824 940 mdes

194 955 238 982 δὲν
249 955 277 981 ἐν
296 957 329 991 τῇ
343 957 446 991 χρήσει.
460 956 527 983 οὐδὲ
540 956 593 992 γὰρ
606 956 804 983 ἀπολαυστικὸν
818 954 874 982 οἶόν
892 964 922 982 τε
942 953 983 982 εἷς

194 1009 239 1028 ναι
254 1001 299 1027 τὸν
322 1001 467 1037 ἄπληστον·
483 1001 539 1028 ἀλλ’
550 1002 624 1028 ἔστιν
637 1002 718 1028 αὑτοῦ
734 1001 806 1029 οἰκία
823 1001 909 1036 τάφου
930 1010 983 1028 πα-

195 1047 344 1083 ραπλησία.
362 1048 427 1074 Ἰδοὺ
450 1049 504 1084 γὰρ
522 1049 546 1074 οἰ
560 1049 640 1082 τάφοι
657 1047 771 1083 γέμουσι
789 1047 919 1079 πολλάκις
934 1048 982 1083 ἀρ-

194 1093 278 1128 γύρου
298 1093 344 1120 καὶ
360 1094 472 1129 χρυσοῦ·
492 1093 548 1120 ἀλλ’
563 1095 590 1121 αἱ
609 1094 670 1121 ὕλαι
683 1095 746 1125 τοὺς
760 1087 918 1129 χρωμένους
933 1094 983 1120 οὐκ

193 1139 312 1174 ἔχουσιν.
322 1140 358 1166 Τὸ
370 1139 450 1174 σῶμα
465 1141 495 1166 οὐ
508 1140 646 1176 τρέφεται·
663 1140 751 1175 ψυχῆς
761 1141 810 1175 οὺχ
827 1140 983 1176 εὑρίσκεται

194 1185 298 1220 κέρδος.
316 1185 372 1212 υὺκ
386 1186 493 1221 εὐθηνεῖ
507 1186 560 1221 γὰρ
574 1187 606 1212 ὲκ
619 1186 670 1221 τῆς
687 1186 776 1218 δεξιᾶς
796 1187 813 1221 ή
833 1186 983 1221 ἐλεημοσύ-

194 1240 237 1266 νη.
263 1231 295 1257 Τί
319 1231 347 1258 δὲ
370 1232 445 1264 τέλος
463 1231 509 1258 τοῦ
532 1231 643 1267 μόχθου,
672 1231 803 1265 διδαξάτω
824 1231 857 1267 μέ
874 1240 916 1264 τις
928 1231 982 1258 τῶν

194 1277 280 1313 ταύτῃ
300 1278 410 1313 προειλη
416 1278 524 1313 μμένων
535 1279 567 1314 τῇ
579 1278 658 1313 νόσῳ·
675 1275 733 1304 οἶδα
741 1278 769 1304 δὲ
788 1277 900 1310 πολλοὺς
914 1277 980 1311 ἐγὼ,

194 1323 330 1359 γνωρίσας
353 1324 398 1350 ἐπὶ
416 1325 466 1359 τῆς
486 1324 592 1360 πείρας,
609 1324 646 1356 ὡς
664 1324 712 1351 καὶ
728 1325 757 1350 ὲν
775 1324 864 1356 νόσοις
883 1323 982 1359 μᾶλλον

192 1369 242 1404 τῆς
256 1369 349 1403 ὑγείας
364 1369 490 1404 ἀγαπῶσι
502 1370 535 1396 τὰ
553 1370 691 1406 χρήματα.
711 1370 771 1397 Κᾶν
792 1370 840 1406 μὲν
859 1371 874 1396 ὁ
890 1369 982 1405 ἰατρὸς

192 1414 236 1441 διὰ
250 1423 323 1446 τινος
335 1414 401 1450 ὕλης
416 1414 515 1442 εὑώνου
535 1416 581 1443 τὸν
597 1416 646 1451 τῆς
666 1415 813 1450 θεραπείας
832 1416 982 1452 εἰσηγήση-

193 1469 236 1487 ται
252 1460 362 1496 τρόπον,
377 1459 432 1487 οἷον
443 1461 486 1488 διὰ
500 1461 613 1493 σελίνου,
631 1461 647 1497 ἢ
667 1461 764 1496 Θύμου,
779 1461 795 1496 ἢ
814 1461 926 1497 ἀνήθου,
944 1458 982 1489 ὧν

194 1508 210 1542 ἡ
230 1507 345 1544 εὐπορία
365 1508 510 1540 ἀδάπανος,
529 1507 663 1540 εὐπειθῶς
688 1508 738 1543 τῆς
755 1507 908 1544 συμϐουλῆς
930 1508 983 1535 ὑπ-

193 1554 351 1585 ακούοντας·
377 1554 410 1581 ἂν
437 1555 465 1581 δέ
495 1563 567 1587 τινος
586 1555 732 1591 φαρμάκου
756 1555 868 1591 γένηται
887 1555 981 1591 μνήμη

192 1601 245 1627 τῶν
266 1600 309 1627 οἷα
332 1602 366 1628 τὰ
402 1601 511 1628 ποικίλα
535 1602 582 1628 καὶ
604 1601 801 1634 πολυσύνθετα,
826 1601 874 1629 καὶ
894 1601 982 1628 ἐλθεῖν

193 1647 261 1683 πρὸς
285 1647 331 1674 τὸν
349 1647 573 1684 φαρμακοπώλην
590 1649 606 1684 ἦ
629 1648 659 1675 τὸ
689 1647 875 1684 μυροπωλεῖον
890 1648 984 1675 κελευ-

192 1693 302 1725 σθῶσιν,
320 1694 415 1720 θᾶττον
427 1694 476 1729 τὴν
487 1694 576 1729 ψυχὴν
586 1694 726 1728 ἀφιέντας,
741 1693 757 1729 ἦ
774 1693 886 1725 λύοντας
897 1693 928 1720 τὸ
942 1693 985 1728 βα-

192 1739 307 1766 λάντιον.
333 1740 423 1775 Γήινοι
448 1739 501 1775 γὰρ
519 1739 593 1771 ὅντες
610 1739 640 1765 το
656 1740 793 1776 φρόνημα,
815 1739 866 1774 τὴν
887 1739 984 1774 κτῆσιν

192 1785 246 1812 τῶν
262 1785 363 1820 γηίνων
377 1785 447 1812 ὑλῶν
463 1785 603 1821 νομίζουσι
616 1785 664 1820 τὴν
681 1785 764 1819 ζωήν.

996 1584 1018 1613 C

193 1840 349 1861 crumenam
367 1834 482 1860 solvant.
501 1834 605 1868 Quippe
624 1839 713 1860 utente
744 1840 775 1860 ac
805 1832 1014 1866 cogitationibus

192 1882 315 1916 spiritum
326 1882 437 1910 ducunt.

227 1928 345 1960 Τούτους
369 1928 497 1954 λυποῦσιν
520 1928 589 1962 ἄγαν
611 1928 656 1955 καὶ
670 1929 697 1954 αἱ
716 1928 805 1955 κοιναὶ
823 1928 979 1963 εὐπραγίαι-

191 1975 367 2010 εὺφραὶνουσι
383 1974 410 2000 δὲ
431 1975 458 2001 αἱ
483 1975 666 2008 περιστάσεις.
682 1974 812 2009 Εὖχονται
831 1974 877 2001 καὶ
891 1974 981 2010 φόρων

191 2020 360 2047 ἀνυποίστων
383 2021 477 2055 φοιτᾷν
493 2021 678 2056 ἐπιτάγματα,
700 2021 744 2047 ἵνα
760 2020 851 2051 τόκοις
864 2020 980 2046 πλεονά-

193 2074 258 2092 σωσι
276 2066 306 2092 τὸ
320 2065 460 2102 ἀργύριον.
490 2066 669 2101 Ἐπιουμοῦσι
694 2066 802 2101 βλέπειν
823 2066 887 2097 τοὺς

190 2111 245 2138 τῶν
256 2111 401 2138 δανειστῶν
414 2112 591 2147 ἀγχομένους,
604 2111 647 2137 ἵνα
659 2112 811 2146 κτήσωνται
826 2111 871 2137 τὸν
884 2110 977 2145 ἀγρὸν,

191 2158 208 2193 ἦ
223 2158 252 2183 τὸ
265 2158 370 2189 σκεῦος,
385 2158 442 2192 ἦτὸ
458 2158 535 2190 ζῶον.
551 2158 658 2190 εὑώνως
676 2159 708 2184 ἐκ
724 2158 773 2192 τῆς
793 2158 915 2192 ἀνάγκης
937 2158 977 2191 ρι-

192 2203 326 2238 πτόμενον
349 2203 471 2238 Συνεχῶς
490 2203 517 2230 δὲ
534 2203 580 2230 καὶ
595 2204 663 2239 πρὸς
677 2203 722 2229 τὸν
737 2203 850 2238 οὐρανὸν
864 2202 977 2229 ἀναϐλέ-

193 2256 272 2275 πουσι
288 2247 357 2274 κατὰ
375 2248 437 2280 τοὺς
454 2249 616 2283 φιλοσόφους
631 2249 692 2280 τοὺς
706 2249 740 2274 τὰ
758 2248 882 2282 μετέωρα
901 2256 981 2282 φρον-

191 2293 326 2325 τίζοντας,
339 2294 389 2320 οὐκ
406 2294 519 2330 ἀστέρος
531 2294 640 2329 ἐντολὴν
652 2291 804 2329 ζητοῦντες,
819 2293 880 2319 οὐδὲ
891 2293 931 2323 τίς
943 2290 981 2318 οἷ-

192 2347 239 2370 κος
261 2339 307 2365 ἕνα
329 2340 383 2365 τὼν
405 2339 547 2375 πλανητῶν
567 2341 622 2375 ἔχει
641 2339 896 2376 περισκοπούμενοι·
913 2338 981 2364 ἀλλὰ

193 2386 240 2420 τὴν
256 2386 302 2412 τοῦ
319 2387 398 2422 ἀέρος
411 2386 700 2421 πολυπραγμονοῦντες
715 2385 891 2416 κατάστασιν,
907 2385 930 2410 εἰ
946 2384 980 2410 τὰ

194 2432 396 2467 προφαινόμενα
418 2433 519 2467 σημεῖα
539 2424 649 2467 ὄμϐρων
669 2431 809 2467 ἐπιρροήν,
834 2430 850 2465 ἢ
875 2430 980 2465 αὐχμὸν

193 2476 395 2510 ἐπαγγέλλεται.
425 2477 484 2503 Κᾶν
509 2476 583 2503 ἴδωσί
606 2486 631 2503 τι
650 2479 706 2508 τοῖς
721 2476 827 2507 πολλοῖς
849 2475 978 2511 δυσχερὲς

193 2521 425 2557 προσδοκώμενον,
449 2522 638 2557 εὐφραίνονται
658 2524 690 2558 τῇ
710 2522 764 2548 τῶν
784 2522 870 2548 ἄλλων
887 2520 978 2547 κακώ-

193 2575 244 2594 σει.
268 2568 359 2593 Πάντα
376 2568 536 2601 συνάγουσιν
559 2568 588 2594 ἐν
608 2569 664 2599 τοῖς
686 2568 830 2602 ταμιείοις,
849 2567 978 2601 ἀσφαλῶς

191 2614 452 2648 κατασημαίνοντες,
472 2614 519 2640 καὶ
538 2613 639 2645 δισσοῖς
661 2613 794 2648 κλείθροις
811 2612 978 2646 κατασφαλί-

191 2659 292 2690 ζονται,
312 2659 520 2694 διαμετροῦντες
542 2659 667 2694 ἀλήκτως
685 2659 854 2693 ψηφίζουσιν.
882 2658 976 2693 ’Λσχο-

190 2703 322 2738 λουμένου
337 2705 365 2731 δὲ
380 2705 427 2731 τοῦ
442 2705 602 2731 πλεονέκτου
621 2705 684 2740 περὶ
698 2705 746 2740 τὴν
756 2704 885 2740 τοιαύτην
899 2704 977 2731 ἐλπί-

190 2749 234 2780 δα,
255 2749 301 2775 καὶ
316 2749 383 2780 τέως
407 2749 472 2784 ὄναρ
493 2749 671 2780 πλουτοῦντος
696 2750 724 2775 ἐν
747 2751 779 2784 τῇ
806 2749 978 2784 σκιαγραφίᾳ.

190 2795 246 2821 τῶν
265 2795 384 2827 ἐννοιῶν,
401 2795 448 2822 ἐὰν
468 2795 626 2830 ἐπιγένηται
648 2795 727 2829 νέφος
753 2795 831 2829 βαθὺ,
854 2795 977 2829 φοδεῖται

190 2841 227 2872 ὡς
244 2841 431 2868 κινδυνεύσων.
449 2843 496 2868 Ἂν
509 2841 624 2876 ψεκάδες
641 2841 690 2875 τὴν
706 2841 757 2875 γῆν
771 2840 976 2875 ἐπιρῤαίνωσιν,

192 2887 371 2922 euang-5m
382 2888 503 2923 ἄρχεταν
519 2887 551 2914 ἂν
560 2888 588 2913 δὲ
604 2888 651 2914 καὶ
669 2887 744 2919 ὑετὸς
756 2886 914 2920 ἐπιγένηται
926 2887 976 2922 ἁρ-

333 2935 463 2964 l‘nnuL.
481 2929 538 2964 lin.
557 2935 620 2965 .\'L.

996 2211 1016 2237 D

1037 958 1204 987 coangustat,
1217 961 1265 981 nec
1280 958 1322 982 est
1332 954 1403 983 ullus
1417 963 1491 984 usus.
1500 955 1606 984 Nullum
1618 958 1689 984 cnim
1705 958 1820 986 fructum

1036 997 1181 1032 voluptatis
1194 1000 1334 1034 percipere
1343 1005 1440 1034 potest,
1452 1002 1573 1037 quisquis
1584 1008 1626 1030 est
1641 1004 1821 1032 insatiabilis:

1036 1048 1132 1077 estque
1155 1044 1251 1071 domus
1276 1045 1335 1078 ejus
1351 1047 1502 1075 conditorio
1519 1056 1551 1076 ac
1573 1050 1698 1084 sepulcro
1712 1051 1818 1078 similis.

1040 1088 1107 1114 Cum
1125 1089 1197 1114 enim
1213 1090 1336 1123 sepulcra
1360 1092 1428 1118 haud
1454 1101 1516 1120 raro
1538 1093 1614 1127 plena
1629 1094 1683 1122 sint
1700 1103 1768 1122 auro
1782 1101 1823 1122 at-

1036 1141 1089 1168 que
1101 1139 1234 1169 argento:
1256 1136 1301 1170 qui
1321 1141 1408 1164 tamen
1432 1137 1464 1164 iis
1484 1143 1584 1170 utatur,
1611 1141 1718 1168 exsistit
1732 1149 1820 1169 uerno.

1036 1180 1116 1207 Avari
1137 1187 1235 1215 corpus
1249 1189 1301 1208 non
1316 1182 1408 1215 alitur,
1425 1184 1513 1211 anima
1535 1185 1600 1212 nihil
1613 1185 1744 1213 lucratur.
1764 1186 1821 1215 Non

1036 1227 1107 1254 enim
1121 1227 1293 1263 eleemosyua
1307 1236 1339 1256 ex
1353 1228 1411 1262 eius
1425 1230 1557 1257 exuberat
1577 1231 1697 1260 dextera.
1722 1233 1823 1261 Doceat

1037 1280 1085 1301 nos
1099 1280 1192 1301 eorum
1210 1275 1319 1310 aliquis,
1340 1282 1408 1310 quos
1424 1276 1467 1303 hic
1482 1277 1591 1305 morbus
1608 1278 1711 1312 pridem
1733 1281 1820 1308 corri-

1036 1320 1105 1354 puit,
1121 1321 1244 1355 quisnam
1263 1322 1329 1348 tanti
1353 1321 1432 1355 hujus
1446 1322 1545 1350 laboris
1557 1331 1588 1351 ac
1600 1332 1726 1353 aerumna:
1741 1328 1776 1354 sit
1789 1329 1820 1354 ll-

1036 1366 1088 1394 nis.
1106 1366 1203 1395 Multos
1214 1369 1337 1402 equidem
1350 1369 1406 1404 ipse
1421 1369 1491 1398 facto
1506 1372 1624 1404 periculo
1639 1373 1709 1402 novi.
1724 1373 1769 1407 qui
1781 1374 1821 1401 vel

1035 1411 1134 1439 afﬂicta
1147 1413 1273 1446 sanitate,
1293 1414 1349 1449 ipsa
1365 1415 1452 1443 salute
1467 1417 1605 1450 pecuniam
1627 1418 1711 1451 magis
1730 1425 1822 1446 autent

1035 1463 1117 1493 atque
1142 1460 1295 1493 testimcut;
1314 1469 1375 1487 nam
1395 1462 1418 1488 si
1441 1462 1509 1488 forte
1526 1463 1645 1491 medicus
1673 1465 1820 1492 remedium

1035 1507 1076 1532 eis
1091 1505 1210 1539 parabile
1222 1513 1254 1532 ac
1267 1506 1342 1539 parvi
1355 1507 1433 1540 pretii
1448 1508 1614 1542 prmscribat.
1629 1516 1661 1536 ex
1672 1510 1734 1544 apio
1747 1517 1820 1544 puta.

1036 1551 1077 1578 vel
1101 1551 1204 1587 thymo,
1229 1552 1270 1579 vel
1285 1554 1395 1585 anetbo,
1412 1561 1473 1588 qua;
1501 1556 1603 1588 passim
1619 1556 1697 1584 obvia
1713 1562 1778 1584 sunt
1795 1563 1822 1584 et

1035 1604 1118 1631 parvo
1132 1603 1333 1631 comparantur.
1356 1598 1414 1626 sine
1441 1607 1514 1626 mora
1531 1601 1655 1636 consilio
1684 1603 1821 1637 obtempe-

1033 1649 1109 1676 rant;
1126 1644 1148 1671 si
1166 1651 1231 1672 vero
1246 1644 1504 1672 medicamentorum
1526 1647 1658 1681 ejusmodi
1678 1648 1724 1674 tlat
1740 1657 1816 1676 men-

1033 1691 1079 1723 tio,
1096 1698 1155 1725 qua!
1172 1691 1258 1723 varia,
1273 1699 1305 1718 ac
1327 1699 1359 1719 es
1378 1692 1500 1726 pluribus
1525 1694 1672 1727 composita
1688 1700 1762 1726 smn,
1776 1695 1820 1730 ju-

1032 1737 1203 1772 beanturque
1221 1737 1261 1763 vel
1280 1737 1517 1772 pharmacopolam
1533 1739 1618 1772 adire,
1643 1741 1685 1767 vel
1708 1742 1742 1767 ab
1768 1750 1818 1768 un-

1033 1784 1175 1818 guentaria
1199 1789 1306 1819 petere,
1333 1785 1452 1812 auiimtm
1475 1787 1565 1821 potius
1587 1787 1725 1820 exhalent,
1740 1796 1819 1822 quam

1034 1833 1146 1863 terreni,
1165 1837 1332 1859 terrenarqu
1353 1840 1442 1859 rerum
1464 1833 1663 1868 possessionem
1690 1835 1771 1862 vitam
1787 1844 1820 1863 ac

1070 1923 1123 1951 llos
1135 1922 1202 1950 tales
1225 1923 1321 1949 mirum
1339 1923 1483 1950 inmodum
1494 1924 1598 1958 publica
1615 1926 1818 1960 communisque

1033 1969 1148 1998 felicitas
1174 1969 1296 1995 molestia
1314 1967 1408 2000 allicit;
1428 1969 1523 1996 damna
1548 1974 1640 1996 contra
1666 1978 1698 1996 ac
1715 1970 1817 2003 clades,

1032 2015 1214 2043 delectatione
1234 2018 1261 2041 et
1279 2015 1386 2048 gaudio.
1409 2014 1545 2048 Exoplant
1560 2022 1657 2049 graves
1674 2023 1705 2042 ac
1722 2017 1818 2042 intole—

1034 2062 1133 2088 rabiles
1155 2060 1236 2088 iudici
1255 2060 1450 2095 pensilatiOues
1474 2065 1501 2088 et
1527 2061 1636 2092 tributa,
1655 2069 1708 2096 quo
1725 2063 1816 2090 usuris

1032 2108 1173 2143 pecuniam
1189 2113 1303 2142 augeant
1319 2116 1325 2133 :
1341 2113 1475 2140 avclnque
1498 2107 1589 2134 videre
1607 2107 1719 2134 miseros
1740 2117 1753 2135 a
1775 2108 1816 2135 fe-

1033 2153 1202 2182 neratoribus
1215 2160 1368 2187 Oppressos,
1382 2158 1410 2179 ut
1421 2161 1514 2180 eorum
1524 2161 1613 2189 agros,
1627 2154 1815 2187 instrumenta,

1032 2199 1071 2226 vel
1093 2206 1189 2234 pecora
1201 2206 1232 2225 ac
1245 2199 1379 2232 jumenta,
1395 2206 1479 2233 parvo
1500 2206 1548 2233 per
1560 2199 1749 2227 mcessitatem
1763 2209 1816 2228 :cre

1031 2245 1160 2280 proiecta,
1180 2244 1333 2279 arquirant.
1346 2244 1479 2271 Coutiuue
1502 2251 1579 2276 vero,
1597 2244 1814 2279 philosophorum

1031 2291 1118 2318 instar
1133 2290 1205 2317 circa
1225 2295 1343 2317 meteora
1357 2290 1639 2321 versantiummualum
1653 2292 1815 2325 suspiciunt,

1030 2344 1081 2363 non
1100 2341 1129 2362 ut
1149 2335 1245 2362 sideris
1260 2335 1374 2369 alicujus
1389 2340 1478 2362 ortum
1509 2340 1557 2362 aut
1572 2337 1686 2370 planetae
1705 2338 1812 2364 domum

1030 2385 1194 2411 scrutentur,
1211 2381 1258 2407 sed
1271 2385 1299 2406 ut
1312 2380 1385 2406 aeris
1396 2380 1612 2407 constitutionem
1623 2383 1813 2413 considerent;

1029 2432 1057 2455 et
1069 2436 1102 2454 an
1118 2428 1274 2461 apparentia
1288 2426 1364 2460 signa
1384 2425 1515 2460 largiores
1535 2427 1644 2458 imbres,
1663 2432 1709 2454 aut
1726 2427 1812 2454 sicci-

1030 2478 1111 2500 tatem
1130 2472 1301 2500 denuntient.
1318 2472 1357 2499 Ac
1372 2473 1394 2498 si
1411 2480 1459 2506 pro
1471 2479 1519 2506 spe
1542 2479 1590 2498 sua
1607 2472 1697 2499 qullis
1715 2473 1812 2498 malum

1028 2519 1169 2545 imminere
1181 2518 1430 2549 animadverterint,
1445 2518 1532 2545 aliena
1549 2518 1705 2545 infelicitate
1720 2519 1813 2545 hetan-

1030 2570 1081 2591 tur.
1094 2563 1189 2591 Omnia
1206 2563 1323 2597 undique
1340 2571 1446 2590 smmno
1461 2563 1549 2590 studio
1565 2564 1589 2590 in
1605 2564 1700 2591 horrea
1716 2572 1813 2599 ιοηιςο⁴

1029 2613 1100 2641 runt,
1109 2611 1303 2644 obsignantque
1315 2609 1454 2642 diligenter
1464 2609 1578 2644 singula,
1589 2618 1621 2638 ac
1630 2610 1728 2644 duplici
1740 2618 1813 2638 com-

1029 2657 1152 2683 muniunt
1172 2663 1242 2687 scra,
1268 2655 1392 2690 nullaque
1419 2656 1618 2684 intermissione
1637 2657 1813 2684 dimetiuntur

1028 2708 1108 2737 atque
1123 2706 1279 2736 supputant.
1297 2702 1367 2729 Inter
1387 2703 1443 2730 lia-c
1457 2710 1488 2730 ac
1506 2703 1570 2730 dum
1594 2710 1624 2730 ea
1643 2711 1689 2738 spe
1715 2711 1812 2732 avarus

1027 2748 1163 2780 titillatur,
1179 2753 1206 2775 et
1221 2749 1297 2783 quasi
1313 2755 1361 2783 per
1375 2750 1507 2776 somnium
1520 2750 1645 2777 inanibus
1663 2758 1695 2777 ac
1717 2750 1812 2786 imagi-

1027 2795 1111 2821 nariis
1123 2794 1219 2828 opibus
1235 2789 1346 2828 (litatur,
1373 2796 1394 2822 si
1421 2796 1506 2823 nubes
1529 2802 1575 2823 aut
1593 2797 1687 2823 nebula
1703 2797 1812 2824 densior

1026 2842 1221 2874 supervenerit,
1233 2847 1394 2874 exterretur,
1411 2850 1442 2869 ac
1455 2843 1476 2869 si
1492 2844 1586 2877 ingens
1599 2843 1648 2877 ipsi
1663 2843 1810 2877 periculum

1027 2885 1175 2913 immineat.
1195 2886 1271 2918 Quod
1298 2887 1320 2914 si
1338 2889 1470 2925 minutulq
1491 2889 1578 2923 pluvia
1599 2894 1700 2915 terram
1716 2897 1809 2922 asper-

1672 2935 1687 2963 7
