2076 3155
200 186 251 214 209

716 188 859 217 llOMlLIA
880 189 924 217 lli.
944 190 1131 220 ADVERSUS
1146 191 1376 220 AVAI'J‘FIAM‘."

1787 191 1841 218 κιο

204 246 238 282 τῷ
254 246 342 282 χρόνῳ
361 246 388 273 δὲ
406 248 455 282 τὴν
468 246 617 283 ἐπιθυμίαν
634 248 794 281 πλεονάσας.
821 251 867 276 καὶ
888 250 997 286 πληρω-

1054 253 1173 280 morbum
1189 254 1303 287 retinet;
1322 254 1384 281 dein
1402 262 1466 281 rcro
1493 258 1569 281 aucta
1586 260 1632 289 per
1649 258 1753 287 tempus
1765 252 1842 288 cupi-

201 294 256 325 θεὶς
270 293 319 328 τὴν
336 293 436 328 ψυχὴν,
460 293 557 329 ἀθρόον
583 295 732 330 ὲκρήγνυσι
754 296 803 332 τὴν
828 297 938 328 κακίαν,
960 297 997 328 ὡς

201 340 246 367 ἐπὶ
261 340 314 366 τῶν
333 340 462 375 σωλήνων
479 341 514 367 τὰ
525 340 618 368 ὕδατα.
635 342 689 369 Καὶ
705 342 797 369 λοιπόν
809 344 882 369 ἐστιν
895 342 998 378 ἀφόρη-

202 395 246 418 τος
264 386 303 421 τῷ
320 386 470 423 πρεσὸύτῃ,
491 387 631 422 μονονουχὶ
648 388 817 415 συνελαύνων
835 389 916 415 αὑτὸν
930 389 998 423 πρὸς

204 434 265 465 τοὺς
283 434 388 468 τάφους
412 433 567 467 ὑγιαίνοντα
584 433 631 461 καὶ
652 434 804 469 βαδίζοντα.
822 436 870 463 Ἂν
891 435 999 470 κούφως

203 477 290 513 ἀναϐῇ
306 478 353 504 τὸν
369 478 462 509 ἵππον,
486 477 704 514 ὐπερθαυμάζει“
726 479 759 506 ἂν
781 481 886 516 τροφῆς
911 482 998 517 ἐρρω-

206 524 367 559 μενέστερον
381 524 528 560 μεταλάϐῃ,
543 524 683 560 γογγύξειτ
699 526 733 553 ἂν
745 526 810 558 τοὺς
824 527 934 558 οἰκέτας
950 527 1000 553 ἐω-

205 570 278 602 om;
299 571 426 606 διεγείρει
448 571 516 606 πρὸς
530 572 582 604 τὰς
594 572 758 608 ὑπηρεσίας,
778 574 813 608 τῇ
834 570 1000 610 ἐγρηγόρσει

206 619 252 644 καὶ
265 619 296 652 τῇ
313 618 427 653 δυνάμει
443 618 489 644 τοῦ
505 618 634 654 γέροντος
650 619 774 654 ἄχθεται.
789 620 837 646 Ἂν
851 620 879 646 δὲ
894 620 940 647 καὶ
953 620 1000 646 δω-

207 662 316 698 ρήσεταί
338 672 363 689 τι
385 663 440 690 τῶν
460 663 620 699 κειμηλίων,
635 665 651 698 ἢ
675 665 784 699 οἰκέτην
805 665 860 700 ἀφῇ
874 666 925 700 τῆς
939 665 1000 692 δου-

205 709 286 740 λείας,
304 709 364 735 τότε
374 709 406 745 δὴ
425 709 495 742 τότε,
520 710 566 736 καὶ
580 710 671 746 λῆρος,
690 711 736 738 καὶ
758 711 936 745 παραπαίων,
954 712 1001 738 καὶ

204 756 266 787 τοὺς
293 756 343 790 τῆς
364 756 436 791 ζωῆς
462 757 583 792 ὑπερϐὰς
605 758 695 793 ὅρους,
720 758 767 784 καὶ
781 757 835 784 τῶν
851 757 1001 793 ἀλλοτρίων

204 802 357 838 σπαθητὴς,
395 803 442 829 καὶ
474 804 529 830 πᾶν
565 803 727 840 βλάσφημον
756 804 864 832 ἁκούων
895 805 1002 840 ἐμπαρ-

204 850 325 875 οινεῖταγ
352 848 396 875 διὰ
431 849 457 875 τί
483 849 521 885 μὴ
546 849 651 886 ταχέως
686 849 839 882 ἀπέθανεν,
870 849 1002 883 ἐγκαλού-

205 903 294 931 μενος.

239 985 288 1017 Sb;
303 981 390 1016 οὗτος,
403 982 425 1011 ὦ
445 984 530 1021 μιαρὴ
551 984 700 1017 πλεονεξία,
719 985 836 1021 καρπός·
857 986 933 1021 παρὰ
953 985 1000 1012 σοῦ

206 1029 238 1058 τὰ
253 1030 351 1066 κέντρα
372 1031 520 1066 λαμϐάνων
541 1031 555 1056 ὁ
574 1032 655 1062 παῖς,
676 1031 805 1067 πολέμιος
825 1032 929 1065 γίνεται
954 1032 1000 1058 τοῦ

207 1078 396 1113 γεννήσαντος.
414 1078 449 1105 Σὺ
463 1078 578 1113 πληροῖς
591 1077 640 1113 τὴν
655 1078 706 1114 γῆν
720 1078 826 1115 λῃστῶν
839 1078 887 1105 καὶ
903 1087 1000 1113 φονευ-

205 1124 269 1156 τῶν,
286 1123 509 1150 καταποντιστῶν
531 1124 558 1150 δὲ
579 1123 729 1156 θάλασσαν,
746 1125 795 1155 τὰς
813 1124 905 1155 πόλεις
923 1124 1002 1160 θορύ-

205 1171 271 1201 ϐων,
302 1170 337 1196 τὰ
360 1170 524 1205 δικαστήρια
548 1169 789 1206 ψευδομαρτύρων,
813 1171 1000 1206 συκοφαντῶν,

207 1217 356 1253 προδοτῶν,
372 1217 540 1253 συνηγόρων,
556 1216 691 1243 δικαστῶν
703 1218 762 1244 ἐκεῖ
773 1217 922 1253 ῥεπόντων,
935 1218 1002 1245 ὅπου

206 1264 228 1291 δ’
244 1264 277 1291 ἂν
294 1264 326 1291 σὺ
343 1263 526 1300 καθελκύσῃς.
547 1263 703 1297 Πλεονεξία,
724 1266 813 1300 μήτηρ
836 1265 885 1300 τῆς
912 1265 1002 1292 ἀνισό-

206 1316 296 1344 τητος,
317 1308 443 1344 ἀνηλεής.
464 1308 666 1344 μισάνθρωπος,
699 1309 837 1345 ιῖιμοτάτη.
862 1310 912 1337 Διὰ
936 1310 1002 1337 ταύ-

206 1362 256 1388 την
282 1354 297 1379 ὸ
313 1354 367 1380 τῶν
384 1352 536 1389 ἀνθρώπων
555 1353 610 1388 βίος
628 1354 787 1390 ἀνωμαλίας
808 1354 898 1390 γέμει·
914 1356 961 1382 καὶ
977 1356 1002 1382 al.

209 1400 258 1434 μὲν
273 1401 306 1426 ἐκ
323 1399 370 1426 τοῦ
385 1400 467 1435 κόρου
485 1399 615 1426 ναυτιῶσι
628 1400 677 1436 τὴν
693 1400 854 1435 περισσείαν
868 1401 924 1428 τῶν
937 1410 1003 1436 κτη-

208 1445 312 1481 μάτων,
328 1443 384 1472 οἷον
409 1445 510 1481 τροφὴν
536 1445 674 1480 ἄπληστον
695 1445 908 1478 ἀποϐλύζοντες*
930 1446 1002 1474 ἄλλοι

206 1492 235 1519 δὲ
262 1491 334 1528 λιμῴ
348 1492 394 1518 καὶ
409 1491 496 1527 ἐνδείᾳ
514 1491 670 1527 πιεζόμενοι
683 1491 894 1518 κινδυνεύουσιν.
909 1493 940 1518 Οἱ
954 1492 1003 1528 μὲν

207 1537 255 1563 ὑπ’
271 1537 380 1572 ὀρόφοις
402 1536 602 1572 χρυσοπάστοις
623 1536 810 1567 κατάκεινται,
830 1537 877 1563 καὶ
899 1537 936 1569 ὡς
960 1546 1004 1573 μι-

207 1583 278 1618 κρὰς
291 1583 383 1614 πόλεις
400 1582 504 1609 οἰκοῦσι
524 1583 574 1614 τὰς
596 1581 696 1614 οἰκίας,
722 1582 844 1618 λουτροῖς
860 1583 907 1609 καὶ
918 1583 1002 1615 οἴκοις

208 1628 351 1662 ποικίλοις,
375 1629 422 1655 καὶ
449 1629 540 1660 στοαῖς
564 1628 610 1654 ἐπὶ
633 1628 805 1664 μακρότατον
832 1628 1001 1664 διηκούσαις,

209 1675 255 1702 καὶ
270 1674 384 1710 παντοία
396 1674 555 1710 πολυτελείᾳ
570 1675 791 1710 κεκοσμημένας·
801 1675 888 1710 ἕτεροι
903 1675 931 1702 δὲ
956 1675 1003 1703 δύο

209 1721 295 1748 δοκῶν
315 1722 421 1757 σκέπην
448 1721 498 1748 οὐκ
525 1721 642 1756 ἔχουσιν·
668 1721 726 1748 ἀλλ’
745 1722 810 1748 ὅταν
830 1723 858 1749 ὲν
878 1722 1003 1758 ὑπαίθρῳ

209 1768 304 1804 διαζῇν
320 1768 358 1803 μὴ
371 1767 512 1799 δύνωνται,
529 1767 546 1803 ῆ
562 1767 631 1803 πρὸς
651 1767 700 1799 τὰς
717 1767 849 1804 καμίνους
864 1769 1003 1803 καταφεύ-

210 1823 287 1850 γουσι
302 1815 356 1841 τῶν
367 1814 499 1850 λουτρῶν,
514 1814 530 1850 ἢ
547 1814 593 1841 καὶ
612 1815 668 1846 τοῖς
680 1814 824 1849 βαλανεῦσι
843 1815 1004 1848 κακοξένοις

210 1859 411 1896 περιτυχόντες,
430 1859 629 1896 παραπλησίως
643 1861 699 1891 τοίς
714 1859 816 1895 χοίροις
832 1860 882 1895 τὴν
901 1859 1004 1896 κόπρον

209 1905 380 1944 (τιριξνιτοντεςι
394 1905 445 1940 τὴν
455 1905 607 1940 ἀναγκαίαν
621 1904 726 1940 θέρμην
740 1904 845 1936 ἑαυτοῖς
858 1904 997 1940 μηχανῶν-

210 1961 265 1980 ται.
284 1951 337 1978 Kal.
360 1952 390 1978 τὸ
415 1951 546 1986 ὁμότιμον
565 1950 646 1983 ζῶον,
671 1950 686 1976 ὁ
701 1949 854 1986 ἄνθρωπος.
870 1949 1005 1986 τοσαύτην

210 1999 267 2034 ἔχει
288 1998 339 2033 τὴν
359 1997 491 2033 διαᾷορὰν
517 1997 567 2032 τῆς
588 1997 693 2031 διαίτης
718 1997 787 2032 πρὸς
809 1996 839 2022 τὸ
855 1995 1002 2031 ὁμόφυλον·

209 2046 259 2072 οὐκ
273 2045 352 2072 ἄλλου
365 2044 437 2076 τινὸς
451 2043 500 2080 τὴν
513 2042 627 2076 ἀταξίαν
640 2042 743 2078 ταύτην
761 2043 808 2069 καὶ
826 2043 876 2077 τὴν
891 2043 1004 2078 ἀνωμα-

210 2093 282 2124 λίαν,
307 2092 324 2127 ἣ
349 2091 399 2126 τῆς
419 2090 576 2122 πλεονεξίας
594 2089 806 2124 ἐπεισαγούσης.
833 2090 862 2116 '0
887 2089 936 2124 μὲν
958 2098 1005 2124 γυ-

213 2140 288 2175 μνοῖς
309 2139 460 2173 ἀσχημονεῖ
483 2137 587 2172 μέλεσι·
613 2137 659 2163 κοιλ¹
685 2137 699 2162 ὁ
722 2135 800 2168 ἄλλος
818 2135 885 2171 πρὸς
912 2136 942 2162 τὸ
956 2135 1005 2171 τὴν

211 2185 312 2220 ἐσθῆτα
328 2183 529 2220 δυσαρίομητον
550 2182 631 2218 ἔχειν,
654 2183 808 2217 πορφυραῖς
830 2181 927 2214 πλαξὶν
942 2182 1005 2213 τοὺς

210 2231 317 2266 τοίχους
334 2230 432 2257 ὲνδύει.
452 2230 480 2257 ’0
496 2229 581 2264 πένης
592 2229 638 2255 ἐπὶ
652 2227 763 2263 ,ξυλίνης
776 2227 914 2262 τραπέζης
924 2228 1005 2262 ἄρτον

210 2278 310 2312 ἀπορεῖ
324 2275 482 2311 διαθρύψαι*
499 2274 546 2301 καὶ
564 2275 578 2300 ὁ
592 2272 702 2309 τρυφῶν
717 2273 843 2308 ἀργυρῆν
863 2272 1004 2307 τράπεζαν

211 2323 311 2354 ἐλάσας
336 2323 377 2353 εἰς
398 2321 509 2353 πλάτος,
524 2320 563 2355 τῷ
579 2319 712 2346 στίλϐοντι
732 2318 936 2354 ψυχαγωγεῖται
955 2319 1003 2354 τῆς

212 2369 286 2404 ὕλης.
308 2368 362 2395 Καὶ
379 2367 454 2402 πόσῳ
471 2367 648 2402 δικαιὼτερον
663 2363 706 2400 ἦν,
725 2364 770 2391 τὸν
798 2364 848 2399 μὲν
862 2363 1003 2390 ἑστιᾶσθαι

213 2415 381 2450 ἀρκούμενον
397 2415 431 2449 τῇ
446 2413 514 2449 ἄλλῃ
530 2414 630 2448 τρυφῇ,
650 2412 700 2447 τῆς
720 2410 861 2447 τραπέζης
876 2410 905 2436 δὲ
921 2409 1004 2445 τιμὴν

213 2462 267 2488 τῶν
283 2461 392 2497 ἀπόρων
408 2458 637 2496 εἷναιτρυφήν⁸ῆ
653 2458 748 2488 Ἀλλος
761 2456 887 2493 γηραιὸς,
902 2456 948 2483 καὶ
962 2456 1005 2491 βα-

212 2509 297 2542 δίζειν
307 2508 454 2540 ἀδυνατῶν,
471 2508 488 2543 ἢ
503 2507 547 2534 διά
559 2516 619 2534 τινα
636 2506 726 2541 λώϐην
742 2504 880 2541 χωλεύων,
899 2504 960 2530 ὄνον
973 2503 1004 2529 ού

214 2556 354 2590 κέκτηται,
373 2555 522 2588 ἀναγκαῖον
541 2553 590 2588 τῆς
607 2552 702 2588 χρείας
724 2552 826 2587 ὄχημα·
847 2550 894 2577 καὶ
911 2549 1005 2585 ἕτερος

212 2601 256 2629 διὰ
278 2601 378 2636 πλῆθος
400 2601 448 2631 τὰς
463 2599 564 2634 ἀγέλας
578 2599 609 2625 οὐ
625 2598 752 2633 γνωρίζει
767 2598 822 2624 τῶν
840 2598 942 2624 ἵππων.
960 2595 1006 2630 Τῷ

215 2648 264 2682 μὲν
288 2646 377 2673 ἔλαιον
397 2646 468 2672 ὲνδεῖ
491 2644 558 2680 πρὸς
577 2645 607 2670 τὺ
619 2643 717 2678 λύχνον
731 2643 843 2677 ἀνάψαι·
867 2642 912 2668 καὶ
926 2641 1006 2673 ἄλλος

215 2694 310 2729 μόναις
328 2694 387 2725 ταῖς
406 2691 528 2727 λυχνίαις
551 2689 669 2716 πλουτεῖ.
692 2689 721 2716 Ὃ
743 2689 793 2724 μὲν
817 2688 863 2715 ἐπὶ
885 2687 933 2714 τοῦ
945 2688 1006 2715 ἐδά-

214 2750 281 2775 φους
296 2740 434 2776 ἔρριπται·
450 2738 498 2765 καὶ
513 2738 527 2764 ὁ
543 2737 632 2773 μάτην
647 2734 779 2765 πλουτῶν,
796 2733 835 2769 τῷ
851 2734 946 2769 κόσμῳ
958 2733 1008 2768 τῆς

215 2786 308 2821 κλίνης
325 2784 588 2820 τ.εριαστράπτεταῑ,
609 2782 732 2818 ἀργυρᾶς
758 2780 875 2815 σφαίρας
893 2779 1008 2814 ἐχούσης

216 2831 262 2858 καὶ
270 2831 379 2863 ἁλύσεις
387 2831 446 2857 ἀντὶ
456 2830 509 2857 τῶν
521 2830 578 2865 σχοθ
586 2838 643 2856 νων.
654 2827 745 2854 Ταῦτα
758 2826 791 2852 τὰ
801 2826 848 2861 τῆς
862 2826 1008 2861 ἀκορέστου

253 2922 278 2938 ⁵⁸
293 2925 335 2952 lu.
352 2925 464 2960 τροφήν.

1050 300 1143 331 «litate,
1155 307 1187 327 ac
1204 301 1362 336 animojam
1385 305 1516 333 tumente,
1542 304 1652 334 repente
1665 299 1765 326 malum
1779 307 1841 334 pro—

1051 341 1161 380 rumpit,
1188 346 1338 372 nonaliter
1363 354 1443 380 quam
1466 354 1480 373 e
1508 346 1607 374 ﬁstulis
1638 353 1670 372 ac
1699 344 1842 371 canalibus

1049 399 1126 425 aqua:
1140 392 1189 418 vis.
1208 391 1275 418 Tum
1300 392 1344 419 ille
1375 393 1476 420 misero
1502 393 1560 420 seni
1590 391 1768 419 intolerabilis
1789 395 1841 422 est,

1050 436 1149 471 vixque
1166 445 1217 463 non
1232 437 1365 464 valentem
1380 445 1411 464 ac
1426 438 1503 464 lirmo
1519 445 1625 472 gressu,
1641 437 1674 464 ad
1688 436 1842 470 sepulcrum

1051 481 1122 516 cogit
1136 489 1167 508 ac
1178 481 1266 508 eﬂ'erl.
1288 482 1316 508 Si
1326 489 1422 516 equum
1439 481 1545 517 agiliter
1560 481 1730 512 conscendit,
1744 481 1841 507 mirum

1052 527 1078 555 in
1091 528 1200 554 modum
1216 529 1331 555 miratur
1345 535 1376 555 ac
1388 533 1496 563 stupet;
1511 529 1534 555 si
1562 528 1674 562 largius,
1692 533 1719 555 et
1731 532 1760 554 ut
1775 528 1843 554 bene

1051 580 1143 605 sanus,
1159 573 1235 600 cibos
1247 573 1341 605 sumit,
1356 573 1410 600 I'ert
1422 581 1505 609 είλετο,
1516 581 1663 608 secutaque
1679 578 1842 605 murnnn-at;

1052 621 1075 647 si
1093 620 1208 647 failiulos
1224 621 1257 648 ad
1287 629 1368 655 opera
1386 629 1418 648 ac
1451 621 1602 648 ministeria
1634 629 1713 648 mane
1730 621 1842 651 excitat,

1053 665 1220 701 vigilantiam
1238 667 1392 702 bonamque
1415 666 1599 694 valetudinem
1619 667 1691 694 senis
1711 667 1796 702 gemit
1812 675 1844 693 ac

1054 711 1137 740 duim.
1155 712 1231 745 Quod
1244 713 1266 739 si
1281 713 1424 749 pignorum
1440 713 1542 748 aliquid
1558 713 1709 746 donaverit,
1726 718 1772 739 aut
1786 721 1845 740 ser-

1053 766 1116 786 vum
1133 767 1213 786 manu
1227 759 1342 792 miserit,
1360 765 1425 787 tunc.
1440 767 1506 787 sane
1526 765 1600 792 tunc,
1610 760 1691 787 homo
1703 759 1803 787 delirus
1814 767 1846 785 ac

1054 805 1154 833 mentis
1168 812 1266 833 emota:
1279 806 1363 839 audit,
1376 806 1478 841 quique
1503 807 1565 834 vitae
1590 806 1738 833 excesserit
1757 805 1847 833 termi-

1055 857 1114 882 nos,
1132 857 1163 877 ae
1194 850 1274 878 alieni
1300 852 1429 886 prodigus
1452 859 1485 878 ae
1515 851 1642 886 profusus
1660 860 1668 878 :
1686 850 1847 885 probrisque

1055 895 1182 922 omnibus
1199 903 1232 922 ae
1245 894 1397 923 maledictis
1419 895 1602 930 proscinditur
1618 895 1669 922 hoc
1689 895 1758 922 male
1772 902 1845 926 rcus.

1054 941 1125 975 quod
1139 948 1194 968 non
1211 940 1327 969 celerius
1343 942 1398 968 vita
1416 941 1524 968 functus
1538 941 1582 968 sit.

1086 986 1136 1014 Tui
1153 986 1209 1019 isti,
1223 986 1355 1014 scelerata
1371 987 1498 1021 avaritia,
1517 987 1631 1014 fruetus.
1647 986 1712 1014 Tuis
1727 985 1845 1013 stinmlis

1052 1037 1214 1066 provocatus
1228 1032 1311 1065 ﬁlius,
1336 1033 1443 1067 parenti
1474 1032 1592 1060 edicitur
1617 1032 1713 1060 hostis.
1732 1031 1844 1059 Terram

1053 1077 1141 1112 reples
1155 1077 1306 1106 latronibus
1326 1086 1359 1106 ae
1381 1078 1500 1112 sicariis,
1532 1086 1607 1106 mare
1635 1078 1740 1113 piratis,
1765 1078 1846 1105 urbes

1053 1124 1139 1151 turbis
1156 1119 1238 1159 atque
1256 1125 1430 1159 tumultibus,
1451 1125 1540 1153 forum
1561 1133 1593 1152 ac
1610 1125 1756 1152 tribunaiia
1772 1124 1845 1152 falsis

1053 1170 1177 1203 testibus,
1196 1170 1451 1206 calumniatoribus,
1478 1171 1672 1207 proditoribus,
1691 1171 1846 1203 advocatis,

1049 1215 1189 1251 judieibus
1214 1225 1246 1245 eo
1263 1218 1505 1252 propendentibus,
1530 1226 1585 1254 quo
1612 1222 1640 1245 tu
1666 1217 1845 1253 pertraxeris.

1053 1264 1174 1291 Avaritia
1188 1269 1275 1292 mater
1290 1269 1332 1292 est
1345 1264 1556 1299 inmqualitatis;
1578 1264 1783 1296 immisericors,
1805 1264 1846 1290 iu-

1054 1310 1182 1342 hmnana,
1199 1318 1304 1338 summe
1317 1310 1444 1338 crudelis.
1460 1310 1510 1337 Per
1532 1312 1601 1338 hanc
1619 1310 1773 1337 mortalium
1793 1310 1845 1337 vita

1053 1356 1146 1391 dispar
1156 1357 1267 1384 omnino
1283 1365 1315 1384 ae
1331 1357 1502 1392 iurequabilis
1517 1361 1574 1389 est;
1611 1364 1642 1383 ac
1670 1357 1715 1384 alii
1736 1357 1845 1391 quidem

1053 1402 1250 1437 superﬂuarum
1274 1402 1400 1430 satietate
1417 1410 1497 1436 opum
1525 1402 1598 1429 velut
1615 1407 1759 1434 nauseant,
1775 1410 1806 1429 ac
1823 1404 1846 1429 si

1053 1446 1143 1474 cibum
1155 1454 1209 1482 quo
1220 1454 1249 1474 se
1264 1447 1377 1474 nimium
1394 1446 1631 1482 ingurgitaverint,
1648 1453 1790 1480 evomant;
1800 1447 1846 1474 alii

1054 1491 1125 1519 fame
1136 1499 1167 1519 ac
1182 1492 1295 1527 penuria
1310 1492 1409 1526 pressi,
1429 1492 1455 1519 in
1475 1497 1598 1519 extremo
1610 1500 1679 1527 pene
1689 1492 1848 1520 discrimine

1054 1541 1207 1565 versantur.
1220 1537 1249 1564 lli
1262 1538 1312 1564 sub
1330 1538 1433 1564 auratis
1446 1538 1527 1564 tectis
1544 1538 1718 1570 recumbunt,
1734 1537 1846 1565 domos-

1053 1589 1107 1617 que
1122 1582 1243 1609 incolunt
1264 1582 1297 1609 ad
1324 1581 1411 1609 instar
1434 1581 1570 1608 minormu
1594 1581 1712 1614 urbium,
1731 1581 1847 1613 balneis,

1054 1628 1284 1663 subdomibusque
1316 1627 1419 1660 variis,
1449 1635 1480 1655 ac
1505 1627 1655 1662 perticibus
1681 1627 1845 1655 iunnensum

1054 1675 1211 1712 productis,
1226 1674 1315 1702 omnis
1344 1674 1461 1709 denique
1482 1674 1590 1709 generis
1607 1673 1752 1710 magnilieo
1768 1682 1848 1702 orna-

1056 1727 1097 1749 las
1113 1722 1203 1755 cultu;
1218 1721 1255 1748 illi
1271 1726 1377 1754 contra,
1401 1728 1434 1748 ne
1457 1721 1510 1748 duo
1525 1721 1641 1756 quidem.
1661 1721 1733 1756 tigna
1750 1722 1850 1756 quibus

1056 1773 1192 1803 tegantur,
1214 1767 1329 1800 habent;
1351 1775 1468 1802 cumque
1491 1768 1542 1795 sub
1567 1768 1621 1794 dio
1637 1768 1784 1803 perdurare
1801 1777 1849 1794 ne-

1055 1820 1168 1850 queant,
1187 1814 1228 1841 vel
1244 1815 1278 1842 ad
1298 1815 1419 1842 caminos
1436 1814 1594 1841 balnearum
1615 1815 1785 1848 confugiunt,
1795 1815 1848 1845 \‘t'i,

1055 1860 1077 1888 si
1094 1860 1121 1887 in
1137 1859 1309 1888 balneatores
1336 1859 1513 1894 iuhospitales
1542 1859 1696 1892 inciderint,
1714 1861 1785 1887 haud
1802 1861 1848 1888 ab-

1056 1906 1138 1934 simili
1154 1914 1185 1933 ae
1198 1914 1262 1934 sues
1280 1906 1395 1939 ratione,
1410 1906 1542 1935 fodientes
1553 1907 1655 1938 lituum,
1665 1906 1848 1934 necessarium

1055 1953 1106 1981 sibi
1119 1952 1238 1980 calorem
1254 1958 1412 1988 procurant.
1429 1953 1469 1980 Ac
1486 1957 1608 1984 vero,,ul;
1624 1953 1719 1979 eadem
1736 1952 1850 1980 honOris

1056 2000 1233 2034 pra-rogativa
1264 2003 1372 2026 auctum
1399 1998 1515 2032 animal,
1539 2000 1629 2031 homo,
1654 1999 1760 2026 dirersa
1782 1999 1850 2025 adeo

1057 2046 1118 2073 vita:
1132 2046 1248 2078 ratione,
1273 2053 1287 2072 a
1318 2045 1462 2073 eoutribuli
1487 2050 1550 2081 agat
1566 2044 1694 2078 homine;
1716 2049 1850 2079 tanta-quo

1057 2091 1130 2119 illius
1148 2091 1362 2126 perturbationis
1375 2099 1407 2118 ac
1420 2090 1621 2126 inmqualitatis,
1640 2098 1690 2117 una
1705 2091 1851 2117 auclrixac

1057 2146 1152 2170 causa,
1169 2138 1284 2165 avaritia
1297 2138 1399 2165 est.A'b
1417 2139 1466 2165 hac
1479 2143 1532 2170 est,
1551 2142 1579 2164 ut
1605 2137 1674 2164 alius
1692 2142 1786 2163 contra
1802 2137 1849 2163 ιιι·-

1056 2192 1150 2211 eormn
1180 2191 1248 2219 pene
1272 2185 1378 2217 nudus;
1411 2183 1481 2212 alius
1510 2188 1607 2218 prteter
1637 2183 1793 2210 innumeras
1818 2183 1849 2209 a.l

1058 2238 1136 2257 usum
1150 2231 1274 2265 corporis
1290 2235 1389 2262 vestes,
1403 2230 1520 2263 parietes
1536 2230 1610 2264 ipsos
1628 2238 1748 2264 purpura
1764 2229 1846 2255 velut.

1022 2288 1043 2315 υ
1059 2276 1176 2310 Pauper,
1203 2283 1236 2302 no
1263 2284 1359 2311 panem
1376 2276 1484 2310 quidem
1517 2275 1607 2308 habet,
1624 2283 1704 2310 quem
1722 2274 1747 2301 in
1763 2274 1849 2309 lignea

1059 2328 1151 2349 mensa
1171 2321 1301 2356 h'augat;
1318 2329 1379 2348 eum
1399 2322 1487 2349 mollis
1499 2330 1530 2348 ac
1542 2321 1675 2348 delicatus
1694 2320 1797 2355 fulgore
1812 2321 1851 2347 la-

1060 2367 1171 2394 tissima:
1188 2375 1220 2394 ex
1237 2373 1349 2402 argento
1376 2375 1489 2399 mensae,
1505 2375 1585 2402 quam
1602 2374 1685 2402 opere
1710 2367 1802 2394 ductili
1818 2367 1843 2393 tl-

1058 2414 1227 2443 crieuravil.
1253 2420 1370 2441 tuentem
1400 2414 1535 2442 etoeulos
1560 2418 1663 2448 pascat.
1691 2414 1725 2440 At
1748 2417 1850 2448 quanto

1059 2459 1150 2486 fuerat
1162 2459 1277 2494 a3qnius,
1301 2459 1347 2486 illo
1374 2459 1445 2487 laute
1466 2459 1575 2494 quidem
1601 2467 1634 2486 ac
1656 2459 1768 2494 opipare
1783 2467 1850 2493 epu-

1059 2505 1142 2536 lante,
1156 2510 1324 2538 exterasque
1337 2505 1448 2532 delicias
1461 2506 1495 2532 ad
1522 2506 1676 2533 satietatem
1690 2510 1849 2540 usurpante,

1061 2559 1161 2579 mensa:
1185 2552 1300 2586 pretium
1334 2551 1362 2578 in
1392 2552 1501 2579 delicias
1528 2552 1651 2579 converti
1685 2552 1852 2587 pauperum?

1060 2598 1137 2625 Alius
1150 2603 1230 2625 mtate
1256 2598 1354 2628 fessus.
1381 2605 1412 2624 ac
1436 2597 1544 2625 inlirmo
1567 2605 1672 2634 gressu,
1690 2598 1732 2625 vel
1761 2598 1852 2631 aliquo

1060 2643 1173 2672 claudus
1189 2644 1263 2675 vitio.
1284 2651 1317 2670 ne
1342 2645 1448 2671 asinqu
1481 2645 1592 2680 quidem
1607 2644 1789 2672 necessarium
1805 2652 1850 2670 νυ-

1062 2695 1165 2717 cterem
1188 2690 1327 2724 possidet;
1355 2689 1423 2718 alius
1447 2690 1520 2725 ipsos
1541 2698 1673 2726 equorum
1703 2697 1798 2725 greges
1817 2690 1852 2717 ob

1063 2735 1263 2762 multitudinem
1285 2734 1401 2769 ignorat.
1433 2735 1500 2762 lluie
1513 2734 1646 2762 oleumat-l
1663 2732 1789 2770 lychnum
1807 2734 1853 2759 de-

1063 2785 1119 2807 est:
1141 2781 1184 2807 ille
1212 2780 1245 2807 ab
1262 2781 1329 2815 ipsis
1353 2781 1500 2808 luminibus
1528 2789 1558 2807 ac
1580 2780 1754 2807 candelabris
1776 2779 1853 2806 dives

1064 2827 1170 2854 censeri
1188 2831 1287 2862 potest.
1302 2826 1350 2854 llic
1364 2827 1389 2854 in
1403 2827 1475 2855 nudo
1502 2827 1560 2855 solo
1580 2826 1716 2862 projectus
1730 2830 1789 2859 est;
1809 2825 1852 2851 ille
