2076 3155
151 171 205 199 2'25

697 173 839 202 IlOMllJA
859 175 890 202 V.
908 174 940 202 IN
959 175 1089 203 MATTII.
1113 174 1185 208 XIX,
1203 176 1229 204 3.

1712 179 1772 211 2'26

152 239 200 266 σης
215 229 265 267 ἤδη
279 230 319 267 τῷ
331 231 456 267 στόματι,
470 231 660 267 φιλανθρωπία
674 232 798 269 βασιλικὴ
809 234 943 260 ἐκώλυσεν

997 236 1138 262 damnatus
1155 240 1208 267 est,
1222 235 1374 270 laqueoque
1387 235 1442 268 jam
1456 235 1524 270 gulae
1533 235 1653 266 admoto,
1664 236 1779 262 clemen-

151 278 298 313 ἐνεργῆσαι
311 278 358 305 τὸν
372 278 480 314 δήμιον.
502 279 591 314 Ζήσας
612 279 640 305 δὲ
661 280 750 314 ὀλίγον
771 281 878 313 ὀδύναις
895 282 942 308 καὶ

151 325 307 358 συμφοραῖς
317 325 331 351 ό
341 324 508 360 πρεσϐύτης,
531 325 578 351 καὶ
590 326 622 360 τῇ
639 325 763 361 αἰσθήσει
779 327 834 353 τῶν
850 327 942 354 κακῶν

151 371 338 406 ἐπιχρονίσας,
353 372 382 397 ὲν
397 371 494 406 ἀτιμίᾳ.
506 371 627 406 ἀπῆλθεν
647 372 693 398 τοῦ
709 372 778 407 βίου,
799 373 878 400 τοῦτο
894 374 943 408 τῆς

153 417 275 452 μεγάλης
301 417 433 449 ὑπατείας
458 417 487 444 τὸ
509 417 585 449 τέλος
604 418 765 454 εὑράμενος.
789 419 818 446 Ὀ
837 419 877 451 δὲ,
895 420 942 446 τοῦ

152 462 337 498 παρελθόντος
357 462 479 489 ἐνιαυτοῦ
501 462 560 495 πῶς
583 464 742 498 ἐφρόντισεν
758 464 870 500 μείζονα
887 465 940 492 τῶν

152 509 302 543 γιγάντων,
323 509 445 543 γυναιξὶν
460 509 496 536 ὣν
517 510 564 537 καὶ
583 510 711 545 ἀνδράσιν
732 511 942 546 ἀμφισϐητήσι-

155 563 222 589 μος;
243 555 368 586 Ῥάὸδους
389 556 490 592 κυρίων
514 556 632 591 φεύγων,
667 557 773 592 ῥάϐδων
801 557 942 584 ὑπατικῶν

155 600 342 636 ἐπεθύμησεν·
363 602 496 637 ἐκτήσατο
516 602 580 637 γῆν,
600 603 665 638 ὅσην
687 603 747 629 οὐδὲ
762 604 849 630 εἰπεῖν
862 603 942 630 εὔκο-

154 645 199 671 λον
210 655 216 661 ·
231 647 317 681 ἐτάφη
333 646 361 673 δὲ
377 648 406 673 ὲν
420 647 551 683 τοσαύτῃ,
571 649 637 683 ὅσης
652 650 666 675 ό
683 649 799 684 ἐλεήσας
822 650 942 685 μετέδω-

154 701 211 718 κεν.
232 690 304 728 ⁴Ἄρα
327 691 373 720 οὖν
394 693 466 720 κατὰ
487 694 532 720 τὸν
551 695 632 729 σοφὸν
655 695 884 731 Ἐκκλησιαστὴν,
911 697 941 723 οὐ

154 739 253 771 πάντα,
268 739 318 766 ὅσα
342 740 466 771 τοιαῦτα,
479 741 647 774 Ματαιότης
655 742 871 776 ματαιοτήτων,
894 743 941 770 καὶ

153 786 284 821 φάσματα
299 787 371 813 ἐστιν
389 786 423 813 τὰ
436 786 579 822 ἀξιώματα
598 787 792 814 ἀνυποστάτων
808 789 920 824 ὀνείρων
935 809 943 820 ,

152 832 291 867 τέρψαντα
313 832 379 868 πρὸς
405 828 591 866 ὀλίγον,“εἷτα
613 833 836 869 παραδραμόντα,
860 833 943 870 ἀνθή-

153 886 238 905 σαντα
261 878 309 905 καὶ
332 878 522 915 μαρανθέντας
542 879 637 914 Ἡμεῖς
656 880 745 906 τοίνυν
769 880 821 912 ἕως
846 881 941 907 τούτου

995 280 1030 306 tia
1049 280 1179 314 principis
1195 280 1321 307 manibus
1356 280 1494 307 carnificis
1520 284 1661 314 exemptus
1684 285 1735 313 est,
1753 284 1781 306 ut

994 325 1152 360 quantulum
1171 326 1243 353 artati
1260 330 1412 361 supererat,
1424 333 1505 353 senex
1524 326 1549 353 in
1563 326 1655 353 dolore
1668 330 1694 353 et
1708 325 1781 352 cala—

994 372 1089 399 mitate
1107 379 1241 406 sensuque
1259 372 1390 399 malorum
1406 373 1528 407 exigens,
1542 380 1574 399 ac
1588 373 1683 407 plt-nus
1700 372 1780 399 dede-

993 418 1066 445 coris
1090 425 1121 444 ac
1150 417 1316 452 ignominiaa
1338 418 1383 444 tali
1412 418 1500 452 magni
1530 418 1686 445 consulatus
1706 417 1779 444 exitu

994 464 1047 491 vita
1062 464 1213 490 decederet.
1242 463 1286 490 llIe
1303 471 1392 491 autem
1417 464 1547 498 superiori
1563 472 1644 496 anno,
1658 465 1779 499 gigantca

994 517 1105 543 prorsus
1122 509 1255 543 facinora,
1271 515 1352 544 atque
1364 511 1446 537 etiam
1458 510 1558 544 majora
1576 511 1692 541 molitus.
1704 510 1781 543 cujus

994 563 1074 583 sexus
1087 557 1113 582 in
1129 556 1237 582 dubium
1256 556 1413 588 vocabatur,
1429 556 1528 590 quique
1543 556 1641 583 heriles
1652 555 1782 590 effugiens

994 599 1091 633 virgas,
1107 599 1260 626 consulares
1273 599 1419 632 affectavit,
1432 608 1464 627 ac
1477 606 1580 627 tantum
1601 601 1704 628 telluris
1718 607 1781 635 pos-

993 645 1073 677 sedit,
1093 650 1224 679 quantum
1237 654 1285 672 uec
1303 645 1383 672 facile
1406 646 1561 678 nominare;
1581 647 1626 679 qui
1642 654 1712 672 utine
1723 645 1782 672 exi-

993 697 1044 724 gua
1059 691 1185 717 conditur
1196 691 1290 722 humo,
1308 695 1336 717 et
1354 691 1511 726 quantulam
1524 692 1547 717 ei
1569 698 1620 717 nou
1637 697 1716 717 neruo
1729 690 1780 716 mi-

993 735 1129 762 seralione
1148 741 1235 763 motus
1250 736 1395 771 impertiit?
1407 735 1500 763 Nonne
1516 736 1597 771 igitur
1610 743 1684 767 vere,
1700 735 1776 769 juxta

994 780 1142 815 sapientem
1157 781 1231 808 illiilli
1244 781 1448 814 Ecclesiaslem,
1462 781 1484 808 si
1501 789 1553 816 qua
1569 781 1645 813 talia,
1669 780 1782 807 Vonima

993 827 1137 853 mutilatum
1154 827 1195 857 ξεῖ
1211 835 1242 854 ac
1259 827 1300 855 vel
1316 827 1490 862 amplissimae
1515 828 1672 862 dignitates,
1691 826 1780 852 inania

994 871 1115 904 quaadam
1136 871 1192 898 visa
1210 876 1237 898 et
1255 875 1360 899 ostenta
1384 872 1571 899 somniorum?
1585 879 1645 906 quae
1668 879 1729 898 cum
1747 871 1781 897 ad

153 924 303 959 στήσαντες
327 925 373 952 τὸν
401 924 489 959 λόγον,
509 925 588 959 δόξαν
603 925 810 961 ἀναπέμψωμεν
830 926 869 961 τῷ
887 927 942 953 Σω-

997 917 1075 944 breve
1092 917 1256 944 oblectat-int
1285 922 1405 952 tempus,
1433 918 1603 952 postmodum
1623 916 1779 951 dilTugianl;

151 970 227 1006 τῆρμ

523 1104 562 1132 E’.

160 1149 217 1186 Ἐἰρ
230 1149 284 1176 τοῦ
300 1149 375 1176 κατὰ
394 1150 544 1186 Ματθαῖον
558 1151 745 1186 Εὺαγηηελιόυ
756 1153 799 1185 εἰς
817 1151 863 1183 τὸ,
879 1161 888 1177 ι
909 1153 943 1178 El

189 1184 461 1221 Efevttridrﬂptbzq)
469 1186 548 1213 ἀπολ
553 1184 697 1221 ῦσαίτὴν
707 1187 835 1221 γυναῖκα
847 1187 942 1214 αὑτοῦ

189 1222 266 1247 κατὰ
282 1220 386 1247 πᾶσαν
401 1221 508 1247 αἰτίαν.
527 1231 536 1247 ι

190 1265 268 1301 Καλὴ
285 1266 402 1301 συνωρὶς
417 1265 471 1292 τῶν
485 1266 531 1292 δύο
548 1266 650 1293 τούτων
665 1267 776 1304 ἡμερῶν
797 1268 853 1299 τοῖς
875 1267 942 1303 Χρι-

155 1312 274 1342 στιανοῑς
284 1311 332 1337 καὶ
343 1310 496 1344 φιλοπόνοις
511 1311 650 1346 τυγχάνει,
677 1311 724 1338 τοῦ
742 1311 880 1338 Σαεὸἀτου
893 1312 942 1338 καὶ

153 1357 204 1392 τῆς
220 1357 362 1392 Κυριακῆς
379 1357 459 1391 λέγω,
486 1357 520 1392 ἣν
545 1357 605 1384 καθ’
630 1359 749 1394 ἑκάστην
773 1358 907 1394 ἑϐδομάδα
927 1359 942 1384 ὁ

154 1403 249 1439 χρόνος
266 1403 427 1430 ἀνακυκλῶν
450 1404 604 1440 περιφέρει.
631 1404 676 1436 Ὠς
697 1403 752 1439 γὰρ
778 1404 896 1439 μητέρες
927 1404 943 1439 ἢ

154 1449 250 1485 τροφοὶ
268 1450 319 1484 τῆς
339 1449 511 1485 Ἐκκλησίας.
530 1451 575 1477 καὶ
587 1450 632 1477 τὸν
644 1450 708 1477 λαὸν
720 1450 886 1485 ἀθροίζουσι,
899 1451 945 1476 καὶ

155 1497 218 1528 τοὺς
236 1497 325 1532 ἱερέας
340 1496 487 1528 παιδευτὰς
501 1496 727 1531 προκαθίζουσιν·
749 1495 945 1531 δημαγωγοῦσι

155 1543 184 1569 δὲ
203 1544 323 1575 καὶτοὺς
340 1543 465 1578 μαθητὰς
481 1543 528 1569 καὶ.
553 1543 618 1574 τοὺς
641 1542 818 1573 διδασκάλους
835 1543 875 1574 εἰς
895 1543 944 1578 τὴν

155 1590 211 1616 τῶν
223 1589 317 1625 ψυχῶν
331 1590 501 1624 ἐπιμέλειαν.
523 1589 599 1624 Ἐμοὶ
616 1588 706 1615 τοίνυν
723 1589 763 1615 ἔτι
785 1588 834 1624 τῆς
849 1588 944 1624 χθιζῆς
959 1599 980 1627 C

155 1637 262 1672 ἡμέρας
277 1639 290 1664 ὁ
303 1637 382 1671 λόγος
398 1638 500 1673 ὲνηχεῖ,
520 1637 566 1663 καὶ
582 1636 733 1672 ἐγκάθηται
755 1638 788 1673 τῇ
804 1637 899 1672 μνήμῃ
913 1636 947 1663 τὰ

157 1682 318 1718 πονηθέντα.
336 1682 433 1709 Βλέπω
448 1682 493 1708 τὸν
509 1682 627 1717 σταυρὸν
644 1682 688 1709 διὰ
706 1682 755 1717 τῆς
775 1683 947 1718 προφητείας

157 1727 235 1764 παρὰ
252 1728 363 1754 Ἡσαΐου
382 1727 567 1763 πηγνύμενον,
585 1729 633 1754 καὶ
654 1727 688 1754 τὰ
715 1728 810 1763 ἱμάτια
825 1728 873 1754 τοῦ
889 1729 946 1754 Ku-

157 1773 228 1808 ρίου,
245 1772 283 1804 ὡς
298 1773 333 1799 τὰ
347 1772 393 1799 τοῦ
410 1772 570 1808 ληνοσάτου.
583 1773 764 1808 κεχρωσμένα
781 1773 819 1808 τῷ
831 1773 928 1808 αἵματι
939 1780 946 1788 ’

157 1818 262 1846 καὶτὸν
277 1818 393 1854 Σωτῆρα
404 1819 450 1845 τὸν
468 1818 562 1854 μισθὸν
580 1819 723 1854 πρόχειρον
734 1819 780 1845 ἐπὶ
795 1818 845 1854 τῆς
858 1818 948 1852 δεξιᾶς

158 1863 287 1899 φέροντα.
308 1864 363 1890 Καὶ
383 1864 428 1890 τὸν
450 1864 610 1899 Σολομῶντα
627 1863 721 1898 θεωρῶ
740 1863 774 1890 τὰ
792 1863 862 1897 ζυγὰ
884 1864 948 1898 ἡμῖν

159 1909 206 1936 καὶ
219 1910 282 1940 τοὺς
298 1909 434 1944 σταθμοὺς
447 1909 614 1945 ἁκριὸοῠντα
629 1910 669 1941 εἰς
686 1909 809 1944 δύναμιν.
833 1908 885 1935 Καὶ
899 1908 946 1936 τοῦ

159 1955 325 1989 Εὐαγγελίου
341 1955 388 1981 τὸν
407 1955 607 1991 χρεωφειλέτην
635 1955 773 1991 οἰκτείρω,
801 1955 839 1991 μὴ
865 1964 948 1990 μετα-

158 2001 255 2030 δοῦντα
266 2001 304 2037 τῷ
318 2002 455 2037 ὁμοδούλῳ
466 2003 515 2037 τῆς
532 2002 627 2036 φιλανθ
633 2002 749 2037 ρωπίας,
761 1999 796 2038 ἦς
806 2001 882 2037 παρὰ
900 2002 948 2028 τοῦ

158 2048 294 2074 Asc-mirati
317 2048 478 2083 μετέλαῦεν·
501 2048 558 2075 ἀλλ’
578 2049 609 2074 ὲκ
622 2049 672 2084 τῆς
688 2048 816 2079 ἀϐουλίας
831 2049 877 2075 καὶ
899 2048 949 2084 τῆς

159 2092 355 2127 σκληρότητος,
379 2093 427 2128 τὴν
455 2093 522 2120 ἰδίαν
546 2094 690 2128 συμφορὰν
712 2093 946 2128 ἁνανεωσάμενον.

160 2137 273 2170 Τούτοις
287 2138 342 2174 γὰρ
354 2141 410 2170 τοῖς
435 2139 595 2173 κεφαλαίοις
610 2140 682 2166 κατὰ
698 2140 747 2175 τὴν
760 2140 950 2175 παρελθοῦσαν

161 2184 312 2219 ἐκάμομεν,
326 2185 364 2216 ὡς
388 2185 444 2212 ἴστε
463 2186 574 2218 πάντες,
594 2186 619 2212 οἱ
639 2186 689 2212 οὐκ
702 2187 731 2212 ὲν
744 2186 876 2222 παρέργῳ
901 2186 950 2222 τὴν

160 2229 291 2263 ἀκρόασιν
306 2230 424 2266 θέμενοι.

197 2320 320 2355 Σήμερον
329 2320 356 2346 δὲ
372 2320 452 2347 πάλιν
465 2321 530 2356 ἡμῖν
542 2321 626 2348 πολλὰ
642 2321 700 2356 μὲν,
711 2322 758 2347 καὶ
769 2320 840 2347 καλὰ
848 2320 946 2352 πάντα,

160 2366 211 2392 ὅσα
225 2367 270 2392 ἐπὶ
283 2367 332 2402 τῆς
342 2366 480 2402 τραπέζης
494 2367 542 2402 τῆς
553 2367 704 2402 ὀριυμένης,
717 2366 748 2394 τὺ
761 2367 873 2402 Πνεῦμα
882 2375 949 2394 κατ-

161 2412 246 2438 έθετο.
267 2413 419 2448 Ἑπέστησα
451 2413 478 2439 δὲ
495 2413 541 2439 τὸν
552 2413 613 2440 νοῦν
629 2415 686 2445 τοῖς
704 2413 864 2448 ἀδολέσχαις
876 2413 944 2449 ὁμοῦ

162 2458 211 2484 καὶ
232 2460 391 2493 πειρασταίς
407 2458 577 2494 Φαρισαίοις·
602 2460 649 2486 καὶ
672 2458 775 2494 σφόδρα
789 2467 821 2493 γε
848 2458 948 2489 αὐτοὺς

160 2504 211 2539 τῆς
225 2504 374 2540 μοχθηρίας
385 2504 439 2531 τῶν
453 2506 560 2541 τρόπων
574 2505 691 2540 ἠλέησα,
712 2505 756 2538 ἐφ’
768 2501 808 2535 οἷς
832 2496 879 2530 καί
895 2503 945 2538 τὴν

130 2556 134 2559 “
161 2550 254 2585 πηγὴν
267 2551 315 2586 τῆς
332 2551 427 2585 σοφίας
450 2553 508 2582 ταῖς
524 2551 628 2577 ἑαυτῶν
646 2551 812 2585 ἐρωτήσεσιν
835 2549 947 2584 ἐπεχεί-

162 2604 226 2630 ρουν
249 2596 489 2631 κατασοφίζεσθαι,
507 2595 615 2630 καὶτῆς
635 2596 818 2630 ἐγχειρήσεως
829 2594 950 2628 ἀπετύγ-

198 2666 220 2682 ⁶⁸
236 2666 323 2694 Est-le.
340 2674 359 2696 I.
383 2660 410 2693 9.

197 2723 253 2758 (51)
265 2721 331 2749 Tota
346 2723 454 2749 moralis
468 2727 518 2754 est,
534 2729 586 2755 qua
595 2721 726 2758 Asterius,
742 2725 854 2758 excepto
868 2720 945 2747 adtri-

163 2756 338 2789 tcrio,'alium
359 2765 464 2784 omnem
486 2761 643 2791 praetextum
660 2756 809 2791 dimittendi
836 2763 943 2785 uxores.

162 2800 194 2821 ac
209 2793 287 2819 dandi
304 2793 423 2819 libellum
435 2790 548 2826 repudii.
563 2791 700 2818 excludit:
718 2790 782 2816 nihil
796 2791 942 2823 explicans,

163 2836 195 2855 an
223 2829 262 2855 sic
286 2829 394 2854 dimissa
423 2825 471 2854 aut
492 2828 640 2856 dimittens,
658 2835 672 2852 a
699 2826 797 2859 prioris
826 2825 940 2859 conjugii

163 2864 280 2893 vinculo,
296 2863 372 2889 liberi
388 2863 518 2889 exsistant
535 2872 541 2889 :
557 2863 626 2896 quod
642 2862 758 2895 amplius
775 2860 939 2886 dcclaratunt

162 2904 203 2926 est
224 2899 258 2925 ab
277 2898 414 2933 Apostolo,
430 2899 579 2932 excipiente
599 2897 683 2924 solam
701 2899 825 2927 mortem,
842 2901 869 2921 ut
886 2903 938 2921 nou

449 2665 470 2681 ”
481 2665 575 2692 Matth.
598 2672 653 2697 xtx,
669 2664 687 2691 5
705 2671 764 2699 sqq.

801 2663 824 2679 ⁷ο
840 2663 890 2690 lsa.
908 2671 984 2694 thn,

995 970 1110 997 cmuque
1124 963 1293 998 aliquantum
1322 963 1474 996 floruerint,
1489 963 1578 990 subito
1593 962 1782 990 marcescant?

995 1008 1048 1035 Nos
1066 1010 1158 1043 itaque
1175 1010 1280 1037 dicendi
1298 1010 1342 1037 hic
1357 1009 1437 1037 ﬁnem
1467 1009 1608 1043 facientes,
1631 1010 1783 1036 tribuamus

995 1054 1127 1082 Salvatori
1143 1055 1269 1090 gloriam.

1370 1098 1404 1128 ν.

996 1144 1112 1172 Ηοηιῑίὶα
1128 1145 1155 1172 in
1175 1145 1260 1172 locum
1289 1145 1425 1180 Evangelii
1452 1146 1593 1172 secundum
1614 1145 1782 1176 Maltlueum,

1032 1190 1041 1206 ι
1057 1181 1098 1206 Λη
1110 1181 1185 1207 liceat
1196 1181 1294 1207 homini
1308 1181 1437 1207 dimittere
1448 1189 1556 1208 uxorem
1565 1189 1640 1207 suam
1652 1181 1707 1216 (51)
1720 1189 1782 1216 qua-

1031 1223 1132 1250 cunque
1144 1223 1176 1242 m:
1190 1224 1270 1242 causa
1283 1216 1315 1242 ".
1331 1225 1340 1241 ι

1031 1261 1165 1288 Praeclara
1184 1261 1348 1289 Christianis
1373 1269 1403 1288 ac
1429 1261 1559 1288 studiosis
1585 1261 1700 1288 duarum
1731 1261 1781 1287 ha-

995 1315 1089 1335 rumce
1103 1307 1209 1335 dierum
1225 1307 1319 1342 copula
1347 1315 1378 1334 ac
1405 1314 1553 1334 concursus
1565 1327 1574 1339 ,
1597 1305 1720 1338 Sabhati,
1739 1306 1782 1332 iu-

995 1361 1086 1389 quam,
1103 1361 1135 1381 ac
1152 1354 1309 1386 Doutiuicm,
1327 1361 1394 1387 quas
1409 1358 1514 1387 tempus
1529 1354 1556 1380 iu
1571 1353 1664 1380 orbem
1691 1360 1784 1379 recurr-

997 1407 1070 1432 rcns,
1087 1399 1262 1427 hebdomadis
1279 1399 1392 1432 singulis
1410 1399 1525 1426 reducit.
1548 1398 1614 1425 Nam
1631 1398 1707 1432 quasi
1727 1406 1782 1425 ma-

997 1451 1053 1473 tres
1071 1450 1117 1472 aut
1132 1446 1252 1471 nutrices
1267 1444 1408 1477 Ecclesiae,
1436 1452 1494 1471 cum
1521 1445 1646 1479 populum
1671 1451 1784 1478 congre-

997 1496 1071 1525 gant,
1086 1497 1140 1518 ttun
1167 1491 1324 1517 Sacerdotes
1351 1491 1384 1517 ad
1407 1491 1557 1518 docendum
1585 1491 1732 1517 consedere
1747 1489 1785 1516 fa-

997 1539 1090 1570 ciunt;
1109 1543 1189 1571 atque
1202 1537 1279 1569 adeo,
1292 1536 1439 1571 discipulos
1454 1537 1556 1572 pariter
1569 1544 1599 1563 ac
1616 1537 1738 1563 doctores
1751 1537 1784 1564 ad

999 1583 1151 1610 animorum
1168 1583 1307 1618 pellicinul
1327 1590 1434 1615 curam.
1456 1589 1489 1610 ac
1510 1583 1606 1610 blande
1633 1583 1784 1618 impellunt.

998 1630 1061 1658 Mihi
1077 1631 1187 1665 quidem
1204 1630 1294 1657 adhuc
1309 1630 1420 1657 auribus
1445 1631 1554 1657 insonat
1575 1630 1626 1657 diei
1650 1630 1786 1657 hesterna:

998 1683 1110 1708 sermo.
1142 1675 1314 1711 insidentque
1349 1676 1486 1703 memoria:
1512 1676 1636 1712 praelecta
1664 1681 1728 1704 tunc
1754 1685 1786 1703 ac

998 1721 1216 1749 consideratione
1244 1721 1376 1748 discussa.
1402 1721 1486 1749 Video
1520 1729 1627 1749 erucem
1654 1722 1688 1749 ab
1716 1722 1785 1749 Isaia

998 1767 1138 1801 prophetia
1153 1766 1246 1800 lixam,
1269 1773 1300 1792 ac
1324 1766 1428 1793 Domini
1455 1767 1633 1798 vestimenta,
1658 1771 1786 1801 tanquam

998 1811 1129 1839 calcantis
1154 1812 1180 1840 iu
1208 1812 1348 1845 torculari,
1366 1819 1463 1839 cruore
1491 1812 1575 1838 tincta
1603 1811 1645 1845 7‘;
1671 1813 1787 1848 denique

1000 1858 1180 1889 Salvatorem,
1196 1862 1352 1893 promptum
1368 1858 1478 1885 dextera
1491 1858 1702 1892 expcdimmque
1720 1867 1787 1893 prte-

1000 1905 1084 1931 mium
1101 1904 1302 1939 praeferentem.
1319 1903 1408 1930 Animi
1425 1903 1512 1931 oculis
1528 1903 1698 1931 Salomonem
1712 1912 1789 1938 aspe-

1000 1955 1054 1982 cto,
1070 1949 1281 1985 :equamjudicii
1306 1949 1450 1977 librantem
1473 1950 1601 1976 tutriuam
1619 1950 1652 1975 ".
1680 1949 1788 1977 Miseret

1002 2003 1044 2023 me
1062 1996 1192 2023 debitoris
1206 1995 1368 2029 evangelici,
1387 1995 1432 2029 qui
1446 1995 1549 2022 Domini
1572 1995 1597 2022 iu
1617 1995 1703 2030 ipsum
1722 1995 1789 2022 leui-

1002 2046 1083 2068 tatem
1113 2049 1144 2068 ac
1171 2041 1343 2068 clementiam
1373 2048 1506 2067 conservo
1534 2048 1586 2067 non
1610 2041 1787 2071 adhibens",

1001 2096 1049 2122 pro
1063 2087 1178 2115 szaltitia
1195 2095 1227 2114 ac.
1240 2087 1340 2114 duritie
1355 2094 1415 2118 sua,
1434 2086 1484 2113 sibi
1502 2087 1559 2121 ipse
1575 2087 1732 2114 instaurata:
1745 2095 1790 2114 ca-

1001 2132 1133 2159 lamitatis
1149 2140 1181 2159 ac
1195 2133 1314 2158 miseria:
1338 2137 1434 2159 auctor
1450 2131 1509 2158 fuit.
1527 2132 1556 2158 lu
1576 2132 1617 2159 Itis
1631 2133 1703 2159 enim
1717 2133 1790 2166 capi-

1002 2179 1073 2206 tiluts
1089 2179 1132 2205 die
1145 2178 1284 2212 superiore
1299 2179 1422 2213 proximo
1450 2179 1637 2210 versabantur,
1663 2183 1692 2204 ut
1704 2180 1790 2205 nostis

1001 2232 1107 2256 clunes,
1123 2225 1144 2251 si
1160 2225 1206 2259 qui
1230 2232 1281 2251 non
1308 2223 1459 2258 indiligenti
1484 2224 1576 2250 auditu
1601 2224 1721 2250 anitnum
1743 2225 1789 2251 ad-

966 2275 989 2304 D
1003 2270 1130 2298 vertistis.

1039 2316 1124 2342 llodie
1137 2315 1217 2341 etiam
1232 2315 1311 2341 multa
1322 2315 1410 2346 nobis.
1419 2323 1504 2349 eaque
1517 2315 1688 2352 pr:celara,iu
1700 2321 1790 2341 mensa

1003 2369 1083 2396 qttam
1100 2361 1206 2392 videtis,
1223 2362 1363 2395 proposuit
1377 2361 1506 2396 Spiritus.
1525 2360 1616 2395 Adjeci
1632 2366 1720 2387 autent
1737 2361 1791 2387 atii-

1008 2414 1080 2434 mum
1096 2408 1129 2433 ad
1145 2406 1268 2441 garrulus
1283 2407 1349 2434 istos
1373 2405 1535 2438 P-harisazos,
1560 2413 1590 2433 ac
1626 2411 1790 2438 tentatores;

1004 2453 1203 2489 plurimumque
1230 2460 1323 2479 eorum
1353 2453 1485 2480 misereor
1512 2452 1703 2487 improbitatis,
1720 2453 1791 2483 quod

1005 2502 1091 2536 ipsutu
1107 2500 1248 2535 sapienti-.1:
1262 2500 1364 2527 fontem
1383 2499 1439 2526 suis
1458 2499 1723 2533 interrogatiunculis
1737 2498 1792 2525 eir-

1004 2547 1164 2574 cumrcuire
1182 2547 1301 2581 aggressi
1319 2551 1398 2578 sunt;
1417 2553 1569 2580 quanquam
1583 2544 1717 2580 Uuigeniti
1738 2544 1792 2571 dei-

1006 2598 1060 2620 tate
1076 2600 1170 2619 eorum
1197 2593 1223 2618 iu
1241 2592 1410 2618 contrarium
1434 2592 1714 2625 semperquwstioucs
1731 2598 1793 2619 νυν.

1000 2663 1028 2689 5.
1066 2662 1087 2678 ⁷¹
1109 2661 1139 2688 111
1161 2661 1227 2696 Reg.
1250 2668 1290 2692 ut,
1318 2660 1364 2687 21.
1402 2660 1424 2675 ⁷¹
1437 2659 1531 2686 Matth.
1544 2667 1618 2691 .\'Vlll,
1634 2658 1681 2686 28.

999 2719 1035 2747 sit
1051 2719 1172 2746 adultera
1186 2718 1282 2745 mulier
1296 2717 1318 2744 si
1338 2717 1421 2745 fuerit
1433 2725 1493 2744 cum
1509 2718 1561 2743 alio
1577 2717 1634 2743 viro
1645 2724 1651 2748 ;
1664 2715 1790 2743 cuisanae

999 2755 1132 2782 doctrina:
1160 2755 1242 2781 etiarn
1266 2753 1372 2780 concilii
1393 2752 1530 2787 generalis
1553 2753 1662 2778 decreto
1679 2752 1786 2787 tandem

998 2790 1118 2821 sancitur,
1135 2790 1214 2816 audio
1235 2788 1346 2816 Gnccia:
1371 2786 1451 2815 faeces
1477 2794 1663 2814 consuescere.
1686 2786 1788 2813 Iudicat

997 2825 1118 2851 Asterius
1133 2823 1216 2851 fuisse
1234 2825 1307 2851 viros
1323 2831 1370 2850 sua
1383 2828 1462 2850 astate
1479 2823 1622 2849 admodum
1637 2821 1730 2848 faciles
1745 2829 1788 2847 re-

996 2861 1137 2893 pudiandis
1173 2860 1317 2890 uxoribus,
1334 2867 1365 2885 ac
1386 2867 1400 2884 ιι
1427 2866 1456 2884 se
1478 2857 1654 2889 ahdicandii;
1673 2862 1790 2891 eluuun

996 2895 1093 2922 merito
1105 2896 1218 2922 abusum
1234 2896 1293 2929 pius
1311 2894 1483 2922 ccclesiastes
1498 2893 1627 2924 exagitat.
