2076 3155
274 167 325 196 ΞΜ

276 233 342 259 riter
353 239 386 259 ac
401 228 526 257 miserias
547 225 662 261 fugiunt.
677 223 740 250 Sola
755 221 876 249 adluerct
894 228 972 251 uxor,
995 228 1073 254 πει-πε

275 277 359 313 partis
384 276 545 306 membrum,
573 272 640 299 etin
658 269 738 297 malis
767 275 847 294 serva
876 273 907 293 ac
932 266 1070 297 ministra,

275 312 422 359 maritique
438 323 544 350 addicta
558 318 700 353 obsequio,
711 316 846 350 lacrymas
859 313 1005 346 :tbstergit;
1018 312 1073 347 pla-

275 378 322 406 gas
338 378 369 397 ac
377 356 508 402 verbera,
523 368 546 394 si
560 373 620 400 qua:
641 363 679 391 illi
702 361 829 396 imposita
845 360 910 390 sint,
925 363 1003 385 curat
1019 366 1025 390 ;
1047 356 1071 383 si

275 417 310 444 ad
334 422 474 444 carcerem
499 413 618 444 ducitur,
639 410 760 438 adhaeret
780 414 889 440 comes;
913 413 945 432 ac
971 406 994 432 si
1011 404 1072 439 quis

276 465 428 498 ingressum
454 461 568 488 liberum
593 458 704 491 fecerit,
729 456 847 483 libenter
872 460 926 480 una
953 460 1014 479 cum
1040 458 1073 478 eo

276 505 528 539 concluditurzsin
554 507 579 534 id
608 505 789 540 prohibetur,
820 501 893 529 sicut
928 498 1073 526 familiaris

278 558 344 584 bero
359 554 484 586 catellus,
496 553 529 579 ad
544 550 664 579 careeris
679 549 792 584 januam
809 545 922 574 assidet.

311 601 378 630 Novi
404 608 453 634 ego
467 599 623 628 nutlierem,
647 602 719 630 qua},
738 599 845 620 attonsa
864 598 954 622 coma,
970 592 1073 616 vestem

278 649 398 679 virilem.
419 652 534 681 eamque
547 643 683 675 ﬂoridam,
705 641 802 673 induit,
823 644 852 666 ut
873 645 906 665 ne
921 638 1010 663 virum
1032 635 1074 661 l'u-

279 696 400 731 gientem
424 693 606 725 latentemque
626 690 753 716 deserere
778 689 932 721 cogeretur.
951 683 988 710 Ita
1012 689 1072 709 cum

279 741 444 769 servitutem
471 738 574 766 servire
597 736 731 767 videatur,
758 731 865 759 aﬂ'ectui
889 737 953 757 vere
970 729 1072 756 servit:

281 789 361 823 inque
377 794 409 813 eo
429 785 490 812 vitae
512 790 612 818 genere
627 782 726 808 multos
749 778 838 813 exegit
863 784 961 808 annos,
986 775 1074 801 locum

279 842 314 861 ex
329 833 387 860 loco
399 836 518 863 mutans,
531 837 563 856 ac
577 828 750 856 solitudinem
765 833 798 852 ex
809 824 966 852 solitudine.
980 820 1074 848 Talem

280 882 364 909 etiam
385 878 576 915 patientissimi
590 876 650 904 Jobi
667 875 819 910 reperimus
832 871 987 906 coniugem.
1006 869 1074 896 Nam

282 933 310 955 et
332 927 408 954 illum
432 925 552 952 universi
571 925 762 955 deseruerunt,
779 926 887 954 unaque
904 925 965 945 cum
980 916 1076 951 opibus

279 971 643 1000 adulatores.defluxerunt,
668 975 700 994 ac
736 966 816 993 amici
845 964 925 992 rebus
950 960 1077 990 secundis

282 1021 431 1049 amicitiam
447 1020 628 1048 aestimarunt.
643 1015 720 1049 Quod
737 1015 761 1042 si
780 1013 889 1049 quando
906 1011 988 1039 etiam
1003 1009 1078 1037 adic-

282 1073 364 1101 runt,
395 1074 490 1095 eorum
519 1064 664 1100 prmsentia
693 1060 863 1089 contumelias
887 1064 968 1093 quam
990 1055 1077 1082 officio

284 1114 414 1150 propior,
447 1110 577 1146 augenda:
605 1109 691 1144 magis
720 1112 849 1134 aerumnae
873 1111 954 1138 quam
981 1101 1078 1129 solatio

283 1149 381 1187 init".
399 1158 477 1187 Unde
495 1157 578 1185 etiam
603 1155 648 1190 qui
674 1153 804 1181 malorum
830 1149 1014 1178 consolatores
1033 1155 1079 1175 ac-

282 1211 433 1239 cesserant,
457 1204 506 1233 toti
529 1204 556 1231 in
580 1210 641 1230 eum
656 1199 786 1235 indignati
796 1201 862 1225 sunt‘
872 1197 940 1231 (39.),
960 1203 992 1223 ac
1014 1202 1079 1230 que-

283 1255 335 1282 ruli
361 1253 575 1281 conclamarunt.
587 1249 649 1277 Sola
668 1251 757 1274 autem
777 1245 834 1272 haec
850 1243 929 1279 paulo
941 1247 1004 1269 ante
1019 1241 1079 1268 illu-

285 1301 351 1328 stris
363 1307 394 1326 ac
409 1299 493 1328 clara.
510 1299 534 1324 in
551 1294 725 1330 sterquilinio
742 1292 839 1320 marito
859 1290 1008 1321 assidebat,
1032 1296 1077 1316 sa-

285 1347 412 1379 niemque
432 1351 464 1370 ac
477 1344 567 1369 tabem
591 1341 762 1375 abstergens,
781 1346 796 1365 e
814 1336 902 1372 plagis
917 1342 1024 1362 vermes
1036 1341 1080 1360 ex-

286 1391 430 1424 trabebat;
450 1396 514 1416 vere
534 1387 579 1414 illa
593 1386 703 1422 quidem
719 1385 781 1412 vita:
794 1383 880 1417 socia,
896 1390 949 1410 non
966 1380 1078 1408 felicita-

287 1439 321 1466 tis
337 1435 559 1467 contubernalis;
584 1433 730 1461 individua:
747 1431 847 1458 cultrix
867 1427 1004 1459 amicitias,
1025 1434 1077 1453 non

284 1482 450 1511 assentatrix
468 1480 676 1514 alfectatrixque
689 1478 876 1513 voluptatum;
903 1483 986 1503 unum
1006 1473 1080 1501 deni-

285 1536 340 1564 que
361 1528 394 1554 de
420 1531 495 1553 tanta
521 1525 647 1557 fortuna,
668 1531 700 1550 ac
727 1528 783 1550 tota
806 1520 1025 1549 charissimorum
1047 1524 1079 1544 ac

286 1563 464 1609 cognatorum
490 1571 605 1598 cohorte
621 1569 756 1603 reliquum
770 1568 867 1594 marito
883 1567 994 1594 bonum.
1010 1563 1079 1598 Quo-

285 1621 359 1648 circa
374 1627 406 1647 ex
423 1617 507 1645 nimio
520 1616 643 1651 ccuiugis
655 1622 748 1642 amore
762 1614 788 1640 in
802 1612 976 1647 blasphemia:
990 1609 1079 1638 scelus

287 1666 413 1701 prolapsa
433 1668 528 1696 est,ut
546 1663 689 1693 nimirum,
706 1668 740 1688 ne
758 1659 860 1687 diutius
882 1658 927 1685 ille
942 1656 1081 1685 conflicta-

287 1717 374 1743 retur,
392 1711 505 1746 ipsaque
522 1709 548 1736 in
565 1708 702 1735 coutinuis
721 1714 783 1734 eum
804 1705 944 1732 doloribus
966 1703 1081 1734 videret,

287 1758 464 1793 blasphemia:
487 1756 601 1783 verbum
630 1752 738 1788 aliquod
765 1752 791 1779 iu
820 1751 904 1777 Deum
933 1749 1021 1784 loqui,
1048 1756 1081 1775 ac

287 1809 401 1832 mortem
422 1801 587 1833 accelerare,
614 1799 740 1827 suaderet
752 1797 787 1825 ‘°.
807 1796 869 1824 Suae
889 1802 1006 1830 namque
1031 1802 1077 1822 se-

287 1857 351 1878 cura
379 1848 518 1876 viduitatis
539 1855 571 1874 ac
598 1845 762 1877 solitudinis,
781 1852 862 1871 unum
884 1843 909 1870 id
933 1842 1079 1877 cogitabat.

286 1897 513 1933 quemadmodum
528 1903 544 1922 e
556 1895 610 1922 vita
622 1902 674 1922 non
690 1893 763 1920 vitali
779 1892 894 1919 maritus
907 1891 1004 1918 exiret.
1018 1889 1081 1917 Haec

287 1944 351 1970 talia
373 1951 435 1970 cum
459 1946 568 1969 recente
592 1940 772 1975 experientia,
793 1939 924 1966 memoria
941 1943 1017 1965 vetus
1035 1937 1081 1964 ad-

293 1997 387 2016 versus
398 1995 446 2016 eos
461 1987 550 2020 affert,
564 1988 610 2022 qui
626 1993 690 2021 erga
706 1985 834 2020 coniuges
853 1983 950 2018 injurii
968 1989 1031 2010 sunt
1049 1990 1082 2010 ac

324 2079 394 2113 Quid
419 2087 500 2114 porro
526 2079 606 2113 hujus
627 2078 752 2106 criminis
778 2086 841 2105 reus
862 2077 888 2104 in
914 2076 1081 2105 contrarium

289 2125 473 2160 respondeat?
496 2124 582 2158 Quam
603 2124 700 2151 saltem
729 2124 881 2158 speciosam
896 2123 1013 2150 levitatis
1026 2131 1083 2150 sua:

289 2172 475 2199 defensionem
487 2171 628 2206 proferet?
644 2170 754 2201 Malum,
769 2171 817 2202 ait,
834 2169 1011 2204 odiosumque
1023 2177 1082 2196 nm-

291 2218 366 2245 lieris
390 2217 539 2252 ingenium,
559 2215 649 2249 lingua
665 2215 809 2243 temeraria
825 2223 857 2242 ac
871 2222 1007 2250 przcceps;
1025 2222 1082 2242 mo-

289 2270 334 2290 res
349 2271 364 2289 a
386 2263 467 2290 domo
491 2261 627 2296 rebusque
650 2260 807 2287 domesticis
830 2259 923 2290 alieni,
946 2266 996 2285 nec
1022 2259 1079 2293 ipsa

291 2310 360 2336 bona
380 2313 426 2335 aut
444 2307 515 2342 frugi
541 2307 579 2335 rei
602 2306 745 2334 familiaris
771 2305 997 2333 administratrix.
1023 2305 1083 2332 Sint

291 2355 348 2382 [nec
373 2355 408 2381 ita
425 2361 503 2386 sane,
523 2351 680 2388 persuaderi
700 2353 787 2379 adhuc
803 2351 867 2378 mibi
886 2351 984 2386 patior,
1002 2351 1084 2378 dicta-

288 2410 342 2438 que
361 2401 476 2436 accipin,
492 2401 563 2428 sicut
584 2407 654 2426 unus
675 2407 768 2426 eorum
787 2398 909 2432 judicnm
926 2398 971 2432 qui
987 2405 1081 2432 parum

289 2448 457 2483 expluratatn
486 2454 579 2474 aurem
606 2446 717 2478 habent,
742 2453 774 2472 ac
799 2444 876 2471 facile
892 2449 1081 2471 accusatorum

291 2492 520 2521 insectationilms
543 2491 692 2519 transversi
712 2490 865 2524 rapiuntur.
883 2489 924 2516 'l‘u
948 2496 1010 2516 vero
1023 2490 1077 2521 dic,

289 2539 403 2566 obsecro
418 2548 424 2566 :
437 2538 504 2565 Cum
516 2546 575 2564 eam
591 2537 668 2564 initio
681 2537 804 2567 duceres,
819 2543 853 2563 an
875 2536 1017 2562 nesciebas
1029 2535 1080 2563 ho-

291 2585 356 2612 mini
373 2591 400 2612 te
418 2583 565 2619 conjungi?
585 2583 726 2611 llontinem
750 2589 839 2610 autem
862 2590 923 2609 cum
950 2582 1012 2615 quis
1033 2589 1082 2608 au-

290 2633 341 2665 dil,
368 2639 420 2658 non
444 2630 536 2656 statim
563 2634 704 2664 peccatum
732 2630 873 2656 adhaerere
897 2636 929 2655 ac
952 2628 1081 2663 consequi

325 2708 348 2724 "
363 2707 413 2735 Job
426 2714 483 2737 xvi,
496 2706 523 2732 2.
561 2705 584 2722 ⁸ο
605 2705 654 2733 Job
665 2714 694 2737 ιι.
707 2706 734 2734 9.

329 2777 386 2811 (32)
399 2776 457 2803 Ton
470 2774 499 2803 in
517 2784 577 2802 eum
592 2775 723 2810 indignati
735 2781 806 2808 sunt,
819 2780 883 2806 etc..
897 2774 999 2806 πάντες
1011 2775 1080 2810 πρὸς

291 2812 396 2839 ἐκείνου
410 2811 641 2852 ἀπεσχετλίασαν.
662 2811 759 2852 biquet
782 2819 814 2838 ex
842 2816 897 2852 toto
920 2811 988 2837 libro
1011 2811 1078 2842 Jul),

293 2857 347 2889 quo
363 2849 441 2875 :unici
472 2846 601 2888 tanquam
623 2848 756 2887 scelerum
780 2846 965 2889 exsolventem
986 2853 1080 2880 pwnas

295 2881 412 2910 :irnicum
441 2883 581 2917 exagitant
610 2882 700 2916 specie
736 2881 904 2908 consolandi.
935 2881 1082 2914 Scripserit

294 2920 363 2947 forte
378 2916 579 2955 Αδιει-ὶυέπρὺς
597 2918 715 2944 ἐκεῖνον·
734 2921 762 2943 ιιι
780 2917 874 2944 vicina:
891 2916 986 2944 litterae
1003 2916 1081 2943 facile

918 163 946 191 S.
968 161 1108 190 ASTERII
1127 162 1281 190 AMASENI

1864 159 1919 186 932

1089 226 1109 252 Α
1125 221 1172 247 τοῦ
1186 220 1327 251 νοσοῦντος
1341 219 1440 255 μέρους
1456 219 1485 244 τὸ
1499 218 1589 253 μέλος,
1599 217 1646 245 καὶ
1658 226 1711 244 των
1724 216 1816 243 κακῶν
1825 216 1918 252 δούλη,

1123 268 1169 294 καὶ
1184 267 1233 302 τῇς
1249 266 1296 292 τοῦ
1314 266 1410 300 évap‘);
1423 265 1572 300 θεραπείας
1584 273 1589 280 ·
1600 264 1631 290 τὸ
1643 264 1761 299 δάκρυον
1775 263 1918 297 ἀποψῶσαυ

1123 313 1172 348 τὴν
1196 312 1321 348 πληγὴν,
1345 312 1378 338 ἂν
1400 311 1552 347 μαστιχθῇ,
1574 309 1782 346 θεραπεύουσν
1807 310 1921 336 ἀκολου-

1123 359 1209 386 θοῦσα
1228 358 1296 394 πρὸς
1311 358 1500 394 δεσμωτήριον
1522 356 1664 392 ἀγομένῳ·
1678 355 1729 383 κᾶν
1744 355 1794 391 μέν
1807 364 1849 387 τις
1863 356 1920 390 ἁφῇ

1124 405 1317 437 συνεισελθεῖν,
1336 404 1421 440 ἡδέως
1437 405 1486 439 τῆς
1503 402 1671 439 καθείρέεως
1687 403 1825 429 κοινωνεῖ·
1843 402 1876 428 ἂν
1893 402 1921 428 δὲ

1124 452 1232 488 κωλυθῇ
1247 452 1294 479 καὶ
1304 451 1394 482 τοῦτο,
1409 452 1471 482 ταῖς
1488 450 1585 486 θύραις
1604 449 1651 476 τοῦ
1666 450 1864 485 δεσμωτηρίου,
1883 449 1922 481 ὡς

1126 499 1243 526 κυνίδιον
1258 498 1298 534 τῷ
1314 498 1432 534 δεσπότῃ
1448 497 1574 533 σύνηθες,
1593 497 1757 532 παραμένει.

1162 586 1268 620 Ἔγνων
1282 585 1338 621 ἐγὼ
1352 587 1481 621 γυναῖκα,
1498 586 1545 613 καὶ
1555 586 1605 622 τὴν
1618 586 1707 622 κόμην
1720 586 1862 622 κείρασαν,
1874 585 1923 612 καὶ

1125 633 1255 669 ἀνδρικὴν
1271 633 1455 670 περιθεμένην
1470 633 1573 668 ἐσθῆτα
1583 653 1589 664 ,
1604 634 1651 660 καὶ
1666 634 1769 669 ταύτην
1783 633 1920 669 ἀνθεινὴν,

1125 680 1168 706 ἴνα
1180 680 1277 716 ἀνδρὸς
1292 679 1439 715 φεύγοντος
1455 681 1502 707 καὶ
1519 680 1713 715 κρυπτομένου
1732 680 1768 716 μὴ
1787 680 1920 717 χωρισθῇ.

1125 726 1224 758 Δοῦλος
1240 727 1269 753 δὲ
1283 724 1352 753 εἶναι
1364 726 1490 758 δοκοῦσα,
1509 726 1617 762 ἀληθῶς
1635 726 1755 752 δουλεύει
1775 726 1813 762 τῷ
1829 726 1903 762 πόθῳ
1914 734 1922 742 ·

1125 773 1173 800 καὶ
1189 772 1282 799 τοῦτον
1293 773 1338 799 τὸν
1356 773 1412 808 βίον
1430 774 1458 800 ὲν
1475 773 1582 804 πολλοῖς
1598 772 1686 799 ἔτεσιν
1701 773 1860 805 διετέλεσεν,
1877 773 1922 800 τό·

1127 828 1177 846 πον
1192 820 1224 845 ὲκ
1239 818 1322 845 τόπου
1334 839 1341 850 ,
1365 819 1412 846 καὶ
1430 818 1548 854 ἐρημίαν
1572 817 1602 851 ἐξ
1624 818 1741 854 ἐρημίας
1759 818 1921 853 ἀμείϐουσα.

1127 865 1265 900 Τοιαύτην
1281 865 1309 891 δὲ
1326 866 1373 892 καὶ
1387 865 1433 892 τοῦ
1449 865 1660 902 καρτερωτάτου
1685 865 1745 891 Ἰὼϐ
1759 865 1922 901 εὑρίσκομεν

1094 912 1112 938 Β
1127 911 1176 947 τὴν
1189 913 1320 945 γυναῖκα.
1334 911 1490 938 Κατέλιπον
1504 912 1558 947 γὰρ
1574 912 1698 938 κάκεῖνον
1711 912 1734 938 οἱ
1752 911 1861 943 πάντες,
1876 911 1924 937 καὶ

1129 959 1153 985 οἱ
1171 958 1285 990 κόλακες
1299 958 1338 994 τῷ
1359 959 1466 995 πλούτῳ
1490 959 1733 994 συναπερρύησαν·
1750 959 1797 985 καὶ
1813 959 1836 984 οἱ
1852 958 1923 992 ςριλοι

1110 1032 1113 1034 ς
1129 1004 1168 1039 τῷ
1188 1004 1275 1040 καιρῷ
1289 1004 1338 1040 τῆς
1355 1004 1508 1040 εὐπραγίας
1529 1005 1578 1040 τὴν
1598 1005 1688 1039 φιλίαν
1704 1004 1869 1040 ἐμέτρησαν.
1893 1004 1923 1031 Εἰ

1129 1050 1158 1077 δέ
1174 1059 1224 1076 που
1242 1050 1290 1076 καὶ
1307 1050 1500 1086 παρεγένοντο,
1516 1051 1615 1082 ὖνειδος
1631 1049 1664 1086 ἦν
1713 1051 1860 1086 παρουσία,
1876 1050 1924 1077 καὶ

1129 1097 1180 1123 οὐκ
1201 1096 1360 1131 ἐπίσκεψις
1377 1097 1497 1132 ἐπιθήκη
1513 1097 1561 1132 τῆς
1578 1098 1731 1133 συμφορᾶς,
1747 1097 1777 1123 οὐ
1796 1106 1926 1133 παραμυ-

1130 1142 1186 1169 θία.
1213 1142 1258 1169 Διὸ
1287 1143 1318 1178 δὴ
1343 1143 1391 1169 καὶ
1416 1143 1440 1169 οἱ
1461 1143 1681 1179 παρακλήτορες¹
1696 1143 1789 1170 κακῶν
1824 1144 1926 1175 πάντες

1130 1188 1197 1223 πρὸς
1217 1188 1322 1215 ἐκείνου
1341 1189 1574 1223 ἀπεσχετλίασανι
1596 1189 1662 1226 μόνη
1679 1190 1707 1217 δὲ
1727 1191 1742 1225 ἡ
1758 1189 1824 1216 ποτὲ
1844 1198 1925 1225 περι-

1131 1234 1218 1270 φανὴς
1246 1235 1292 1260 ἐπὶ
1309 1234 1360 1269 τῆς
1378 1235 1495 1270 κοπρίας
1514 1236 1553 1271 τῷ
1567 1236 1644 1272 ἀνδρὶ
1658 1235 1836 1271 συνεκὰθητο,
1857 1235 1926 1261 ἀπο-

1131 1280 1229 1313 ξέουσα
1247 1281 1293 1307 τὸν
1311 1281 1408 1316 ἰχῶρα,
1427 1281 1547 1313 καὶτοὺς
1568 1281 1714 1314 σκώληκας
1728 1281 1782 1308 τῶν
1797 1281 1923 1317 τραυμά-

1130 1336 1183 1354 των
1199 1327 1356 1359 ἐξέλκουσα.
1369 1327 1462 1359 Οὕτως
1478 1327 1525 1354 τοῦ
1544 1327 1601 1363 βίου
1617 1328 1754 1360 κοινωνὸς,
1772 1328 1802 1354 οὐ
1815 1329 1866 1363 τῆς
1877 1327 1925 1354 εὑ-

1130 1373 1251 1408 πραγίας
1277 1373 1417 1405 σύνοικος·
1436 1373 1587 1410 ἀχώριστος
1605 1374 1697 1408 φίλος,
1715 1375 1745 1401 οὐ
1767 1373 1849 1406 κόλαξ
1869 1374 1924 1400 τῶν

1131 1419 1248 1454 ἡδονῶν·
1264 1421 1355 1455 πάσης
1374 1420 1523 1456 εὐκληρίας
1539 1422 1585 1447 καὶ
1599 1422 1708 1448 πάντων
1725 1421 1859 1456 φιλτάτων
1877 1421 1924 1447 καὶ

1132 1465 1272 1500 συγγενῶν
1298 1467 1378 1501 μόνον
1404 1467 1505 1501 ἀγαυὸν
1533 1467 1668 1502 λείψανον.
1691 1468 1791 1504 Διόπερ
1815 1468 1847 1494 ὲκ
1874 1467 1924 1502 τῆς

1130 1512 1218 1548 ἄκρας
1234 1512 1280 1539 καὶ
1295 1512 1356 1538 καθ’
1371 1513 1525 1549 ὑπερϐολξν
1545 1514 1715 1550 φιλανδρίας,
1731 1515 1779 1541 καὶ
1795 1514 1862 1550 πρὶς
1875 1514 1925 1549 τὴν

1131 1558 1269 1593 ἁμαρτίαν
1286 1557 1335 1592 τῆς
1358 1558 1532 1594 βλασφημίας
1548 1560 1686 1593 ἐξέπεσεν,
1713 1561 1755 1587 ἵνα
1771 1561 1808 1596 μὴ
1830 1560 1926 1595 μακρὰ

1133 1603 1280 1638 κολάζηται
1293 1606 1306 1631 ὁ
1318 1605 1397 1641 ἀνὴρ,
1414 1607 1481 1642 μηδὲ
1494 1607 1579 1643 βλέπῃ
1593 1607 1671 1633 αὐτὸν
1683 1608 1712 1633 ἐν
1723 1608 1782 1638 ταῖς
1797 1606 1925 1642 ἀλήκτοις

1132 1649 1250 1682 ὀδύναις,
1263 1652 1350 1677 εἰπεῖν
1362 1660 1389 1677 τι
1405 1653 1481 1688 ῥῆμα
1494 1652 1654 1688 βλάσφημον
1669 1654 1709 1685 εἰς
1724 1653 1789 1679 Θεὸν
1806 1654 1927 1688 συμϐου-

1132 1696 1259 1729 λεύουσαι,
1273 1699 1319 1724 καὶ
1333 1700 1445 1734 ταχεῖαν
1455 1699 1504 1734 τὴν
1513 1699 1642 1733 τελευτὴν
1655 1700 1790 1726 ὑπελθεῖν.
1804 1700 1857 1735 Τὴν
1869 1700 1926 1734 γὰρ

1135 1742 1202 1769 ἰδίαν
1221 1743 1312 1770 λοιπὸν
1330 1744 1474 1780 συμφορὰν
1496 1744 1545 1780 τὴν
1569 1745 1617 1780 τῆς
1638 1745 1751 1781 χηρείας
1769 1745 1818 1771 οὐκ
1838 1744 1927 1778 ἐλογι-

1134 1787 1209 1820 ζετο’
1226 1789 1255 1815 ἓν
1267 1788 1295 1816 δὲ
1312 1789 1391 1824 μόνον
1405 1790 1551 1826 ἐμερίμνα,
1566 1790 1640 1822 ὅπως
1655 1790 1704 1825 τὴν
1718 1790 1833 1816 ἀϐίωτον
1852 1789 1925 1824 ζωὴν

1131 1835 1146 1861 ὁ
1160 1835 1229 1871 ἀνὴρ
1244 1835 1381 1870 διαφύγοι.
1399 1836 1492 1863 Ταῦτα
1509 1836 1578 1872 μετὰ
1592 1836 1642 1871 τῆς
1657 1837 1720 1867 νέας
1735 1836 1831 1872 πέίρας
1847 1836 1893 1862 καὶ
1908 1837 1925 1870 ἡ

1134 1881 1227 1916 μνήμη
1240 1881 1294 1907 τῶν
1315 1881 1438 1908 παλαιῶν
1454 1881 1578 1908 παιδεύει
1595 1882 1640 1908 τὸν
1659 1881 1712 1908 τῶν
1735 1882 1831 1917 γάμων
1848 1880 1929 1916 069.-

1133 1929 1209 1964 στήν.

1093 1585 1114 1611 ί]

1170 2071 1202 2097 Τί
1230 2071 1252 2098 δ’
1280 2072 1313 2099 ἂν
1336 2073 1408 2099 εἴποι
1437 2073 1506 2108 πρὸς
1531 2073 1618 2100 ταῦτα
1647 2074 1661 2099 ὁ
1687 2073 1735 2108 τῆς
1759 2071 1927 2108 κατηγορίας

1133 2118 1301 2152 ὑπεύθυνοςς
1315 2120 1398 2146 Ποίαν
1410 2119 1438 2146 δὲ
1452 2120 1630 2156 εὐπρόσωπον
1644 2119 1793 2155 ἀπολογίαν
1807 2120 1855 2154 τῆς
1869 2119 1929 2145 ἑαυ-

1132 2164 1179 2191 τοῦ
1202 2165 1328 2197 εὐκολίας
1352 2166 1547 2202 προϐάλλοιτθ;
1564 2166 1676 2198 Φαῦλον,
1698 2165 1797 2201 φησὶν,
1815 2165 1862 2191 καὶ
1883 2165 1930 2200 μί-

1135 2219 1198 2242 σους
1209 2211 1282 2244 ἄξιον
1299 2211 1329 2238 τὺ
1343 2209 1408 2247 ἦθος
1421 2213 1469 2247 τῆς
1483 2212 1628 2247 γυναικὸς,
1645 2212 1692 2238 καὶ
1705 2213 1721 2247 ἡ
1736 2211 1846 2247 γλῶσσα
1861 2219 1929 2246 προς

1098 2262 1119 2289 D
1134 2258 1230 2293 πετὴς,
1243 2258 1289 2285 καὶ
1304 2259 1317 2285 ὁ
1329 2259 1429 2294 τρόπος
1442 2260 1492 2286 οὐκ
1508 2259 1642 2295 οἰκουρὸς,
1657 2259 1704 2286 καὶ
1717 2259 1929 2294 ἀνοικονόμητος

1131 2305 1148 2340 ἡ
1166 2304 1310 2339 διοίκησις.
1340 2306 1447 2331 Ἔστω·
1466 2306 1590 2334 διδύσθω.
1613 2306 1747 2341 Πείθομαι
1768 2306 1852 2338 τέως,
1881 2305 1929 2331 καὶ

1148 2350 1255 2386 ἐχομαι,
1274 2351 1311 2382 ὡς
1330 2353 1354 2377 οἱ
1379 2352 1416 2387 μὴ
1444 2352 1546 2388 σφόδρα
1572 2353 1620 2388 τὴν
1638 2352 1724 2388 ἀκοὴν
1749 2351 1874 2388 ἀκριϐεῖς
1889 2351 1929 2377 δι-

1132 2397 1248 2426 κασταὶ,
1266 2397 1385 2429 εὐκόλως
1409 2397 1437 2424 δὲ
1456 2399 1515 2430 ταῖς
1531 2398 1718 2434 καταδρομαῖς
1741 2397 1795 2424 τῶν
1812 2396 1930 2432 κατηγό-

1137 2451 1190 2478 ρων
1205 2444 1438 2480 παρασυρόμενα.
1454 2445 1489 2471 Σὺ
1507 2444 1534 2470 δὲ
1551 2446 1628 2471 sine”
1647 2445 1703 2480 Τὴν
1725 2443 1812 2480 ἀρχὴν
1827 2443 1929 2478 ἀγόμε-

1133 2498 1178 2521 νος
1210 2490 1260 2516 οὐκ
1276 2491 1424 2525 ἐγίνωσκες
1442 2491 1480 2523 ὡς
1493 2491 1630 2527 ἀνθρώπῳ
1646 2491 1768 2527 συνάπτῃ
1781 2499 1787 2523 ;
1811 2488 1930 2525 Ἀνθρώ-

1135 2544 1186 2561 που
1197 2536 1224 2562 δέ
1238 2545 1279 2568 τις
1289 2537 1419 2568 ἀκούσας,
1432 2538 1482 2565 οὐκ
1497 2538 1577 2569 εὐθὺς
1589 2539 1639 2570 ὀρᾷ
1654 2538 1703 2569 τὴν
1715 2537 1779 2570 γοῦν
1792 2536 1930 2571 ἁμαρτίαν

1136 2583 1336 2610 ἀκολουθοῦσαν
1347 2593 1354 2617 ;
1367 2584 1435 2611 Θεοῦ
1451 2584 1506 2620 γὰρ
1524 2585 1604 2620 μόνου
1618 2585 1648 2611 τὸ
1664 2585 1857 2619 ἀνεπίληπτον.
1875 2583 1930 2609 Λύ-

1136 2629 1182 2661 τὸς
1197 2629 1224 2656 δὲ
1240 2628 1294 2665 ἆρα
1311 2631 1360 2666 οὐχ
1375 2632 1564 2668 ἁμαρτάνεις
1588 2633 1624 2658 Οὐ
1643 2631 1775 2669 παρέχεις
1793 2631 1820 2658 δὲ
1841 2630 1930 2661 λύπας

1135 2781 1336 2818 permutantur.
1355 2777 1443 2818 liiinns
1460 2779 1534 2818 _dicit
1564 2779 1710 2818 interpres,
1728 2786 1817 2805 coram
1844 2786 1875 2805 ea
1888 2778 1932 2805 Ia-

1134 2813 1244 2839 memati
1263 2818 1335 2839 sunt.
1356 2814 1404 2840 Sic
1422 2815 1506 2845 enim,
1522 2822 1554 2840 ac
1568 2814 1628 2848 ejus
1649 2814 1773 2841 deflendo
1787 2813 1931 2840 calamita-

1137 2852 1190 2888 tem
1211 2849 1560 2888 probeicorisolati‘egsscnl,
1574 2851 1651 2888 juxta
1666 2851 1737 2884 quod
1754 2848 1853 2876 Paulus
1871 2849 1909 2876 ait
1923 2857 1932 2877 :

1137 2881 1217 2910 Flere
1228 2891 1286 2909 cum
1295 2884 1415 2918 ﬂentibus
1444 2881 1534 2918 (Ιὲυηι.
1551 2881 1599 2916 xtl,
1614 2884 1672 2920 15).
