2076 3155
181 151 237 181 εδδ

739 149 877 179 HOMILIA
898 150 931 180 γ.
947 151 983 180 ΙΝ
1007 151 1136 181 ΜᾹΤΤΗ.
1159 151 1231 185 XIX,
1251 152 1278 179 5.

1757 158 1811 186 254

180 212 215 240 εκ
228 210 275 239 τοῦ
286 209 387 247 τρόπου
399 210 430 245 τῇ
443 209 569 244 γυναικίς
591 209 690 242 Ἀοῶος
704 210 732 237 δὲ
743 208 768 237 εἷ
780 211 870 246 πάσης
885 211 974 248 πλημ-

1031 213 1143 249 mgitat?
1165 213 1270 248 Quippe
1291 211 1338 240 Dei
1363 211 1446 240 solius
1464 216 1515 246 est,
1539 218 1568 241 ut
1592 214 1656 242 nulli
1680 215 1764 252 culptn
1780 225 1812 246 ac

185 259 309 296 μελείας,
326 258 373 284 καὶ
388 259 422 293 τῇ
448 257 603 292 συνοικήσει
627 257 671 283 τὸν
688 257 788 293 θεσμὸν
804 260 897 293 τηρεῖς
915 259 973 286 est-

181 305 317 341 άφθορονς
336 302 372 330 Ὢ
392 303 477 334 πόσας
493 311 540 329 σου
557 303 640 339 τυχὸν
658 303 800 339 παροινίας
820 304 935 340 ἤνεγκεν
956 306 973 341 ἡ

183 351 269 388 γυνήί
286 350 381 377 Πόσων
395 349 424 376 δὲ
440 349 592 384 προχείρων
611 348 717 384 ὓῦρεων
742 349 789 376 καὶ
808 349 895 385 λόγων
910 350 974 377 ἀσέ-

184 405 258 433 μνων
278 394 423 431 ὴνέσχετοί
443 394 512 421 Ὅσα
534 393 563 420 δέ
583 402 630 421 σου
655 394 833 430 ἐλαττώματα
853 397 973 430 σιγᾶται,

183 442 277 478 ἐπειδὴ
288 441 339 468 οὐκ
352 440 545 476 ἐδημοσίωσεν
560 440 578 476 ή
591 440 677 475 γυνήί
703 441 846 476 Ἠνὲσχετό
862 450 909 468 σου
927 441 975 468 καὶ

185 488 276 523 μάτην
294 486 482 523 ὀργιζομένου,
502 485 549 512 καὶ
566 485 605 521 τῷ
625 484 704 521 θυμῷ
716 486 908 522 ὑπερζέοντος·
927 487 975 514 καὶ

184 536 202 570 ἡ
220 534 349 569 ἐλευθέρα
370 533 417 560 καὶ
435 531 565 568 ὁμότιμος
584 531 738 567 ἐσιώπησεν
755 532 793 564 ὡς
810 532 892 568 δούλη
920 532 976 560 τῶν

187 581 219 607 εκ
240 578 423 615 πωλητηρὶου.
448 577 504 605 Καὶ
530 577 565 605 τὰ
593 578 730 612 ἀναγκαῖα
757 578 794 614 μὴ
811 578 976 615 χορηγοῦντι

186 625 254 662 πρὸς
270 626 318 660 τὴν
332 623 379 650 τοῦ
395 623 454 659 βίου
470 624 635 659 μεταγωγὴν
652 623 696 651 διὰ
717 624 830 656 πενίαν,
843 624 859 660 ἢ
878 624 974 659 φειδω-

186 672 262 703 λίαν,
289 671 339 697 οὐκ
368 669 506 697 ὠνείδισεν
532 670 705 706 λυπουμένη·
726 669 757 697 οὐ
783 670 836 706 μὴν
864 669 925 697 οὐδὲ
944 671 976 697 ὲκ

185 717 337 753 συμποσίου
359 715 471 743 ἐλθόντα
487 715 552 742 ποτὲ
570 715 617 743 καὶ
635 715 782 751 οἰνωμένον
796 715 842 743 καὶ
857 715 977 752 ἔκφρονα

183 762 337 799 ἀπέρριψε,
360 761 410 798 τῆς
435 761 522 797 μέθης
552 761 709 798 μισήσασιν
738 761 807 789 ἀλλὰ
828 761 977 794 ὑπεδέξατο

184 809 254 844 μετὰ
273 807 439 844 συγγνώμης
458 807 647 844 ἀνθρωπικῆς,
659 808 708 834 καὶ
724 807 930 845 ὲχειραγώγησέ
946 816 976 835 σε

183 857 229 884 τὸν
244 855 411 887 κολάζοντα,
429 855 476 881 καὶ
492 854 540 890 τὴν
561 854 683 889 κεφαλὴν
702 854 902 890 ἐθεράπευσεν,
920 855 977 887 τοῖς

1027 260 1229 294 reprehensioni
1255 259 1389 287 obnoxius
1408 259 1453 286 sit.
1471 259 1512 287 Tu
1530 260 1586 294 ipse
1609 267 1642 288 uc
1664 262 1812 298 quidquam

1024 306 1140 341 peccas?
1168 306 1225 333 Non
1255 306 1376 336 moribus
1398 315 1430 336 ac
1452 308 1560 342 ingenio
1590 312 1635 334 tuo
1660 308 1811 337 molestiam

1026 353 1103 380 uxori
1128 352 1250 387 praebes?
1276 353 1316 380 Au
1337 354 1428 381 omnis
1447 353 1557 381 omnino
1576 361 1658 388 purus
1673 359 1700 382 et
1713 361 1812 390 expers

1025 397 1121 432 culpas,
1140 399 1304 425 matrimonii
1317 398 1403 434 legem
1416 399 1608 427 inviolabiliter
1622 400 1735 428 servas?
1746 401 1815 434 Quo-

1026 446 1079 472 ties
1094 445 1152 480 ipsa
1171 444 1240 472 forte
1259 453 1273 472 a
1292 447 1438 474 temulento
1455 446 1618 475 contumeiia
1639 447 1735 475 all‘ecta
1753 447 1813 476 est‘.

1026 487 1113 521 Quam
1138 487 1238 516 multas
1264 496 1296 516 ac
1320 497 1432 525 magnas
1454 491 1583 525 injurias;
1608 499 1688 526 quam
1706 488 1813 528 indigna

1027 533 1108 560 verba
1125 534 1269 562 susﬁnuit!
1287 535 1357 568 Quot
1370 540 1395 563 et
1408 541 1508 571 qttanta
1523 542 1566 564 tua
1581 539 1644 565 vitia
1659 539 1685 565 in
1699 539 1816 567 obscuro

1027 581 1100 610 sunt,
1127 578 1256 613 quoniam
1279 587 1349 608 uxor
1370 589 1422 608 non
1443 582 1470 608 in
1491 582 1585 618 vulgus
1609 585 1721 618 sparsit!
1740 583 1816 613 Tole-

1028 623 1099 649 ravit
1121 623 1165 650 illa
1189 628 1290 652 temere
1311 629 1338 652 et
1361 626 1420 653 sine
1443 627 1524 654 causa
1550 627 1712 656 irascentem
1735 635 1816 664 atque

1028 670 1259 705 debacchautem;
1283 677 1311 700 et
1337 675 1462 709 quamvis
1491 673 1574 702 libera
1602 683 1634 703 ac
1660 676 1816 710 dignatione

1028 724 1089 752 par,
1105 718 1236 745 conticuit
1251 718 1320 746 sicut
1335 719 1432 747 ancilla
1449 719 1482 747 de
1496 720 1554 748 foro
1568 726 1668 756 empta.
1687 721 1816 750 Necessa-

1027 762 1066 789 ria
1084 763 1117 790 ad
1135 762 1216 790 vitam
1229 768 1257 791 et
1272 764 1371 792 victum
1388 765 1430 793 vel
1446 765 1546 800 inopia,
1562 767 1604 794 vel
1627 769 1739 796 avaritia
1762 778 1815 796 non

1028 808 1221 842 suppeditauti,
1247 816 1402 844 quanquam
1425 819 1495 846 egra
1518 813 1628 848 animo,
1655 823 1707 843 non
1731 817 1816 843 male-

1028 852 1114 887 dixit;
1142 859 1192 880 nec
1218 854 1375 882 redeuntem
1392 858 1566 899 asymposio,
1591 858 1653 887 vino
1673 867 1815 888 oneratum

183 900 280 936 ἀτμοῖς
294 898 522 936 περιδονουμένην
541 899 589 926 τοῦ
608 899 697 925 οἴνου·
714 898 856 935 ὡδήγησεν
876 900 905 927 δὲ
929 900 976 927 ἐπὶ

1031 906 1060 926 ac
1082 899 1275 934 insanientem,
1305 900 1446 929 ebrietatis
1468 903 1531 931 odio
1552 898 1610 932 non
1636 907 1745 934 admisit
1769 912 1816 934 aut

182 947 233 983 τὴν
248 946 342 982 κοίτην
355 945 405 981 τὴν
421 945 556 981 γαμικὴν,
576 945 645 981 μόνη
661 945 853 982 συμπαθοῦσα,
871 946 924 973 τῶν
940 946 975 973 ol-

184 993 271 1021 κετῶν
283 991 424 1027 γελώντων
440 992 487 1018 καὶ
500 986 734 1027 ἕπιχλευαζόντων
752 991 801 1028 τὴν
814 992 846 1018 ὲκ
861 992 911 1028 τῆς
925 993 975 1028 μέ-

184 1038 234 1075 θης
255 1038 428 1074 παραφορὰν.
448 1037 485 1064 Σὺ
501 1036 529 1064 δὲ
553 1037 587 1064 τὰ
601 1037 710 1072 ἄμφοδα
729 1038 910 1073 περινοστεῖς,
929 1037 976 1065 ἐπὶ

183 1085 300 1120 ψυχραῖς
316 1084 416 1115 αἰτίαις
432 1082 613 1118 ὲκτραγῳδῶν
627 1083 676 1119 τὴν
685 1084 814 1118 γυναῖκα,
829 1083 873 1111 ῐνα
885 1083 976 1119 σαυτῷ

183 1132 234 1168 τὴν
245 1130 409 1165 συγγνώμην
423 1128 635 1165 παρασκευάσῃς
645 1128 695 1164 τῆς
711 1129 858 1165 προχείρου
875 1129 977 1165 διαιρέ-

185 1186 265 1209 σεως.
289 1175 401 1212 Σκληρὰ
421 1175 476 1202 τῶν
500 1173 628 1200 τοιούτων
643 1174 748 1210 ἀνδρῶν
763 1176 779 1210 ή
800 1174 914 1211 γνώμη,
930 1175 978 1208 θη-

185 1223 286 1260 ριώδης
299 1223 347 1249 καὶ
365 1221 534 1257 ἀμείλικτος,
551 1220 583 1246 ἐκ
599 1220 680 1256 δρυὸς
698 1220 714 1257 ἢ
733 1221 845 1257 πέτρας,
864 1221 935 1248 κατὰ
946 1222 978 1250 τὺ

184 1269 346 1306 λεγόμενον,
367 1269 417 1305 τὴν
431 1269 559 1305 γέννησιν
579 1268 688 1304 ἔχουσα.
706 1267 819 1294 Πάντων
840 1267 894 1303 γὰρ
909 1268 978 1303 ὁμοῦ
997 1294 1000 1299 ,

185 1316 235 1352 τὴν
250 1316 361 1352 μνήμην
372 1315 574 1350 ἐξαλείψαντες,
589 1314 703 1345 ἀπαθῶς
716 1313 915 1349 διατέμνονται.
930 1315 978 1346 Τίς
998 1315 1000 1317 ’

185 1362 214 1389 δὲ
229 1361 309 1398 μέλος
325 1361 442 1397 νοσῆσαν
458 1362 518 1388 ἀντὶ
536 1360 584 1388 τοῦ
597 1360 761 1396 θεραπεύειν
779 1361 919 1392 ἐκκόπτει,
931 1362 978 1388 καὶ

184 1408 271 1435 ταῦτα
297 1408 347 1435 οὐκ
371 1407 541 1434 ἐπικινδύνου
567 1407 670 1438 πάθους
689 1405 886 1441 ἐνσκήψαντος,
911 1406 979 1433 ἀλλὰ

186 1454 288 1491 πολλὴν
303 1454 410 1490 ἔχοντος
427 1454 475 1480 καὶ
492 1453 587 1489 ῥᾳδίαν
608 1453 659 1488 τῆς
675 1453 774 1483 ἰάσεως
789 1451 838 1488 τὴν
864 1451 978 1484 ὲλπίδα;

193 1501 352 1536 Ἑπεγένετο
367 1500 518 1535 φλύκταινα
535 1500 567 1535 τῇ
581 1499 663 1535 χειρὶ,
679 1498 818 1534 ἐπιμελῶς
836 1497 922 1533 αὐτὴν
934 1497 978 1524 θε-

189 1547 383 1584 ραπεύσωμεν·
406 1544 545 1581 φλεγμονὴ
563 1544 608 1571 τὸν
629 1543 697 1570 πόδα
711 1542 898 1578 διενόχλησεν,
913 1550 980 1578 φαρ-

189 1577 269 1630 μάκῳ
292 1577 343 1628 τήν
357 1577 490 1627 ὲξοίδησιν
506 1577 833 1625 καταστείλωμενίΕίηδὲγ
844 1588 978 1624 παρέντες
992 1577 1014 1606 c

188 1639 237 1674 τὴν
252 1637 306 1664 τῶν
322 1637 422 1673 ἰατρῶν
439 1635 584 1670 ἐπίσκεψιν
594 1656 602 1668 ,
620 1636 685 1671 περὶ
696 1636 746 1670 τὴν
760 1634 847 1670 τομὴν
868 1634 915 1660 καὶ
931 1634 978 1661 τὸν

190 1685 298 1720 σίδηρον
308 1682 536 1719 ἁσχοληθείημεν,
550 1681 611 1708 καθ’
622 1681 736 1708 ἕκαστον
746 1680 800 1708 τῶν
809 1680 977 1712 λυπούντων,

188 1728 248 1755 οὐδὲ
262 1728 359 1765 μικρὸν
371 1727 421 1762 τῆς
436 1726 508 1762 ζωῆς
521 1726 704 1762 διαγενόμενοι
719 1726 824 1761 χρόνον,
841 1726 909 1752 πᾶσι
921 1727 978 1757 τοῖς

191 1775 298 1810 μέλεσιν
315 1774 428 1805 ἑαυτοὺς
443 1772 699 1808 ἁκροτηριάσωμεν.
727 1771 798 1798 Ἀλλ’
812 1772 861 1807 οὐχ
880 1771 978 1804 οὕτως,

189 1818 333 1855 ὦᾶνδρες·
357 1818 428 1845 ἔστω
448 1826 490 1849 τις
513 1818 606 1853 μνήμη
628 1817 676 1843 καὶ
704 1815 757 1842 τῶν
785 1815 894 1842 κώλων·
921 1816 981 1842 δυσ-

190 1866 350 1894 ωπείτωσαν
365 1865 436 1900 ὑμᾶς
458 1864 486 1890 αἱ
502 1864 646 1899 θεραπεῖαι
665 1862 719 1890 τῶν
735 1862 883 1897 γυναικῶν.
898 1862 981 1889 Ὅσον

189 1912 213 1939 δ’
226 1911 260 1939 ἂν
275 1910 472 1947 παροξυνθῖῃε,
497 1909 556 1941 ἐνὸς
572 1909 652 1936 τόκου
666 1909 714 1944 τὴν
729 1907 811 1935 ὠδῖνα
826 1907 981 1938 ἀντιθέντες

190 1959 250 1989 ταῖς
266 1958 411 1993 μέμψεσιν,
425 1956 558 1992 εὑρήσετε
571 1955 725 1991 νικωμένην
739 1955 787 1990 τὴν
797 1954 852 1981 τῶν
866 1953 980 1980 λυπούν-

191 2013 245 2032 των
262 2004 432 2040 περίστασιν.

1028 944 1139 979 rejeeit;
1165 946 1212 973 sed
1234 946 1311 974 venia
1329 954 1361 975 ac
1383 947 1504 980 lenitate.
1530 957 1590 985 qua:
1613 952 1747 980 hominem
1768 955 1815 982 de-

1027 995 1097 1025 ceat,
1117 995 1143 1018 te
1163 993 1293 1027 suscepit,
1315 998 1343 1021 et
1365 995 1559 1029 reprimentem
1579 1005 1611 1025 ac
1627 1000 1815 1028 vcrberanletu

1027 1036 1172 1070 demulsit;
1196 1043 1330 1073 caputque
1350 1046 1451 1072 aegrum
1467 1049 1499 1068 ac
1518 1043 1583 1069 meri
1600 1045 1743 1078 vaporibus
1759 1047 1816 1081 agi-

1029 1087 1124 1116 tatum,
1142 1084 1235 1111 sedulo
1246 1085 1352 1112 curavit
1364 1106 1372 1119 ,
1386 1093 1419 1113 ac
1434 1087 1541 1114 demum
1566 1088 1594 1115 in
1618 1093 1704 1117 torum
1723 1091 1816 1125 conju-

1028 1128 1113 1163 galem
1132 1129 1229 1156 duxit:
1246 1130 1302 1157 sola
1323 1131 1451 1159 nimirum
1476 1133 1515 1160 tui
1540 1134 1663 1168 miserta,
1687 1143 1748 1164 cum
1777 1137 1817 1164 fa-

1029 1174 1094 1201 muli
1108 1175 1143 1202 oh
1154 1183 1277 1203 errorem
1295 1177 1395 1205 mentis
1411 1185 1443 1205 ac
1459 1178 1646 1218 agitationem,
1664 1181 1759 1210 lterum
1775 1183 1818 1210 do-

1029 1220 1150 1248 riderent
1173 1226 1255 1256 atque
1274 1223 1485 1252 subsannarent.
1502 1225 1536 1252 At
1550 1231 1577 1253 tu
1591 1228 1691 1261 passim
1706 1229 1732 1256 in
1743 1237 1818 1257 com-

1029 1263 1093 1298 pilis
1105 1268 1132 1291 et
1148 1264 1245 1299 plateis
1257 1265 1400 1299 oberrans,
1424 1267 1531 1303 frigidis
1547 1269 1580 1297 de
1596 1273 1684 1300 causis
1702 1280 1815 1302 uxorem

1030 1310 1133 1344 tragice
1147 1311 1318 1345 turpiterque
1337 1311 1469 1346 traducis,
1484 1319 1514 1341 ιιι
1530 1316 1564 1342 ad
1578 1315 1726 1345 faciliorem
1742 1319 1816 1354 cogi-

1030 1355 1078 1382 tati
1093 1356 1197 1391 repudii
1218 1357 1324 1384 veniam
1348 1365 1380 1385 ac
1400 1360 1617 1394 excusationem,
1633 1363 1703 1390 viam
1719 1364 1766 1391 tibi
1784 1371 1818 1392 ac

1030 1401 1132 1428 aditum
1149 1401 1266 1429 munias.
1290 1401 1365 1435 Duri,
1381 1403 1498 1433 immites
1517 1412 1549 1432 ac
1572 1406 1681 1434 belluini
1695 1408 1720 1434 id
1734 1415 1818 1444 genus

1030 1446 1166 1478 homines,
1189 1454 1308 1483 vereque
1327 1449 1422 1483 geniti,
1437 1451 1664 1484 quemadmodum
1689 1453 1790 1486 ferunt,
1803 1461 1819 1481 e

1033 1492 1130 1520 robore
1144 1493 1186 1520 vel
1202 1500 1268 1522 saxo
1280 1494 1348 1530 (55).
1364 1495 1469 1531 Quippe
1484 1497 1529 1532 qui
1545 1498 1672 1527 omnibus
1689 1499 1818 1528 oblivioni

1033 1539 1153 1572 traditis,
1167 1546 1245 1574 aequo
1263 1541 1355 1568 animo
1372 1538 1612 1581 nulloquedoloris
1629 1551 1711 1572 sensu
1729 1553 1820 1580 segre-

1031 1589 1139 1620 gentur.
1160 1585 1227 1619 Quis
1242 1591 1332 1614 autem
1355 1594 1456 1621 aegrum
1481 1588 1532 1616 sibi
1553 1590 1716 1624 membrum,
1738 1599 1820 1619 cura-

1032 1632 1114 1659 tionis
1138 1632 1197 1660 vice
1219 1633 1378 1668 abscindat;
1404 1642 1465 1661 cum
1479 1639 1506 1662 et
1524 1635 1626 1663 nullunt
1642 1635 1700 1664 fere
1718 1639 1822 1672 pericu-

1032 1677 1100 1710 lum,
1117 1683 1144 1705 et
1161 1679 1271 1706 medelae
1285 1687 1381 1715 magna
1401 1687 1463 1713 spes
1479 1688 1509 1709 ac
1526 1689 1594 1715 pene
1616 1683 1756 1717 explorata
1773 1691 1823 1712 ex-

1032 1724 1131 1752 siSIat?
1147 1725 1247 1753 Esorta
1264 1730 1305 1753 est
1321 1726 1348 1753 in
1363 1734 1445 1754 manu
1462 1727 1580 1762 pustula,
1598 1735 1658 1756 eam
1675 1729 1823 1764 diligenter

1033 1777 1177 1800 curemus:
1194 1770 1372 1799 inﬂammatio
1388 1773 1448 1807 pedi
1468 1773 1564 1801 infesta
1579 1774 1726 1809 incrnduit,
1739 1777 1823 1810 phar-

1034 1822 1112 1842 maco
1139 1820 1273 1844 tumorem
1297 1810 1484 1846 cohibeamus.
1509 1818 1586 1852 Quod
1601 1820 1623 1847 si
1639 1823 1822 1854 praetermissa

1033 1860 1200 1887 medicorum
1230 1861 1397 1895 inspectione
1422 1867 1449 1890 et
1472 1870 1557 1897 cura,
1584 1865 1690 1899 quoties
1721 1865 1822 1902 aliquid

1034 1904 1161 1937 doluerit,
1182 1906 1216 1932 ad
1231 1906 1334 1933 ferrum
1350 1915 1381 1934 ae
1395 1908 1543 1936 sectionem
1565 1910 1704 1944 iverimus,
1723 1913 1822 1947 exiguo

1033 1958 1099 1979 sane
1112 1957 1233 1986 tempore
1249 1953 1379 1981 membris
1392 1961 1441 1981 nos
1452 1954 1579 1983 omnibus
1594 1957 1821 1985 mutilaverimus.

1037 1997 1134 2025 Verum
1155 2005 1208 2025 non
1225 1998 1274 2031 ita,
1295 2006 1312 2026 ο
1326 1999 1395 2033 viri;
1414 2006 1575 2028 concessum
1590 2001 1690 2037 aliquid
1706 2008 1764 2031 esto
1780 2004 1822 2032 vel

193 2051 332 2080 memoria
357 2049 551 2077 membrorum.
569 2048 693 2076 Flectant
720 2055 768 2074 vos
792 2054 823 2074 ac
855 2046 978 2080 inliciunt
998 2046 1128 2080 pudorem
1154 2045 1284 2080 obsequia
1311 2053 1343 2073 ac
1371 2047 1521 2074 ministeria
1551 2056 1677 2076 uxorum.
1702 2049 1823 2082 Quanta-

193 2101 233 2127 vis
245 2099 284 2126 ira
300 2097 520 2128 succensueritis,
535 2101 629 2130 partus
647 2095 727 2122 unius
748 2094 856 2121 dolores
874 2101 935 2121 cum
953 2092 986 2120 iis
1005 2092 1168 2124 contendite,
1184 2100 1244 2128 quae
1257 2092 1466 2128 reprehenditis,
1496 2093 1642 2130 multisque
1665 2095 1721 2123 haec
1745 2096 1825 2130 parti-

193 2145 244 2173 bus
260 2143 329 2170 vinci
344 2141 528 2177 comperietis.

235 2188 408 2225 Ἀναφερέτω
422 2189 436 2215 ό
449 2186 631 2222 ἀναλογισμδς
647 2187 687 2218 εἰς
703 2186 787 2222 μέσον
808 2186 855 2212 καὶ
876 2185 925 2221 τῆς
940 2185 980 2211 εὖ-

1071 2184 1297 2217 Considerentur,
1321 2183 1402 2218 inque
1420 2183 1537 2211 medium
1556 2185 1730 2219 proferantur
1742 2187 1826 2214 henc—

193 2237 268 2268 νοίας
285 2236 319 2262 τὰ
333 2234 438 2269 ἀγαθά·
456 2234 541 2261 νόσων
559 2232 718 2268 θεραπείας,
732 2230 879 2267 συμφορῶν
892 2239 984 2257 κοινω-

194 2284 264 2315 νίαν,
278 2282 384 2318 δάκρυα
399 2280 433 2307 τὰ
448 2280 518 2316 ὑπὲρ
539 2279 634 2315 ἀνδρὸς
651 2277 839 2314 προσαχθέντα
854 2277 938 2303 τισίψ
954 2276 984 2302 τὸ

195 2329 354 2356 καταλιπεῖν
367 2327 430 2358 τοὺς
449 2325 677 2361 γεννησαμένους,
692 2325 738 2350 καὶ
752 2323 845 2349 ἑστίαν
860 2322 982 2357 γονιχὴν.

196 2376 244 2402 καὶ
261 2373 445 2408 ἀκολουθῆσαι
463 2372 501 2406 τῷ
521 2371 606 2407 ξένῳ’
629 2370 660 2397 τὸ
684 2369 809 2404 πωλῆσαι
827 2377 853 2395 τι
872 2367 926 2394 τῶν
946 2368 985 2394 ol-

197 2420 295 2452 κείων,
315 2420 359 2446 ἵνα
376 2418 455 2455 ὖῦριν
472 2418 520 2444 καὶ
539 2417 650 2452 ὄχλησιν
669 2415 715 2442 τοῦ
733 2415 828 2451 ἀνδρὸς
848 2414 985 2449 ὲξωνήση-

194 2475 253 2494 ται.
270 2465 362 2493 Ταῦτα
375 2465 464 2493 πάντα
473 2462 681 2497 παιδαγωγείτω
696 2461 764 2498 πρὸς
784 2461 834 2496 τὴν
855 2459 984 2491 διάθεσιν,

196 2511 245 2538 καὶ
258 2510 373 2545 γινέσθω
385 2510 533 2544 σύνδεσμος
547 2509 596 2543 τῆς
612 2507 740 2544 στοργῆς,
755 2505 811 2534 οἷον
824 2507 914 2533 οίκίαν
926 2505 989 2532 τινὰ

199 2556 375 2593 σαθροτέραν,
383 2556 433 2591 τὴν
443 2554 580 2582 εὐόλισθον
590 2553 678 2589 ψυχὴν
685 2553 854 2588 διεγείροντα
868 2552 915 2578 καὶ
927 2560 989 2578 συν-

199 2604 305 2639 έχοντα.
326 2602 420 2633 Ἔλεος
442 2601 470 2628 δὲ
486 2599 631 2639 κριατείτω,
648 2599 695 2625 καὶ
718 2598 862 2634 συνήθεια,
877 2598 924 2624 καὶ
941 2606 991 2632 μα-

199 2633 266 2682 κροῦ
289 2647 386 2683 χρόνου
408 2633 559 2682 συμβίωσις
582 2644 619 2680 μὴ
640 2633 784 2676 πατείτω,
798 2644 860 2679 ἥτις
883 2644 931 2670 καὶ
955 2643 989 2670 τὰ

236 2705 292 2739 (33)
311 2703 332 2730 Ε
358 2703 449 2730 robore
474 2707 526 2742 aut.
547 2700 858 2742 quercu._llome_ri.eutn
879 2707 987 2742 versum

200 2735 397 2766 indicatlliad.
418 2746 438 2768 ι,
453 2737 498 2771 qui
522 2737 547 2764 itt
568 2735 833 2771 proverbiumabiit.
850 2736 987 2771 luit-grum

199 2774 438 2836 proferlfsletuens
454 2768 652 2800 Alexandrinus
665 2771 691 2797 iu
706 2769 843 2796 Admonit.
869 2771 903 2796 ad
916 2768 991 2796 Cen-

200 2815 249 2836 ιρι.
264 2818 290 2836 o.
351 2817 357 2835 :

200 2815 249 2839 ιρι.
264 2818 290 2843 p.
309 2815 357 2836 ns:

200 2855 238 2882 Οὐ
255 2854 310 2889 γὰρ
324 2854 378 2881 ἀπὸ
388 2854 465 2890 δρυός
477 2854 536 2881 ἐσσι
551 2851 730 2890 παλαιφάτου,
743 2851 796 2878 οὐδ’
813 2850 866 2877 ἀπὸ
879 2849 992 2885 πέτρης.

238 2890 346 2917 Annam
357 2889 561 2923 haudquaquam
573 2889 674 2922 genitus
685 2894 813 2922 qnercnre
824 2889 939 2920 petram.

343 2935 478 2967 Punct.
495 2935 553 2965 Gn.
570 2935 636 2965 XL.

1037 2230 1161 2257 volentia:
1185 2229 1266 2261 dona,
1291 2229 1446 2256 morborum
1466 2229 1635 2262 curationes,
1660 2237 1772 2258 casuum
1794 2239 1826 2259 ac

1037 2277 1221 2304 calamitatum
1245 2275 1376 2308 societas,
1401 2275 1528 2311 lacrymte
1552 2277 1641 2303 mariti
1661 2284 1742 2304 causa
1758 2286 1827 2304 non-

1038 2322 1120 2350 nullis
1148 2321 1254 2349 oblattc.
1282 2321 1376 2348 Veniat
1399 2321 1426 2348 in
1449 2326 1577 2354 mentem,
1606 2322 1676 2356 quod
1701 2329 1827 2356 parentes

1038 2375 1114 2400 suos,
1143 2367 1212 2401 quod
1235 2366 1345 2393 domum
1368 2374 1418 2401 qua
1445 2366 1533 2393 fuerat
1557 2367 1640 2399 edita,
1666 2373 1824 2395 extraneum

1038 2419 1176 2446 secutura,
1195 2413 1353 2447 reliquerit:
1370 2413 1440 2447 quod
1458 2413 1526 2439 forte
1540 2413 1641 2448 aliquid
1662 2421 1750 2440 rerum
1767 2422 1827 2440 sua-

1039 2467 1112 2492 rum,
1135 2463 1164 2486 ut
1178 2458 1227 2486 viri
1244 2457 1369 2490 iujuriam
1388 2457 1593 2492 molestiamque
1611 2459 1767 2493 redimeret,
1779 2460 1826 2487 ab-

1038 2505 1209 2533 alienaverit.
1233 2503 1298 2531 Htec
1315 2503 1405 2530 omnia
1429 2502 1556 2530 affectum
1576 2504 1732 2537 concilient,
1751 2513 1827 2532 amo~

1040 2552 1132 2586 risque
1159 2549 1294 2577 vinculum
1321 2553 1441 2582 nectant;
1471 2556 1504 2576 ac
1535 2549 1668 2577 lubricum
1693 2551 1826 2583 animum,

1040 2598 1114 2625 velut
1130 2596 1278 2623 marcidam
1294 2595 1417 2627 domum,
1436 2596 1595 2622 contineant
1612 2599 1694 2631 atque
1712 2597 1827 2632 erigant.

1042 2643 1139 2670 Vincat
1154 2641 1355 2673 misericordia,
1374 2648 1424 2668 nec
1440 2642 1608 2669 consuetudo
1622 2650 1654 2670 ac
1671 2643 1743 2678 longi
1765 2647 1830 2670 tem-

1039 2699 1225 2727 Tlteodoretus
1256 2697 1274 2724 l.
1299 2705 1337 2724 xu
1362 2697 1400 2724 De
1421 2697 1555 2724 curatione
1579 2697 1731 2724 Grmcarum
1756 2699 1826 2732 n/l‘e-

1038 2736 1155 2761 clionum
1166 2742 1175 2760 ε
1189 2734 1260 2760 Ἴστε
1271 2732 1320 2759 καὶ
1330 2732 1408 2767 ὑμεῖς
1417 2740 1424 2748 '
1438 2733 1469 2759 οὑ
1484 2732 1538 2767 γὰρ
1547 2734 1580 2759 ἐκ
1591 2733 1680 2768 δρυὸς,
1696 2734 1767 2760 κατὰ
1783 2735 1830 2760 τὸν

1040 2769 1181 2805 ποιητικὸν
1196 2769 1285 2803 λόγον,
1302 2768 1318 2803 ἢ
1336 2768 1389 2794 ἀπὸ
1404 2767 1507 2804 πέτρης
1519 2777 1525 2782 ·
1538 2767 1595 2805 lusi
1608 2767 1661 2794 nun
1678 2769 1805 2803 ignoratis
1819 2778 1828 2795 :

1041 2802 1122 2839 neque
1135 2805 1203 2831 enim
1220 2802 1237 2830 ε
1249 2811 1357 2838 quercu,
1375 2808 1402 2830 tu
1417 2802 1499 2838 poetic
1516 2802 1597 2829 verbis
1613 2802 1740 2837 "(metu
1763 2812 1829 2830 sura

1032 2840 1120 2875 geniti
1134 2839 1279 2874 prodiislis.

1692 2930 1712 2958 8
