2076 3155
276 139 330 168 εδδ

919 142 948 169 S.
969 142 1104 171 ΑδτΕιιιι
1128 145 1278 174 ΑΞΙΛΞΕΝΙ

1861 152 1917 181 S36

279 200 353 235 poris
376 198 515 226 comictus
539 199 748 233 conculcentur,
775 200 873 235 quibus
899 200 987 228 brutis
1005 201 1066 236 ipsis

1123 204 1207 239 ἄλογα
1232 207 1304 232 ποιεῖ
1325 207 1379 232 τῶν
1402 205 1480 238 ζώων
1503 207 1662 243 ἁχωρίστως
1686 208 1758 243 ἔχειν
1781 208 1914 246 ἀλλήλων.

278 247 461 275 animantibus
485 254 556 282 εει-ο
577 247 698 281 separari
718 247 835 274 accedit.
855 245 913 274 Vidi
930 253 1005 275 certe
1020 248 1067 276 bo-

278 301 350 328 vem,
372 294 442 329 quod
467 295 620 321 aberrasset
645 295 679 321 ab
703 298 838 326 armento,
863 293 992 328 solusque
1016 294 1069 322 sibi

278 341 389 369 relictus
414 346 497 373 esset,
529 341 718 369 miserabiliter
736 341 920 376 mugientem;
938 341 1068 376 pecudetn

279 389 342 416 item
350 387 377 416 in
388 387 457 416 saltu
466 387 612 420 balantem,
620 393 776 424 montesque
783 393 997 424 percurrentem,
1006 388 1069 416 dum

278 434 312 462 Id
323 441 432 470 gregem
445 433 579 467 rediisset,
595 441 608 462 a
624 442 678 469 quo
700 434 770 463 inter
791 434 954 470 pascendum
978 441 1070 462 reces-

276 482 361 507 Ierat.
387 480 440 507 Sed
456 485 482 508 et
500 488 583 516 capra
608 480 678 508 idem
701 489 792 516 passa,
809 487 967 516 quanquam
980 480 1007 508 in
1023 488 1069 507 va-

277 528 335 554 rios
360 526 456 554 incidit
476 534 583 562 greges,
604 528 800 562 prmtcrcurrit,
815 533 864 554 nec
878 530 941 554 ante
958 533 1068 554 cursum

277 572 358 605 sistit,
381 580 463 607 quam
488 572 530 600 ubi
555 580 646 606 suum,
661 573 704 600 cui
720 573 936 604 assuevisset,et
959 579 1067 607 gregem

277 624 304 646 et
319 620 474 654 caprarium
493 619 606 655 reperit.

312 664 352 692 Ne
368 672 416 693 nos
431 672 505 700 ergo,
519 665 564 700 qui
577 665 681 693 ratione
695 664 800 700 praediti
823 672 929 699 sumus,
945 664 1069 692 duriores

277 711 440 740 exsistamus
451 712 538 739 brutis
550 719 557 744 ;
569 719 657 747 neque
668 712 782 739 minoris
797 719 908 739 uxorem
926 710 1068 743 faciamus.

277 765 360 793 quam
379 758 428 785 via:
443 757 569 784 comitem
587 756 716 792 aliquem,
733 757 852 785 aliumve
869 764 901 784 ex
920 764 1001 784 causa
1018 756 1068 784 levi

276 808 305 831 et
326 803 414 831 subita
445 803 541 831 leviter
567 802 647 830 nobis
664 807 768 830 notum.
789 803 871 830 Vides
892 803 1067 838 quemadmo-

277 849 339 876 dum
355 849 371 876 ii
388 855 456 884 quos
468 849 512 876 via
526 849 631 883 publica
648 847 750 882 junxit,
766 849 891 883 idemque
916 852 1016 876 tectum
1037 855 1068 875 ac

277 894 466 925 diversorium,
487 898 534 921 aut
556 894 684 921 umbrosa
697 901 745 928 per
761 898 858 922 aestum
884 893 1065 921 meridianum
1083 885 1106 914 Β

276 941 357 968 arbor
375 940 491 975 excepit,
516 938 656 967 fortuitum
681 947 825 967 occursum
846 939 873 967 itt
895 939 1066 968 occasionem

276 985 401 1014 amicitia:
418 985 542 1022 rapiant:
567 989 593 1012 et
610 993 672 1012 cum
689 985 722 1013 ad
745 986 860 1014 divortia
880 986 987 1013 viarum
1007 993 1070 1020 per-

276 1032 410 1063 venerint,
437 1039 488 1058 non
505 1031 564 1059 sine
578 1031 735 1066 aegrimonia
757 1031 938 1064 divellantur;
953 1038 985 1058 ac
1002 1031 1066 1058 sub-

277 1078 468 1114 lacryinantes,
492 1077 608 1113 lixisque
620 1076 690 1105 alter
703 1078 729 1104 in
742 1077 858 1105 alterum
874 1077 960 1104 oculis
978 1076 1069 1104 cousi-

276 1128 361 1155 stant,
376 1131 408 1151 ac
421 1123 546 1159 symbola
565 1128 657 1150 mutua
681 1123 832 1159 largiantur
848 1131 856 1150 :
875 1128 956 1158 utque
974 1123 1069 1159 paulu-

277 1171 331 1198 lum
348 1171 492 1206 progressi,
505 1177 566 1198 sese
581 1178 675 1198 rursus
690 1175 860 1202 convertant,
878 1171 1067 1205 revocatisque

275 1216 363 1244 fausta
384 1223 417 1244 ac
444 1214 533 1244 felicia
556 1219 755 1250 apprecantur.
783 1220 812 1242 ut
837 1215 955 1250 denique
978 1215 1069 1243 brevis

276 1270 357 1291 usura
377 1262 505 1297 temporis
529 1267 584 1289 tam
604 1265 710 1289 arctam
733 1260 831 1297 jungat
853 1261 1013 1294 amicitiam,
1039 1265 1068 1288 ut

278 1317 351 1344 πετο
368 1308 482 1343 digredi,
504 1308 672 1343 cogendique
690 1311 794 1335 tantum
814 1315 867 1335 non
883 1314 943 1335 esse
958 1307 1068 1334 videan-

275 1355 340 1383 tur?
354 1355 393 1382 Tu
411 1361 476 1382 vero
500 1360 657 1388 comparem
674 1360 706 1380 ac
718 1353 780 1380 vita:
802 1352 904 1380 sociam
922 1352 960 1380 sic
975 1352 1068 1387 despi-

274 1401 347 1429 catui
364 1401 463 1432 habes,
477 1404 507 1428 ut
521 1399 662 1428 vasculum
689 1399 832 1432 amissum,
850 1404 896 1427 aut
915 1399 969 1428 vile
986 1399 1069 1427 vesti-

273 1451 395 1475 mentum
420 1447 527 1474 itineris
556 1453 606 1473 usu
637 1444 738 1473 factum
768 1445 882 1479 inutile,
908 1445 1068 1474 catellumve

273 1492 418 1520 Melita'um
442 1492 487 1526 qui
513 1492 594 1520 domo
609 1492 761 1520 clanculum
789 1499 819 1519 ae
846 1491 994 1520 subduxit?
1016 1491 1067 1520 Ubi

274 1539 418 1566 simulatus
446 1538 524 1566 initio
548 1539 682 1566 arrectus?
700 1539 750 1567 Ubi
774 1538 826 1567 tori
850 1539 930 1566 unius
949 1538 1067 1567 societas

1128 249 1276 286 Ἑμπαθῶς
1292 252 1346 288 γὰρ
1368 249 1439 279 εἷδον
1453 251 1508 286 ἐγὼ
1532 252 1596 287 βοῦν
1620 253 1797 289 μυκώμενον,
1821 256 1916 287 ἐπειδὴ

1121 296 1175 322 τῶν
1190 297 1329 333 συννόμων
1344 297 1549 334 ἀποπλανηθεὶς
1562 298 1686 335 ἐμονώθη
1696 307 1703 315 ”
1718 301 1766 326 καλ⁸
1779 301 1916 336 πρόϐατον

1121 343 1149 369 ὲν
1165 343 1240 379 νάπῃ
1255 343 1445 380 βληχώμενον,
1465 345 1512 371 καὶ
1531 344 1672 380 διατρέχον
1692 345 1726 373 τὰ
1739 346 1788 382 ὅρη
1804 367 1811 378 ,
1835 348 1916 383 μέχρι

1123 388 1157 416 ἂν
1169 391 1201 426 τῇ
1215 390 1302 427 ἀγέλῃ
1314 391 1430 427 συνάψῃ,
1441 389 1475 428 ἧς
1494 391 1631 428 ἐχωρίσθη
1647 392 1806 428 νεμόμενον.
1823 394 1872 427 Αἲξ
1886 395 1916 422 δὲ

1121 435 1202 463 ταυτὺ
1212 436 1291 464 τοῦτο
1305 437 1439 471 παθοῦσα,
1458 437 1509 465 κᾶν
1523 438 1623 470 πολλὰς
1639 439 1740 473 ἀγέλας
1755 440 1843 474 αίγῶν
1857 441 1916 468 δια-

1120 482 1256 518 τρέχουσα
1276 483 1428 520 καταλάϐῃ,
1448 484 1478 510 οὑ
1500 484 1632 520 πρότερον
1650 484 1778 518 ἵσταται,
1795 486 1860 522 πρὶν
1880 487 1915 514 ἃν

1120 528 1170 563 τὴν
1182 527 1285 563 συνήθη
1299 527 1377 565 εὕρῃ,
1394 530 1442 556 καὶ
1457 529 1501 555 τὸν
1513 529 1624 556 αἰπόλον
1638 529 1684 557 τὸν
1697 530 1772 558 ι’διον.

1156 658 1199 695 Μὴ
1215 659 1396 696 ἀπαθέστεροι
1416 658 1485 696 πρὸς
1501 659 1593 695 φιλίαν
1607 661 1766 698 εὐρεθῶμεν
1778 661 1833 688 τῶν
1847 661 1913 689 ἀλό-

1120 714 1176 740 γων
1193 706 1218 732 οί
1234 706 1350 740 λογικοί·
1373 706 1441 742 μηδὲ
1456 704 1632 744 ἀτιμοηέραν
1650 707 1700 744 τὴν
1714 708 1838 744 γαμετὴν
1851 710 1913 744 κρί-

1121 759 1211 788 νωμεν
1223 752 1413 788 συνοδοιπόρον
1430 754 1512 785 τινος,
1527 754 1543 789 ἢ
1560 754 1608 781 τοῦ
1619 754 1668 782 ,διὰ
1686 754 1788 790 μικρὰν
1806 755 1913 791 πρόφα-

1121 806 1163 825 σιν
1184 799 1211 825 ὲν
1230 798 1313 834 ὀλίγῳ
1333 799 1588 834 προσφιλιωθέντος.
1616 801 1698 838 Ὀρᾶς
1710 820 1717 832 ,
1735 801 1773 832 ὼς
1798 801 1846 828 καὶ
1867 802 1914 829 ἐπὶ

1119 846 1170 882 τῆς
1183 845 1321 881 λεωφόρου
1333 846 1464 882 ἀλλήλους
1483 846 1668 882 συμμίξαντες
1686 847 1836 884 ἄνθρωποι,
1850 848 1915 885 δρο-

1119 891 1207 926 φονδὲ
1224 893 1396 927 καταγωγιου
1414 892 1461 919 τὸν
1482 893 1564 920 αὑτὸν
1582 893 1785 929 ὑπελθόντις,ἢ
1803 893 1913 931 δένδρον

1120 937 1288 972 ἀμφιλαφὲς,
1301 936 1360 974 ὥρᾳ
1368 937 1463 973 θέρους
1478 933 1713 973 τὴινμεσημΰρίαν
1725 938 1912 970 ἀποσκιάσαν.

1119 982 1247 1019 ἀφορμὴν
1267 983 1415 1015 διαθέσεως
1432 978 1547 1018 γνησίας
1567 983 1615 1018 τὴν
1636 983 1782 1019 συντυχίαν
1802 982 1912 1010 ποιοῦν-

1118 1037 1180 1056 ται·
1209 1029 1260 1056 κᾶν
1286 1029 1398 1056 ἔλθωσιν
1422 1029 1469 1056 ἐπὶ
1494 1028 1543 1065 τὴν
1568 1029 1627 1056 ὁδὸν
1657 1028 1705 1065 τὴν
1733 1024 1911 1066 μερίζουσαν,

1120 1075 1232 1108 ἀπαθῶς
1248 1075 1369 1112 ἀλλήλων
1386 1076 1436 1103 οὐκ
1451 1075 1669 1103 ἀπαλλάττονται
1680 1085 1686 1092 ·
1711 1076 1769 1103 ἀλλ’
1788 1077 1913 1104 ἵστανται

1119 1121 1167 1148 καὶ
1180 1121 1407 1157 ὐποδακρύουσιν,
1431 1121 1578 1157 βλέποντες
1603 1122 1696 1154 ἀτενὲς
1708 1122 1748 1154 είς
1763 1122 1894 1158 ἀλλήλους
1904 1143 1912 1154 ,

1119 1168 1166 1194 καὶ
1186 1167 1309 1204 σύμϐολα
1330 1168 1442 1205 μνήμης
1460 1168 1575 1200 ἕκαστος
1595 1168 1702 1196 δίδωσιν
1727 1169 1836 1204 φέρειν·
1865 1170 1913 1196 καὶ

1120 1213 1218 1250 μικρὸν
1234 1214 1394 1250 προῦάντες.
1415 1214 1495 1242 πάλιν
1511 1214 1743 1250 μεταστρέφονται
1754 1235 1761 1247 ,
1778 1215 1825 1242 καὶ
1844 1216 1913 1242 ἀνα-

1118 1260 1263 1287 καλοῦσιν·
1279 1259 1424 1295 ἐπεύχεται
1448 1260 1477 1287 δὲ
1492 1260 1584 1296 ἕτερος
1608 1260 1647 1296 τῷ
1668 1260 1754 1296 ἑτέρῳ
1767 1260 1801 1288 τά
1820 1262 1911 1288 αἶσιον

1119 1305 1166 1332 καὶ
1184 1304 1273 1339 ὀλίγος
1289 1304 1384 1340 χρόνος
1398 1304 1485 1336 οὕτως
1507 1304 1641 1341 ὀξυτάτην
1659 1305 1769 1342 κίρνησι
1792 1306 1841 1341 τὴν
1865 1315 1912 1340 φι-

1118 1350 1188 1382 λίαν,
1205 1350 1242 1382 ὡς
1256 1350 1478 1378 δυσαπάλλακτον
1501 1351 1592 1382 αὐτοῖς
1607 1348 1729 1385 γίνεσθαι
1747 1351 1794 1378 καὶ
1817 1351 1913 1386 βεϐια-

1119 1396 1221 1432 σμένην
1244 1396 1293 1432 τὴν
1311 1396 1500 1433 ἀναχώρησιν;
1516 1397 1552 1423 Σὺ
1582 1396 1609 1423 δὲ
1630 1396 1699 1433 πρὸς
1719 1397 1769 1432 τὴν
1785 1397 1832 1424 τοῦ
1852 1397 1912 1432 βίον

1119 1440 1245 1469 κοινωνὸν
1275 1441 1361 1474 οὕτως
1389 1441 1633 1477 καταφρονητικῶς
1662 1440 1743 1476 ἔχεις,
1776 1441 1814 1471 ὼς
1841 1442 1911 1476 προς

1119 1486 1216 1518 σκεῦος
1239 1487 1387 1519 ἀποπεσδν,
1414 1487 1431 1522 ἦ
1454 1487 1561 1522 ἱμάτιον
1584 1485 1690 1518 εὐτελὲς
1719 1487 1747 1513 ὲν
1771 1486 1912 1522 ὁδοιπορία

1119 1533 1301 1570 καταργηθὲν,
1321 1533 1338 1569 ἧ
1365 1533 1482 1560 κυνίδιον
1503 1532 1559 1560 τῶν
1589 1533 1745 1560 Μελιττέων
1764 1532 1786 1548 ⁸¹
1803 1533 1913 1569 ὑποχω-

274 1590 306 1612 ac
318 1584 498 1613 communio?
515 1582 565 1612 Ubi
592 1584 742 1620 legitimum
758 1584 912 1618 vinculum;
932 1585 1066 1613 diuturna

1119 1569 1206 1616 ρῆσαν
1235 1580 1338 1613 οἰκίαςς
1360 1580 1414 1606 Καὶ
1437 1579 1489 1606 ποῦ
1513 1580 1529 1615 ὴ
1553 1580 1581 1606 ἐν
1605 1580 1704 1615 ἀρχαῖς
1729 1579 1912 1615 πεπλασμένη

277 1630 322 1657 illa
338 1630 381 1657 vis
405 1629 621 1662 consuetudinis,
643 1637 727 1665 quam
740 1634 768 1657 et
785 1629 810 1657 in
836 1635 962 1658 naturam
978 1635 1068 1659 trans-

275 1677 315 1704 ire
331 1679 388 1703 tum
411 1675 514 1708 l'erunt,
537 1679 593 1703 tum
615 1676 784 1703 demonstrat
807 1676 994 1711 experientia?
1013 1676 1066 1704 Ιιά-

273 1723 353 1750 cilius
376 1727 476 1750 cuncta
501 1722 655 1758 abrupisti,
683 1729 763 1757 quam
789 1721 924 1759 Sampson
949 1723 1066 1752 hostium

275 1769 354 1798 turres
371 1769 406 1798 ‘l.

309 1900 389 1938 Atqui
409 1902 452 1930 vir
469 1902 569 1936 probus
592 1907 619 1930 et
639 1902 666 1930 in
684 1902 781 1930 all'ectu
803 1907 942 1936 constans,
958 1903 1066 1932 demor-

275 1955 326 1977 tua:
365 1949 450 1984 ipsam
480 1949 640 1978 memoriam
670 1948 794 1984 conjugis
822 1957 894 1985 aegre
924 1950 1062 1984 deponit:

274 1997 338 2031 quin
352 1995 425 2024 l‘uvet
435 1996 536 2024 liberos
549 2003 582 2025 ac
596 2001 721 2025 amanter
737 1996 828 2028 habet,
847 2000 976 2031 tanquam
990 2003 1066 2024 corn-

275 2050 355 2071 mune
371 2042 524 2078 depositum
548 2042 644 2070 matris
667 2049 700 2070 ac
720 2045 834 2073 natum,
861 2041 1065 2075 spirantemque

275 2089 300 2116 in
324 2089 363 2116 eis
389 2089 544 2116 defunctam
569 2089 621 2116 sibi
646 2089 756 2116 videtur
785 2088 953 2123 conspicere.
976 2088 1065 2123 Atque

274 2135 318 2162 hic
340 2135 447 2170 quidem
463 2134 624 2167 liberorum,
639 2139 769 2162 maternae
793 2134 999 2162 similitudinem
1018 2143 1064 2162 vo-

273 2180 313 2208 cis
329 2179 456 2214 praefert;
481 2179 526 2208 ille
552 2179 586 2208 de
605 2179 692 2207 forma
718 2187 750 2208 ac
782 2180 952 2208 lineamentis
976 2180 1064 2215 pluri-

273 2233 346 2253 mum
362 2226 468 2258 hausit;
485 2225 553 2253 alius
568 2232 658 2253 mores
677 2230 705 2253 et
725 2225 861 2261 ingenium
880 2226 1003 2261 parentis
1021 2233 1064 2253 re-

274 2275 429 2305 praesentat.
458 2272 547 2306 Atque
575 2271 617 2299 ita
647 2276 723 2306 pater
738 2271 837 2299 multas
865 2272 969 2300 habens
989 2273 1064 2300 vivas

273 2318 429 2354 lucidasque
456 2317 580 2353 conjugis
608 2317 750 2352 imagines,
782 2318 904 2353 perpetui
932 2318 1062 2346 consortii

271 2365 454 2399 cannnbiique
476 2364 594 2399 speciem
617 2364 708 2392 animo
736 2371 786 2392 suo
807 2363 959 2392 iut‘ormat:
982 2369 1064 2399 atque

272 2411 340 2438 adeo
363 2411 463 2437 nullam
486 2410 615 2445 deinceps
640 2409 785 2445 voluptatis
805 2411 998 2446 cogitationem
1014 2412 1063 2438 ad-

272 2456 353 2483 mittit
369 2467 375 2483 :
394 2463 444 2484 nec
465 2456 510 2490 qui
529 2455 611 2483 bodie
634 2455 733 2483 struxit
752 2455 887 2483 defunctae
913 2456 1063 2489 tumulum,

271 2503 350 2537 paulo
373 2508 434 2537 post
451 2503 601 2530 thalamum
624 2502 758 2529 adornat:
786 2506 832 2528 aut
848 2509 861 2528 a
878 2501 1007 2537 lacrymis
1031 2510 1063 2529 ac

271 2550 426 2584 gemitibus,
440 2549 474 2576 ad
490 2550 636 2584 nuptialem
660 2550 757 2577 iterum
773 2549 900 2577 choream
922 2549 1034 2577 festinat
1054 2557 1061 2577 :

272 2601 321 2622 nec
333 2598 435 2622 vestem
453 2599 539 2621 atram
566 2602 597 2622 ac
622 2595 772 2630 lugubrem,
794 2595 863 2622 festa
888 2595 1061 2630 sponsaliquc

271 2640 338 2668 stola
355 2644 508 2675 permutat;
525 2647 577 2667 non
597 2639 624 2667 in
638 2641 770 2668 calentem
788 2641 938 2667 etiamnum
954 2650 969 2666 ιι
985 2641 1060 2675 priu-

272 2693 301 2712 rc
316 2685 488 2713 matrimonio
505 2685 614 2718 lectum,
630 2686 742 2714 alteram
759 2686 879 2719 inducit;
900 2690 979 2713 autvc
994 2685 1060 2712 libe-

273 2733 309 2758 ris
324 2739 479 2764 novercam,
496 2732 620 2759 odiosum
642 2732 706 2759 illud
723 2738 831 2764 nomen,
855 2732 1059 2766 snperinducit;

271 2777 319 2806 sed
336 2782 480 2811 turturum,
498 2785 549 2806 non
577 2777 648 2806 illam
678 2778 787 2814 quidem
803 2786 817 2805 a
843 2778 949 2806 ratione
975 2778 1062 2813 prote-

1118 1625 1254 1659 διάθεσις;
1273 1625 1324 1652 ποῦ
1341 1625 1357 1661 ἡ
1373 1625 1419 1652 ἐπὶ
1434 1625 1484 1660 τῆς
1501 1625 1564 1660 μιᾶς
1583 1625 1675 1661 κοίτης
1701 1625 1852 1657 ἀνάπαυσις
1865 1646 1872 1658 ,
1893 1627 1911 1660 ἡ

1118 1672 1164 1700 τοῦ
1179 1672 1261 1708 νόμου
1278 1671 1424 1708 σύνειρξις,
1439 1674 1455 1707 ἡ
1472 1671 1522 1707 τῆς
1537 1671 1638 1706 πολλῆς
1656 1672 1701 1698 καὶ
1719 1672 1827 1706 μακρᾶς
1845 1680 1911 1698 συν-

1116 1719 1213 1754 ηθείας
1235 1718 1370 1754 δύναμις,
1395 1718 1427 1753 ἣν
1450 1717 1498 1744 καὶ
1523 1718 1562 1750 εἰς
1580 1717 1658 1752 φύσιν
1687 1717 1910 1753 μεταποιεῖσθαι.

1118 1766 1166 1792 καὶ
1183 1765 1260 1800 λόγος
1284 1764 1351 1801 ἔχει,
1385 1765 1432 1791 καὶ
1451 1765 1468 1800 ὴ
1493 1765 1575 1800 πεῖρα
1591 1762 1748 1797 ὑπέδειξεν;
1765 1764 1852 1791 πάντα
1869 1764 1910 1791 δι-

1119 1811 1222 1846 έκοψας
1233 1811 1427 1847 εὐκολώτερον,
1444 1811 1460 1846 ἢ
1476 1812 1490 1838 ὀ
1503 1810 1623 1846 Σαμψὼν
1637 1811 1670 1838 τὰ
1685 1811 1738 1838 τῶν
1753 1811 1912 1846 ἀλλοφύλων

1117 1859 1248 1887 καλώδια.

1153 1905 1250 1932 Καίτοι
1263 1905 1309 1939 ὅγε
1320 1905 1437 1940 σώφρων
1449 1903 1497 1931 καὶ
1510 1905 1560 1940 τῆς
1573 1903 1721 1936 διαθέσεως
1735 1904 1832 1939 φύλαξ.
1847 1905 1910 1932 οὑδὲ

1117 1951 1335 1987 ἀναχωρησάσης
1349 1950 1396 1977 τοῦ
1413 1950 1471 1985 βίου
1487 1951 1537 1985 τῆς
1552 1951 1676 1986 γαμετῆς
1691 1951 1791 1986 ῥαδίως
1802 1951 1913 1979 ἐπιλαν-

1117 1997 1227 2025 θάνεται
1239 2007 1245 2012 ·
1271 1997 1339 2023 ἀλλὰ
1363 1997 1460 2024 θάλπει
1475 1997 1539 2028 τοὺς
1556 1996 1671 2028 παῖδας,
1688 1998 1725 2029 ὡς
1749 1997 1842 2033 κοινὴν
1856 2007 1912 2024 πα-

1118 2043 1311 2079 ρακαταθήκην
1325 2043 1373 2078 τῆς
1391 2043 1511 2078 μητέρος
1526 2043 1574 2070 καὶ
1587 2042 1636 2078 τῆς
1652 2042 1770 2077 φύσεως.
1788 2044 1817 2070 ἐν
1835 2044 1910 2070 ὲκεί-

1117 2097 1172 2120 νοις
1186 2088 1214 2115 δὲ
1237 2087 1357 2123 καθορᾷν
1376 2087 1451 2114 δοκεῖ
1467 2087 1515 2123 τὴν
1533 2087 1713 2115 ἀπελθοῦσαν.
1740 2089 1768 2114 ’0
1787 2088 1834 2123 μὲν
1855 2088 1910 2124 γὰρ

1116 2133 1171 2160 τῶν
1189 2133 1292 2160 παίδων
1317 2133 1366 2168 τῆς
1384 2133 1520 2168 μητρικῆς
1541 2133 1635 2168 φωνῆς
1654 2133 1801 2168 ὁμοιότητα
1815 2132 1908 2166 σώζει,

1117 2178 1195 2210 ἄλλος
1212 2179 1242 2205 τὸ
1256 2178 1323 2205 πολὺ
1334 2178 1381 2205 τοῦ
1395 2179 1569 2215 χαρακτῆρος
1583 2178 1738 2214 ἐφέλκεται,
1753 2179 1845 2215 ἕτερος
1859 2179 1910 2215 τὴν

1117 2225 1163 2252 τοῦ
1179 2225 1261 2261 ᾕοους
1274 2225 1440 2252 κατάστασιν
1455 2224 1602 2261 ὲμορερώθη
1614 2224 1682 2260 πρὸς
1697 2225 1747 2259 τὴν
1761 2225 1906 2252 τεκοῦσαψ

1116 2272 1163 2298 καὶ
1179 2271 1264 2303 οὕτως
1279 2272 1292 2297 ὀ
1305 2271 1396 2306 πατὴρ
1406 2291 1413 2302 ,
1429 2270 1530 2303 πολλὰς
1549 2270 1618 2306 ἔχων
1631 2271 1682 2305 τῆς
1696 2272 1819 2307 γαμετῆς
1836 2273 1910 2299 εἰκό-

1116 2327 1163 2350 νας
1179 2318 1268 2350 (rbem;
1283 2317 1329 2344 καὶ
1347 2318 1487 2353 ἐναργεῖς,
1505 2317 1637 2345 ἁοάνατον
1655 2318 1841 2346 ὑποτυποῦται
1859 2320 1910 2354 τὴν

1117 2363 1184 2399 πρὸς
1200 2364 1306 2398 ἐκείνην
1325 2363 1497 2398 συνοίκησιψ
1515 2364 1561 2390 καὶ
1578 2363 1623 2390 διὰ
1640 2363 1719 2390 τοῦτο
1735 2364 1811 2391 οὐδὲν
1829 2365 1910 2401 φιλη-

1116 2410 1190 2436 δονον
1213 2410 1313 2436 ὲννοεῖ”
1343 2410 1372 2435 οὐ
1393 2410 1514 2445 σήμερον
1540 2409 1632 2445 χώσας
1660 2411 1706 2436 τὸν
1731 2410 1830 2445 τάφον,
1849 2413 1909 2446 μετ’

1115 2456 1204 2489 ὀλίγον
1223 2455 1318 2491 χρόνον
1343 2456 1482 2488 παστάδας
1508 2455 1725 2489 κατασκευάζει·
1754 2458 1814 2484 οὐδὲ
1838 2459 1911 2493 μετὰ

1113 2502 1145 2528 τὸ
1159 2502 1276 2538 δάκρυον
1292 2502 1340 2529 καὶ
1360 2502 1422 2534 τοὺς
1445 2504 1613 2538 στεναγμοὺς
1628 2503 1675 2530 ἐπὶ
1689 2504 1811 2539 γαμικὴν
1826 2505 1910 2531 πάλιν

1113 2549 1222 2584 χορείαν
1241 2548 1396 2583 ἐπείγεται·
1421 2548 1482 2575 οὐδὲ
1508 2548 1558 2584 τὴν
1581 2549 1712 2584 μέλαιναν
1736 2551 1838 2586 ἐσθῆτα
1861 2552 1910 2578 καὶ

1115 2594 1245 2630 πενθικὴν
1261 2595 1300 2624 εἰς
1312 2595 1451 2629 νυμ’ρικὴν
1469 2594 1606 2630 διαμείὸει
1622 2595 1729 2632 στολήν·
1743 2597 1803 2623 οὐδὲ
1817 2596 1908 2633 θερμῇ

1112 2643 1146 2676 τῇ
1173 2640 1252 2676 κοίτῃ
1277 2641 1327 2675 τῆς
1351 2640 1522 2676 ἀπελθούσης
1546 2641 1595 2677 τὴν
1623 2642 1754 2678 δευτέραν
1780 2635 1908 2678 γαμετὴ-ὲ

1114 2687 1254 2720 ἐπεισάγει
1268 2695 1274 2700 ·
1289 2687 1348 2714 οὐδὲ
1367 2687 1503 2722 μητρυιὰν
1520 2687 1611 2714 δίδωτι
1633 2690 1689 2720 τοῖς

1115 2732 1197 2767 αχθὲς
1212 2733 1306 2767 ὃνομα.
1324 2733 1456 2768 Μιμεῖται
1473 2733 1501 2760 δὲ
1514 2733 1568 2760 τῶν
1587 2735 1727 2769 τρυγόνων
1741 2733 1790 2770 τὴν
1810 2733 1911 2769 ἄλογον

1115 2779 1163 2805 καὶ
1176 2779 1292 2814 φδσικὴν
1308 2779 1471 2815 σεμνότητα.
1490 2780 1543 2806 Καὶ
1557 2780 1611 2815 γὰρ
1633 2780 1743 2816 ἐκείνην
1763 2780 1812 2816 τὴν
1831 2779 1910 2816 ὄρνιν

1713 2689 1801 2719 παισὶ,
1817 2689 1847 2714 τὸ
1863 2689 1910 2714 ἐπε

305 2869 328 2886 ⁸¹
349 2869 436 2898 Judic.
450 2878 511 2903 xvr,
536 2869 568 2897 15
581 2878 640 2906 sqq.
681 2871 709 2887 δ’·
723 2870 867 2898 Μελιταῖον
883 2870 1009 2898 κυνίδιον.
1039 2870 1066 2897 Ai

1118 2890 1136 2903 .,
1163 2880 1186 2899 IX
1218 2871 1254 2898 Dc
1278 2876 1332 2899 nol.
1355 2872 1438 2898 anim.
