2076 3155
297 239 349 269 οιδ

933 234 962 261 8.
983 231 1121 261 ASTEBII
1139 229 1290 258 AMASENI

1866 222 1920 249 ΞΗ

299 297 404 325 calculo
415 297 575 325 sententiam
595 303 733 323 revocans.
758 293 878 321 Audistis
899 293 971 320 enim
986 292 1082 319 recita-

1146 287 1355 324 ιναγνώσματος,
1380 287 1426 313 καὶ
1440 285 1477 321 τῷ
1501 285 1619 319 θαύματι
1643 283 1750 312 πάντως
1774 279 1919 316 κατέχεσθε

299 348 355 370 tam
384 342 464 370 modo
488 341 647 373 lectionem,
671 339 835 374 omninoque
861 339 899 366 rei
924 337 1083 366 miraculum

299 394 444 423 suspensos
458 387 549 415 animo
563 391 646 414 tenet.
666 385 720 421 Ego
734 392 840 421 quoque
856 384 890 412 iis
904 382 1011 411 omissis
1025 388 1085 417 qua:

300 434 362 462 libri
379 433 423 461 alii
437 433 548 466 habent,
565 433 586 460 si
603 441 654 467 qua
673 433 750 460 nobis
771 431 867 466 psalmi
880 429 1024 464 conjuncta
1037 436 1081 456 v0-

300 479 404 514 luptate
427 478 529 507 utiliter
557 478 684 507 tnodulati
715 481 792 510 sunt;
818 477 840 504 si
868 483 920 511 qua
943 474 1085 509 Apostolus

303 522 417 551 consilio
432 523 582 558 suggessit;
600 522 622 550 si
636 530 687 557 qua
705 520 834 550 Dominus
854 527 902 555 pro
915 523 1048 555 potestate
1059 519 1084 545 in

301 568 453 604 Evangeliis
470 569 571 601 sanxit,
586 569 648 596 huic
663 568 831 604 potissimum
857 566 1004 593 narrationi
1024 565 1085 593 ani-

302 623 374 642 mum
392 615 486 650 adieci.
503 614 587 643 Video
611 622 728 650 namque
749 613 881 649 duplicem
902 611 1086 642 commendari

301 662 479 695 iuventutem,
495 660 607 690 alteram
622 661 729 696 quidem
739 660 862 691 ferendo,
874 659 987 687 alteram
1003 657 1086 686 susti-

303 707 390 735 nendo
402 708 564 737 sententiam
580 716 587 734 :
609 715 640 736 ac
659 707 798 736 Danieicm
822 706 930 742 quidem
941 726 949 739 ,
971 712 1019 739 pro
1034 704 1087 731 lata

302 754 354 780 rite
374 754 506 782 sententia
523 754 646 789 plausum
662 753 761 782 habere
777 761 809 781 ac
824 751 1086 788 nggratulationem;

305 800 457 827 Susannam
474 807 549 834 vero,
566 809 615 836 pro
628 800 741 829 victoria
757 800 891 828 castitatis
906 798 1030 828 obtinere
1044 803 1087 826 oo-

306 852 413 872 ronam.
434 845 531 873 Venite
545 846 649 882 itaque,
669 846 714 881 qui
741 845 913 880 pulchrorum
934 851 967 872 ac
981 842 1090 870 virtutis

303 896 426 919 amantes
441 891 523 924 estis;
551 891 688 926 antiquum
714 891 778 921 illud
805 890 938 917 memoria
957 888 1091 917 instaure-

303 945 363 964 mus
383 937 526 972 judicium.
548 935 639 966 Veteri
653 936 789 968 caStitate,
807 943 901 963 novam
923 935 950 962 in
964 933 1089 970 prmsenti

303 982 493 1010 exscindamus
504 982 741 1015 incontinentiam,
755 982 928 1010 traducentes
942 979 1088 1014 iuvenilem

303 1032 489 1061 senectutem.
515 1035 547 1057 ac
571 1035 666 1056 canam
685 1028 848 1055 admirantes
867 1027 1048 1061 iuventutem.
1067 1024 1089 1053 Ο

303 1073 411 1102 scelesti
430 1080 509 1101 senes
535 1080 567 1102 ac
592 1072 682 1108 populi
700 1071 847 1107 principes,
870 1072 1028 1098 innumeros
1054 1069 1090 1097 ad

304 1119 521 1146 emendationem
552 1117 721 1146 necessarios
751 1116 881 1144 habentes
909 1116 1088 1151 paedagogos,

304 1163 423 1199 legitimo
439 1163 542 1191 foedere
554 1162 709 1196 iunctarum
729 1162 883 1196 nuptiarum
897 1161 1068 1189 insidiatores
1080 1180 1089 1193 .

305 1208 559 1244 malignicastitatis
574 1215 710 1243 aucupes,
726 1208 839 1236 subtiles
850 1208 972 1235 dolorum
986 1208 1090 1235 instru-

305 1259 413 1288 ctores,
437 1254 579 1282 calumniae
603 1254 722 1288 prompti
742 1253 916 1281 inventores!
939 1252 1090 1280 Scortatio-

306 1307 368 1329 nem
388 1299 520 1328 labiorum
541 1305 618 1327 tenus
637 1299 783 1329 damnatis.
807 1302 835 1326 et
853 1298 993 1327 adornatis
1016 1298 1093 1326 adul-

305 1346 424 1373 terium:
443 1345 556 1373 aliorutn
577 1345 684 1378 medici,
702 1344 826 1380 plenique
848 1344 897 1379 ipsi
919 1346 1013 1372 morbo
1030 1352 1093 1372 :se-

306 1390 397 1429 pulcra
418 1389 554 1422 dealbata,
570 1389 642 1416 intus
663 1389 833 1416 irnmunditia
856 1389 955 1423 plena,
981 1394 1093 1417 externa

306 1445 371 1465 vero
386 1436 530 1472 superficie
545 1440 640 1464 ornata
655 1435 677 1451 “
693 1445 700 1463 :
718 1436 859 1470 sublimes,
883 1443 916 1462 ac
930 1436 956 1463 in
973 1435 1092 1470 judicum

306 1483 417 1511 sedibus
443 1482 631 1517 praesidentes,
657 1487 777 1517 tumque,
793 1490 855 1509 cum
879 1483 993 1510 scortari
1010 1481 1095 1509 volui-

306 1528 367 1561 stis,
386 1527 457 1554 inter
473 1528 646 1554 arbustorum
662 1527 746 1554 densa
771 1534 803 1554 ac
827 1527 936 1554 dumeta
959 1525 1095 1562 adrepeu-

309 1579 359 1600 tes.
375 1573 445 1601 Risit
458 1581 519 1601 cum
535 1573 639 1600 videret
663 1573 916 1608 prmvaricationum
933 1573 1041 1606 doctor,
1064 1578 1096 1600 ac

308 1619 442 1649 malorum
468 1619 650 1651 consiliarius,
681 1624 710 1647 ut
725 1619 862 1654 principes
877 1618 983 1654 populi,
999 1621 1029 1645 ut
1045 1617 1094 1644 viri

310 1672 438 1699 proceres
448 1672 480 1692 ac
490 1664 598 1698 delecti,
617 1672 665 1693 ceu
681 1664 866 1700 sepulcrorum
877 1650 1022 1692 eﬁ’ossores
1035 1664 1096 1698 qui-
1107 1650 1131 1682 δ

311 1711 372 1739 dam
390 1717 423 1738 ac
444 1710 574 1741 laerItes,
602 1710 736 1744 impudico
761 1710 900 1738 recreandi
922 1710 1095 1744 spectaculo,

311 1761 432 1784 ventrem
447 1756 602 1790 traheretis,
617 1755 790 1791 vulpiumque
802 1763 877 1784 more
899 1755 1042 1783 latitaretis
1057 1756 1098 1783 in-

312 1807 353 1828 ter
368 1801 491 1834 dumeta;
511 1808 570 1835 qua:
586 1801 713 1829 nimirum
727 1807 742 1828 e
754 1800 903 1828 nemorosis
917 1807 949 1828 ac
962 1800 1098 1829 umbrosis

312 1845 388 1879 locis,
401 1846 557 1873 domesticis
572 1845 732 1873 insidiantes
743 1845 848 1878 avibus,
866 1845 892 1872 in
906 1852 963 1877 eas,
978 1845 1041 1872 dum
1055 1845 1098 1872 iu-

313 1896 392 1918 caute
407 1896 556 1926 pascuntur
569 1890 699 1918 insiliant.
716 1890 738 1919 Ο
762 1889 877 1918 similem
900 1889 938 1917 illi
954 1889 1097 1924 malitiam,

312 1945 394 1973 quam
409 1937 587 1965 humanorum
599 1936 642 1964 illa
656 1936 808 1964 animorum
820 1936 890 1969 lues,
902 1945 916 1964 a
927 1936 1060 1972 principio
1072 1936 1100 1963 in

314 1985 395 2011 linem
409 1991 493 2019 usque
511 1983 637 2012 molitur!
653 1983 682 2010 ln
699 1983 778 2011 horto
795 1983 914 2018 primum
937 1983 1039 2010 corruit
1053 1989 1100 2010 su-

313 2031 403 2059 blimis
415 2031 510 2064 homo;
523 2038 595 2058 nunc
608 2037 716 2066 quoque
728 2030 755 2057 in
769 2030 857 2061 horto,
867 2030 917 2057 viri
928 2037 1007 2058 senes
1018 2037 1033 2056 a
1045 2036 1102 2057 ser—

315 2082 395 2112 penle
411 2076 475 2108 acti,
499 2083 513 2103 a
533 2076 619 2112 prima
635 2075 680 2105 illa
706 2083 738 2102 ac
762 2075 902 2111 principali
928 2075 1012 2110 gloria
1027 2075 1102 2102 exci-

316 2122 396 2154 dunt;
420 2121 521 2155 quique
545 2120 651 2154 judices
675 2125 772 2152 erant,
800 2119 955 2154 prirjudicio
982 2120 1103 2148 damnati

318 2167 396 2199 tiunt,
421 2166 501 2193 alieni
527 2173 542 2193 ει
562 2166 627 2198 vita,
646 2173 677 2193 ac
693 2166 811 2201 operarii
837 2166 952 2203 peccati.
969 2165 1103 2193 (laterum

318 2213 370 2239 hoe
387 2211 547 2243 certamine,
563 2211 628 2238 vicit
645 2210 755 2246 quidem
778 2211 861 2243 viros,
879 2211 998 2239 victoria:
1013 2216 1103 2238 autem

318 2257 436 2292 palmam
454 2256 589 2283 concessit
601 2255 719 2288 feminae,
734 2263 785 2284 nec
795 2256 890 2290 prima:
905 2256 1023 2284 hominis
1036 2255 1105 2283 levi-

319 2308 402 2330 tatem
424 2302 506 2335 illam,
520 2302 545 2329 in
559 2301 703 2338 Babylonis
721 2301 921 2329 adulescentula
937 2301 1050 2328 invenit.
1065 2301 1103 2328 Ae

319 2349 417 2377 merito
434 2349 505 2376 dicat
522 2347 629 2383 aliquis.
641 2347 848 2382 haudquaquam
863 2347 1027 2382 Babylonem
1039 2354 1104 2375 con-

320 2396 453 2423 fusionem
471 2399 581 2430 propter
596 2393 746 2423 Susannam
762 2401 833 2425 esse,
854 2393 900 2420 sed
919 2393 1103 2420 mandatorum

1133 335 1184 370 τὴν
1206 334 1304 369 ψυχήν.
1320 331 1405 366 Κάγὼ
1429 331 1457 358 δὲ
1472 330 1506 357 τὰ
1518 330 1572 356 τῶν
1593 328 1679 357 ἄλλων
1701 325 1809 362 βιϐλίων
1829 326 1919 360 ἀφεὶς,

1135 381 1185 408 ὅσα
1198 381 1223 406 οἱ
1233 379 1335 414 ψαλμοὶ
1353 378 1419 413 ἡμῖν
1440 374 1588 410 ὲπωφελῶς
1605 373 1664 409 μεθ“
1677 372 1773 408 ἡδονῆς
1785 371 1920 407 ὲμελῲδη-

1137 434 1197 457 σαν,
1210 425 1260 452 ὅσα
1276 423 1482 451 συνεϐούλευσεν
1499 422 1513 448 ὸ
1534 419 1710 450 Ἀπόσιτολος.
1730 418 1781 445 ὃσα
1799 417 1922 444 δεσποτι-

1135 471 1191 503 κῶς
1215 469 1407 505 ἐνομοθέτησεν
1433 467 1462 494 ὲν
1489 466 1545 498 τοῖς
1570 463 1745 498 Εύαγγελίοις
1769 463 1784 489 ὁ
1809 461 1921 496 Κύριος,

1135 517 1220 554 ταύτῃ
1233 514 1412 552 προσεκλίθην
1424 514 1457 549 τῇ
1473 511 1586 548 ἱστορίᾳ.
1608 509 1717 545 Ἐπειδὴ
1730 508 1778 536 δύο
1793 507 1922 554 νεότητας

1137 552 1227 598 βλέπω
1244 560 1448 596 εὐδοκιμούσας,
1465 559 1513 593 τὴν
1527 557 1576 593 μὲν
1589 558 1617 584 ὲν
1630 556 1669 591 τῷ
1685 555 1814 586 δικάζειν,
1827 553 1875 589 τὴν
1893 552 1923 580 δὲ

1137 610 1166 636 ἐν
1182 608 1220 645 τῷ
1235 607 1390 644 κρίνεσθαι·
1408 606 1456 632 καὶ
1475 605 1519 631 τὸν
1538 603 1586 639 μὲν
1603 601 1701 637 Δανιὴλ
1732 600 1778 628 ἐπὶ
1795 601 1855 631 ταῖς
1868 598 1924 634 ψή-

1138 666 1197 693 φοις
1209 655 1388 692 κροτούμενον
1402 663 1408 668 -
1424 652 1568 680 Σωσάνναν
1583 651 1613 676 δὲ
1636 650 1683 677 ἐπὶ
1697 650 1729 684 τῇ
1747 648 1810 683 νίκῃ
1824 655 1923 681 στεφα-

1137 703 1270 738 νουμένην
1283 701 1333 736 τῆς
1345 698 1530 734 σωφροσύνης.
1547 696 1629 723 Δεῦτε
1641 694 1741 726 τοίνυν,
1759 694 1783 720 εἰ
1802 693 1883 723 δοκεῖ,
1893 693 1924 738 οἱ

1138 736 1193 775 τῶν
1206 736 1295 774 καλῶν
1313 745 1427 781 ἐρασταὶ
1442 743 1490 771 καὶ
1503 743 1552 778 τῆς
1571 740 1689 777 ἀρετῆς,
1706 736 1924 772 ἀνανεωσώμεθα

1139 795 1189 830 τὴν
1205 792 1322 820 παλαιὰν
1350 790 1440 826 κρίσιν
1456 791 1489 824 τῇ
1513 789 1606 824 μνήμῃ
1617 795 1624 803 ·
1646 786 1748 821 ἀρχαίᾳ
1765 783 1924 830 σωφροσύνῃ

1139 829 1188 876 την
1200 839 1347 871 νεάςουσαν
1364 837 1410 864 ἐπὶ
1420 835 1467 863 τοῦ
1484 834 1617 871 παρόντος
1637 831 1783 860 ἀκολασίαν
1805 829 1927 864 ἐκκόψω-

1142 895 1200 922 μεν,
1216 882 1436 920 στηλιτεύσαντες
1449 882 1538 917 γῆρας
1550 879 1738 916 μειρακιῶδες,
1752 877 1799 904 καὶ
1814 876 1926 922 νεότητα

1142 920 1350 966 ίπεπολιωμένην
1379 928 1580 963 θαυμάσαντες,
1605 923 1641 951 Ὠ
1668 922 1818 960 πρεσϐύται
1833 920 1926 957 μιαροὶ

1141 978 1188 1005 καὶ
1204 977 1334 1012 ἄρχοντες
1347 975 1393 1002 τοῦ
1414 973 1491 1006 λαοῦ,
1512 972 1616 1008 μυρίων
1628 969 1809 1004 παιδαγοηνιῖιν
1823 969 1862 999 είς
1878 967 1927 993 ὲπ-

1140 1023 1290 1059 ανόρθωσιν
1312 1020 1468 1057 χρῄζοντες,
1481 1019 1577 1053 γάμων
1602 1017 1676 1052 νόμῳ
1689 1012 1928 1059 ζευχθέντωνῌὲπί-

1141 1057 1241 1099 ϐουλοι,
1257 1065 1431 1101 σωφροσύνης
1442 1062 1607 1099 ὲνεδρευταὶ,
1620 1057 1927 1097 μηχανορράφοιδὸλων,

1142 1112 1323 1148 συκοφαντίας
1338 1111 1431 1146 ταχεῖς
1444 1109 1571 1148 sepem“
1593 1108 1685 1143 Ὑμεῖς
1701 1104 1750 1142 ἦτε
1760 1106 1784 1132 οἱ
1800 1104 1848 1139 τὴν
1863 1111 1930 1135 mp-

1141 1158 1215 1187 νείαν
1230 1160 1285 1189 τοῖς
1296 1157 1397 1193 χείλεσι
1411 1156 1559 1192 κρίνοντες,
1569 1154 1616 1182 καὶ
1630 1153 1681 1188 τὴν
1697 1151 1818 1188 μοιχείαν
1831 1149 1930 1180 χάζον-

1141 1213 1203 1237 τες’
1221 1204 1246 1230 οἱ
1265 1203 1319 1232 τῶν
1337 1202 1425 1231 ἄλλων
1446 1201 1542 1237 ἰατροὶ.
1559 1200 1606 1229 καὶ
1621 1199 1672 1234 τῆς
1683 1198 1760 1226 νόσου
1780 1196 1929 1231 γέμοντες·

1142 1251 1167 1278 οἱ
1189 1248 1394 1284 κεκονιασμένοι
1413 1247 1504 1282 τάφοι,
1527 1246 1601 1275 ἔνδον
1622 1245 1673 1280 τῆς
1696 1241 1864 1277 ἀκαθαρσίας
1882 1248 1932 1266 πε-

1143 1295 1301 1331 πλησμένοι,
1319 1294 1363 1322 καὶ
1387 1293 1435 1330 τὴν
1449 1292 1548 1325 ἔξωθεν
1575 1291 1733 1326 ἐπιφάνειαν
1752 1286 1934 1318 καλλωπίζον-

1142 1351 1198 1375 τες.
1218 1343 1249 1368 Οἱ
1264 1341 1360 1376 ὑψηλοὶ
1372 1341 1420 1368 καὶ
1430 1340 1476 1367 ἐπὶ
1489 1339 1543 1366 τῶν
1565 1338 1666 1374 θρόνων
1691 1336 1744 1367 τῶν
1766 1333 1933 1361 δικαστικῶν

1144 1386 1356 1423 προκαθήμενοι,
1373 1386 1417 1413 ὅτε
1431 1385 1459 1412 δὲ
1474 1383 1678 1413 ἀκολασταίνειν
1692 1380 1861 1417 προείλεσθε,
1876 1381 1934 1411 τοῖς

1144 1433 1248 1465 λασίοις
1277 1432 1330 1459 τῶν
1359 1431 1451 1467 φυτῶν
1466 1431 1514 1459 καὶ
1537 1431 1594 1462 τοῖς
1620 1429 1733 1465 θάμνοις
1763 1429 1933 1464 ὲνὲρινοντες.

1151 1479 1278 1514 Ἐγελᾶτο
1289 1478 1395 1514 βλέπων
1409 1478 1482 1513 ὑμᾶς
1494 1479 1507 1504 ὁ
1522 1478 1576 1505 τῶν
1584 1477 1765 1513 παραβάσεων
1774 1472 1934 1508 εἰσηγητὴς,

1145 1526 1193 1552 καὶ
1218 1525 1273 1552 τῶν
1298 1524 1391 1554 κακῶν
1408 1524 1569 1560 σύμϐουλος,
1587 1524 1662 1554 ὅπως
1677 1523 1702 1549 οι
1718 1523 1747 1548 ὲν
1769 1521 1873 1556 κορυφῇ
1886 1518 1936 1545 τοῦ

1145 1571 1220 1603 λαοῦ,
1232 1572 1256 1598 οἱ
1271 1570 1382 1604 λογάδες
1395 1570 1443 1598 καὶ
1455 1570 1587 1606 ἔκκριτοι,
1603 1569 1640 1601 ὡς
1652 1567 1812 1603 τοιχωρύχοι
1831 1565 1904 1595 τινὲς
1918 1564 1936 1600 ἢ

1147 1617 1243 1653 λῃσταὶ
1257 1618 1290 1652 τῇ
1303 1618 1338 1652 γῇ
1356 1616 1570 1652 προσεσύρεσθε,
1588 1616 1632 1642 ἴνα
1647 1614 1764 1650 eadem
1783 1612 1847 1639 θέαν
1871 1610 1936 1637 ἀκό-

1146 1663 1257 1691 λαστοι·
1287 1663 1335 1691 καὶ
1361 1663 1417 1694 τοῖς
1444 1662 1559 1698 θάμνοις
1586 1659 1786 1697 ἑνεκρύπτεσθε
1803 1658 1872 1685 κατὰ
1887 1657 1938 1688 τὰς

1146 1707 1302 1740 ἀλώπεκας,
1315 1707 1344 1734 αἳ
1361 1707 1414 1736 ἀπὸ
1430 1707 1485 1735 τῶν
1505 1706 1651 1742 συμφύτων
1676 1704 1724 1732 καὶ
1744 1702 1874 1730 ἐπισκίων
1894 1702 1939 1728 τό·

1147 1761 1207 1780 πων
1220 1753 1270 1784 τὰς
1293 1753 1476 1785 κατοικιδίους
1493 1752 1678 1788 ἐνεδρεύουσιν
1689 1750 1810 1787 opus“.
1827 1748 1875 1775 καὶ
1895 1756 1939 1774 νε-

1148 1799 1282 1835 μομέναις
1293 1799 1455 1838 ἀπροόπτως
1466 1798 1644 1834 ἐπιπηδῶσιν.
1658 1797 1689 1823 Ὢ
1698 1797 1747 1832 τῆς
1759 1793 1938 1830 ὁμοιοτρόπου

1150 1846 1259 1878 κακίας,
1279 1845 1313 1881 ἢν
1338 1846 1353 1871 ὁ
1379 1845 1433 1873 τῶν
1463 1844 1641 1880 ἀνθρωπίνων
1660 1842 1754 1877 ψυχῶν
1778 1839 1940 1875 ὸλοθρευτὴς

1147 1891 1278 1926 ἀπαρχῆς
1303 1892 1343 1922 είς
1369 1890 1444 1921 τέλος
1470 1889 1643 1925 ἐπιτηδεύειί
1670 1889 1713 1915 Ἐν
1732 1886 1887 1922 παραδείσῳ
1910 1885 1941 1911 re

1152 1937 1260 1973 πρῶτον
1274 1937 1320 1963 τοῦ
1334 1936 1436 1973 ὑψηλοῦ
1452 1935 1597 1972 ἀνθρώπου
1614 1934 1726 1970 πτῶμα,
1738 1935 1769 1960 ἐν
1784 1931 1941 1968 παραδείσῳ

1152 1983 1200 2012 καὶ
1215 1982 1262 2010 νῦν
1273 1984 1297 2009 οἱ
1313 1983 1440 2018 γέροντες
1455 1983 1531 2019 παρὰ
1553 1982 1600 2009 τοῦ
1627 1982 1714 2016 ὄφεως
1738 1979 1940 2016 ἑνεργούμενοι,

1151 2027 1200 2062 τῆς
1222 2027 1340 2062 ἀρχικῆς
1365 2026 1443 2062 δόξης
1465 2026 1645 2056 ἐκπίπτουσι,
1662 2024 1781 2059 γίνονται
1808 2022 1854 2053 δὲ,
1880 2020 1942 2048 ἀντὶ

1153 2073 1264 2109 κριτῶν,
1280 2072 1548 2108 καταδεδικασμένοι,
1567 2072 1617 2107 τῆς
1632 2071 1705 2106 ζωῆς
1725 2069 1867 2104 ἀλλότριοι.
1893 2068 1941 2094 καὶ

1153 2118 1202 2153 τῆς
1217 2119 1354 2154 ἁμαρτίας
1370 2118 1494 2155 ἐργάται.
1526 2117 1596 2146 Ἀλλ’
1621 2115 1738 2143 ἐνταῦθα
1762 2115 1811 2150 μὲν
1836 2113 1942 2148 ἀνδρῶν

1154 2165 1300 2205 ἐκράτησε,
1317 2165 1366 2200 τῆς
1390 2165 1419 2192 δὲ
1436 2164 1565 2199 γυναικὸς
1584 2162 1699 2199 ἡττήθη,
1724 2161 1817 2188 καὶτὸ
1842 2159 1943 2205 κοῦφον

1154 2202 1203 2246 τῆς
1219 2209 1330 2246 πρώτης
1341 2210 1486 2246 ἀνθρώπου
1508 2210 1556 2237 ἐπὶ
1569 2209 1619 2245 τῆς
1630 2207 1803 2238 Βαϐυλωνίας
1818 2206 1867 2240 οὐχ
1879 2202 1944 2240 εὗρε

1155 2256 1283 2288 νεάνιδος.
1297 2257 1351 2284 Καὶ
1366 2256 1455 2289 καλῶς
1471 2256 1504 2283 ἂν
1518 2256 1589 2282 εἴποι
1599 2264 1651 2288 τις,
1664 2255 1703 2285 ὡς
1717 2254 1767 2280 οὐκ
1782 2253 1840 2279 ἔστι
1854 2251 1944 2277 Βαευ-

1156 2301 1209 2328 λὼν
1224 2302 1353 2337 σύγχυσις
1366 2302 1411 2328 διὰ
1425 2301 1579 2334 Σωσάνναν,
1598 2299 1666 2327 ἀλλὰ
1689 2299 1806 2334 τήρησις
1829 2296 1945 2324 ἐντολῶν

1157 2346 1235 2378 Θεοῦ,
1250 2347 1357 2381 φυλακὴ
1369 2346 1554 2381 σωφροσύνης,
1566 2345 1643 2376 πόλις
1660 2344 1789 2379 ἀνδρικῆς
1805 2341 1945 2377 γυναικὸς,

1157 2392 1238 2425 τόπος
1253 2392 1349 2428 ἑορτῆς
1366 2391 1509 2418 ὲτιινικίον.

322 2442 368 2469 Dei
394 2441 610 2471 observationem
635 2446 666 2466 ac
691 2439 823 2467 castitatis
844 2439 994 2467 custodiam
1007 2457 1014 2471 ,
1033 2438 1102 2466 virili
1122 2444 1232 2476 pectore
1248 2439 1369 2466 inLiieris
1385 2438 1540 2470 civitatem;
1556 2437 1624 2464 latae
1645 2443 1695 2471 pro
1727 2434 1838 2462 victoria
1870 2433 1947 2460 festi-

321 2488 412 2516 vitatis
426 2487 522 2515 locmn.

358 2535 434 2562 lianc
459 2542 520 2569 ego,
544 2539 573 2562 ut
600 2532 759 2561 intermedia
780 2536 883 2558 tantum
903 2531 1021 2565 excipias
1037 2535 1107 2558 tern-

307 2588 400 2626 ipora,
414 2587 475 2607 cum
494 2585 571 2607 casto
599 2579 697 2614 Ioseph
712 2578 819 2605 virtutis
840 2576 1015 2606 similitudine
1033 2584 1107 2603 com.

326 2634 406 2662 pono.
424 2624 496 2653 Sisto
510 2629 597 2652 autem
615 2625 755 2653 honestam
770 2623 895 2651 feminam
911 2630 989 2650 secus
1005 2627 1108 2650 castum

325 2673 427 2706 virum,
443 2670 497 2699 Deo
515 2671 629 2698 amicam
641 2679 718 2702 secus
739 2670 821 2697 lilium
838 2669 933 2703 lsrael;
955 2676 1034 2695 unam
1053 2676 1110 2694 am-

325 2715 411 2748 bobus
431 2724 463 2743 ac
478 2716 600 2744 eamdem
626 2723 676 2750 pro
691 2717 815 2743 castitate
836 2715 946 2751 impono
966 2722 1108 2746 coronam,

325 2764 513 2796 Victorutnqne
541 2761 653 2796 pedibus
675 2762 795 2789 devictos
821 2761 980 2792 subslerno;
1011 2758 1109 2793 .Ioscph

326 2808 448 2843 quidem,
465 2807 628 2842 impudicam
643 2807 806 2843 Egyptian),
821 2805 891 2833 servi
906 2805 981 2832 liberi
1002 2805 1110 2836 heram;

329 2855 461 2882 Susanna!
474 2860 548 2884 vero,
571 2852 684 2881 infantes
701 2859 790 2885 senes,
810 2850 949 2879 Castitatis
967 2857 1013 2878 eos
1032 2849 1111 2876 iusti-

365 2958 386 2974 “
403 2951 492 2985 Matth.
516 2963 592 2987 wit,
611 2955 654 2987 εγ,

1195 2529 1301 2564 Ταύτην
1315 2528 1381 2563 ἐγὼ,
1395 2529 1458 2560 τοὺς
1486 2529 1514 2554 ἐν
1541 2528 1616 2563 μέσῳ
1649 2526 1761 2563 χρόνους
1783 2524 1896 2555 ἀνελὼν,
1914 2524 1949 2557 τῇ

1159 2573 1297 2610 ὁμοιότητι
1309 2574 1356 2609 τῆς
1368 2573 1476 2609 ἀρετῆς,
1491 2573 1559 2609 πρὸς
1571 2572 1617 2599 τον
1630 2572 1732 2606 κόσμον
1759 2569 1855 2604 Ἰωσὴφ
1870 2568 1931 2602 ἄγω
1941 2576 1948 2583 ·

1161 2621 1255 2656 ἴστημι
1282 2619 1310 2646 δὲ
1339 2619 1387 2654 τὴν
1402 2620 1557 2655 εὐσχήμονα
1575 2618 1651 2654 παρὰ
1674 2617 1718 2644 τὸν
1736 2616 1864 2652 σώφρονα
1875 2635 1883 2646 ,
1900 2615 1952 2649 τὴν

1161 2665 1199 2701 τῷ
1214 2664 1272 2700 Θεῴ
1285 2665 1365 2700 φίλην
1379 2664 1454 2700 παρὰ
1468 2664 1512 2690 τὸν
1528 2664 1609 2691 παῖδα
1622 2662 1669 2689 τοῦ
1689 2661 1807 2697 Ἰσραήλ.
1821 2660 1889 2686 Ἕνα
1904 2659 1954 2686 καὶ

1162 2711 1208 2737 τὸν
1224 2710 1302 2737 αὑτὸν
1317 2710 1491 2746 ἀμφοτέροις,
1505 2709 1548 2736 τὸν
1562 2709 1687 2745 ύπὲρτῆς
1698 2705 1875 2742 σωφροσύνης
1892 2705 1954 2731 ἐπι-

1163 2756 1258 2792 τίθημι
1271 2757 1415 2791 στέφανον·
1433 2755 1591 2791 ὑπορῤίπτω
1607 2755 1635 2781 δὲ
1658 2755 1714 2786 τοῖς
1731 2753 1794 2780 ποσὶ
1809 2751 1861 2778 τῶν
1876 2759 1950 2785 νικη-

1166 2801 1269 2828 σάντων
1282 2802 1344 2834 τοὺς
1366 2802 1550 2838 ἡττημένους·
1567 2802 1607 2836 τῷ
1623 2801 1672 2836 μὲν
1691 2799 1789 2835 Ἰωσὴφ
1802 2818 1810 2830 ,
1827 2798 1876 2833 τὴν
1891 2797 1946 2824 ἀκό

1166 2849 1262 2876 λαστον
1275 2849 1436 2883 Αἰγυπτίαν,
1459 2848 1507 2884 τὴν
1516 2848 1659 2875 δέσποιναν
1673 2846 1719 2872 τοῦ
1741 2843 1882 2879 ἐλευθέρου
1894 2843 1943 2869 ὀού
