2076 3155
252 195 303 222 ΞΠ

887 195 916 222 S.
937 193 1073 221 ASTEBII
1094 194 1248 222 AMASENI

1825 195 1880 224 248

252 260 378 281 sermone
392 261 515 289 exsurge.
529 254 577 281 Dic
590 259 617 281 tu
632 254 713 282 etiam
728 262 735 281 :
755 253 884 281 lmwccns
896 261 943 289 ego
955 262 971 280 α
983 261 1043 280 aan-

1096 253 1154 280 τότε
1185 253 1258 288 παρά
1278 253 1326 280 τοῦ
1344 253 1519 289 Πνεύματος·
1547 254 1609 281 είπὲ
1628 254 1675 281 καὶ
1705 253 1747 286 σὺ,
1777 253 1880 288 Ἀθῶός

251 301 330 334 guine
345 300 435 335 hujus,
449 300 584 335 quomodo
604 305 698 335 postea
722 299 826 327 Pilatus
846 300 976 328 adversus
997 301 1039 327 l'u-

253 350 345 373 rentes
360 345 486 373 Hebraeos
498 345 532 372 “.
552 345 622 372 Voca
638 345 735 373 iterum
753 347 786 373 ad
807 345 1040 380 judiciumpopu»

255 390 322 423 lum,
338 391 426 425 incipe
442 391 515 417 litem
529 390 599 417 male
613 390 778 424 absolutam,
793 397 900 417 reorum
911 389 971 418 loco
984 395 1041 421 sta-

251 439 297 462 tue
325 435 382 462 falsi
400 435 518 463 nominis
542 435 667 470 jndices,
693 440 873 464 commutetur
895 436 1040 470 praesidum

251 483 327 515 ordo,
343 483 487 517 videatque
508 483 605 510 mulier
620 483 693 511 viros
705 491 784 511 senes
794 503 801 516 ,
814 490 866 517 qua
887 483 946 517 ipsa
961 483 1042 518 paulo

252 533 314 555 ante
330 528 433 555 ratione
449 529 508 555 urbi
518 531 676 562 spectaculo
691 529 751 557 fuit.
763 529 802 556 Tu
816 529 954 565 captivus,
967 529 1042 556 cives

249 573 359 608 judica;
377 574 487 608 hospes,
511 575 585 602 viros
606 575 764 611 indigenas;
778 575 886 610 juvenis
899 595 907 608 ,
923 580 1039 602 veteres.

253 619 400 647 Commoda
413 626 521 647 sacrum
533 628 564 648 os
577 621 707 656 Spiritui;
723 629 776 649 non
788 622 859 649 enim
876 622 959 649 habes
970 621 1040 649 labia

254 665 408 698 immunda,
431 665 469 692 uti
489 673 518 693 se
541 665 624 693 Isaias
641 666 810 702 despiciens,
831 667 870 694 ait
890 667 928 700 ";
952 673 1041 701 neque

254 717 309 737 uno
329 711 362 737 de
378 711 514 745 serapbim
542 717 588 739 aut
609 712 766 748 purgatorio
780 713 900 740 carbone
921 713 1040 748 indiges.

254 755 405 783 Prudenter
420 764 515 792 separa
531 757 613 785 falsos
627 759 733 793 judices
744 778 752 790 .
767 763 796 785 ut
819 766 854 786 ne
871 758 924 786 tuis
934 765 1042 793 quoque

255 802 526 837 interrogationibus,
539 804 577 831 uti
593 805 698 832 mulieri
713 804 739 832 in
751 805 846 837 horto,
861 804 1042 832 consensione

254 848 388 876 insiliant.
403 849 470 876 Nam
486 854 514 877 et
528 849 594 878 illud
617 851 763 885 prudenter
778 850 975 884 intelligamus,
988 857 1041 885 quo

256 900 297 922 ter
315 895 410 923 beatus
431 904 498 931 puer
517 897 660 924 verborum
678 901 772 924 tenore
791 897 826 924 sit
842 903 920 924 orsus
937 903 1041 924 sermo-

256 948 316 968 nem
334 950 341 968 :
365 941 511 969 Inuelerate
532 942 634 969 dierum
659 943 811 970 malorum:
828 950 898 969 nunc
917 947 1040 969 uenertmt

255 991 361 1021 peccata
374 992 420 1014 tua
431 980 489 1022 qua:
505 988 620 1022 faciebas
634 989 724 1021 prius,
744 988 921 1018 condemnari:
937 987 1041 1022 quidem

255 1033 380 1065 insontes,
391 1033 523 1060 absolvens
534 1041 592 1060 uero
603 1041 671 1060 reor.
684 1034 707 1061 0
719 1033 892 1066 miraculum,
905 1040 1042 1069 magnam-

255 1085 308 1111 que
329 1078 447 1112 Spiritus
470 1079 641 1106 libertatem!
665 1078 716 1106 Ubi
741 1079 809 1106 enim
831 1078 945 1113 Spiritus
968 1083 1040 1110 erat,

256 1124 311 1151 illic
322 1124 429 1151 libertas
441 1125 475 1151 ".
494 1124 595 1152 Videtis
608 1125 692 1158 enim,
704 1130 732 1152 ut
746 1132 834 1160 neque
849 1126 875 1152 in
890 1125 948 1159 ipso
960 1131 1042 1151 exor-

256 1170 305 1196 dio.
313 1169 423 1202 timeat;
434 1170 480 1197 sed
488 1174 516 1196 ut
527 1169 553 1197 in
568 1170 621 1197 ima
633 1170 689 1204 ipsa
700 1169 875 1201 conscientia
887 1170 1041 1202 intendens,

256 1222 289 1241 ac
315 1215 422 1242 animos
445 1222 539 1242 senum
566 1220 738 1250 peccatorum
760 1215 906 1250 apothecas
928 1215 1041 1249 videns,

259 1265 344 1288 testes
368 1261 477 1295 quidem
492 1268 525 1288 ac
547 1261 722 1296 probationes
739 1268 792 1288 non
811 1265 933 1296 quaerat;
949 1261 1044 1289 durius

257 1311 346 1334 autem
358 1313 406 1342 per
423 1306 614 1334 contumeliam
635 1307 750 1342 appellet
761 1328 769 1339 ,
785 1312 816 1334 ut
835 1308 880 1342 qui
895 1307 1042 1342 propheta,

257 1353 419 1381 sententiam
430 1354 559 1389 scriptam
575 1354 602 1380 in
616 1358 726 1388 pectore
743 1354 866 1382 haberet.
882 1355 922 1381 Ac
934 1354 1042 1389 quidem

257 1400 329 1435 quod
341 1404 446 1434 spectat
464 1400 497 1428 ad
510 1401 608 1434 ipsum,
625 1407 674 1427 nec
686 1399 832 1435 quidquam
850 1400 978 1434 dixisset;
997 1400 1043 1428 sed

257 1444 332 1472 nulla
350 1452 426 1472 mora
442 1444 538 1473 abduci
547 1444 690 1480 jusslsset;
706 1445 769 1480 quia
782 1451 872 1473 tamen
892 1446 1045 1474 suadendus

258 1496 319 1519 erat
347 1491 478 1526 insipiens
507 1491 639 1527 populus,
665 1491 792 1527 levesque
811 1491 932 1527 iudices,
951 1494 996 1528 qui
1011 1500 1046 1521 ex

252 1538 381 1565 actorum
397 1537 487 1572 potius
502 1537 684 1571 canis,'quam
697 1545 729 1564 ex
747 1539 863 1565 veritate
879 1539 1046 1572 sanxissent,

1090 301 1149 334 ειμι
1168 299 1226 326 ἀπὸ
1240 299 1293 326 τοῦ
1305 300 1429 335 αἵματος
1438 301 1560 334 ταύτης,
1572 300 1610 332 ὡς
1623 300 1669 327 καὶ
1679 300 1795 333 Πιλᾶτος
1807 300 1880 328 ὔστε-

1093 353 1138 381 ρον
1157 345 1228 372 κατὰ
1244 345 1299 372 τῶν
1311 346 1480 382 μαινόμενων
1503 346 1646 382 Ἐὃραίων.
1678 346 1820 373 Ἀνάλυσον
1835 346 1881 374 τὸν

1092 390 1156 417 λαὸν
1167 391 1214 418 ἐπὶ
1224 390 1255 417 τὸ
1270 391 1427 426 κριτήριον⁶
1445 390 1489 422 δὸς
1517 390 1604 426 ἀρχὴν
1630 391 1662 426 τῇ
1687 390 1761 426 δίκῃ,
1788 390 1881 422 κακῶς

1091 433 1264 471 τελεσθείσῃ·
1296 434 1395 469 στῆσον
1415 434 1591 470 κρινομένους
1609 434 1800 470 ψευδωνύμως
1819 444 1880 471 κρι-

1090 481 1156 513 τάς·
1172 480 1344 516 ὲναλλαγήτω
1359 480 1414 507 τῶν
1434 480 1595 516 προστατῶν
1610 482 1627 516 ἡ
1641 480 1729 514 τάξις,
1749 481 1798 508 καὶ
1815 481 1882 508 θεω-

1093 527 1175 563 ρείτω
1191 527 1208 562 ή
1231 526 1300 561 γυνὴ
1325 527 1389 558 τοὺς
1414 517 1556 562 γέροντας,
1578 526 1616 558 ὡς
1629 527 1696 562 αὐτὴ
1712 527 1765 562 πρὸ
1790 527 1881 561 ὀλίγον

1092 572 1180 608 θέαμα
1191 573 1239 607 τῆς
1251 573 1355 604 πόλεως
1364 571 1408 608 ἦν.
1422 574 1533 608 Κρῐνον,
1543 574 1558 600 ὁ
1567 572 1751 608 αἰχμάλωτος,
1761 573 1824 606 τοὺς
1834 582 1883 600 πο-

1091 619 1168 650 λίτας
1178 624 1184 631 ⁸
1202 619 1216 644 ὁ
1231 618 1314 652 ξένος,
1331 618 1394 650 τοὺς
1419 618 1570 654 ἐγχωρίους
1580 626 1588 633 ⁵
1617 619 1632 645 ὁ
1645 618 1706 650 νέος
1717 638 1725 650 ,
1746 619 1809 650 τοὺς
1826 627 1881 646 πα-

1091 663 1192 695 λαιούς.
1208 663 1318 699 Χρῆσον
1335 663 1411 697 ἅγιον
1426 664 1513 698 στόμα
1534 663 1574 699 τῷ
1592 664 1730 700 Πνεῦματι
1743 674 1749 681 ·
1773 665 1804 692 οὐ
1829 666 1882 702 γὰρ

1091 709 1235 745 ἀκάθαρτα
1260 709 1336 746 χείλη
1364 709 1451 745 ἔχεις.
1466 710 1505 742 ὡς
1527 711 1640 743 Ἡσαΐας
1654 711 1734 738 αὑτὸν
1749 712 1882 746 ἐξευτελί-

1092 753 1146 785 ζων
1159 754 1254 789 φησίν·
1272 754 1333 780 οὐδὲ
1347 754 1406 786 ἑνὸς
1421 754 1475 781 τῶν
1487 756 1623 791 σεραφεὶμ
1634 775 1641 788 ,
1656 757 1703 783 καὶ
1717 757 1764 784 τοῦ
1781 757 1883 793 καθαρ-

1093 799 1151 825 σίου
1165 798 1302 834 ἄνθρακος
1316 799 1437 835 χρῄζεις.
1455 800 1588 836 ξίώρησον
1602 801 1692 836 σοφῶς
1702 803 1764 834 τοὺς
1776 802 1881 838 ψευδω-

1091 843 1193 879 νύμους
1209 845 1315 880 κριτὰς,
1332 845 1375 871 ἵνα
1393 844 1489 880 μήκαὶ
1501 847 1562 878 ταῖς
1575 847 1635 878 σαίς
1649 848 1799 882 ἐρωτήσεσι
1814 856 1882 884 συμ-

1093 890 1188 925 φώνως
1219 891 1424 926 ὲπιπηδήσωσιν
1440 911 1447 924 ,
1478 891 1516 923 ὡς
1543 892 1571 919 ὲν
1601 892 1640 928 τῷ
1665 894 1820 930 παραδείσῳ
1846 896 1881 929 τῇ

1057 926 1080 954 Β
1091 937 1211 971 γυναικί.
1230 937 1281 964 Οῖα
1297 937 1351 973 γὰρ
1364 938 1410 965 καὶ
1422 938 1438 973 ἡ
1453 937 1524 974 ἀρχὴ
1537 938 1591 966 τῶν
1608 926 1695 974 λογων
1705 926 1752 967 τοῦ
1766 926 1882 976 ἰτρίσμιιζ

1092 982 1189 1018 καρίου
1209 982 1312 1014 παιδὸς,
1330 983 1448 1015 συνετῶς
1463 984 1684 1020 καταμάθωμεν·
1709 987 1881 1013 narrauimu-

1089 1027 1163 1062 μένε
1176 1027 1295 1062 ἡμερῶν
1303 1028 1403 1058 κακῶν
1412 1037 1419 1043 '
1434 1028 1493 1056 νῦν
1508 1029 1602 1064 ἣκασί
1614 1038 1672 1058 σου
1694 1033 1722 1059 αἱ
1732 1031 1880 1066 ἁμαρτίαι,

1092 1072 1129 1105 ἃς
1144 1073 1257 1106 ἐποίεις
1275 1073 1308 1099 τὸ
1323 1074 1477 1108 πρότερον,
1496 1075 1567 1108 τοὺς
1581 1076 1641 1110 μὲν
1657 1075 1772 1109 ἀθώους
1793 1084 1881 1103 κατα-

1092 1118 1212 1152 κρίνων,
1230 1119 1374 1146 ἀπολύων
1384 1119 1418 1146 δὲ
1433 1120 1504 1154 τοὺς
1516 1122 1641 1155 αἰτίους.
1660 1121 1693 1148 ’Ὤ
1712 1121 1760 1148 τοῦ
1773 1121 1879 1157 θαύμα-

1092 1172 1148 1196 τος.
1164 1165 1210 1191 καὶ
1221 1164 1271 1199 τῆς
1287 1165 1409 1201 μεγάλης
1421 1166 1577 1202 ἐλευθερίας
1591 1167 1638 1194 τοῦ
1652 1167 1808 1203 Πνεύματος
1818 1168 1824 1194 ί
1836 1164 1882 1194 οὔ

1093 1209 1148 1246 γὰρ
1163 1210 1196 1237 τὸ
1207 1211 1324 1246 πνεῦμα
1337 1209 1386 1247 ἦν,
1402 1213 1565 1247 ἐλευθερία.
1587 1214 1685 1249 Ὁρᾶτε
1696 1214 1760 1250 γὰρ,
1771 1214 1809 1245 ὼς
1819 1214 1880 1241 οὐδὲ

1093 1258 1122 1284 ἐν
1141 1257 1293 1293 προοιμίοις
1312 1258 1521 1286 ὑποστέλλεταιθ
1535 1259 1592 1286 ἀλλ’
1613 1261 1653 1293 εἰς
1671 1260 1701 1287 τὸ
1724 1260 1804 1295 βάθος
1832 1259 1879 1287 τοῦ

1095 1303 1246 1336 συνειδότος
1264 1305 1430 1337 ὲνατενίσας,
1447 1305 1492 1332 καὶ
1525 1305 1631 1341 βλέπων
1654 1306 1703 1339 τὰς
1721 1306 1810 1342 ψυχὰς
1825 1306 1881 1334 τῶν

1095 1350 1231 1386 γερόντων
1261 1351 1403 1387 ἀποθήκας
1425 1353 1567 1388 ἁμαρτιῶν
1580 1374 1588 1386 ,
1607 1353 1749 1389 μάρτυρας
1768 1354 1817 1389 μὲν
1833 1353 1881 1380 καὶ

1095 1396 1248 1429 ἀποδείξεις
1263 1397 1292 1423 οὑ
1311 1398 1403 1432 ζητεῖ·
1422 1398 1538 1433 ὑῦρίζων
1565 1399 1594 1426 δὲ
1610 1399 1736 1434 ἐπαχθῶς
1760 1407 1882 1435 προσκα-

1095 1442 1192 1473 λεῖται,
1209 1443 1302 1479 ἐπειδὴ
1312 1444 1361 1480 τὴν
1379 1444 1515 1479 ἀπόφασιν
1533 1445 1589 1481 ἔχει
1615 1446 1808 1481 γεγραμμένην
1834 1445 1882 1472 ἐπὶ

1095 1489 1143 1516 τοῦ
1174 1489 1289 1525 στήθους
1314 1490 1329 1516 ὁ
1354 1491 1506 1526 προφήτης.
1532 1491 1585 1518 Καὶ
1609 1492 1670 1518 ὅσον
1696 1500 1728 1526 γε
1748 1493 1788 1525 είς
1801 1492 1882 1519 αὐτὸν

1092 1529 1174 1569 ἧκεν,
1192 1535 1243 1562 οὐκ
1257 1535 1290 1562 ἂν
1302 1535 1362 1562 οὐδὲ
1387 1534 1447 1563 εἶπέ
1461 1546 1497 1570 τι,
1519 1537 1576 1564 ἀλλ’
1589 1537 1780 1573 ἀνυπερθέτως
1797 1539 1829 1573 τῇ
1845 1546 1884 1564 τι·

260 1584 341 1610 etiam
356 1583 470 1611 seorsim
487 1583 594 1617 positis,
614 1583 835 1618 interrogationis
854 1584 964 1612 adhibet
985 1592 1046 1619 pro-

1099 1580 1189 1615 μωρίᾳ
1206 1580 1401 1616 παρέπεμψεν·
1417 1581 1460 1608 ἵνα
1475 1581 1504 1609 δὲ
1518 1582 1601 1620 πείσῃ
1621 1582 1685 1610 λαὸν
1705 1583 1820 1619 ἄφρονα,
1836 1583 1884 1610 καὶ

261 1629 415 1660 tuitionem,
439 1636 527 1664 exque
543 1629 651 1656 dissona
676 1629 851 1664 responsione
875 1630 1046 1658 mendacium

261 1675 372 1711 arguit:
393 1683 426 1702 ac
450 1675 503 1702 lata
520 1675 672 1707 sententia,
694 1682 746 1702 non
762 1675 939 1703 carnificibus
965 1677 1049 1704 tradit

262 1729 341 1755 rens,
365 1722 412 1749 sed
429 1722 530 1749 ultores
546 1721 657 1756 angelos
680 1721 813 1748 adversus
836 1729 884 1749 eos
907 1723 1023 1750 accersit
1039 1731 1046 1750 :

251 1768 303 1794 tsic
319 1766 456 1799 nimirum,
469 1773 557 1801 eoque
570 1765 680 1794 cumulo
695 1770 850 1794 sanctorum
868 1768 991 1802 provexit
1005 1768 1048 1795 di-

261 1813 370 1847 gnitas,
391 1817 421 1840 ut
441 1817 468 1840 et
487 1812 601 1840 virtutes
619 1811 770 1840 invisibiles
792 1812 844 1840 illis
865 1813 996 1849 obsequio
1018 1822 1050 1842 ac

263 1859 395 1887 ministra:
412 1859 513 1887 adsint.

297 1992 425 2025 Quanam
448 1999 513 2020 vero
527 1992 655 2028 deinceps
676 1993 748 2021 facta
768 1999 831 2021 sunt
845 1995 967 2022 scelestis
978 1995 1051 2022 seni-

263 2040 331 2066 hus?
357 2038 460 2066 Mutato
479 2038 601 2073 judicio,
628 2048 690 2068 cum
714 2046 836 2068 veterum
859 2041 1045 2076 iniquitatum,

264 2090 321 2111 tum
337 2086 456 2113 recentis
473 2086 575 2120 peccati
589 2094 684 2120 poenas
696 2093 784 2115 morte
797 2088 902 2121 daturi;
922 2093 976 2115 tota
989 2096 1052 2117 vero

265 2130 384 2166 Babylon
402 2136 539 2166 gestarum
565 2140 655 2160 rerum
681 2134 859 2165 miraculum.
881 2142 914 2162 ac
932 2143 989 2162 rem
1013 2135 1053 2163 sic

266 2183 362 2203 novam
382 2176 408 2203 in
422 2184 470 2204 ore
487 2177 607 2211 habens,
620 2178 705 2206 Deum
729 2179 844 2208 canticis
856 2180 1051 2215 celebrabant,

264 2221 310 2255 qui
327 2220 468 2249 latentium
495 2222 645 2250 rabularum
660 2225 785 2252 notitiam
805 2226 832 2253 in
852 2227 987 2261 publicum
1013 2228 1052 2256 fe-

1099 1626 1196 1661 κριτάς
1212 1625 1330 1661 κούφους
1339 1628 1372 1662 τῇ
1388 1627 1470 1663 πολιᾷ
1483 1628 1538 1655 τῶν
1549 1629 1719 1664 κατηγόρων,
1730 1629 1761 1655 οὐ
1773 1630 1806 1665 τῇ
1819 1629 1886 1664 ἀλη-

1098 1671 1159 1707 θείᾳ
1185 1671 1360 1705 δικάσαντας,
1378 1673 1426 1700 καὶ
1441 1673 1490 1709 τὴν
1520 1675 1618 1709 πεῖραν
1650 1674 1701 1710 τῆς
1726 1675 1886 1710 ἐρωτήσεως

1098 1717 1313 1754 κεχωρισμένοις
1325 1719 1470 1754 προσάγει,
1492 1720 1582 1746 καὶτὸ
1594 1719 1692 1755 ψεῦδος
1715 1720 1748 1747 ὲκ
1763 1720 1812 1755 τῆς
1827 1719 1887 1747 δια-

1099 1764 1242 1800 φωνοὺσης
1268 1765 1442 1801 ἀποκρίσεως
1467 1765 1618 1802 διελέγχει·
1644 1767 1693 1793 καὶ
1725 1767 1774 1802 τὴν
1797 1766 1888 1802 κρίσιν

1099 1810 1260 1845 ἐξενεγκὼν,
1270 1812 1301 1839 οὑ
1320 1812 1428 1848 δημίοις
1443 1812 1550 1840 δίδωσιν
1567 1812 1743 1845 ὑπευθύνους,
1767 1812 1824 1839 ἀλλ’
1839 1813 1889 1846 ἀγ-

1099 1856 1196 1891 γέλους
1213 1857 1274 1884 κατ’
1294 1858 1383 1885 αὐτῶν
1395 1858 1591 1894 κολαστηρίους
1604 1859 1692 1886 καλεῖ.
1703 1859 1749 1891 Εἰς
1761 1858 1889 1885 τοσοῦτον

1099 1903 1155 1939 γὰρ
1168 1903 1275 1939 ηὐξήθη
1289 1903 1319 1930 τδ
1336 1903 1391 1930 τῶν
1407 1904 1493 1939 ἁγίων
1508 1904 1626 1940 ἀξίωμα,
1649 1904 1687 1939 ὡς
1704 1904 1832 1940 δυνάμεις
1844 1905 1890 1930 ἀο-

1101 1949 1201 1985 ράτους
1212 1949 1285 1985 ἔχειν
1298 1949 1349 1982 τὰς
1360 1950 1583 1986 ὑπηρετουμένας
1595 1951 1696 1982 αὐτοῖς.

1137 1995 1204 2022 Τίνα
1214 1995 1250 2022 τά
1264 1995 1329 2030 ἑξῆς
1345 1997 1402 2028 τοῖς
1422 1998 1530 2033 μιαροῖς
1543 1998 1674 2033 γέρουσι;
1691 1997 1855 2033 Προετράπη
1873 1997 1891 2032 ἠ

1102 2041 1193 2076 κρίσις
1205 2050 1213 2058 ε
1226 2041 1346 2077 ἀπῆλθον
1362 2041 1402 2073 δὲ,
1419 2041 1467 2068 καὶ
1479 2041 1534 2068 τῶν
1545 2041 1668 2069 παλαιῶν
1681 2041 1826 2077 ἀνομοιῶν,
1844 2041 1892 2068 καὶ

1102 2087 1151 2122 τῆς
1165 2086 1227 2118 νέας
1240 2086 1388 2122 ἁμαρτίας,
1406 2086 1524 2118 διδόντες
1535 2087 1578 2114 διὰ
1592 2087 1707 2115 θανάτου
1718 2087 1766 2123 τὴν
1793 2087 1871 2122 δίκην
1882 2094 1891 2102 ο

1103 2132 1231 2160 Βαϐυλὼν
1246 2132 1275 2159 δὲ
1288 2133 1362 2160 πᾶσα
1375 2133 1404 2160 τὸ
1429 2132 1581 2169 παράδοξον
1602 2132 1657 2159 τῶν
1680 2133 1832 2168 γενομένων
1847 2132 1894 2160 διὰ

1104 2178 1238 2214 στόματος
1255 2175 1339 2214 εἶχον,
1357 2178 1405 2205 καὶ
1422 2177 1517 2214 ὕμνοις
1541 2178 1587 2205 τὸν
1612 2178 1679 2205 Θεδν
1707 2179 1891 2214 ἀνευφήμουν,

1103 2225 1150 2252 τὸν
1163 2225 1217 2252 τῶν
1232 2225 1418 2252 λανθανόντων
1431 2225 1578 2261 δραμάτων
1606 2225 1656 2261 τὴν
1683 2224 1783 2259 γνῶσιν
1809 2224 1893 2260 δημο-

264 2267 357 2294 cisset.
374 2266 458 2295 Porro
479 2268 585 2297 ilelcias
601 2275 708 2306 recepta
729 2271 794 2304 tilia,
809 2277 881 2300 totus
899 2273 990 2302 animo
1009 2282 1046 2302 re-

1105 2271 1258 2299 σιεύσαντα.
1277 2271 1332 2298 Καὶ
1354 2271 1461 2303 Ἐλκίας
1474 2271 1544 2307 ὑπὲρ
1559 2271 1609 2307 τῆς
1624 2271 1718 2303 παιδὸς
1740 2270 1892 2305 ἀνενεώθη·

265 2320 378 2342 novatus
413 2319 468 2350 est;
507 2315 648 2350 Joacbim,
682 2318 781 2346 festum
819 2320 939 2348 victoria:
979 2321 1051 2350 diem

264 2361 362 2388 cecinit
393 2369 442 2397 pro
467 2370 568 2396 uxore;
599 2364 662 2397 filii,
689 2372 760 2393 vera:
802 2366 873 2394 illius
906 2375 938 2395 ac
970 2374 1052 2396 casta:

265 2409 392 2442 pignom,
421 2409 541 2438 vultibus
567 2410 666 2439 blande
697 2411 730 2438 ad
757 2412 840 2439 risum
874 2415 1048 2449 compositis,

265 2454 334 2480 circa
364 2459 477 2481 matrem
510 2457 678 2490 gestiebant,
714 2457 864 2492 debilisque
892 2459 936 2486 ille
967 2459 1055 2490 luctus

266 2504 338 2526 totus
365 2500 391 2526 in
419 2500 539 2527 laetitiam
561 2503 654 2529 cessit.
677 2503 730 2530 Vos
758 2507 868 2535 autem,
895 2503 1056 2541 Christipo-

270 2544 366 2579 pulus,
406 2545 528 2579 piissima
563 2554 595 2574 ac
626 2547 726 2576 salubri
761 2549 852 2575 audita
877 2551 1053 2585 narratione,

267 2597 301 2616 ue
344 2589 511 2624 negligenter
549 2593 667 2620 auditam
690 2595 858 2628 pnctereatis
877 2604 886 2621 :
914 2596 979 2631 quin
1001 2597 1055 2625 imo

266 2635 398 2663 doctrina:
409 2643 441 2663 ac
453 2636 655 2666 exercitationis
667 2640 728 2667 vita:
740 2645 939 2675 argumentum,
950 2650 1056 2670 sermo-

268 2689 328 2708 nem
342 2683 496 2709 assumatis.
510 2683 562 2710 Vos
576 2684 692 2717 fettiimr,
706 2687 867 2714 :umulamini
883 2687 1035 2716 Susannam
1046 2708 1054 2722 ,

268 2726 308 2753 sic
325 2727 391 2754 viris
407 2728 558 2755 castitatem
575 2735 683 2756 servate
696 2751 704 2764 ,
718 2731 756 2758 uti
783 2738 832 2758 suo
856 2731 901 2758 illa
917 2733 1054 2766 servavit;

270 2770 417 2806 maluitque
441 2773 495 2806 pati
521 2781 553 2800 ac
577 2773 655 2801 adire
679 2775 911 2810 perirula,quam
939 2778 1055 2804 mcecliia

271 2816 353 2844 l‘eum
369 2825 532 2852 pr0vocarc,
547 2819 604 2847 viro
625 2821 751 2855 probrum
778 2822 882 2854 facere,
913 2823 1007 2850 domos
1025 2831 1057 2851 ac

306 2906 327 2923 "
348 2906 539 2940 lll;tttlt.xxv|t,
553 2909 597 2935 2i.
636 2910 657 2925 Ν
676 2909 726 2937 lsn.
744 2917 780 2942 vl,
793 2910 818 2936 b.

1113 2318 1243 2353 Ἰωακεὶμ
1264 2319 1314 2354 τὴν
1325 2317 1459 2345 ἐπινίκιον
1468 2316 1535 2354 ᾖσεν
1549 2317 1619 2353 ὑπὲρ
1630 2316 1680 2351 τῆς
1692 2316 1820 2351 γυναικὸς
1833 2317 1895 2352 ὲορ-

1105 2365 1172 2400 τήν·
1192 2365 1285 2396 παῖδες
1297 2364 1335 2396 δὲ,
1350 2363 1464 2399 γνησίας
1484 2364 1531 2391 καὶ
1545 2364 1593 2399 τῆς
1621 2362 1758 2399 σώφρονος
1782 2362 1893 2397 ἔκγονα,

1108 2410 1230 2446 μειδιῶσι
1245 2409 1400 2446 προσώποις
1410 2409 1458 2445 τὴν
1470 2410 1574 2445 μητέρα
1584 2409 1791 2445 περιεσκίρτων,
1804 2408 1851 2436 καὶ
1863 2408 1895 2435 τδ

1106 2457 1260 2492 πολύδακρυ
1290 2455 1387 2487 πένθος
1410 2456 1615 2491 μετεσκευάσθη
1640 2455 1681 2487 είς
1711 2455 1893 2490 εὐφροσύνην.

1111 2503 1205 2538 Ὑμεῖς
1231 2502 1269 2532 δὲ.
1297 2498 1319 2528 ὦ
1334 2501 1380 2528 τοῦ
1398 2501 1516 2537 Χριστοῦ
1533 2501 1606 2534 λαὸς,
1631 2501 1828 2537 εὐσεϐεστάτης
1846 2501 1894 2528 καὶ

1104 2546 1272 2582 ψυχοφελοῦς
1287 2546 1407 2582 ἱστορίας
1421 2546 1597 2578 ἀκούσαντες,
1612 2546 1650 2582 μὴ
1671 2546 1825 2582 ἀδιαφόρως
1844 2546 1895 2581 τὴν

1105 2593 1191 2629 ἀκοὴν
1203 2592 1402 2628 παραδράμητε
1413 2601 1420 2608 ο
1438 2592 1507 2620 ἀλλά
1521 2592 1647 2619 παιδείαν
1659 2593 1706 2619 καὶ
1715 2592 1831 2628 ἄσκησιν
1845 2591 1894 2619 τοῦ

1106 2639 1239 2675 ὑμετέρου
1251 2639 1309 2674 βίου
1321 2639 1367 2666 τὸν
1379 2638 1458 2673 λόγον
1473 2638 1631 2674 ποιήσασθε.
1645 2639 1679 2665 Δί
1694 2640 1831 2674 γυναῖκες,
1845 2639 1894 2674 ζη-

1104 2684 1208 2710 λώσατε
1223 2684 1272 2719 τήν
1287 2684 1444 2711 Σωσάνναν·
1461 2683 1532 2711 οὕτω
1545 2683 1681 2718 φυλάξατε
1706 2685 1762 2716 τοῖς
1782 2683 1895 2719 ἀνδράσι

1105 2730 1154 2765 τὴν
1170 2730 1358 2766 σωφροσύνην,
1378 2731 1417 2762 ὡς
1435 2731 1525 2766 ἐκείνη
1550 2730 1589 2766 τῷ
1617 2730 1718 2766 ἑαυτῆς
1728 2738 1735 2745 ·
1751 2730 1847 2757 παθεῖν
1862 2738 1894 2756 τε

1106 2777 1152 2803 καὶ
1164 2776 1328 2804 κινδυνεύειν
1343 2776 1523 2810 καταδέξασθε
1539 2777 1649 2812 μᾶλλον,
1661 2777 1678 2812 ἢ
1704 2776 1810 2812 μοιχείᾳ
1827 2775 1895 2803 Θεὸν

1109 2823 1296 2859 παροργίζειν,
1311 2823 1394 2860 ἄνδρα
1411 2823 1611 2859 καταισχύνειν,
1626 2823 1716 2855 οἴκους
1731 2823 1778 2850 καὶ
1801 2822 1895 2854 ἑστίας

858 2912 879 2926 ’⁵
895 2911 915 2938 ll
927 2912 989 2939 Cor.
1006 2920 1045 2945 Ill,
1061 2913 1099 2940 l7.
