2076 3155
168 201 221 230 ω

631 205 774 235 IlUMlLlA
793 209 849 238 VII.
863 210 897 238 IN
917 211 1078 241 CASCUMA
1098 213 1318 243 NATIVITATE.

1739 218 1794 246 250

168 263 351 298 ἐξαφανίζειν,
366 264 463 296 παῖδας
471 264 638 300 ἀμφιϐόλους
647 267 820 303 ἐργάζεσθαι.
832 270 863 296 Οἱ
874 278 958 306 πρεσ-

1015 273 1124 301 lamilias
1144 274 1271 308 perdere,
1290 273 1386 303 dubias
1407 274 1496 308 proles
1513 275 1612 304 facere.
1630 274 1683 304 Vos
1698 283 1794 312 senes,

169 310 259 343 ϐὑται,
280 311 342 342 τοὺς
359 311 497 343 τοιούτους
510 313 643 346 μισήσατε
660 314 807 349 γέροντας·
835 317 859 343 οἱ
879 316 958 344 δυνά-

170 364 241 388 σται,
259 357 398 392 φοϐήθητε
422 357 476 384 τῶν
503 357 604 394 κριτῶν
632 361 799 396 παρανόμων
814 362 845 389 τὸ
864 363 956 395 τέλοςσ

169 403 193 428 οί
207 402 273 435 νέοι,
291 402 446 438 μιμήσασθε
456 403 500 430 τὸν
515 403 663 440 ἡλικιώτην
677 406 722 433 τὸν
737 407 806 440 νέον,
824 408 856 434 ἵν’
871 408 958 441 οὕτως

170 447 290 483 ἑκάστης
302 448 410 483 ήλικίας
427 450 466 480 είς
475 449 520 476 τὸν
535 449 620 476 τύπον
635 450 689 477 τῶν
703 452 794 478 καλῶν
808 453 959 489 μορφωθεί-

171 501 232 527 σης,
262 493 292 520 τὸ
318 495 371 520 πᾶν
387 495 522 530 πλήρωμα
547 495 597 531 τῆς
623 496 787 531 Ἐκκλησίας
814 498 890 533 ἅγιον
911 499 959 525 καὶ

171 539 316 574 εὐδόκιμον
327 540 446 575 γένηται,
464 541 494 566 ὲν
518 540 628 577 Χριστῷ
642 542 681 577 τῷ
696 543 804 578 Σωτῆρι
815 543 912 578 ’ήμῶν⁶
935 540 959 578 ᾧ

172 584 274 619 πρέπει
287 584 358 618 δόξα,
373 585 482 620 κράτος,
498 587 575 622 τιμὴ,
598 587 646 613 σὺν
660 587 700 622 τῷ
721 588 882 625 συνανάρχῳ
903 590 960 616 Πα-

172 631 227 665 cpi,
243 630 290 656 καὶ
304 629 344 664 τῷ
360 630 485 665 παναγίῳ
512 632 560 658 καὶ
574 632 699 668 ζωοποιῷ
723 633 881 669 Πνεύματι,
910 635 959 662 νῦν

172 676 219 702 καὶ
232 675 286 708 ἀεὶ,
297 676 344 703 καὶ
358 676 398 708 εἰς
412 676 476 708 τοὺς
489 676 591 709 αἰῶνας
602 677 657 705 τῶν
675 678 790 707 αἰώνων.
816 680 912 717 Ἀμήν.

338 789 392 822 Εἰς
411 790 464 816 τὸν
479 789 514 817 ἐκ
530 745 648 825 uinum;
662 794 790 828 τυφλόν.

211 844 384 881 Ἦκούσαμεν
399 846 500 882 ἀρτίως
517 847 565 875 τοῦ
583 848 642 875 υἱοῦ
663 849 712 885 τῆς
729 850 844 887 βροντῆς
867 851 959 879 Ἰωάν-

170 898 227 922 νου,
248 891 347 926 μᾶλλον
362 892 391 918 δὲ
413 892 459 919 τοῦ
475 893 554 928 άγίου
570 894 740 930 Πνεύματος,
753 895 802 923 τοῦ
818 896 863 923 τὸν
882 896 961 924 ἁλιέα

1008 327 1087 347 senes
1108 320 1153 354 qui
1177 320 1243 347 tales
1271 319 1325 347 sint
1361 320 1423 348 odio
1459 320 1573 354 habete;
1603 321 1792 357 magistratus,

1009 365 1163 399 iniquorum
1174 364 1295 399 iudicum
1311 365 1390 393 linem
1405 365 1516 392 timete:
1526 365 1650 401 juvenes,
1664 366 1792 402 aequalem

1008 409 1084 437 vobis
1098 409 1223 444 juvenem
1239 410 1393 444 imitamini,
1408 418 1461 445 quo
1474 412 1514 439 sic
1527 412 1599 439 omni
1613 416 1693 440 tetate
1707 412 1733 440 in
1746 412 1795 440 bo-

1008 463 1104 483 norum
1127 455 1241 482 formata
1258 460 1368 490 typum,
1383 456 1510 485 Ecclesiae
1524 462 1611 485 coetus
1623 458 1714 485 omnis
1730 466 1794 486 san-

1008 506 1067 529 ctus
1077 509 1110 529 ac
1123 501 1252 536 probatus
1266 501 1408 534 eﬁiciatur,
1427 503 1453 530 in
1468 503 1576 531 Christo
1593 502 1733 532 Salvatore
1747 511 1795 531 no-

1008 550 1079 578 stro;
1108 553 1188 581 quem
1216 549 1293 574 decet
1319 547 1422 581 gloria,
1443 552 1585 582 potestas,
1609 548 1705 582 honor,
1732 556 1794 576 cum

1010 591 1091 620 Patre
1105 598 1258 626 coaeterno,
1271 593 1497 628 sanctissimoque
1509 600 1541 621 ac
1554 594 1661 621 virilico
1675 594 1794 629 Spiritu,

1010 645 1082 666 nunc
1097 642 1124 665 et
1136 645 1253 674 semper,
1268 644 1295 667 et
1312 639 1337 666 in
1354 639 1451 667 secula
1467 639 1640 667 seculorum.
1661 639 1758 667 Amen.

1403 747 1431 774 ll.

1192 794 1227 822 In
1238 803 1334 822 meum
1345 804 1360 822 a
1374 747 1508 823 latinitate
1519 795 1542 812 ’⁸
1553 794 1620 831 ('57).

1044 851 1203 879 Audivimus
1222 851 1302 879 modo
1321 852 1411 880 divina
1436 851 1516 887 plane
1530 859 1563 880 ac
1574 851 1698 879 sublimia
1716 858 1798 886 argu-

1012 901 1104 924 menta
1132 898 1243 925 tonitrul
1267 897 1315 925 lilii
1343 897 1477 930 Joannis,
1498 905 1545 925 seu
1572 897 1662 932 potius
1679 897 1797 932 Spiritus

170 936 219 963 καὶ
238 937 421 974 χειροτέχνην,
441 939 602 974 συγγραφέα
623 941 671 966 καὶ
696 940 864 978 λογογράφον
878 943 962 979 ἐργα-

1015 943 1100 971 sancti
1110 963 1118 976 ,
1131 944 1178 978 qui
1200 945 1324 971 eumdem
1340 951 1374 972 ex
1389 944 1526 980 piscatore
1542 951 1575 972 ac
1595 943 1713 971 manuali
1732 943 1799 970 arti-

171 982 289 1017 σαμένου
317 982 396 1010 θείων
416 983 501 1015 ὅντως
519 984 565 1010 καὶ
583 983 693 1020 ὑψηλῶν
713 986 878 1014 ὑποθέσεων.
899 986 958 1020 Ἐξ-

171 1029 308 1063 mils-avra
326 1028 381 1064 γὰρ
401 1030 466 1065 ήμϊν
482 1030 583 1066 πολλὴν
602 1032 649 1058 καὶ
667 1032 776 1068 μακρὰν
789 1032 836 1059 τοῦ
858 1033 960 1069 Κυρίου

170 1074 296 1106 διάλεξιν,
314 1074 348 1101 δι’
367 1073 402 1112 ἧς
423 1075 468 1102 τὸν
485 1076 584 1112 ἀπειθῆ
606 1076 669 1104 λαὸν
688 1078 735 1104 καὶ
758 1078 899 1114 δυσήκοον,
912 1078 962 1114 τὴν

171 1119 217 1146 τοῦ
234 1120 340 1156 Πατρὺς
364 1121 410 1147 καὶ
431 1121 496 1148 Υίοῦ
515 1121 680 1156 θεογνωσίαν
695 1124 832 1156 ἐπαίδευε,
850 1124 899 1159 τῆς
915 1133 962 1160 μο-

170 1167 304 1202 ναρχικῆς
320 1167 424 1199 ἐννοίας
449 1167 504 1194 τῶν
526 1168 659 1204 Ἐϐραίων
678 1169 793 1204 ἀπάγων
806 1170 869 1202 τοὺς
888 1169 963 1205 λογι-

173 1212 269 1247 σμοὺς,
286 1211 403 1246 ἀνοίγων
419 1212 447 1239 δέ
466 1213 558 1246 αὐτοῖς
580 1213 628 1249 τὴν
640 1214 725 1250 θύραν
738 1214 790 1249 τῆς
806 1214 916 1250 χαρίτος
930 1215 962 1241 ἐκ

171 1256 221 1291 τῆς
237 1257 352 1292 νομικῆς
365 1257 552 1293 παραδόσεως,
568 1259 617 1285 καὶ
631 1258 700 1295 πρὸς
714 1259 764 1295 τὴν
779 1259 883 1295 Καινὴν
896 1260 960 1287 Δια-

172 1302 258 1338 θήκην
275 1304 307 1329 ἐκ
319 1303 368 1338 τῆς
381 1304 503 1336 Παλαιᾶς
516 1305 658 1341 ήρεμαίως
676 1306 760 1340 ἄγων,
781 1305 819 1338 ὡς
836 1306 885 1342 τῆς
900 1307 963 1342 ἐρή-

174 1357 225 1384 μου
239 1349 372 1385 πρότερον
385 1350 431 1377 ἐπὶ
443 1350 492 1386 τὴν
509 1351 561 1386 γῆν
579 1350 652 1387 [τήν]
663 1351 796 1378 πλουσίαν
808 1352 855 1378 καὶ
866 1351 964 1388 εὔκαρ-

173 1403 234 1422 πον.
255 1395 325 1421 Ἀλλ’
345 1396 419 1431 ὅμως
439 1395 592 1429 δεικνύντος
607 1396 690 1424 αὑτοῦ
708 1397 838 1429 ποικίλως
854 1398 900 1425 καὶ
913 1397 963 1433 τὴν

175 1440 242 1467 ίὸίαν
261 1440 390 1477 ὕπαρξιν,
411 1441 449 1473 ὡς
472 1442 634 1479 προαιώνιος
648 1442 777 1478 ὑπάρχει,
793 1443 841 1470 καὶ
861 1443 905 1470 ἀεὶ
923 1443 963 1478 τῷ

174 1486 260 1522 Πατρὶ
281 1487 454 1523 συνημμένη.
474 1489 522 1514 καὶ
540 1488 688 1524 διαρρήδην
712 1490 771 1521 τοῖς
793 1490 895 1524 κωφοῖς
917 1489 964 1526 ἐμρ

173 1532 305 1566 ϐοῶντος·
332 1533 401 1570 Πρὶν
433 1534 559 1570 Ἀϐραὰμ
581 1535 707 1570 γενέσθαι
732 1535 788 1570 ἐγώ
807 1537 879 1571 είμι·
901 1535 963 1563 οὔτε

172 1578 219 1605 τοῦ
245 1578 325 1614 λόγου
352 1579 482 1615 μαθόντες
505 1580 554 1617 τὴν
581 1581 711 1618 δύναμιν,
736 1581 798 1609 οὔτε
822 1581 867 1609 διά
889 1591 963 1614 τινος

173 1625 355 1661 ἐπιστήμονος
373 1615 558 1662 ἀντιρρήσεως
572 1627 603 1654 τὸ
618 1615 656 1664 μή
677 1627 846 1664 παραδεχθέν
860 1628 962 1663 διελέγ-
975 1615 997 1644 c

175 1670 278 1703 ξαντες,
295 1672 342 1698 ἐπὶ
365 1673 429 1705 τοὺς
448 1672 540 1705 λίθους
560 1673 620 1700 ἀντὶ
642 1673 697 1700 τῶν
712 1673 807 1709 ’λόγων
826 1673 963 1710 ἐχώρουν·

175 1717 222 1744 καὶ
251 1717 392 1754 πόρρωθεν
420 1717 468 1745 τοῦ
499 1719 616 1754 σταυροῦ
641 1719 691 1752 τὰς
728 1720 842 1754 φονικάς
870 1721 965 1756 χεῖρας

175 1763 243 1798 πρὸς
262 1763 312 1798 τὴν
335 1764 492 1799 μιαιφονίαν
508 1764 670 1800 ἐγύμναζον.
693 1765 722 1792 '0
744 1765 772 1791 δὲ
792 1765 886 1802 κρίνας
901 1774 966 1793 παν-

174 1809 258 1844 ταχοῦ
277 1809 459 1846 μακροθύμως
480 1810 552 1846 ἐχειν
573 1811 640 1847 πρὸς
665 1810 710 1837 τὸν
734 1810 865 1847 ὑϐριστὴν
881 1811 966 1846 δῆμον

175 1856 221 1882 καὶ
239 1855 410 1892 βλάσφημον,
431 1856 566 1889 ἐξέκλινεν
582 1856 672 1884 αὐτῶν
689 1856 739 1893 τὴν
752 1856 837 1893 ὀργὴν
855 1856 903 1884 καὶ
919 1857 966 1884 τδν

176 1900 299 1936 θόρυϐον·
322 1901 353 1927 οὐ
370 1902 506 1933 ταπεινῶς
522 1901 741 1937 ἀποδιδράσκων,
757 1900 824 1929 ἀλλὰ
844 1901 943 1934 θεῑκῶς
956 1909 964 1917 ο

175 1947 205 1978 ὃς
217 1948 245 1976 ἐν
260 1947 334 1983 μέσῳ
361 1956 392 1974 τε
408 1947 540 1983 εἱστήκει,
554 1948 601 1974 καὶ
615 1947 815 1983 ψηλαφώμενος
826 1947 876 1974 οὐκ
892 1947 967 1975 ἐϐλέ-

177 1993 252 2025 me,
276 1993 322 2020 καὶ
347 1994 404 2025 τοῖς
425 1993 620 2029 φλεγμαίνουσι
657 1993 889 2030 προστριϐόμενος
917 1993 967 2029 οὐχ

178 2040 295 2075 ἐωρᾶτο·
321 2039 380 2066 ἀλλ’
401 2040 565 2076 εἱστήκεσαν
583 2039 664 2071 ἐνεοὶ,
685 2041 718 2076 τῇ
736 2039 786 2076 μὲν
808 2039 968 2075 προαιρέσει

178 2084 337 2120 φονοῦντες,
353 2085 469 2113 καθότου
490 2086 519 2113 δὲ
530 2086 580 2122 τὴν
601 2085 686 2123 ὀργὴν
702 2085 926 2122 ἐκπληρώσωσιν
938 2085 963 2102 ’⁸

177 2130 226 2166 οὐχ
257 2130 446 2167 εὑρίσκοντες·
472 2131 561 2166 ὅμοιοι
587 2131 732 2166 θηρευταῖς
757 2131 891 2167 ἀπείροις,
920 2130 967 2163 οἶ,

177 2177 287 2204 ἐπειδὰν
300 2177 352 2213 πρὸ
364 2177 461 2214 καιροῦ
473 2177 522 2214 τήν
536 2177 623 2212 θήραν
633 2177 849 2212 άποσοϐήσουσιν
860 2177 894 2210 ⁸⁷,
902 2177 968 2204 ὐπο-

176 2223 333 2260 δραμούσης
359 2224 408 2260 τῆς
430 2224 532 2258 ἐλάφου
557 2222 661 2259 λόχμην
683 2222 763 2255 τινὰ,
786 2223 844 2262 καὶ.
857 2222 967 2258 ἀφανῶς

1012 989 1077 1021 tice,
1104 988 1264 1023 scriptorem
1285 995 1318 1016 ac
1339 992 1476 1016 oratorem
1493 988 1591 1016 ell'ecit.
1613 987 1716 1023 Quippe
1729 986 1800 1014 mul-

1013 1037 1066 1061 tam
1082 1033 1160 1061 nobis
1176 1041 1208 1061 ac
1221 1033 1354 1068 prolixam
1369 1038 1532 1062 enarrarunt
1552 1033 1657 1061 Domini
1674 1032 1797 1068 disputa-

1012 1078 1127 1111 tionem,
1144 1086 1195 1114 qua
1214 1079 1246 1112 is,
1264 1079 1298 1107 ab
1316 1078 1491 1107 Hebramrum
1511 1079 1628 1114 cogitata
1642 1077 1800 1106 mouarchia

1012 1123 1117 1151 animos
1128 1122 1275 1156 abducens,
1289 1129 1478 1152 contumacem
1492 1131 1525 1152 ac
1538 1123 1705 1151 incredulum
1717 1130 1802 1158 popu—

1012 1167 1066 1195 lum
1091 1168 1181 1195 divina
1201 1168 1290 1196 Patris
1312 1176 1345 1196 ac
1363 1167 1424 1196 Filii
1447 1169 1560 1197 scientia
1581 1168 1717 1202 erudiret;
1737 1175 1802 1204 por-

1013 1219 1066 1242 tum
1081 1214 1120 1242 eis
1136 1214 1231 1248 gratia
1248 1222 1264 1242 a
1275 1214 1354 1249 legali
1370 1214 1515 1243 traditione
1531 1215 1667 1250 aperlens,
1685 1215 1802 1247 sensim-

1012 1267 1065 1295 que
1094 1259 1214 1297 a‘VeIeri
1234 1253 1268 1288 ad
1282 1259 1396 1294 .Novum
1413 1260 1628 1294 Testamentum,
1647 1260 1720 1289 velut
1736 1260 1800 1288 olim

1012 1314 1028 1334 a
1043 1306 1151 1334 deserto
1163 1306 1197 1334 ad
1210 1306 1322 1334 divitem
1337 1306 1410 1334 illam
1430 1314 1463 1335 ac
1477 1306 1601 1342 frugibus
1619 1307 1731 1334 uberem
1746 1310 1800 1334 ter-

1013 1361 1086 1386 ram,
1101 1353 1214 1381 ducens.
1235 1353 1369 1381 Czeterum
1394 1353 1458 1381 dum
1473 1354 1496 1381 is
1518 1354 1593 1381 varie
1614 1358 1800 1388 prmternam

1012 1406 1088 1426 suam
1112 1399 1317 1433 exsistentiam,
1339 1406 1371 1426 ac
1397 1398 1471 1426 Patri
1495 1405 1604 1434 semper
1628 1397 1800 1432 coniunctam

1013 1443 1128 1479 probat,
1153 1451 1186 1472 ac
1206 1444 1307 1471 diserte
1327 1443 1408 1472 caecis
1431 1442 1559 1472 inclamat
1585 1450 1648 1472 esse
1673 1450 1704 1471 se
1737 1447 1802 1471 ante

1014 1487 1151 1516 Abraham
1169 1489 1208 1523 ";
1225 1489 1291 1516 nihil
1307 1488 1344 1516 illi
1366 1489 1502 1517 sermonis
1524 1493 1666 1524 perspecta
1683 1488 1801 1521 virtute,

1014 1534 1141 1570 nullaque
1155 1535 1222 1563 scita
1241 1535 1455 1563 contradictione
1481 1536 1554 1570 quod
1581 1535 1683 1563 dictum
1702 1535 1803 1569 impro—

1014 1581 1116 1609 babant
1137 1586 1337 1617 coarguentes,
1368 1582 1512 1609 verborum
1539 1581 1599 1608 loco
1637 1581 1672 1608 ad
1699 1580 1804 1616 lapides

1015 1627 1217 1663 confugiebant,
1245 1636 1278 1656 ac
1290 1628 1335 1655 diu
1350 1631 1413 1655 ante
1424 1635 1532 1655 crucem
1547 1635 1643 1656 tnanus
1654 1626 1803 1655 homicidas

1016 1675 1049 1701 ad
1069 1673 1169 1701 caulem
1182 1674 1356 1701 exercebant.
1369 1673 1418 1701 Cui
1433 1680 1497 1701 vero
1515 1673 1614 1708 ubique
1626 1673 1802 1701 constitutum

1015 1724 1086 1747 esset
1111 1725 1140 1746 ut
1166 1720 1200 1746 ad
1213 1719 1440 1747 contumeliosum
1460 1726 1493 1746 ac
1511 1718 1698 1756 blasphemum
1722 1725 1805 1753 popo-

1016 1765 1071 1792 lum
1084 1764 1276 1800 longanimiter
1297 1765 1429 1796 haberet,
1454 1771 1546 1792 eorum
1566 1763 1712 1792 declinavit
1736 1764 1803 1793 iram

1017 1817 1097 1847 atque
1113 1811 1255 1839 tumultum
1271 1831 1278 1844 ,
1312 1818 1364 1839 non
1386 1810 1497 1844 humili,
1516 1810 1564 1839 sed
1580 1811 1669 1838 divina
1686 1810 1804 1846 quadam

1016 1857 1122 1892 fugiens
1144 1857 1249 1885 ratione
1263 1866 1270 1886 :
1286 1857 1332 1892 qui
1355 1857 1461 1885 medius
1477 1861 1573 1890 stans,
1590 1864 1623 1884 ac
1633 1864 1694 1884 eum
1712 1855 1805 1891 palpa-

1017 1907 1103 1935 retur,
1119 1910 1170 1930 non
1184 1907 1362 1936 cerneretur;
1380 1909 1546 1937 versansque
1568 1909 1629 1929 cum
1644 1901 1682 1928 ira
1698 1905 1802 1928 tumen-

1018 1948 1089 1976 tibus
1101 1944 1115 1982 ,’
1131 1955 1184 1976 non
1200 1947 1349 1975 videretur.
1367 1947 1511 1976 Steterunt
1527 1953 1592 1975 vero
1615 1946 1653 1974 illi
1675 1939 1805 1982 attoniti.

1017 1995 1099 2023 animi
1122 1995 1230 2031 quidem
1247 1995 1388 2030 proposito
1414 1994 1442 2022 in
1458 1994 1559 2022 caedem
1587 1993 1703 2025 intenti,
1731 1992 1805 2020 haud

1018 2047 1108 2070 tamen
1143 2041 1309 2070 invenientes
1337 2048 1389 2076 qua
1416 2040 1521 2068 ratione
1545 2039 1615 2068 iram
1630 2038 1800 2076 explerent;

1017 2087 1084 2115 nihil
1100 2087 1273 2115 venatoribus
1297 2086 1429 2123 imperitis
1452 2085 1607 2119 absimiles,
1625 2085 1670 2120 qui
1691 2091 1806 2120 prama-

1019 2134 1107 2162 turius
1129 2134 1260 2162 suscitata
1273 2141 1325 2161 .ac
1350 2133 1475 2162 submota
1503 2130 1593 2167 prada
1606 2150 1616 2164 ,
1642 2130 1806 2165 ευαυιὶειιιο

1018 2187 1100 2208 cervo
1116 2179 1142 2207 in
1155 2181 1246 2207 lucum
1259 2178 1387 2214 aliquem,
1404 2185 1436 2206 ac
1447 2176 1599 2206 clanculum
1613 2183 1724 2211 egresso
1735 2195 1744 2209 ,
1765 2180 1806 2203 le-

1019 2232 1094 2253 tnere
1109 2232 1158 2260 per
1179 2224 1276 2252 saltum
1299 2227 1412 2257 errant.
1431 2222 1576 2252 molestum
1595 2229 1664 2250 onus
1686 2222 1753 2250 retia
1768 2221 1807 2249 fe-

178 2268 348 2304 ἐξελθούσης,
364 2269 426 2305 είκῆ
445 2269 600 2296 πλανῶνται
624 2268 694 2296 κατὰ
708 2267 757 2304 τὴν
772 2268 872 2304 νάπην,
886 2267 964 2303 ἄχθος

1021 2275 1122 2303 rentes,
1138 2269 1298 2305 frustraque
1312 2276 1404 2297 secum
1420 2268 1523 2297 catulos
1540 2268 1689 2296 trahentes.

180 2315 324 2351 περίεργον
339 2315 376 2342 τὰ
396 2315 492 2343 δίκτυα
507 2315 645 2352 φέροντες,
657 2314 704 2342 καὶ
717 2314 806 2350 μάτην
820 2313 883 2346 τοὺς
901 2313 966 2340 σκύ-

179 2361 265 2394 λακας
278 2361 465 2396 ἐφελκόμενοι.
845 2361 850 2366 ’

222 2407 292 2441 Ἐγὼ
306 2407 345 2440 δέ,
367 2408 392 2434 εἰ
410 2407 457 2434 καὶ
475 2407 510 2434 τὰ
531 2406 599 2434 ἄλλα
616 2405 719 2441 φαῦλος
735 2406 854 2442 οἰκέτης,
871 2405 966 2432 τούτου

181 2452 246 2486 γοῦν
260 2453 310 2480 οὐκ
329 2453 507 2489 ἐξελαθόμην,
520 2453 561 2480 ὅτι
577 2452 670 2484 δοῦλός
687 2453 755 2489 εἰμι,
770 2452 816 2480 καί
833 2460 868 2488 με
890 2460 968 2488 προσ-

1057 2401 1188 2436 Equidem
1218 2408 1296 2434 vero,
1322 2407 1475 2436 quanquam
1504 2399 1604 2435 alioqui
1631 2407 1690 2428 sum
1718 2398 1807 2427 malus

1021 2455 1130 2481 servus.
1147 2447 1173 2475 id
1187 2452 1277 2475 tamen
1293 2448 1407 2476 necdum
1422 2447 1524 2475 oblitus
1532 2453 1604 2480 sum,
1618 2453 1680 2474 esse
1692 2453 1735 2474 me
1748 2453 1806 2474 ser-

217 2533 240 2549 ”
256 2532 376 2568 Seguier.
392 2532 616 2568 ἐκπληρώσωσιν.
653 2533 675 2549 ’⁷
694 2532 817 2568 Seguier.
832 2532 964 2568 ἀνασοϐήε

1015 2540 1048 2558 ιν.
1085 2531 1109 2547 ⁸⁸
1121 2530 1199 2559 Joan.
1215 2537 1253 2563 Ix,
1266 2530 1280 2558 ί
1296 2537 1356 2565 sqq.
1394 2529 1418 2545 ’θ
1432 2528 1508 2557 Joan.
1522 2535 1583 2561 vm,
1601 2527 1646 2555 58.

218 2601 274 2636 (37)
291 2600 330 2628 Ex
343 2600 377 2628 Β.
392 2600 422 2628 Ρ.
437 2600 496 2628 Jac.
511 2599 648 2636 Sirmundl
660 2600 754 2636 societ.
762 2599 824 2636 Jesu
843 2604 969 2636 autogra-

218 2607 274 2636 ta'l)
292 2607 330 2628 tux
343 2607 377 2628 rt.
392 2607 422 2628 ι’.
437 2607 496 2628 Jac.
511 2607 648 2627 mrmunut
660 2607 824 2627 socretaesu
843 2607 969 2661 autogra-

182 2636 236 2671 plto
251 2636 342 2663 multis
356 2635 499 2671 emendato
510 2633 728 2671 exsteguieriano
739 2634 905 2671 codiceq—i
918 2642 969 2662 unc

183 2669 348 2702 sermonem,
370 2670 449 2704 plane
478 2669 642 2698 luculentum
670 2670 813 2704 sttggessit,
830 2670 880 2696 viri
905 2677 967 2696 cum

182 2706 344 2738 doctissimi,
371 2703 426 2732 tum
445 2704 629 2732 humanissimi
647 2703 680 2733 Β.
700 2703 730 2731 PL
750 2703 808 2732 Jac.
825 2704 964 2732 Sirmundi

182 2741 395 2776 antographum;
413 2741 452 2768 sic
471 2746 607 2776 nunquam
625 2738 761 2776 communi
775 2740 968 2776 bonorcousu-

183 2776 239 2802 lere
248 2773 375 2808 'des'init,
398 2776 494 2810 quibus
511 2773 553 2802 vel
574 2775 631 2810 ipse
654 2774 727 2804 edit,
740 2773 788 2810 vel?
803 2775 893 2801 studio
904 2775 969 2801 olim

184 2811 310 2844 collecta,
326 2811 386 2847 aliis
402 2809 505 2847 edenda
517 2809 652 2845 impertit;
671 2816 702 2847 ea
718 2809 835 2847 maxime
849 2817 970 2836 commu-

183 2846 320 2873 nicatione
332 2845 362 2871 τὸ
376 2845 448 2872 οεῖον
460 2843 589 2876 imitatus.
615 2852 647 2871 ac
661 2843 767 2878 dignus,
782 2843 858 2876 cujus
870 2851 970 2871 inemo—

187 2880 227 2906 riu
253 2880 349 2907 futuris
373 2880 497 2907 omnibus
519 2879 684 2914 temporibus
709 2878 856 2914 doctiorum
874 2878 971 2914 animis

188 2916 262 2942 clara
277 2915 363 2948 vigent
386 2923 416 2943 ac
439 2915 529 2942 chara.
551 2913 670 2943 Accessit
688 2921 761 2941 vero.
777 2920 808 2942 ac
824 2913 968 2947 plurimum

1022 2598 1135 2634 contulit
1149 2598 1340 2633 Seguierianus
1350 2599 1434 2627 codex
1448 2599 1517 2628 bene
1528 2599 1664 2634 antiquus,
1678 2598 1712 2634 ad
1725 2605 1804 2634 quem

1022 2634 1113 2662 multis
1127 2633 1193 2661 locis
1202 2634 1360 2662 emendatus
1375 2639 1417 2662 est
1428 2634 1497 2662 alter
1508 2635 1553 2662 ille
1566 2633 1704 2662 Si’rmnndi
1721 2633 1806 2662 codex

1022 2677 1054 2697 ac
1080 2669 1287 2731 autOﬁraphum.
1303 2669 1423 2709 .Photius
1444 2669 1513 2697 oculi
1543 2674 1626 2711 totam
1646 2668 1807 2710 descriptio-

1022 2712 1082 2731 nem
1094 2711 1127 2731 ex
1165 2711 1197 2731 oc
1209 2708 1289 2731 tract.
1302 2711 1329 2731 tn
1345 2711 1420 2731 suam
1437 2705 1573 2731 transtulit
1586 2703 1762 2731 mvrobtblon.
1778 2711 1806 2731 tn

1022 2712 1082 2732 nem
1094 2711 1127 2731 ex
1147 2703 1197 2732 hoc
1209 2708 1289 2740 tract.
1302 2703 1329 2731 in
1345 2711 1420 2732 suam
1437 2705 1573 2732 transtulit
1586 2703 1762 2740 myrobiblon.
1778 2703 1806 2731 in

1020 2746 1072 2773 qua
1085 2743 1176 2772 aperte
1190 2738 1312 2765 εὐσεϐεῖν
1331 2740 1466 2767 Asterium
1487 2738 1620 2773 advertit,
1630 2739 1648 2766 i.
1663 2745 1743 2773 agere
1760 2746 1806 2766 ca-

1022 2774 1151 2802 tholicum
1165 2782 1197 2801 ac
1213 2775 1355 2802 adversum
1367 2775 1468 2802 Ariano
1483 2773 1600 2808 dogmati
1613 2782 1621 2801 :
1636 2773 1663 2800 in
1679 2775 1761 2808 quod,
1774 2779 1806 2800 ac

1022 2809 1146 2845 Eunomii
1157 2809 1252 2845 dogma
1266 2809 1442 2845 invehiturin
1455 2808 1531 2845 Petri
1541 2813 1568 2837 et
1578 2808 1655 2845 Pauli
1668 2808 1806 2845 apostolo-

1023 2852 1081 2871 rum
1099 2842 1239 2871 Ettcouiio.
1263 2844 1369 2872 Utinam
1393 2844 1461 2871 alios
1473 2844 1560 2872 eidem
1578 2843 1673 2871 Pltotio
1687 2842 1807 2870 'relectos

1022 2879 1119 2906 Asturii
1138 2883 1271 2906 tractatus
1291 2879 1410 2906 nancisci
1425 2879 1553 2910 licuisset,
1568 2878 1665 2913 quibus
1682 2878 1804 2911 integris.

1023 2921 1069 2940 sua
1087 2913 1121 2941 illi
1133 2913 1233 2946 justior
1245 2913 1328 2941 moles
1341 2914 1439 2943 nostris
1461 2913 1502 2941 his
1531 2914 1642 2947 adjectis
1656 2915 1803 2940 constaret.
