2076 3155
247 196 300 226 255

883 195 912 222 S.
932 193 1070 222 ASTERll
1088 194 1238 223 AMASENI

1817 193 1871 222 256

248 260 374 287 duritiem
400 255 510 291 habens.
533 259 614 293 inque
627 257 700 286 molli
721 257 922 286 contentionem
937 265 1033 292 qnam-

1088 257 1120 290 ὥς
1131 257 1164 284 ἂν
1176 257 1240 293 εἴπῃ
1253 265 1305 292 τις,
1322 256 1350 283 ὲν
1361 255 1399 291 τῷ
1411 254 1539 291 τρυφερῷ
1555 254 1586 280 τὸ
1604 252 1714 289 στερεὸν
1727 252 1805 289 ἔχων,
1823 254 1871 280 καὶ

248 306 321 337 dam,
340 312 373 332 ac
383 305 466 332 variis
481 304 617 332 coloribus
635 303 765 331 illustrius
788 302 947 330 interﬂoret.
968 302 1034 338 Ejus

248 350 340 385 itaque
356 350 532 377 meditullium
545 349 614 383 nigri
629 348 835 377 delineationem
851 347 942 380 habet,
964 355 1034 376 eam-

249 402 302 430 que
322 403 378 422 non
392 395 511 428 ejusdem
526 402 575 429 per
587 399 670 422 totum
687 394 812 428 rationis,
823 394 870 422 sed
884 394 966 421 variis
979 394 1035 430 qni-

249 441 360 467 busdam
391 439 499 467 circulis
529 440 722 472 commissam;
748 444 841 467 centro
867 440 974 474 quidem
1002 446 1034 466 ac

249 486 397 513 meditullio
429 486 562 521 nigriori;
592 486 723 513 exteriori
747 491 835 513 autem
860 484 1032 513 circumﬂexu

247 530 374 564 paulatim
401 531 427 558 in
453 531 589 558 {leviorem
613 531 752 559 desinente
786 532 939 558 tincturam.
966 530 1032 558 Eam

248 574 314 603 foris
332 577 417 604 munit
429 577 531 609 album,
544 576 713 611 splendidum
728 576 793 604 illud
807 584 840 604 ac
850 577 1031 612 pellucidum;

247 623 318 650 haud
346 628 435 650 tamen
462 631 567 651 suntme
585 631 618 651 nc
639 623 710 652 nulla
733 624 925 658 temperatione
939 624 1033 652 candi-

247 668 322 701 dum,
349 669 397 696 sed
420 669 507 698 vitrea
530 670 647 704 quadam
666 678 698 697 ac
721 669 851 704 pellucida
870 670 959 705 specie
976 669 1032 697 for-

247 718 360 741 matum.
375 713 485 742 Rubeus
498 714 573 742 color
585 715 656 742 circa
673 715 802 750 pupillam
819 714 919 742 all'usus
934 719 987 747 est,
1003 719 1033 742 ut

247 758 308 786 albo
325 767 357 786 ac
371 760 447 795 nigro
455 767 641 796 contemperet
662 762 787 797 gratiam.
813 761 853 789 Ad
867 761 925 789 haec
942 765 1034 788 autem

246 805 286 832 sic
307 804 334 832 in
357 805 440 833 denso
465 806 614 841 pellucidus
628 812 670 835 est
687 812 767 842 atque
783 806 862 839 levis,
884 811 951 833 utet
971 813 1033 841 pro-

247 851 308 885 pius
336 853 521 880 accedentium
542 852 643 880 fortnas
660 853 804 886 exprimat,
820 859 853 880 ac
864 852 938 880 velut
952 859 1032 887 egre-

245 895 317 930 gium
339 897 488 931 speculum,
509 905 602 925 eorum
626 898 786 932 quibuscum
810 903 963 925 sermonem
981 896 1033 923 mi-

244 928 372 973 scemus,
401 928 501 977 ﬁguras
528 928 701 977 repraesentet
721 950 728 969 :
749 941 923 977 quamobrem
946 940 1030 968 etiam
1046 928 1068 957 Β

245 986 304 1020 ejus
321 986 414 1014 circuli
438 994 545 1015 summe
571 988 689 1015 medium
712 992 835 1015 centrum
853 986 952 1021 pupilla
980 993 1030 1020 ap—

246 1031 373 1066 pellatum
390 1033 451 1067 fuit,
468 1035 613 1061 humanam
631 1041 740 1068 semper
752 1033 883 1061 exhibens
899 1032 1032 1068 speciem,

246 1082 275 1104 ut
296 1079 357 1113 quis
380 1086 396 1106 e
418 1080 528 1115 regione
546 1080 692 1115 aspexerit.
711 1079 747 1107 Ut
768 1079 841 1106 enim
859 1079 955 1113 nequit
971 1078 1030 1106 ﬁeri

246 1129 275 1152 ιιι
299 1125 365 1159 ,ῳιίι
383 1130 525 1160 aspectans
549 1127 576 1153 in
599 1126 736 1160 speculum
758 1133 811 1153 non
839 1125 930 1153 statim
954 1132 1030 1153 suam

245 1170 273 1197 in
306 1172 418 1199 materia
454 1171 566 1206 ﬁguram
600 1172 766 1205 adumbret;
812 1171 854 1199 sic
883 1178 971 1206 neque
1001 1174 1029 1198 ut

245 1216 306 1251 quis
337 1217 450 1244 adverso
472 1216 546 1244 vultu
571 1217 649 1244 alteri
677 1217 841 1250 consistens,
868 1223 922 1245 non
952 1224 1030 1244 suam

246 1262 359 1289 formam
383 1263 462 1291 oculo
482 1263 620 1298 appingat.
646 1263 713 1291 Sese
735 1269 800 1298 ergo
832 1263 956 1291 homines
985 1263 1029 1290 in-

247 1307 331 1335 vicem
351 1308 512 1343 aspicientes
528 1309 580 1337 sibi
608 1313 702 1337 mutuo
723 1308 830 1344 specula
845 1307 1010 1336 eiﬂciuntur.

282 1396 383 1432 Dignus
404 1397 495 1433 itaque
511 1398 538 1426 in
555 1399 654 1426 creatis
678 1398 859 1426 admiratione
876 1398 982 1426 oculus.
1007 1398 1034 1427 ls

246 1443 318 1469 enim
334 1443 416 1471 Deum
434 1451 542 1479 quoque
564 1444 629 1473 mihi
649 1445 771 1479 exponit,
787 1445 832 1479 qui
852 1449 937 1472 totam
951 1451 1046 1472 accu-r

247 1495 305 1516 rate
323 1494 477 1517 creaturam
494 1490 640 1524 perdiscat,
661 1498 751 1526 exque
766 1491 926 1526 operatione
947 1490 1034 1518 artill-

248 1542 307 1562 cem
330 1536 467 1569 ostendat.
484 1535 544 1568 llic,
559 1543 594 1564 ex
613 1537 646 1564 iis
665 1544 726 1572 quae
740 1536 854 1564 visibilia
870 1541 943 1569 sunt,
961 1536 1046 1564 invi-v

249 1581 338 1608 sibilia
357 1582 453 1609 animae
470 1582 599 1617 explicat.
620 1581 674 1611 Per
688 1590 750 1610 eum
776 1583 844 1611 solis
860 1583 948 1610 habeo
961 1582 1030 1610 noti-

249 1627 332 1661 tiam,
351 1634 383 1655 ac
405 1627 467 1655 cmli
484 1612 610 1655 ornatum
634 1628 714 1661 novi,
732 1628 871 1662 lustroque
894 1627 1034 1655 stellarum
1047 1612 1069 1641 δ

249 1673 489 1708 pulchritudinem,
506 1679 533 1701 et
549 1679 629 1702 terra:
645 1674 744 1709 basim,
756 1682 789 1702 ac
802 1675 885 1702 maris
898 1679 1036 1706 naturam,

252 1719 362 1747 diversa
376 1719 478 1747 semina
493 1720 677 1756 arborumque
689 1721 859 1753 varietatem,
871 1728 903 1748 ac
914 1719 1037 1748 colorum

252 1765 356 1791 variam
379 1764 538 1799 tincturam,
560 1765 734 1793 tenebrarum
755 1766 862 1793 tristem
878 1765 989 1798 faciem,
1005 1773 1037 1794 ac

250 1811 319 1839 lueis
343 1811 513 1846 splendorem
527 1833 536 1846 ,
551 1813 642 1840 omnia
666 1812 784 1848 denique
803 1813 825 1840 si
850 1820 903 1848 qua
919 1812 1039 1840 laudavit

252 1857 324 1885 Deus
348 1858 473 1885 conditor
494 1858 530 1886 ".
549 1859 638 1893 Atque
667 1859 752 1892 adeo,
766 1859 820 1887 nisi
844 1863 917 1887 esset
932 1858 1046 1892 oculus,

252 1906 407 1931 creatorum
433 1904 596 1933 universitas
620 1905 679 1933 sine
707 1910 775 1933 teste
799 1906 950 1938 senuisset,
977 1912 1039 1933 cum

253 1949 341 1977 nullus
354 1950 400 1978 Dei
412 1951 572 1986 sapientiam
586 1959 618 1979 ac
629 1951 768 1985 virtutem,
781 1959 842 1988 qua
856 1951 882 1979 in
893 1959 925 1980 ea
938 1951 1038 1985 elucet,

252 2001 411 2032 aspecturus
425 2001 507 2025 esset.

288 2042 330 2069 0b
345 2050 404 2071 eam
424 2050 488 2079 ergo
503 2043 655 2071 mirabilem
676 2044 751 2071 visus
768 2049 946 2077 structuram,
968 2051 1041 2072 nunc

252 2094 363 2122 quoque
386 2089 457 2115 ocull
479 2096 529 2116 ceu
546 2094 758 2124 extemporanea
781 2090 923 2118 molitione
940 2090 1041 2118 conditi

254 2136 327 2164 sunt,
348 2139 402 2166 quo
418 2132 579 2168 abiectiores
594 2133 628 2161 de
643 2133 793 2169 Unigenito
814 2135 993 2170 cogitationes
1007 2142 1041 2163 ex

255 2177 347 2205 carnis
357 2177 434 2205 nobis
446 2179 598 2207 humilitate
611 2181 801 2214 aceendentes,
814 2181 1040 2210 submoveamus:

255 2231 290 2251 ex
314 2228 453 2259 gestorum
479 2225 680 2260 magniﬁcentia
700 2227 845 2261 angustam
867 2233 973 2254 omnem
994 2227 1042 2255 ab-

1085 304 1115 330 ὲν
1126 303 1165 338 τῷ
1182 302 1295 338 μαλακῷ
1307 302 1339 329 τὸ
1363 301 1555 336 διατεταμένον
1565 310 1571 316 ·
1596 300 1642 327 καὶ
1656 299 1790 331 ποικίλαις
1801 300 1871 335 διήν-

1085 349 1174 376 θισται
1187 351 1246 381 ταῖς
1261 349 1364 385 χρόαις.
1387 348 1424 374 To
1438 347 1503 382 γοῦν
1518 346 1599 382 μέσον
1619 345 1702 372 αὑτοῦ
1732 346 1781 380 τὴν
1797 353 1871 380 περι-

1084 394 1192 431 γραφὴν
1216 394 1272 430 ἔχει
1294 395 1341 422 τοΰ
1366 395 1478 431 μέλανος
1490 403 1498 410 ·
1515 394 1562 420 καὶ
1581 393 1692 428 ταύτην,
1711 393 1741 419 οὑ
1762 392 1795 419 δι’
1808 391 1870 418 ὅλου

1086 439 1220 475 μονοειδῆ,
1237 440 1307 467 ἀλλὰ
1325 440 1459 472 ποικίλοις
1473 440 1527 466 τισὶ
1538 438 1648 470 κύκλοις
1658 437 1852 473 συνδεδεμένην
1861 446 1869 453 ·

1083 485 1130 512 τοῦ
1141 486 1253 522 κέντρου
1267 487 1315 521 μὲν
1328 487 1411 513 αὑτοῦ
1429 487 1476 513 καὶ
1501 485 1583 521 μέσου
1604 484 1633 511 τὸ
1651 484 1797 520 βαθύτερον
1811 483 1870 519 [καὶ

1087 533 1249 570 μελάντερον
1258 533 1292 570 "']
1311 533 1434 569 ἔχοντος·
1450 535 1500 569 τῆς
1517 533 1546 560 δὲ
1559 532 1683 568 ἐξωτέρω
1695 531 1870 567 περιφερείας

1083 578 1152 613 πρὸς
1172 578 1221 615 τὴν
1243 578 1405 615 ξανθοτέραν
1423 578 1493 604 κατὰ
1511 578 1591 614 μέρος
1614 576 1803 612 άποληγούσης
1823 576 1871 611 βα-

1084 624 1147 659 φήν.
1155 623 1262 659 Ταύτης
1270 623 1368 656 ἔξωθεν
1378 624 1408 650 τὸ
1419 623 1514 650 λευκὸν
1528 622 1732 659 περιὸέϐληται,
1746 621 1870 648 στιλπνὸν

1084 669 1132 696 καὶ
1151 669 1271 704 διαυγὲς,
1283 669 1333 696 οὐκ
1355 669 1503 704 ἀκρότατον
1512 668 1535 684 ¹⁹
1549 668 1609 703 ἔχον
1631 667 1680 703 τὴν
1697 668 1848 702 λευκότητα
1861 675 1869 683 ·

1083 714 1142 741 ἀλλ’
1157 714 1186 741 ὲν
1199 714 1417 750 κρυσταλλοειδεῖ
1429 723 1482 742 τινι
1503 715 1550 742 καὶ
1564 714 1744 750 διαυγαζούση
1758 722 1870 749 πεποιη-

1085 760 1165 796 μένον
1187 761 1219 796 τῇ
1242 761 1343 796 μορφῇ.
1361 760 1398 787 Τὸ
1413 760 1528 797 ἐρυθρόν
1545 761 1633 787 κεῖται
1655 760 1719 796 περὶ
1736 760 1785 795 τὴν
1804 759 1871 795 κρη-

1083 814 1132 841 νην
1139 805 1173 838 ³⁰,
1187 806 1230 832 ἵνα
1238 805 1277 841 τῷ
1287 805 1376 841 λευκῷ
1386 805 1482 841 καὶτῷ
1496 805 1590 841 μέλανι
1601 805 1704 842 κεράσῃ
1715 805 1764 839 τὴν
1778 803 1867 840 χάριν.

1090 852 1153 879 Ἐπὶ
1171 851 1286 884 τούτοις,
1307 851 1393 883 οὕτως
1417 852 1475 878 ἐστὶ
1492 851 1606 887 διαυγὴς
1625 851 1672 878 καὶ
1694 850 1765 882 λεῖος
1789 851 1817 876 ὲν
1835 851 1870 885 τῇ

1084 896 1244 933 πυκνότητι,
1270 896 1340 923 ὥστε
1361 896 1408 923 καὶ
1432 896 1482 928 τὰς
1504 895 1558 923 τῶν
1582 896 1744 930 ἐγγιζόντων
1767 894 1872 921 εἰδωλο-

1083 943 1170 969 ποιεῖν
1199 942 1316 978 μορφὰς,
1340 943 1388 969 καὶ
1410 942 1493 969 οἱονεὶ
1516 942 1670 977 κάτοπτρον
1685 940 1798 977 ἀκριϐὲς
1815 939 1870 966 τῶν

1083 987 1353 1023 προσδιαλεγομένων
1384 988 1565 1015 ὲντυποῦσθαι
1592 987 1656 1019 τοὺς
1683 986 1870 1022 χαρακτῆρας,

1083 1033 1122 1059 διὸ
1137 1032 1193 1070 [δὴ]
1218 1034 1266 1060 καὶ
1284 1034 1315 1061 τὸ
1341 1034 1503 1070 μεσαίτατον
1525 1033 1606 1061 αὑτοῦ
1630 1033 1731 1060 κύκλου
1747 1033 1870 1068 κέντρον,

1083 1079 1303 1114 προσηγόρευται
1326 1079 1405 1115 κόρη.
1422 1079 1468 1106 ἀεὶ
1490 1079 1540 1115 τὴν
1563 1078 1669 1116 μορφὴν
1687 1079 1726 1115 τῷ
1747 1087 1871 1106 καταντι-

1084 1125 1137 1161 κρὺ
1150 1125 1273 1160 βλέποντι
1286 1125 1406 1153 δεικνύον
1420 1125 1606 1161 άνθρωπικήν.
1623 1126 1666 1157 Ὧς
1676 1125 1731 1161 γὰρ
1747 1125 1797 1152 οὐκ
1813 1124 1870 1151 ἐστι

1083 1170 1130 1197 τὸν
1146 1169 1252 1206 ὁρῶντα
1270 1171 1311 1203 είς
1332 1171 1484 1208 κάτοπτρον
1511 1171 1549 1207 μὴ
1563 1170 1644 1203 εὐθὺς
1670 1171 1869 1206 ὲνίσκασηται³¹

1084 1217 1117 1252 τῇ
1135 1215 1184 1252 ὕλῃ
1198 1216 1244 1243 τὸν
1262 1217 1329 1244 ῐδιον
1355 1218 1526 1254 χαρακτῆρω
1554 1216 1627 1244 οὕτω
1643 1208 1645 1211 ’
1661 1217 1708 1243 τδν
1728 1216 1873 1252 ἀντιπρόσε

1084 1271 1161 1290 ωπον
1184 1262 1288 1290 ἑστῶτα
1318 1264 1366 1290 τοῦ
1393 1263 1537 1300 ἀνθρώπου
1551 1283 1559 1296 ,
1594 1263 1630 1299 μὴ
1670 1262 1807 1298 ἐγγράψαι
1833 1261 1872 1298 τῷ

1084 1308 1215 1345 ὀφθαλμῷ
1227 1309 1276 1345 τὴν
1292 1310 1395 1337 οἰκείαν
1413 1310 1530 1346 μορφήν.
1550 1310 1597 1341 Εἰς
1609 1309 1740 1345 ἀλλήλους
1754 1307 1819 1342 γοῦν
1830 1307 1874 1335 ἄν·

1085 1354 1189 1390 θρωποι
1207 1353 1350 1390 βλέποντες
1362 1355 1485 1391 ἀλλήλων
1499 1355 1618 1389 γίνονται
1637 1355 1787 1390 κάτοπτρα.

1120 1399 1177 1428 Θαύ
1182 1409 1265 1436 ματος
1277 1401 1367 1429 τοίνυν
1375 1401 1449 1434 ἄξιος
1458 1402 1550 1433 ἐντοῖς
1564 1401 1709 1436 κτίσμασιν
1721 1399 1874 1436 ὀφθαλμός.

1087 1442 1171 1478 Οὗτος
1186 1446 1241 1482 γάρ
1260 1455 1304 1482 μοι
1322 1447 1370 1474 καὶ
1385 1447 1452 1474 Θεὸν
1469 1446 1627 1483 ἐρμηνεύει,
1645 1447 1735 1473 πᾶσαν
1753 1445 1875 1482 ἀκριδῶς

1086 1494 1304 1530 καταμανθάνων
1323 1494 1372 1529 τὴν
1392 1493 1491 1526 κτίσιν,
1513 1494 1568 1520 κάκ
1586 1492 1635 1528 τῆς
1653 1492 1792 1527 ἐνεργείας
1806 1491 1874 1518 ὑπο-

1087 1539 1194 1572 δεικνὺς
1206 1540 1253 1568 τὸν
1264 1540 1397 1576 τεχνίτην·
1409 1537 1486 1571 οὗτος
1495 1540 1528 1566 ὲκ
1540 1540 1593 1566 τῶν
1608 1538 1714 1575 ὁρατῶν
1725 1537 1873 1575 έρμηνεύει

1089 1585 1139 1622 [τῇ
1155 1585 1228 1622 ψυχῇ
1252 1585 1294 1621 ³³]
1312 1584 1347 1612 τὰ
1367 1585 1472 1621 ἀόρατα
1483 1593 1490 1600 ·
1515 1584 1559 1611 διὰ
1583 1583 1691 1611 τούτου
1706 1583 1760 1619 ἔχω
1774 1582 1876 1617 γνῶσιν

1086 1631 1174 1666 ἡλίου,
1190 1631 1237 1657 καὶ
1251 1630 1366 1666 οὐρανοῦ
1380 1630 1482 1666 κόσμον
1498 1629 1608 1666 ἔμαθον,
1623 1630 1670 1656 καὶ
1688 1629 1786 1660 κάλλος
1795 1628 1875 1655 άστέ-

1089 1684 1143 1713 ρων
1160 1676 1302 1712 ιστόρησα,
1317 1676 1365 1703 καὶ
1380 1676 1432 1711 γῆς
1446 1674 1606 1708 ὑπόστασιν,
1621 1675 1668 1714 καὶ
1683 1675 1763 1710 φύσιν
1777 1673 1877 1701 θαλάσ-

1088 1729 1153 1756 σης·
1170 1721 1335 1757 σπερμάτων
1351 1721 1492 1757 διαφορὰν,
1508 1722 1555 1749 καὶ
1568 1721 1660 1756 φυτῶν
1673 1720 1877 1752 ποικιλίαν,καὶ

1078 1763 1242 1803 ’χρωμάτων
1261 1767 1387 1802 ποικίλην
1404 1767 1492 1803 βαφήν
1503 1775 1511 1782 ·
1534 1767 1646 1799 σκότους
1663 1774 1692 1793 τε
1712 1763 1877 1801 κατήφειαν,

1089 1813 1136 1840 καὶ
1149 1813 1237 1848 φωτὸς
1253 1813 1425 1850 λαμπηδόνα,
1445 1813 1493 1840 καὶ
1506 1813 1596 1841 πάντα
1611 1812 1704 1844 ἁπλῶς
1718 1812 1768 1839 ὅσα
1783 1813 1798 1838 ό
1810 1811 1878 1843 Θεὸς

1090 1859 1187 1890 κτίσας
1210 1858 1353 1894 ἐπῄνεσεν.
1372 1859 1426 1891 Ὦς,
1449 1859 1476 1885 εἴ
1489 1867 1521 1892 γε
1536 1857 1675 1894 ὀφθαλμὸς
1690 1857 1727 1893 μὴ
1743 1856 1877 1893 ὑπῆρχεν,

1090 1904 1248 1940 ἁμάρτυρος
1275 1903 1308 1931 ἂν
1328 1905 1346 1940 ἡ
1372 1904 1461 1936 κτίσις
1484 1904 1635 1940 ἐγήρασεν·
1663 1902 1770 1935 οὐδενὸς
1808 1901 1879 1929 καθ-

1089 1950 1208 1986 ορῶντος
1226 1949 1277 1985 τὴν
1297 1949 1396 1986 ἑαυτὴν
1415 1949 1438 1966 ³³
1454 1949 1610 1986 σωζομένην
1628 1949 1675 1977 τοῦ
1692 1949 1759 1977 Θεοῦ
1782 1948 1880 1984 σοφίαν

1090 1997 1139 2023 καὶ
1155 1995 1280 2031 δύναμιν.
1695 2005 1699 2008 '
1737 2004 1743 2005 ί

1128 2042 1178 2069 Διά
1189 2041 1292 2077 ταύτην
1304 2042 1394 2070 τοίνυν
1405 2042 1454 2078 τὴν
1467 2042 1628 2078 θαυμαστὴν
1639 2041 1688 2077 τὴν
1698 2041 1786 2077 ὄψεων
1801 2050 1882 2068 κατα-

1093 2087 1194 2123 σκευὴν
1208 2087 1343 2123 ὀφθαλμοὶ
1368 2087 1416 2114 καὶ
1432 2087 1479 2114 νῦν
1508 2086 1673 2122 ἐκτίσθησαν
1695 2086 1880 2122 αὐτοσχέδιοι,

1093 2133 1137 2160 ἵνα
1155 2132 1204 2165 τὰς
1227 2134 1426 2169 μικροπρεπής
1447 2132 1568 2165 ἑννοίας.
1588 2131 1640 2164 τὰς
1681 2141 1698 2159 κ
1714 2132 1764 2167 τῆς
1779 2131 1882 2167 σαρκὸς

1092 2178 1270 2214 ἐγγινομένας
1281 2179 1358 2214 ἡμῖν,
1371 2178 1435 2214 περὶ
1447 2177 1494 2204 τοῦ
1504 2177 1683 2212 Μονογενοῦς,
1701 2176 1880 2212 ἀποθώμεθα.

1092 2226 1126 2261 τῇ
1143 2224 1330 2261 μεγαλουργίᾳ
1341 2224 1396 2251 τῶν
1412 2223 1564 2259 γινομένων
1578 2223 1755 2255 ἐκϐάλλοντες
1767 2223 1816 2259 τὴν
1833 2223 1883 2258 ψυ-

254 2269 412 2305 jeetamque
423 2270 576 2306 opinionem
590 2271 626 2299 ab
638 2272 729 2300 animo
741 2272 899 2307 ejicientes;
912 2273 1038 2301 sciamus-

1093 2271 1144 2307 χῆς
1152 2272 1242 2297 πᾶσαν
1253 2270 1384 2306 ὑπόληψιν
1394 2269 1571 2305 μικροπρεπῆ
1580 2270 1627 2296 καὶ
1642 2269 1812 2305 χαμαίζηλον
1834 2269 1858 2286 ³⁸
1872 2278 1880 2286 ·

257 2323 310 2350 que
338 2315 445 2343 beatum
459 2315 570 2344 deitatis
585 2317 675 2344 lumen
690 2324 722 2344 ac
738 2317 964 2352 pulchritudinem
992 2326 1041 2348 vas

257 2367 371 2390 testeum
393 2363 592 2399 assumpsisse,
610 2364 680 2399 quod
709 2363 788 2392 nobis
811 2363 928 2392 lucerna:
955 2365 1042 2393 instar

257 2409 427 2444 splendorem
451 2409 654 2438 subministret;
667 2408 782 2438 Omnino
798 2414 889 2438 autem
909 2411 965 2446 ipse
993 2419 1043 2446 per

259 2463 286 2482 sn
302 2454 432 2483 Dominus
443 2460 535 2488 curat;
550 2463 600 2484 nec
614 2456 673 2484 solo
684 2463 809 2484 sermone
821 2457 855 2483 ad
867 2465 934 2492 opus
945 2458 1039 2491 utitur,

259 2501 303 2535 qui
317 2508 410 2528 rerum
425 2505 551 2530 ornatum
570 2501 726 2530 universum
747 2507 884 2537 praecepto
900 2503 1043 2537 produxis-

257 2550 299 2573 set
312 2545 346 2578 ",
374 2547 421 2581 qui
439 2547 545 2575 duobus
570 2548 692 2576 verbulis
712 2549 840 2575 membris
858 2547 972 2575 solutum
995 2548 1044 2575 bo-

258 2592 357 2620 minem
371 2597 490 2620 curasset
506 2593 548 2626 '7;
565 2594 628 2628 quin
642 2599 669 2621 et
681 2601 738 2628 ore,
755 2598 782 2622 et
798 2594 933 2628 manibus,
951 2594 1042 2622 omni-

257 2646 310 2673 que
329 2638 381 2666 alia
399 2638 567 2674 providentia
586 2639 736 2667 czecitatem
759 2644 846 2673 curat,
862 2647 915 2675 quo
939 2645 1043 2668 certam

257 2692 290 2711 cx
312 2684 392 2712 rebus
418 2684 498 2712 tidem
521 2684 667 2713 incredulis
685 2685 777 2714 faciat.
793 2685 872 2719 Spuit
887 2685 914 2713 in
931 2690 1043 2718 terram,

258 2737 346 2764 exque
357 2734 436 2765 sputo
448 2730 533 2758 lutum
546 2730 620 2758 facit.
635 2730 766 2759 Nimirum
780 2732 881 2759 idcirco
892 2731 925 2760 ad
946 2739 1044 2759 curan-

259 2774 322 2802 dnm
342 2770 441 2804 terram
462 2777 603 2810 adhibens,
623 2785 676 2813 quo
692 2777 827 2810 ostendat,
844 2784 876 2805 ex
899 2777 992 2805 eodem
1015 2784 1046 2805 se

295 2833 319 2849 "
338 2832 404 2860 Gen.
427 2841 446 2864 I.
460 2834 505 2862 Si.
543 2836 566 2851 ²⁶
586 2835 656 2864 Psal.
673 2843 783 2867 cxsvnr.
800 2835 827 2862 5.
865 2835 887 2851 ³⁷
907 2834 985 2863 Joan.
1000 2843 1026 2866 ν,

312 2867 378 2887 Nam
427 2869 450 2885 Il
471 2869 526 2887 lnn
561 2870 698 2887 Ξυ-υ-ι-υυ
723 2879 753 2887 nr
768 2871 820 2887 αι...
880 2870 903 2887 II
923 2870 960 2887 Ιῗν
985 2870 1038 2887 ιιιηι

1109 2835 1132 2852 ’³
1147 2834 1182 2861 Ex
1205 2834 1267 2870 Seg.

1110 2871 1133 2886 η
1151 2870 1194 2887 ιν..
1210 2871 1267 2887 ιμ’.φέ

595 2871 700 2898 σκιάσοι
722 2879 754 2898 ex
768 2871 829 2905 ch.
880 2870 903 2887 “
923 2870 960 2897 Ex
985 2870 1062 2898 l’hot.

595 2906 617 2922 "
638 2906 699 2940 διε.
722 2905 886 2940 παράλυτον.
925 2906 948 2922 ³ο
968 2905 1005 2933 Ex
1020 2905 1081 2941 Srg.

261 2874 291 2905 ev
306 2867 389 2905 Pliot.
427 2869 450 2885 ¹¹
471 2869 534 2903 Leg.
561 2870 700 2898 ἐνσκιάσοι
722 2879 754 2898 ex
768 2871 829 2905 ch.

261 2903 336 2930 ἐπόλ.
363 2905 409 2931 καὶ
431 2905 544 2941 χαμαίς.

1094 2316 1273 2353 γνωρίσωμεν
1283 2315 1324 2348 δὲ,
1335 2316 1376 2342 ὅτι
1388 2315 1419 2342 τδ
1437 2315 1570 2350 μακάριον
1584 2314 1642 2349 φῶς
1657 2314 1705 2341 καὶ
1719 2314 1817 2347 κάλλος
1832 2314 1883 2350 τῆς

1095 2361 1221 2398 θεότητος
1237 2361 1395 2397 όστράκινον
1409 2359 1506 2392 σκεῦος
1526 2360 1646 2394 ἐδέξατο,
1661 2360 1802 2388 διακονοῦν
1815 2361 1883 2396 ἡμῖν

1095 2407 1166 2435 κατὰ
1185 2408 1249 2439 τοὺς
1274 2407 1387 2442 λύχνους
1412 2406 1463 2442 τὴν
1484 2406 1655 2442 λαμπηδόνα.
1677 2406 1827 2441 Αὐτουργεί
1853 2406 1884 2432 δὲ

1095 2454 1183 2482 διόλου
1201 2455 1249 2490 τὴν
1268 2453 1416 2489 θεραπείαν
1437 2454 1452 2480 ὁ
1475 2452 1588 2488 Κύριος,
1605 2453 1653 2479 καὶ
1672 2452 1703 2479 οὗ
1721 2452 1793 2488 λόγῳ
1809 2453 1884 2488 μόνῳ

1095 2501 1193 2537 χρῆται
1208 2500 1277 2536 πρὸς
1293 2500 1342 2536 τὴν
1360 2499 1501 2535 ἐνέργειαν
1519 2498 1534 2525 ὁ
1562 2499 1753 2534 προστάγματι
1767 2498 1816 2534 τὴν
1830 2499 1885 2525 πᾶ-

1096 2555 1146 2574 σαν
1159 2546 1382 2582 ὑποστησάμενος
1389 2545 1580 2581 διακόσμησιν,
1592 2545 1606 2571 ό
1616 2544 1663 2572 δύο
1670 2545 1759 2579 λόγοις
1770 2544 1883 2580 βραχέσι

1095 2594 1141 2621 τὸν
1157 2594 1341 2630 παραλυτικὸν
1358 2593 1381 2609 ³³
1401 2591 1573 2628 θεραπεύσας
1583 2600 1590 2607 ’
1613 2590 1680 2618 ἀλλὰ
1694 2591 1741 2618 καὶ
1757 2591 1882 2626 στόματι,

1096 2640 1143 2667 καὶ
1155 2641 1243 2676 χερσὶ,
1251 2640 1297 2667 καί
1309 2639 1376 2675 ἄλλῃ
1392 2638 1476 2674 πολλῇ
1491 2637 1605 2674 προνοίᾳ
1615 2636 1761 2673 θεραπεύει
1775 2635 1841 2672 [vim
1847 2635 1884 2673 ³⁸]

1095 2685 1145 2720 τὴν
1157 2684 1322 2719 τυφλότητα,
1342 2684 1386 2711 ἵνα
1403 2683 1513 2719 βεϐαίαν
1525 2682 1569 2709 διὰ
1581 2681 1636 2709 τῶν
1651 2681 1820 2717 πραγμάτων
1833 2681 1884 2716 ἑμ-

1101 2732 1202 2767 ποιήσῃ
1228 2731 1284 2762 τοῖς
1313 2729 1438 2761 ἀπίστοις
1461 2729 1512 2765 τὴν
1541 2728 1642 2754 πίστιν.
1661 2726 1744 2754 Πτύει
1769 2726 1814 2752 ἐπὶ
1835 2725 1884 2753 τοῦ

1100 2776 1224 2811 ἐδάφους,
1237 2776 1285 2803 καὶ
1301 2775 1340 2812 τῷ
1355 2775 1440 2811 σιάλῳ
1454 2774 1540 2810 πηλὸν
1553 2773 1710 2810 ἐργάζεται,
1732 2773 1764 2807 τῇ
1782 2772 1832 2807 μὲν
1848 2773 1884 2808 γῇ

1309 2835 1333 2851 ¹⁹
1344 2834 1423 2870 ΡΙιοι.
1441 2833 1503 2869 Seg.
1517 2833 1674 2870 ἄκριτον.-.
1685 2831 1707 2848 ³ο
1720 2830 1783 2865 ch.
1800 2831 1885 2870 κόρην

1110 2871 1133 2886 ³³
1151 2870 1194 2896 Ἐν
1210 2865 1277 2905 αὺΞῇ
1296 2877 1327 2898 ex
1342 2869 1420 2898 Pllot.
1443 2865 1562 2903 et‘SegU
1598 2869 1621 2885 ”
1645 2867 1724 2896 Pbot.
1755 2865 1885 2902 ταπεινὴν
