2076 3155
193 115 247 146 951

652 115 794 144 liOMlLlA
813 116 867 145 νιι.
894 117 927 145 ΙΝ
948 117 1079 146 CJECUM
1100 118 1121 146 A
1141 117 1360 148 NATIVITATE.

1765 123 1818 151 958

193 175 238 203 διὰ
258 174 338 202 τοῦτο
361 175 430 212 πρὸς
454 174 505 210 τὴν
530 175 678 211 θεραπείαν
702 176 894 213 συγχρώμενος
907 197 914 210 ,
939 178 975 204 ἵνα

1034 178 1100 213 luto,
1116 186 1150 207 ex
1165 187 1219 215 quo
1235 180 1361 215 primitus
1378 185 1462 209 totum
1473 180 1573 209 animal
1589 181 1734 210 formatum
1750 183 1818 210 Ιιιίς-

191 221 276 257 δείξῃ,
293 221 331 253 ὡς
345 221 373 254 ἒξ
386 221 491 248 ἐκείνου
502 220 550 247 τοῦ
562 220 622 257 χοῦ,
639 221 699 249 ὅθεν
710 222 738 249 ὲν
748 223 819 258 ἀρχῇ
834 222 979 260 ὀλόκληρον

191 267 314 302 ὲπλὰσθη
335 267 365 294 τὸ
389 267 469 299 ζῶον,
485 267 532 294 καὶ
553 267 583 294 τὺ
601 267 692 294 λοιπὸν
709 267 810 304 ἀρτίως
829 268 911 304 μέρος
929 268 977 304 δη-

191 315 372 349 μιουργεῖται.
396 313 484 348 Σιάλῳ
496 313 524 339 δὲ
542 312 620 340 τοῦτο
643 313 840 349 ἀναλαμῶνει,
856 314 903 341 κα)⁵
919 323 980 341 συν-

190 360 248 396 έχει
270 360 316 386 τὸν
337 359 537 394 ἐσκεδασμένον
556 358 602 386 καὶ
619 359 777 395 ἁκόλλητον,
797 354 841 387 ἵνα
854 359 978 395 φανερῶς

189 407 256 442 ἡμῖν
272 405 362 441 δείξῃ,
387 405 428 431 ὅτι
449 406 481 440 τῇ
501 405 615 440 δυνάμει
635 404 682 431 τοῦ
703 405 835 440 στόματος
856 405 938 432 αὑτοῦ
963 406 978 432 ό

189 451 276 485 Λόγος
295 449 330 476 τὰ
348 450 436 477 πάντα
455 449 630 485 κατώρθωσε.
662 449 703 483 Τῷ
723 451 803 485 λόγῳ
826 450 881 486 γὰρ
907 450 978 486 [Κυ-

1034 229 1087 257 set,
1103 233 1174 253 nunc
1191 233 1298 261 quoque
1313 226 1445 262 reliquum
1460 227 1610 256 membrum
1623 227 1751 255 condere.
1767 227 1818 255 Sa-

1032 269 1085 297 liva
1104 275 1194 299 autem
1221 271 1286 299 illud
1311 273 1413 305 sarcit.
1431 279 1463 300 ac
1484 272 1642 308 dissipatum
1666 280 1818 308 expersque

1032 317 1144 352 glutinis
1169 318 1290 345 continet
1313 319 1469 354 pulverem.
1494 326 1548 354 quo
1573 319 1651 347 nobis
1675 319 1816 354 perspicue

1032 362 1157 390 ostendat
1169 364 1259 390 omnia
1276 363 1392 391 Verbum
1415 364 1516 392 virtute
1528 364 1584 392 oris
1603 365 1644 392 sui
1660 364 1815 400 peregisse:

1031 404 1098 432 Nam
1107 425 1114 437 ,
1138 404 1224 432 Verbo
1238 405 1342 432 Domini
1353 407 1409 433 mli
1418 407 1517 441 ﬁrmati
1530 410 1602 439 sunt,
1615 411 1639 434 et
1651 406 1749 441 spiritu
1762 406 1816 434 aria

1030 450 1088 485 ejus
1101 452 1186 478 omnis
1203 452 1285 478 uirtus
1300 460 1389 479 eorum
1404 452 1437 479 “.

189 496 257 531 ρίου
274 494 308 531 ³⁷]
325 497 353 522 οἱ
380 495 499 530 adparat
526 495 764 531 ἐστερεώθησαν,
791 497 840 524 καὶ
860 496 900 530 τῷ
929 497 1074 532 πνεύματι
1099 497 1153 525 τοῦ
1179 499 1328 533 στόματος
1349 499 1441 526 αὐτοῦ
1462 498 1548 527 πᾶσα
1573 500 1592 533 ή
1614 499 1741 534 δύναμις
1767 500 1817 527 αὐ-

191 553 250 572 των
253 565 259 572 .

226 589 302 624 Τάχα
320 589 349 615 δὲ
365 588 412 615 καὶ
433 588 478 615 διά
493 588 572 616 τοῦτο
588 589 679 616 πτύων
699 589 854 624 θεραπεύει,
872 590 915 617 ἵνα
932 599 979 617 κα-

190 634 290 670 τανύξῃ
314 633 383 668 πρὸς
400 634 482 668 φόϐον
508 635 571 666 τοὺς
595 635 692 670 μικρὸν
717 635 829 672 ὕστερον
856 635 979 672 ὑϐρίζειν

189 680 244 710 τοῖς
253 678 429 714 ἑμπτὺσμασι
443 679 589 714 μέλλοντας
597 688 603 695 ·
614 681 660 707 καὶ
670 681 744 716 ὅμως
753 681 802 708 οὐκ
817 681 978 717 ὲδυσώτιησε

187 725 241 751 τῶν
253 725 425 760 μαινομένων
438 725 468 752 τὺ
480 725 591 761 θράσος,
604 726 662 753 ἀλλ’
677 727 830 764 ὲνεπτύσθη
846 727 943 760 πολλὰ,
962 728 977 754 ὁ

186 770 298 797 τοιαῦτα
314 769 455 806 κατορθῶν
476 770 520 797 διὰ
535 771 583 797 τοῦ
599 771 766 807 πτύσματος.
785 773 841 809 Τῆς
863 772 975 809 πρώτης

185 815 288 850 ταύτης
302 815 406 847 τάξεως
422 815 471 850 τὴν
491 815 688 853 δημιουργικὴν
702 818 844 854 ὑποφαίνει
862 819 976 855 δύναμιν
993 834 1015 861 Β

187 860 233 888 καὶ
245 861 290 888 διὰ
308 861 356 896 μὲν
370 861 417 887 τοῦ
437 861 588 897 προστάξαι
601 863 642 894 είς
653 862 703 899 τὴν
717 863 910 900 κολυμὸήθραν
926 863 974 892 τοῦ

186 905 298 942 Σιλωὰμ
306 906 448 941 νίψασθαι,
465 906 515 942 τὴν
529 907 562 934 δι’
580 907 675 941 ὓδατος
696 910 832 946 σωτηρίαν
849 912 915 947 ἡμῖν
934 911 975 938 ὲν-

186 952 334 984 δείκνυται,
353 953 386 988 ἠν
403 954 487 980 πᾶσιν
504 954 518 980 ὁ
539 953 744 990 ἀπεσταλμένος
762 955 872 992 Σιλωὰμ
887 956 977 992 ἐχαρί-

186 1006 262 1024 σατο.
275 997 341 1024 Τότε
358 997 413 1034 γὰρ
429 998 519 1030 καλῶς
534 998 557 1014 ³⁸
576 998 720 1034 βλέπομεν,
735 1000 774 1027 ὅτ’
785 1000 818 1028 ἂν
831 1000 870 1036 τῷ
885 1010 977 1036 μυστι-

187 1042 227 1077 κῷ
248 1043 429 1079 καταρθῶμεν
446 1043 537 1070 ὕδατι·
556 1044 617 1071 τότε
637 1045 694 1080 φῶς
710 1047 784 1081 ἡμᾶς
807 1047 975 1082 περιλάμπει

185 1089 235 1123 τῆς
249 1089 371 1124 χάριτος,
391 1089 429 1116 ὅτ’
444 1088 477 1116 ἂν
492 1090 508 1124 ἠ
533 1089 647 1125 δύναμις
671 1091 717 1118 τοῦ
731 1091 917 1127 βαπτίσματος
930 1092 975 1118 τὸν

187 1133 273 1168 ῥύπον
295 1133 350 1160 τῶν
372 1134 579 1170 ἁμαρτημάτων
596 1135 643 1161 καὶ
665 1136 715 1168 τὰς
737 1136 848 1172 κηλῖδας
866 1137 974 1174 ἐκνίψῃ.

185 1178 241 1205 Καὶ
254 1178 353 1210 πάντες
367 1179 425 1205 ὅσοι
439 1180 472 1214 τῇ
483 1178 575 1215 ἐντολῇ
591 1179 638 1206 τοῦ
653 1180 763 1216 Σιλωὰμ
774 1181 972 1217 ἁπολουόμεθα,

184 1224 216 1250 τὸ
237 1225 419 1260 πνευματικὸν
436 1225 543 1262 δρῶμεν
565 1225 632 1261 φῶς,
654 1226 668 1253 ὅ
686 1227 797 1262 φωτίζει
820 1227 909 1255 πάντα
928 1228 974 1256 ἀν-

186 1269 295 1305 θρωπον
311 1271 458 1307 ἐρχόμενον
473 1274 511 1305 είς
526 1273 573 1300 τὸν
591 1273 703 1308 κόσμον.
722 1274 754 1300 Ὢ
767 1273 814 1300 τοῦ
836 1273 975 1309 θαύματος

185 1315 233 1342 καὶ
254 1316 304 1351 τῆς
326 1317 446 1352 μεγάλης
468 1318 622 1354 ἐνεργείαςί
646 1318 780 1353 Ἀπῆλθεν
802 1319 834 1345 ἐκ
855 1318 905 1353 τῆς
930 1327 976 1345 κο-

184 1357 344 1394 λυμὸηθρας
358 1361 372 1386 ὁ
384 1360 436 1395 πρὸ
453 1360 541 1395 ὀλίγου
559 1361 668 1397 τυφλὸς,
686 1362 835 1398 κοσμηθεὶς
847 1363 878 1389 τὸ
891 1363 976 1398 πρόσ-

185 1411 259 1429 ωπον
277 1405 310 1439 τῇ
328 1403 382 1430 τῶν
395 1405 543 1441 ὀφθαλμῶν
560 1407 713 1444 προσθήκῃ,
735 1407 841 1442 βλέπων
854 1406 975 1444 ἀκριϐῶς

185 1448 254 1484 πρὸς
268 1449 313 1476 τὸν
324 1449 439 1487 ἡλιακὴν
455 1453 561 1480 ἀκτῖνα.
583 1452 746 1488 Ἐξέπληττε
770 1453 832 1485 τοὺς
849 1453 974 1488 γείτονας

1066 588 1149 616 Forte
1161 592 1250 615 autem
1264 587 1366 615 idcirco
1376 587 1459 615 etiam
1475 588 1595 622 spuendo
1607 593 1694 621 curat,
1705 597 1760 624 qun
1770 597 1817 617 eos

1033 636 1068 664 ad
1092 639 1194 663 metum
1222 637 1395 668 compungat,
1419 633 1464 667 qui
1489 633 1564 661 brevi
1589 639 1649 669 post
1662 635 1817 669 exspuendo

1031 681 1158 714 iniuriam
1176 679 1276 707 facturi
1302 684 1390 707 erant.
1414 679 1468 708 Nec
1495 679 1534 707 sic
1555 683 1645 707 tamen
1669 680 1815 708 furentium

1031 726 1135 754 inflexit
1159 725 1318 758 audaciam;
1333 725 1398 760 quin
1415 725 1463 752 fuit
1488 724 1580 752 multis
1595 725 1696 753 oblitus
1719 726 1817 761 sputis,

1029 772 1075 807 qui
1099 776 1178 807 sputo
1204 778 1260 798 rem
1285 770 1419 805 ejusmodi
1444 771 1583 806 gessisset.
1607 770 1690 798 Primi
1713 771 1817 799 ordinis

1029 817 1191 845 creatricem
1211 816 1339 844 virtutem
1359 816 1386 844 in
1405 823 1466 844 eum
1492 816 1602 843 modum
1626 817 1752 844 ostendit.
1777 818 1817 844 Ac

1029 861 1138 897 quidem
1151 861 1271 896 iubendo
1286 861 1371 889 lavari
1385 862 1411 889 in
1427 861 1532 897 piscina
1546 861 1629 894 Siloe,
1641 862 1758 890 futuram
1769 870 1816 890 no-

1027 907 1069 934 bis
1086 907 1202 934 salutem
1217 914 1266 942 per
1277 914 1378 942 aquam
1403 907 1504 939 innuit,
1520 915 1600 942 quam
1621 907 1721 936 Missus
1743 908 1817 937 Siloe

1029 951 1166 980 universis
1179 952 1325 985 concessit.
1340 952 1419 980 'l‘unc
1431 953 1504 980 enim
1519 953 1588 980 bene
1602 954 1735 986 videmus,
1753 962 1815 982 eum

1026 1005 1096 1032 aqua
1119 997 1233 1034 mystica
1252 998 1372 1026 mandati
1398 998 1541 1027 fuerimus.
1561 998 1636 1027 Tunc
1658 1007 1707 1028 nos
1721 1000 1815 1036 gratiae

1027 1041 1117 1070 lumen
1135 1042 1335 1078 circnmfulget,
1353 1051 1413 1071 cum
1443 1043 1570 1079 baptismi
1587 1045 1674 1072 virtus
1691 1050 1817 1080 peccato-

1027 1096 1088 1115 rum
1104 1088 1200 1116 sordes
1216 1088 1393 1124 maculasque
1417 1089 1525 1117 eluerit.
1541 1089 1679 1125 Quotquot
1693 1097 1758 1117 vero
1771 1089 1816 1124 ju-

1026 1133 1108 1161 bente
1122 1133 1195 1162 Siloe
1208 1133 1341 1167 lavamur,
1358 1134 1480 1169 spiritale
1491 1135 1614 1162 videmus
1625 1135 1726 1168 lumen,
1742 1137 1815 1170 quod

1028 1179 1162 1206 illuminat
1172 1187 1278 1207 onmem
1289 1179 1425 1207 hominum
1441 1180 1591 1208 venientem
1604 1180 1631 1208 in
1642 1181 1770 1209 mundum
1780 1181 1814 1208 ".

1029 1225 1051 1253 Ο
1069 1225 1241 1258 miraculum,
1256 1233 1288 1253 ac
1305 1226 1358 1253 vim
1381 1227 1523 1262 magnam!
1542 1226 1670 1254 Discessit
1685 1234 1701 1254 e
1712 1227 1816 1262 piscina

1027 1270 1074 1306 qui
1098 1271 1177 1307 paulo
1204 1275 1266 1299 ante
1292 1279 1379 1299 caecus
1401 1277 1478 1304 erat,
1504 1276 1600 1299 ornata
1629 1272 1698 1299 facie
1724 1272 1817 1301 oculo-

1029 1324 1088 1343 rum
1113 1317 1250 1350 auclario,
1268 1316 1332 1345 solis
1351 1317 1434 1352 probe
1457 1317 1560 1344 radium
1580 1317 1684 1345 videns.
1706 1316 1817 1345 Vicinos

1031 1370 1063 1391 ac
1081 1368 1159 1391 notos
1174 1370 1219 1391 res
1235 1367 1309 1390 tanta
1332 1363 1359 1389 in
1374 1367 1512 1397 stuporem
1527 1363 1660 1389 vertebat.
1677 1362 1815 1390 Turbabat

1028 1414 1095 1435 sane
1119 1415 1187 1435 nova
1207 1406 1357 1434 curationis
1376 1407 1455 1434 ratio.
1471 1406 1610 1434 Circuibat
1625 1406 1718 1434 urbem
1732 1406 1812 1434 homo

1031 1452 1136 1485 videns,
1151 1459 1204 1487 quo
1220 1459 1318 1480 novum
1332 1460 1364 1480 ac
1379 1451 1502 1479 mirabile
1521 1451 1622 1478 factum
1637 1459 1704 1486 opus
1718 1459 1814 1479 omnes

185 1493 233 1520 καὶ
253 1495 317 1526 τοὺς
332 1497 487 1532 γνωρίμους
504 1497 535 1524 τὸ
561 1499 688 1534 πρᾶγμα.
711 1497 851 1534 Ἐθορύϐει
866 1497 912 1526 οὖν
925 1499 947 1517 ³⁵
961 1500 975 1526 ό

1029 1498 1161 1532 viderent,
1183 1506 1198 1526 a
1219 1497 1283 1526 Jesu
1305 1503 1368 1526 nato
1383 1498 1409 1525 in
1424 1497 1598 1531 Betblebem;
1614 1505 1630 1526 a
1650 1498 1746 1533 pusillo
1769 1498 1816 1526 illo

185 1540 278 1572 καινὸς
292 1541 342 1577 τῆς
357 1541 504 1578 θεραπείας
515 1544 615 1580 τρόπος
625 1553 632 1560 ·
648 1544 817 1580 περιενόστει
834 1545 884 1580 τὴν
898 1545 975 1573 πόλιν

184 1585 199 1611 ὀ
224 1585 367 1622 ἄνθρωπος
396 1587 514 1622 βλέπων,
542 1589 587 1616 ἵνα
606 1588 737 1625 βλέπηται
765 1589 840 1625 παρὰ
867 1589 976 1617 πάντων

1025 1543 1140 1578 infante,
1154 1544 1251 1580 pannis
1267 1544 1387 1572 Involulo
1403 1544 1429 1572 in
1447 1545 1588 1580 praesepio.
1606 1544 1668 1572 Haec
1685 1544 1756 1572 enim
1767 1543 1815 1571 Ju-

1026 1590 1098 1618 dteos
1117 1592 1300 1624 morabantur,
1316 1595 1346 1618 ut
1365 1598 1398 1618 ne
1413 1589 1506 1618 deitati
1520 1590 1673 1618 crederent.

185 1629 265 1666 ἔργον
289 1632 434 1667 γενόμενον
463 1632 557 1659 καινὸν
584 1633 631 1660 καὶ
662 1633 814 1669 παράδοξον
841 1633 894 1660 ὑπὸ
923 1632 971 1661 τοῦ
992 1633 1098 1670 [Ἰησοῦ
1116 1635 1164 1662 τοῦ
1182 1634 1217 1672 ⁸ο]
1238 1636 1267 1662 ὲν
1293 1635 1416 1671 Βηθλεὲμ
1438 1634 1624 1670 γεννηθέντος,
1648 1634 1696 1662 τοῦ
1715 1635 1816 1671 μικροῦ

185 1675 303 1712 βρέφους
319 1677 437 1710 ἐκείνου,
457 1678 505 1705 τοῦ
525 1679 554 1707 ἐν
575 1680 608 1715 τῇ
629 1679 718 1716 φάτνῃ
743 1680 799 1711 τοῖς
826 1680 995 1716 σπαργάνοις
1022 1680 1213 1717 ὲνειληθέντος.
1238 1681 1332 1710 Ταῦτα
1356 1683 1410 1719 γάρ
1434 1682 1519 1716 ἐστιν,
1543 1681 1562 1709 ἃ
1593 1682 1656 1714 τοὺς
1673 1681 1815 1714 Ἰουδαίους

183 1723 310 1750 άπιστεῖν
323 1724 410 1752 ἐποίει
418 1726 450 1761 τῇ
463 1725 580 1762 θεότητι.

221 1771 335 1805 οὐκοῦν,
359 1769 383 1800 ὦ
404 1774 511 1809 ἀνόητοι
532 1775 581 1802 καὶ
596 1775 788 1812 παχυκάρδιοι,
815 1776 975 1804 meeum

183 1817 223 1853 τῷ
238 1817 358 1855 λογισμῷ
373 1820 437 1852 τοὺς
451 1820 480 1854 ἐξ
501 1820 600 1853 αἰῶνος
616 1821 776 1858 ἀνθρώπους
790 1822 824 1849 ⁸⁸.
844 1824 910 1850 Ἀπὸ
929 1823 976 1851 τοῦ

191 1864 278 1900 ’Δδάμ
296 1865 456 1901 ἀρξάμενοι,
472 1868 537 1899 τοὺς
559 1867 623 1903 ἑξῆς
648 1868 753 1900 πάντας
772 1868 975 1905 διερευνήσατε,

185 1909 232 1938 ἑὰν
247 1910 345 1947 εὖρητε
360 1912 390 1938 τὸ
404 1912 451 1939 νῦν
470 1913 616 1949 γενόμενον
629 1913 676 1941 καὶ
689 1914 732 1941 ἐπ’
742 1915 830 1943 ἄλλων
844 1915 975 1952 πραχθέν·

185 1956 232 1983 ὲάν
248 1956 345 1992 ἔχοντα
359 1957 405 1985 τὸν
423 1958 480 1994 βίον
494 1959 622 1996 τοιαύτης
637 1960 787 1997 θεραπείας
803 1963 974 1999 ὑπόδειγμαο

186 2002 234 2029 καὶ
248 2002 337 2036 πάλιν,
352 2003 398 2030 ἐπὶ
409 2005 553 2042 διασυρμῷ
566 2007 588 2022 ⁸⁸
600 2007 646 2034 τοῦ
660 2008 763 2044 Κυρίου
780 2017 843 2044 μου,
864 2009 910 2036 τὸν
926 2009 974 2036 τοῦ

184 2048 309 2082 τέκτονος
326 2050 477 2086 προφέρετε
493 2052 589 2086 Παῖδα,
605 2050 635 2080 οὗ
651 2054 714 2086 τοὺς
728 2054 859 2089 ἀδελφοὺς
872 2056 973 2092 γνωρί-

185 2094 258 2128 ζετε,
275 2093 306 2123 οὗ
324 2096 374 2132 τὴν
394 2097 483 2125 οἰκίαν
509 2097 576 2125 ῐστε.
600 2099 812 2136 Ἀπαριθμεῖσθε
830 2101 918 2128 πάντα
939 2101 974 2127 τὰ

183 2141 309 2174 ταπεινὰ,
327 2141 543 2178 φιλονεικήσατε,
556 2143 657 2180 πολλὴν
668 2145 745 2180 ὑμῶν
758 2145 910 2180 καταχέατε
924 2145 974 2181 τὴν

1062 1778 1133 1813 Ergo
1156 1778 1229 1806 stulti
1255 1786 1288 1806 ac
1312 1777 1381 1806 tardi
1405 1778 1498 1811 corde,
1522 1777 1693 1805 considerate
1723 1777 1814 1805 animo

1026 1829 1159 1859 quotquot
1174 1832 1188 1851 a
1203 1823 1303 1851 saeculo
1319 1822 1427 1851 fuerunt
1442 1822 1565 1850 homines
1581 1829 1589 1849 :
1607 1822 1767 1857 incipientes
1779 1823 1814 1850 ab

1024 1869 1122 1901 Adam,
1133 1876 1228 1896 omnes
1242 1868 1369 1903 deinceps
1381 1868 1551 1903 investigate,
1567 1874 1630 1894 num
1644 1867 1717 1902 quod
1731 1867 1812 1894 modo

1026 1915 1127 1942 factum
1139 1918 1191 1946 est,
1206 1914 1256 1941 sub
1266 1914 1328 1941 aliis
1339 1921 1446 1949 quoque
1459 1913 1561 1941 factum
1578 1912 1737 1947 reperietis;
1750 1920 1813 1940 num

1025 1960 1153 1989 saeculum
1175 1959 1325 1988 curationis
1353 1958 1486 1994 ejusmodi
1507 1958 1630 1992 exemplo
1647 1958 1751 1985 illustre
1765 1965 1814 1985 oc-

1026 2009 1136 2038 currat;
1151 2011 1314 2039 rursumque
1328 2005 1361 2030 ad
1375 2003 1527 2031 irrisionem
1544 2002 1650 2030 Domini
1668 2002 1732 2035 mei,
1749 2010 1812 2037 pro-

1025 2051 1094 2078 ferte
1116 2050 1188 2078 fabri
1216 2050 1312 2078 Filium
1328 2049 1369 2083 δ’,
1391 2050 1468 2085 cujus
1489 2049 1583 2077 sciatis
1600 2050 1713 2082 fratres,
1736 2048 1813 2084 cujus

1023 2098 1133 2124 domum
1155 2104 1186 2124 ac
1213 2096 1344 2124 familiam
1366 2097 1508 2124 noveritis.
1534 2096 1677 2124 Studentes
1699 2095 1811 2123 humilia

1023 2143 1113 2170 omnia
1132 2150 1305 2178 percensere,
1324 2142 1434 2169 multam
1454 2147 1572 2169 vestram
1589 2140 1741 2176 profundite
1767 2141 1812 2167 in-

183 2182 299 2215 ἀδοξίαν.
311 2184 342 2210 Εἰ
357 2184 385 2211 δὲ
398 2186 482 2222 μηδὲν
493 2187 611 2214 τοιοῦτον
626 2189 693 2224 μήτε
703 2188 845 2224 ἄνθρωπος
859 2180 971 2226 ἔπραξε.

1027 2189 1226 2216 credulitatem.
1244 2188 1320 2222 Quod
1337 2189 1359 2216 sl
1377 2195 1432 2216 rem
1451 2187 1582 2223 ejusmodi
1599 2194 1649 2215 nec
1667 2180 1810 2222 quisquam

185 2229 252 2263 μήτε
271 2229 285 2255 ὁ
304 2228 361 2264 βίος
374 2230 435 2266 ἔςχε
447 2231 580 2268 διήγημα,
604 2233 784 2267 καταγνόντες
799 2234 901 2261 ἑαυτῶν
923 2235 973 2271 τῆς

183 2273 310 2308 ἀγνοίας,
334 2275 428 2303 λοιπὸν
457 2279 526 2314 πρὸς
551 2279 600 2314 τὴν
635 2279 765 2315 ἀλήθειαν
791 2280 972 2316 ἀναῦλέψατε.

184 2319 305 2354 Νίψασθε
321 2322 365 2348 καὶ
378 2323 457 2358 ὑμεῖς
470 2325 510 2356 είς
526 2324 571 2351 τὸν
587 2324 710 2361 Σιλωὰμ,
726 2324 769 2351 ἴνα
784 2325 822 2361 μὴ
841 2325 974 2353 ἐναποθά-

183 2374 247 2402 νητε
260 2369 293 2403 τῇ
306 2368 464 2405 τυφλότητι.

225 2412 294 2440 Ἀλλ’
303 2413 379 2441 οὐδὲν
393 2415 431 2447 ὡς
446 2416 534 2443 ἔοικεν
547 2418 591 2444 ἐπ’
607 2417 729 2445 ἐκείνων.
742 2417 779 2444 Οὐ
794 2416 872 2451 λόγος
892 2417 973 2444 ὲπαί-

184 2455 269 2488 δευεν,
286 2458 317 2484 οὐ
331 2459 430 2495 πρᾶξις
447 2461 595 2494 ἐδίδασκεν,
616 2462 666 2489 οὐκ
682 2463 807 2499 ἐνέργεια
824 2462 973 2497 θαυμάτων

184 2500 208 2516 ’⁸³
224 2501 372 2531 ἐδυσώπει·
390 2506 478 2533 πάντα
493 2507 522 2533 δὲ
541 2508 694 2535 τούναντίον
722 2509 765 2535 διὰ
787 2508 838 2544 τὴν
859 2508 974 2544 ἔντυφον

184 2548 379 2586 ἀγνωμοσύνην
399 2553 506 2589 μυρίοις
525 2554 636 2589 τρόποις
657 2554 816 2590 ἐπεχείρουν
828 2555 972 2589 ἀφανίζειν

183 2594 228 2619 καὶ
242 2594 379 2632 διασύρειν
389 2606 395 2613 ·
414 2600 608 2635 περιετρέπετο
623 2600 651 2627 δὲ
667 2601 758 2632 αὐτοῖς
775 2601 842 2636 πρὸς
859 2600 970 2627 τούναν-

182 2638 238 2665 τίον
260 2641 276 2675 ὴ
300 2644 459 2679 κακουργία.
478 2645 553 2679 ὐσῳ
578 2645 632 2680 γὰρ
650 2645 781 2680 ἠπίστουν
799 2647 899 2672 ἐκείνοι
919 2646 968 2672 καὶ

218 2763 239 2799 ξ’
260 2763 298 2790 Ex
315 2763 378 2799 ch.

183 2795 348 2832 ἀνθρώποις.

187 2839 248 2864 xtu,
262 2833 311 2861 55.

425 2766 451 2802 ’ξ
465 2765 540 2802 Plini.
554 2765 592 2797 ὡς
605 2765 722 2802 ἀληθῶς.

399 2801 421 2816 ’⁵⁸
437 2801 499 2836 Seg.
523 2800 700 2837 διασυρισμῷ.

773 2766 795 2783 ³⁹
815 2766 877 2802 Seg.
889 2766 935 2793 τὸν
947 2766 1013 2802 βίον.

756 2801 777 2817 ⁸³
797 2801 861 2837 ch.
885 2801 1054 2839 θαυμασίων.

1024 2234 1143 2268 patravit
1157 2234 1249 2265 homo,
1271 2240 1357 2268 neque
1373 2238 1439 2260 tetas
1459 2233 1511 2260 ulla
1525 2233 1579 2260 tale
1593 2232 1656 2267 quid
1672 2237 1811 2259 narratum

1023 2278 1136 2310 audivit,
1153 2283 1271 2305 vestram
1287 2277 1336 2312 ipsi
1353 2278 1513 2305 damnantes
1527 2277 1674 2309 inscitiam,
1689 2278 1722 2304 ad
1737 2277 1811 2304 veri-

1024 2328 1105 2350 tatem
1129 2324 1255 2357 deinceps
1272 2323 1407 2358 respicite.
1430 2321 1482 2350 Vos
1505 2330 1612 2357 quoque
1629 2322 1757 2349 lavamini
1774 2322 1802 2349 in

1024 2369 1107 2402 Siloe,
1122 2373 1151 2395 ut
1168 2377 1201 2396 ne
1216 2369 1242 2396 in
1257 2374 1347 2396 vestra
1362 2369 1514 2396 moriamini
1525 2369 1657 2396 caecitate.

1060 2414 1205 2442 Enimvero
1219 2415 1284 2442 nihil
1298 2415 1415 2450 illiquod
1427 2422 1517 2450 opera:
1525 2415 1640 2449 pretium
1652 2419 1735 2442 esset.
1747 2413 1808 2441 Non

1022 2468 1113 2488 sermo
1125 2460 1285 2494 erudiebat;
1302 2468 1355 2488 non
1369 2460 1484 2488 docebat
1497 2461 1581 2493 actio,
1597 2467 1651 2487 non
1663 2459 1810 2488 miraculo-

1022 2515 1081 2535 rum
1100 2507 1183 2534 virlus
1198 2507 1326 2535 flectebat
1341 2515 1349 2534 :
1364 2512 1459 2535 contra
1479 2512 1568 2534 autem
1589 2514 1636 2541 per
1656 2506 1807 2541 improbam

1022 2553 1206 2588 arrogantiam
1232 2553 1369 2581 sexcentis
1393 2553 1481 2581 modis
1503 2553 1650 2581 obscurare
1671 2552 1762 2579 omnia
1779 2560 1809 2579 ac

1023 2599 1136 2627 irridere
1151 2599 1301 2628 tentabant.
1315 2599 1400 2627 Porro
1413 2598 1452 2626 eis
1466 2599 1492 2626 in
1508 2599 1675 2627 contrarium
1689 2599 1808 2626 versutia

1023 2645 1145 2673 cedebat.
1164 2645 1222 2679 Quo
1239 2645 1312 2672 enim
1333 2645 1420 2681 magis
1433 2650 1512 2672 erant
1531 2645 1674 2676 increduli,
1692 2644 1807 2679 aliisque

1070 2767 1092 2782 ‘°
1114 2765 1150 2793 Es
1167 2766 1229 2800 ch.

1108 2802 1130 2817 ”
1147 2800 1216 2829 Psal.
1240 2807 1326 2834 mn,
1341 2801 1369 2828 ο.

1285 2764 1306 2780 ⁸¹
1328 2765 1390 2800 Sag.
1418 2765 1469 2800 =va
1486 2765 1613 2800 λογισμὸν
1642 2766 1698 2798 τοῖς
1719 2766 1748 2798 ἐξ
1768 2767 1805 2792 αἰ.

1418 2800 1442 2817 δ’
1459 2799 1538 2829 JOan.
1554 2799 1572 2831 t,
1594 2801 1620 2828 9.
1678 2802 1699 2817 “
1711 2801 1806 2828 Matth.
