2076 3155
272 127 326 156 ⁸259

917 122 947 150 S.
968 120 1104 149 ASTERII
1125 119 1277 148 AMASENl

1855 116 1910 144 τεο

277 191 309 212 ac
324 183 384 211 aliis
398 182 662 218 interrogationibus
682 188 739 208 rem
757 180 881 208 demoliri
905 180 1062 211 studebant,

1121 176 1344 213 προσερωτῶντες
1378 174 1544 211 ἀνατρέπειν
1573 173 1739 205 ἐσπούδαζον
1752 193 1759 204 ,
1788 174 1908 209 τοσούτῳ

274 238 308 258 eo
322 229 439 264 amplius
453 231 555 256 vernas
571 228 786 256 conﬁrmabatur
802 236 809 255 :
822 226 948 261 idemque
961 229 1011 260 eis,
1027 231 1065 253 at-

273 283 326 311 que
339 275 433 303 iteStiis
449 275 502 302 illis
515 275 667 306 accidebat,
681 281 740 309 qua.-
753 273 786 300 ab
799 273 890 309 aliquo
903 273 1062 306 vulneratae,

277 322 447 359 nccdutnque
463 325 518 348 tota
535 320 647 355 cuspide
659 320 747 347 ventri
760 318 855 351 inﬁxa,
869 324 923 355 quo
935 319 961 347 in
973 319 1065 347 homi-

276 375 336 396 nem
348 367 454 395 irruunt
465 366 581 401 impetu,
596 365 647 394 sibi
659 365 716 401 ipsa
728 371 814 394 totum
827 366 939 402 adigunt
951 363 1063 393 ferrum.

311 456 388 489 Quod
407 456 524 490 primum
549 455 658 483 curiose
680 460 814 490 quaerunt,
836 455 888 484 hoc
904 460 967 484 est:
989 453 1066 483 Sitne

277 502 321 529 hic
336 503 393 537 ipse
404 509 503 534 caecus,
517 509 566 529 nec
578 501 636 536 ejus
652 500 712 529 loco
725 501 795 529 alius
809 501 931 537 proditus
943 501 990 533 sit,
1004 508 1065 529 cum

275 556 304 576 se
320 548 407 582 palam
424 549 506 576 homo
519 549 606 584 ipsum
622 553 832 581 contestamur,
845 555 877 575 ac
891 552 975 575 totam
988 555 1067 575 cura-

275 594 356 622 tionis
373 595 470 622 seriettt
485 599 636 627 enarraret,
654 599 682 622 ut
697 599 724 622 et
740 594 826 621 lutum
839 593 952 621 oblitum
966 593 1002 621 sit
1015 600 1066 621 caa-

274 640 365 668 citatis
390 640 562 673 remedium;
592 645 676 675 utque
699 641 803 676 piscina
828 640 913 667 lutum
937 639 1065 672 abluens,

275 686 364 713 visum
380 685 537 720 praebuerit.
561 685 622 713 Haec
639 685 719 712 vicini
736 685 872 713 θυι-ἰθείας
891 685 1065 721 ittdagabant,

275 731 470 767 discebantque
487 740 494 758 :
516 730 689 767 requirebattt
709 731 851 764 Pharisaei,
874 736 956 767 atque
972 732 1066 760 crede-

276 778 352 805 bant.

312 822 408 850 Strues
421 821 506 849 altera
523 820 716 850 assumebatur
730 821 765 848 ad
779 821 982 850 convellendum
994 823 1067 858 quod

1115 222 1196 250 πλέον
1211 219 1369 249 ὲδεϐαιοῦτο
1383 222 1399 256 ὴ
1412 220 1536 256 ἀλήθεια·
1567 219 1615 246 καὶ
1626 219 1709 246 ταυτὸ
1718 217 1838 254 ἔπασχον
1853 219 1907 245 τῶν

1116 268 1216 304 θηρίων
1232 267 1356 299 ἐκείνοις,
1373 267 1392 293 ἃ.
1405 266 1544 302 πληγέντα
1552 265 1628 301 παρά
1641 273 1723 296 τινος,
1737 265 1786 292 καὶ
1797 265 1909 300 μηδέπω

1116 315 1207 342 πᾶσαν
1219 313 1269 349 τὴν
1281 313 1385 349 αἰχμὴν
1399 313 1428 339 έν
1446 314 1479 348 τῇ
1497 311 1598 347 γαστρὶ
1610 311 1756 347 δεξάμενα,
1781 312 1815 346 τῇ
1841 311 1909 348 πρὸς

1114 361 1161 388 τὸν
1180 361 1324 396 ἄνθρωπον
1337 360 1409 395 ὁρμῇ
1434 359 1483 386 καὶ
1507 358 1669 393 φιλονεικίᾳ,
1686 358 1746 384 ὅλον
1765 357 1807 392 ἐφ’
1825 357 1910 384 ἑαυτὰ

1116 407 1230 434 συνωθεῖ
1239 407 1285 434 τὸν
1300 406 1359 442 σίδη
1364 414 1420 441 ρον.

1151 451 1251 489 Πρώτη
1281 449 1552 487 πολυπραγμοσύνη·
1577 450 1609 476 El
1626 446 1702 481 οὗτος
1716 448 1798 481 αὐτὸς
1822 450 1837 476 ὸ
1862 457 1911 475 τυ-

1116 499 1193 535 φλὸς,
1222 499 1270 528 καὶ
1297 498 1335 534 μὴ
1362 497 1456 533 ἔτερος
1480 496 1657 524 ἁντ¹ὲκείνου
1681 495 1807 531 ἐδείχθη·
1829 495 1911 522 τοῦτο

1117 545 1212 580 σαφῶς
1235 544 1283 572 τοῦ
1305 543 1451 580 ἀνθρώπου
1477 542 1732 579 διαμαρτυρομένου
1747 563 1754 574 ,
1786 543 1834 569 καὶ
1860 543 1910 578 τὴν

1116 591 1278 619 ἀκολουθίαν
1290 590 1339 626 τῆς
1366 589 1516 626 θεραπείας
1530 587 1747 623 ἀπαγγέλλοντος
1755 588 1788 619 ⁵⁸,
1805 589 1845 615 ὅτι
1863 589 1911 614 καὶ

1116 636 1202 672 πηλὸς
1216 634 1383 671 κατεχρίσθη
1396 634 1428 661 τὸ
1439 634 1491 669 τῆς
1507 633 1676 669 τυφλότητος
1693 633 1854 668 φάρμακον,
1870 633 1911 659 Em

1116 683 1164 711 καὶ
1180 683 1361 719 κολυμϐήθρα
1373 682 1420 708 τὸν
1444 681 1530 717 πηλὸν
1555 681 1721 715 ἁπονίψασα,
1744 681 1775 708 τὸ
1801 681 1911 717 βλέπειν

1116 729 1265 766 παρέσχεν.
1280 728 1376 756 Ταῦτα
1391 727 1605 765 περιεργάζοντο
1614 728 1746 762 γείτονες.
1761 727 1808 754 καὶ
1827 727 1912 762 ἐμάν-

1116 775 1197 803 θανον
1206 783 1214 792 ⁸
1230 774 1380 810 ἀνεζήτουν
1390 775 1415 802 οί
1425 774 1577 811 Φαρισαῖοι,
1592 773 1614 790 ⁸¹
1628 774 1676 801 καὶ
1690 772 1838 800 ἐπείθοντο.

1152 821 1271 857 Δευτέρα
1294 820 1377 856 τέχνη
1400 821 1440 852 εἰς
1460 819 1589 856 ἀθέτησιν
1603 819 1650 846 τοῦ
1670 818 1817 854 γενομένου
1844 826 1912 854 παρ-

277 867 378 894 factum
403 872 485 900 esset,
510 873 540 895 lll
564 867 709 894 ostendere
730 872 896 895 conarentur
922 874 976 894 non
1003 874 1064 895 esse

1121 866 1299 903 ελαμὸάνετο,
1318 866 1350 893 τὺ
1364 865 1512 902 πειρᾶσθαι
1523 865 1668 898 δεικνύειν,
1685 865 1723 897 ὡς
1735 865 1785 892 οὐκ
1810 864 1882 891 ἐστιν
1893 867 1906 892 ὁ

274 913 423 945 Christum,
436 913 482 948 qui
498 908 631 940 curasset'.
648 911 715 945 Quia
737 919 803 940 vero
824 913 905 940 homo
923 912 1070 948 sospitato-

279 966 335 987 l‘elll
351 958 497 990 clamabat,
515 965 618 993 suaque
635 957 806 986 confessione
817 962 848 986 ac
862 958 1066 992 praedicatione,

278 1005 382 1040 gratias
403 1001 581 1039 rependebat'.
602 1011 634 1031 ac
655 1004 817 1032 benellcium
832 1004 972 1039 prodebat,
988 1004 1069 1032 obtu-

277 1051 343 1078 ratis
358 1050 480 1083 auribus,
493 1057 526 1077 ac
539 1049 631 1077 animo
645 1050 777 1086 perplexi,
794 1056 845 1078 nec
859 1050 990 1078 habentes
1003 1050 1068 1086 quid

279 1099 401 1130 agerent,
426 1096 458 1122 ad
473 1095 560 1122 morbi
581 1103 676 1123 rursus
693 1095 897 1130 inquisitionem
913 1100 1067 1129 recurrunt,

278 1143 419 1178 diligenter
445 1146 612 1175 scrutantur,
629 1142 699 1170 sitne
720 1143 743 1170 is
765 1149 854 1170 caecus
879 1150 895 1170 a
915 1143 1067 1177 nativitate,

278 1188 452 1223 hominisque
468 1193 594 1223 parentes
611 1188 768 1221 conSulunt,
786 1195 818 1216 ac
831 1188 935 1224 singula
951 1193 1064 1216 accura-

278 1235 333 1262 tius
348 1234 470 1269 exigunt,
489 1239 542 1261 non
557 1239 586 1260 ut
601 1240 655 1261 rem
673 1236 778 1270 gestam
792 1234 965 1267 conﬁrment,
979 1235 1027 1262 sed
1040 1238 1069 1262 ut

279 1280 378 1316 quovis
391 1279 471 1307 modo
486 1279 666 1308 labefactandi
679 1279 803 1307 miraculi
816 1286 909 1308 ansam
925 1280 1069 1315 arripiant,

279 1326 396 1360 falsique
412 1325 514 1360 aliquid
539 1326 686 1353 commenti
711 1325 869 1359 moliantur,
889 1330 943 1361 quo
963 1326 1069 1354 ﬁdelem

277 1373 385 1408 plebem
401 1380 414 1400 a
430 1371 520 1400 studio
536 1375 671 1400 avertant.
688 1369 711 1399 0
725 1371 905 1400 excellentem
923 1371 1071 1399 malitiam!

279 1409 440 1452 Depugnare
455 1423 552 1445 contra
576 1418 733 1449 veritatem;
753 1422 803 1444 nec
820 1417 935 1444 adorare
949 1416 1069 1444 Omnium

279 1464 466 1498 conditorem;
484 1463 531 1491 sed
546 1462 669 1491 benelico
687 1463 830 1491 detrahere
849 1472 856 1490 :
873 1469 926 1490 non
940 1463 1070 1491 admirari

279 1510 438 1546 potentiam,
452 1510 500 1538 sed
514 1509 605 1537 conari
622 1513 697 1544 gesta
713 1509 830 1537 elevare.
843 1506 954 1537 Credite
969 1508 1011 1537 vel
1024 1517 1070 1544 pa-

280 1556 414 1588 rentibus,
431 1563 448 1583 o
463 1552 604 1588 Pharisaei,
620 1543 661 1583 sic
678 1559 770 1583 natum
785 1563 846 1584 esse
862 1560 963 1584 caecum
980 1543 1069 1584 botni-
1085 1543 1105 1572 ο

281 1610 342 1630 nem
356 1611 363 1635 ;
380 1609 544 1636 rursumque
558 1601 590 1629 ad
605 1609 707 1629 caecum
725 1602 868 1633 recurrite,
886 1601 1068 1637 secundoque,

283 1656 314 1676 ac
334 1649 427 1680 tertio,
440 1652 517 1675 certo
532 1648 565 1675 ab
581 1655 613 1675 eo
629 1648 742 1676 docendi
756 1648 841 1676 malos
856 1652 968 1676 conatus
983 1655 1014 1676 ac
1029 1649 1070 1675 in-

283 1695 378 1722 sidias.
390 1691 443 1722 Ubi
459 1701 522 1721 vero
536 1694 639 1728 primus
651 1698 766 1722 conatus
779 1701 831 1721 non
848 1695 1019 1726 successerit,
1036 1695 1070 1722 ad

281 1740 429 1767 secundum
443 1739 596 1774 proccdite;
610 1739 654 1767 ubi
667 1747 718 1767 nec
740 1739 887 1772 secundus,
899 1740 931 1766 ad
943 1740 1070 1774 tertium;

284 1786 329 1813 ttbi
346 1793 395 1813 nec
410 1786 517 1816 tertius,
530 1785 657 1820 deinceps
671 1786 703 1813 ad
714 1790 853 1820 quartum.
867 1785 969 1812 Astutae
983 1786 1070 1820 vulpis

281 1840 378 1860 cursus
391 1834 500 1859 versate
515 1839 521 1858 :
538 1838 570 1859 ac
584 1831 694 1866 quidem
709 1830 781 1858 omni
801 1836 851 1857 vos
867 1835 943 1864 parte
963 1838 1011 1858 ceu
1029 1831 1069 1858 in-

282 1879 382 1915 dagine
396 1878 508 1914 cingunt
521 1877 645 1905 Veritatis
660 1877 747 1910 retia;
763 1883 813 1904 nec
830 1876 886 1904 lieri
901 1881 999 1912 potest,
1015 1880 1043 1904 ut
1058 1885 1072 1904 a

281 1924 414 1952 miraculo
428 1923 529 1951 exitum
545 1922 703 1950 inveniatis.
719 1919 863 1950 EnimVero
877 1923 978 1950 nullam
992 1923 1072 1951 omit.-

283 1971 332 1998 tilc
347 1970 484 2004 strophetn
504 1974 611 1996 aranere
628 1974 750 1996 texetttcs
764 1969 855 2001 telam,
868 1970 940 1997 varie
953 1969 1073 2004 quidem,

284 2015 410 2043 imbecilli
426 2020 515 2042 tamen
528 2019 626 2042 conatu
640 2021 671 2041 ac
683 2015 780 2045 inutili,
802 2015 912 2042 insidias
926 2019 1074 2042 struentes.

1119 915 1238 951 Χριστὸς
1254 915 1268 941 δ
1292 913 1443 950 ἐνεργήσας
1459 912 1508 949 τὴν
1523 911 1681 948 θεραπείαν.
1699 910 1808 947 Ἐπειδὴ
1824 911 1853 937 δὲ
1864 910 1911 938 ἄν·

1118 961 1228 997 θρωπος
1246 959 1293 987 τὸν
1306 960 1422 995 Σωτῆρα
1432 958 1507 990 ὲόόα,
1527 958 1575 985 καὶ
1590 959 1624 994 τῇ
1649 955 1792 993 ὁμολογίᾳ,
1805 957 1853 984 καὶ
1870 956 1911 991 τῷ

1118 1007 1278 1044 κηρύγματι
1297 1006 1435 1033 ἀντεδίδου
1455 1006 1505 1042 τὴν
1524 1005 1616 1041 χάριν,
1643 1004 1689 1031 καὶ
1703 1003 1748 1030 τὸν
1763 1003 1911 1039 εὐεργέτην

1119 1052 1313 1090 έδημοσίευεν·
1331 1051 1569 1088 ἁποφραττόμενοι
1588 1050 1623 1077 τὰ
1636 1049 1769 1085 στύματα,
1784 1049 1831 1076 καὶ
1844 1049 1911 1083 ἰλιγ-

1119 1100 1232 1135 γιῶντες
1250 1099 1299 1136 τὴν
1311 1099 1435 1135 γνώμην,
1450 1098 1500 1125 οὐκ
1512 1097 1645 1133 ἔχοντεςὸ
1660 1103 1685 1124 τι
1695 1096 1744 1123 καὶ
1759 1096 1909 1132 πράξωσιν,

1119 1146 1167 1174 ἐπὶ
1180 1146 1229 1182 τὴν
1244 1145 1292 1173 τοῦ
1305 1145 1409 1177 πάθους
1422 1145 1503 1172 πάλιν
1518 1143 1697 1180 ἀνατρέχουσι
1711 1141 1851 1179 [ζήτησιν-
1863 1142 1910 1168 καὶ

1120 1194 1144 1219 εί
1166 1193 1198 1219 ὲκ
1221 1192 1334 1227 γενετῆς
1357 1191 1468 1226 τυφλὸς,
1490 1190 1570 1217 τοῦτο
1597 1189 1836 1225 περιεργάζονται,
1863 1188 1911 1214 καὶ

1120 1239 1185 1271 τοὺς
1194 1239 1283 1274 γονεῖς
1296 1236 1430 1273 ἀναζητοῦ
1435 1245 1461 1263 σι
1468 1236 1514 1264 τοῦ
1522 1235 1667 1272 ἀνθρώπου
1675 1235 1720 1271 ⁸¹],
1730 1234 1776 1262 καὶ
1789 1233 1912 1269 ἀκριϐεῖς

1122 1284 1266 1318 ἐξετασταὶ
1285 1283 1406 1318 γίνονται
1425 1283 1478 1310 τῶν
1499 1282 1560 1309 καθ’
1584 1282 1708 1312 ἕκαστον,
1732 1281 1783 1315 οὐχ
1807 1279 1850 1306 ἵνα
1868 1278 1912 1314 βε-

1121 1330 1260 1358 δαιώσωσι
1273 1331 1303 1357 τὸ
1313 1330 1447 1367 πραχθὲν,
1462 1329 1520 1356 ἀλλ’
1536 1329 1579 1355 ἵνα
1595 1327 1752 1363 ἀνατροπὴν
1766 1326 1848 1353 ποθεν
1863 1324 1911 1351 τοῦ

1121 1375 1275 1412 θαυμασίου
1296 1375 1415 1408 λάϐωσι,
1441 1373 1589 1409 καὶψευδῆ
1611 1381 1672 1399 τινα
1692 1371 1844 1407 σκευωρίαν
1866 1379 1912 1396 κα-

1122 1422 1341 1454 τασκευάσαντες
1369 1421 1400 1448 τὺ
1413 1420 1541 1447 πιστεῦον
1556 1419 1658 1454 πλῆθος
1673 1418 1724 1453 τῆς
1743 1418 1831 1454 ὁρμῆς
1845 1417 1912 1444 ἁνα-

1121 1467 1269 1504 τρέψωσιν.
1286 1468 1318 1493 Ὢ
1336 1466 1436 1498 κακίας
1452 1465 1604 1502 ὑπερϐολήί
1619 1464 1762 1500 Μάχεσθαι
1783 1463 1850 1499 πρὸς
1862 1462 1912 1498 τὴν

1122 1514 1262 1550 ἀλήθειαν,
1277 1514 1325 1540 καὶ
1341 1513 1378 1548 μὴ
1397 1513 1561 1549 προσκυνεῖν
1576 1511 1621 1538 τὸν
1636 1511 1724 1537 πάντα
1737 1509 1761 1526 ⁸³
1774 1509 1911 1543 ποιοῦντα,

1122 1560 1190 1587 ἀλλὰ
1208 1560 1348 1596 διασύρειν
1375 1559 1421 1586 τὸν
1449 1558 1616 1595 εὐεργέτην·
1638 1556 1676 1594 μὴ
1692 1556 1841 1592 θαυμάζειν
1863 1555 1912 1591 τὴν

1121 1605 1246 1641 δύναμιν,
1269 1604 1326 1631 ἀλλ’
1346 1603 1491 1635 εὐτελίζειν
1516 1602 1664 1638 πειρᾶσθαι
1692 1601 1727 1628 τὰ
1746 1601 1911 1638 πράγματα.

1124 1651 1258 1687 Πείσθητε
1279 1651 1327 1677 καὶ
1347 1650 1422 1687 παρὰ
1442 1650 1497 1678 τῶν
1514 1650 1626 1685 γονέων,
1653 1647 1675 1676 ὦ
1694 1650 1851 1686 Φαρισαῖοι.
1871 1648 1913 1674 ὅτι

1125 1696 1194 1733 μετὰ
1208 1697 1257 1732 τῆς
1272 1696 1438 1732 τυφλότητος
1453 1696 1552 1732 ἐτέχθη
1569 1697 1583 1723 ὁ
1596 1696 1738 1731 ἄνθρωπος
1749 1703 1755 1710 ’
1774 1695 1819 1722 καὶ
1832 1693 1914 1720 πάλιν

1123 1743 1171 1769 ἐπὶ
1185 1742 1230 1769 τὸν
1241 1741 1340 1777 τυφλὸν
1356 1741 1531 1778 ἀνατρέχετε,
1548 1743 1580 1769 ἐκ
1590 1741 1730 1777 δευτέρου,
1744 1740 1792 1768 καὶ
1810 1739 1913 1776 τρίτου,

1124 1788 1191 1825 παρ’
1207 1788 1313 1815 ἐκείνου
1330 1787 1583 1824 πληροφορούμενοι
1598 1787 1652 1814 τῶν
1666 1786 1758 1813 κακῶν
1775 1786 1915 1820 ἐπιχειρη-

1127 1834 1220 1869 μάτων
1233 1834 1280 1859 καὶ
1291 1833 1345 1860 τῶν
1369 1832 1528 1860 ἐπιϐουλῶν.
1549 1832 1620 1859 Ἀλλ’
1635 1832 1673 1858 ὅτ’
1689 1830 1721 1858 ἂν
1736 1831 1786 1865 τῆς
1801 1829 1915 1865 πρώτης

1123 1879 1258 1914 ἐκπέσητε
1282 1879 1389 1915 πείρας,
1409 1879 1456 1905 ἐπὶ
1472 1879 1522 1915 τὴν
1536 1878 1666 1913 δευτέραν
1678 1878 1808 1913 χωρεῖτε·
1831 1875 1870 1902 ὅτ’
1881 1875 1916 1901 ἂν

1123 1925 1173 1960 τῆς
1192 1924 1333 1961 δευτέρας,
1354 1925 1401 1951 ἐπὶ
1419 1925 1468 1960 τὴν
1489 1924 1603 1960 τρίτηνο
1625 1924 1663 1951 ὅτ’
1682 1923 1716 1950 ἂν
1737 1924 1786 1958 τῆς
1804 1922 1914 1958 τρίτης,

1124 1971 1171 1997 ἐπὶ
1183 1971 1230 1997 τὸν
1249 1971 1374 2006 καθεξῆς.
1398 1970 1550 2003 Ἀλώπεκος
1563 1969 1772 2006 κακουργούσης
1784 1967 1915 2002 ἀναστρέ-

1125 2017 1208 2051 φεσθε
1225 2017 1357 2053 δρόμους·
1375 2017 1422 2044 καὶ
1447 2015 1585 2053 πανταχοῦ
1605 2017 1654 2053 μὲν
1675 2016 1747 2051 ὑμᾶς
1770 2014 1804 2041 τὰ
1819 2013 1916 2040 δίκτυα

282 2062 332 2096 τῆς
358 2060 486 2096 ἀληθείας
514 2060 757 2095 περιεστοίχισται·
784 2060 905 2094 ἄφυκτος
924 2060 964 2092 δὲ,
986 2061 1069 2097 ήάπὺ
1088 2062 1239 2098 θαυμασίου
1275 2063 1399 2095 διέξοδος.
1433 2063 1529 2099 Ὅμως
1551 2063 1580 2089 δὲ
1600 2063 1690 2097 πάσης
1715 2062 1764 2088 οὐκ
1790 2059 1915 2095 ἀμελεῖτε

284 2108 397 2144 πλοκῆς.
420 2108 493 2134 ἱστὸν
520 2107 640 2142 ἀράχνης
675 2106 842 2140 ὕφαίνοντες,
871 2105 1000 2138 ποικίλως
1028 2106 1093 2142 μὲν,
1114 2107 1171 2135 ἀλλ’
1188 2108 1309 2141 ἀσθενῶς
1321 2109 1368 2135 καὶ
1383 2108 1523 2144 ἀνηνύτως
1535 2107 1766 2138 ἐπιϐουλεύοντες.

318 2167 430 2194 Morbus
442 2166 486 2193 hic
497 2173 511 2191 tt
525 2165 645 2200 patribus
661 2165 688 2192 itt
703 2172 749 2191 vos
764 2169 805 2191 est
820 2165 968 2192 derivattts.
986 2165 1069 2193 lucre-

1161 2167 1299 2204 Πατρικὸν
1330 2166 1407 2203 ὑμῶν
1435 2166 1467 2193 τὸ
1489 2167 1606 2203 νόσημα.
1627 2165 1762 2193 ’Λπίστων
1787 2163 1915 2198 πατέρων

284 2213 408 2240 ditiorum
425 2215 579 2246 parentum,
597 2209 730 2236 increduli
749 2208 807 2235 ﬁlii.
825 2207 924 2236 Eodem
941 2209 976 2236 illi
994 2212 1073 2238 ntodo

285 2260 449 2290 habuerunt,
463 2256 534 2292 quod
546 2261 652 2292 spectat
667 2256 699 2283 ad
711 2254 821 2291 Atlgypti
838 2255 978 2283 miracula.
992 2256 1074 2285 Novis

286 2305 374 2332 modis
389 2307 541 2338 praeterque
556 2301 786 2334 exspectationem
801 2301 834 2327 ab
850 2301 971 2328 hostibus
985 2301 1072 2328 Salva-

285 2353 396 2383 batttur,
416 2357 448 2377 ac
467 2348 562 2377 salutis
581 2347 683 2375 auctori
703 2346 833 2374 increduli
848 2351 941 2374 erant.
956 2346 1073 2374 Alaban-

285 2405 329 2426 tur
347 2397 418 2425 escis
431 2395 609 2424 nobilioribus
629 2402 709 2429 quant
728 2394 826 2420 habeat
842 2399 947 2421 natura:
962 2402 1027 2422 usus
1037 2395 1072 2427 ⁸⁷,

283 2449 414 2479 erantque
428 2442 560 2470 fatnelicis
574 2441 743 2476 ingratiores.
761 2439 953 2473 Suscipiebant
973 2448 1072 2468 manna

285 2494 319 2518 de
337 2491 406 2518 coelo
423 2491 535 2517 missum
550 2488 584 2521 ⁸⁸³,
597 2487 776 2520 allioruntque
794 2485 903 2520 Egypti
919 2493 951 2512 ac
966 2487 1071 2521 cepiutn

286 2541 386 2563 tetrum
402 2535 593 2562 desiderabant
610 2534 729 2560 odorem,
744 2530 876 2559 Columna
896 2532 973 2559 nubis
988 2532 1072 2560 inter-

285 2582 331 2609 diu
349 2580 581 2608 obuntbrabantur
597 2579 631 2611 “,
651 2584 680 2605 ut
697 2585 731 2605 tte
746 2577 813 2605 solis
832 2577 970 2604 radiorum
989 2582 1072 2605 aestus

286 2627 438 2654 molestiam
457 2625 559 2652 faceret
577 2635 583 2652 :
602 2625 726 2660 ignisque
744 2624 868 2652 columna
890 2632 938 2659 per
964 2629 1070 2652 noctem

287 2672 504 2704 illustrabantur,
518 2678 615 2697 novum
628 2670 700 2698 aliud
713 2675 811 2706 praeter
823 2670 912 2698 lunam
927 2670 1074 2698 eximium—

286 2726 338 2753 quc
353 2717 491 2746 consecuti
508 2716 659 2743 luminare:
678 2724 709 2742 ac
725 2716 802 2752 quasi
821 2716 888 2743 nihil
905 2717 1002 2744 divina:
1017 2717 1073 2744 vir-

337 2823 358 2838 “
375 2822 461 2849 Exod.
482 2830 537 2854 tm,
552 2822 595 2849 l5.

282 2855 303 2871 ⁵³
326 2859 387 2893 Seg.
409 2856 503 2884 ταῦτα.

635 2821 656 2837 ⁵⁸⁸
676 2821 742 2849 lbid.
757 2821 801 2848 21.

842 2821 873 2859 ’δ’
891 2821 976 2850 Exod.
994 2830 1052 2856 xttt,
1068 2821 1112 2849 2i.
1152 2823 1174 2838 '°
1194 2823 1258 2857 Seg.
1273 2822 1449 2858 κεκραγότος.

1126 2214 1214 2249 ὅμοιοι
1227 2214 1332 2245 παΰες.
1349 2210 1472 2240 Τοιοῦτοι
1487 2213 1606 2239 κάκεῖνοι
1620 2211 1665 2238 τὸν
1681 2211 1782 2247 τρόπον
1802 2210 1867 2246 περὶ
1881 2209 1916 2237 τὰ

1127 2259 1266 2296 θαυμάσια
1281 2259 1316 2286 τὰ
1329 2259 1389 2287 κατ’
1400 2260 1548 2293 Δίγυπτον.
1572 2256 1621 2284 Ἐκ
1636 2256 1761 2293 πολέμων
1784 2255 1917 2288 ἐσώζοντο

1126 2306 1227 2338 καινῶς
1244 2306 1291 2332 καὶ
1309 2306 1374 2341 παρ’
1389 2305 1511 2336 ἐλπίδας,
1527 2304 1574 2331 καὶ
1589 2304 1626 2339 τῷ
1640 2304 1740 2331 διδόντι
1762 2303 1811 2338 τὴν
1833 2311 1918 2336 σωτηυ

1128 2352 1187 2388 ρίαν
1206 2352 1353 2387 ὴπίστουν·
1379 2351 1523 2386 ἐτρέφοντο
1550 2350 1662 2386 τροφαῖς
1687 2348 1917 2385 ὑπερϐαινούσαις

1127 2397 1177 2433 τὴν
1200 2397 1290 2432 φύσιν,
1317 2397 1365 2423 καὶ
1384 2396 1439 2423 τῶν
1453 2395 1650 2431 λιμωττώντων
1664 2391 1734 2430 ἦσαν
1752 2393 1831 2421 πλέον
1848 2394 1919 2429 ἀχά-

1130 2451 1232 2476 ριστοι-
1264 2442 1353 2478 μάννα
1377 2443 1538 2477 ὑπεδέχοντο
1555 2440 1700 2477 οὐρανόθεν
1724 2439 1917 2475 πεμπόμενον,

1127 2489 1174 2515 καὶ
1187 2489 1241 2514 τῶν
1255 2488 1447 2522 Αἰγυπτιακῶν
1462 2487 1599 2523 σκορόδων
1607 2495 1636 2513 τε
1647 2486 1694 2513 καὶ
1706 2485 1857 2524 κρομμύων
1868 2485 1918 2520 τὴν

1126 2533 1258 2560 δυσωδίαν
1276 2533 1390 2560 ἐπόθουν
1406 2541 1413 2548 ο
1436 2533 1524 2569 στύλῳ
1537 2533 1653 2568 νεφέλης
1670 2531 1719 2567 τὴν
1734 2531 1841 2567 ἡμέραν
1866 2531 1918 2556 ὑπ-

1127 2579 1294 2612 εσκιάςοντο,
1321 2579 1364 2607 ἵνα
1378 2580 1416 2616 μὴ
1445 2581 1478 2616 τῇ
1503 2579 1591 2615 θέρμῃ
1610 2579 1659 2614 τῆς
1680 2578 1795 2614 ἡλιακῆς
1809 2577 1920 2609 ἀκτῖνος

1128 2625 1369 2662 ταλαιπωρήσωτι,
1385 2625 1432 2652 καὶ
1445 2625 1534 2661 στύλῳ
1549 2625 1635 2660 πυρὸς
1649 2625 1679 2651 ἐν
1693 2624 1771 2651 νυκτὶ
1783 2622 1919 2658 κατελάμ-

1129 2679 1219 2706 ποντο,
1237 2672 1316 2699 ἄλλον
1342 2673 1473 2708 φωστῆρα
1501 2671 1596 2699 καινὸν
1624 2670 1698 2706 παρὰ
1723 2671 1774 2706 τὴν
1802 2670 1919 2705 σελήνην

1128 2718 1255 2750 λαϐόντες
1268 2717 1415 2753 ἐξαίρετον,
1430 2718 1519 2750 καὶώς
1535 2718 1664 2753 οὐδεμιᾶς
1677 2717 1817 2752 ἐνεργείας
1825 2715 1920 2750 θεῑκῆς

1499 2822 1519 2838 5"
1541 2822 1582 2848 ἵσ.
1601 2820 1646 2847 καὶ
1659 2819 1719 2847 οὐκ.
1759 2819 1781 2835 ¹¹
1795 2818 1833 2846 Ex
1855 2818 1919 2854 Seg.
