2076 3155
263 100 317 128 363

895 93 927 122 S.
945 91 1082 121 ASTERII
1101 89 1253 120 AMASENI

1836 86 1892 116 9.64

265 162 375 190 natam;
393 156 480 184 virum
495 162 528 182 ex
542 161 641 190 genere
653 153 814 185 lsraelitam,
828 151 922 188 legalis
935 152 1045 179 institu-
1061 177 1063 182 ,

1114 157 1164 185 ητα
1177 149 1221 175 τὸν
1234 147 1293 175 υῑδν
1306 146 1353 174 τοῦ
1371 145 1473 182 Ἀμὼς,
1487 145 1630 182 προφήτην
1643 145 1784 181 προφήτου
1797 145 1893 178 παῖδα,

268 204 351 231 tionis
364 207 454 238 caput.
473 201 516 229 Sit
538 200 592 229 Deo
607 200 703 235 gloria,
720 202 849 234 potestas,
868 197 965 230 honor,
979 203 1051 225 nunc

265 254 295 279 et
307 256 414 284 semper
424 252 452 276 et
465 247 492 275 in
506 245 605 274 saecula
617 245 786 274 saeculorum.
802 243 901 270 Amen.

268 395 302 424 In
314 399 418 423 sane!“
429 391 556 428 principes
565 343 696 426 αροιχιπί
708 389 815 418 Petrum
827 393 852 417 et
860 387 976 416 Paulum
982 385 1050 424 (ιο).

301 469 334 498 Hi
348 476 414 497 sane
430 475 535 501 omnes,
548 471 676 495 consueta
685 473 718 493 ac
729 464 849 500 legitima
862 463 967 492 ratione
977 461 1053 489 exhi-

266 515 326 547 biti,
350 513 420 542 sacri
448 518 598 548 martyrum
623 512 750 544 honores,
771 509 832 537 festi
854 509 913 536 dies
932 511 1006 540 sunt,
1021 513 1054 534 ac

267 559 397 595 praeclare
411 566 427 586 e
444 558 544 593 pietate
560 561 696 593 gestorum
718 555 787 583 tituli
801 553 936 590 perpetui.
954 553 982 580 In
1002 553 1053 586 iis,

267 605 313 634 ubi
341 603 525 632 Ecclesiarum
546 602 674 638 praesules
700 601 799 629 dicturi
827 598 1002 630 accesserint,
1021 597 1054 625 ad

269 658 361 679 rerum
379 650 406 677 in
423 649 557 677 orationis
573 652 759 683 argumentum
783 645 982 681 propositarum
995 650 1055 670 ma.

243 719 249 725 .
268 696 436 732 gnitudinem
457 702 520 722 suas
540 694 678 729 exigentes
695 693 776 724 vires,
798 692 856 726 ipso
874 691 963 718 statim
975 697 1056 717 exor-

269 742 314 770 dio
337 742 370 769 ad
395 740 502 769 veniam
527 746 639 774 remque
666 746 681 766 a
703 745 732 766 se
755 737 934 765 amoliendam
958 736 1054 764 confu-

269 790 357 825 giunt,
372 787 562 822 sermonisque
585 785 706 813 exilitate
720 784 805 812 minui
825 791 916 811 rerum
931 782 1055 818 magniﬁ-

269 835 386 863 centiam
410 837 546 862 asserunt.
571 831 606 860 Ut
632 838 697 859 vero
722 830 771 864 illi,
797 829 919 866 singulos
934 836 1057 865 quosque
1074 829 1094 857 Β

268 885 403 916 martyres
431 879 557 908 laudibus
582 877 755 910 celebraturi,
774 876 849 904 velut
870 876 990 904 animum
1008 876 1057 902 de-

270 928 415 963 spondent,
429 925 570 961 majusque
587 924 688 960 aliquid
705 930 786 958 quam
799 930 848 958 pro
863 929 912 950 sua
929 922 1058 950 facultate

270 973 451 1001 laudationem
468 975 635 1005 agnoscunt,
658 976 691 996 ac
711 967 812 1004 liquido
838 974 914 995 suam
944 967 993 1002 ipsi
1016 966 1058 994 fa-

270 1023 362 1047 tentur
384 1016 595 1045 imbecillitatem
608 1035 616 1048 ,
639 1014 706 1050 quid
724 1021 767 1041 me
786 1013 842 1046 lict,
869 1013 911 1041 cui
925 1013 1057 1040 hodierna

270 1066 314 1093 die
334 1070 484 1100 martyrum
496 1067 676 1099 praecepwres
688 1060 786 1089 celebri
806 1060 883 1088 laude
893 1066 1059 1095 prosequen-

269 1112 320 1139 dos
337 1110 504 1146 propositum
520 1109 575 1137 sit?
593 1109 689 1141 Veros,
708 1107 831 1142 inquam,
851 1107 921 1137 illos,
941 1106 1059 1142 primos-

271 1165 325 1193 que
341 1155 488 1191 discipulos
516 1154 629 1188 Christi,
647 1153 831 1181 Ecclesiarum
853 1151 961 1184 Patres,
987 1151 1059 1179 solos

271 1205 400 1241 probatos
421 1202 570 1237 ﬁdelesque
595 1200 734 1236 Evangelii
762 1207 918 1235 praecones;
937 1199 1059 1235 quicum

272 1251 328 1279 Deo
344 1250 460 1277 miscere
470 1247 614 1283 colloquia,
631 1247 741 1281 suisque
754 1246 804 1281 ipsi
818 1246 928 1273 auribus
941 1245 1059 1273 divinant

272 1295 420 1330 suscipere.
435 1300 528 1322 vocem
543 1293 616 1328 digni
632 1292 717 1320 habiti
732 1291 797 1320 sint.
816 1291 893 1319 Haud
909 1291 1058 1324 enimvero,

273 1341 345 1378 quod
359 1340 395 1367 sit
409 1338 533 1367 sublimis
547 1345 648 1370 sermo,
660 1344 692 1365 ac
704 1338 806 1365 arduus
819 1341 943 1369 conatus,
957 1336 1060 1365 idcirco

272 1393 363 1423 operte
377 1386 494 1421 pretium
521 1385 646 1412 videatur
667 1388 697 1412 ut
715 1383 787 1411 iners
809 1390 962 1418 vanumque
978 1383 1061 1410 silen—

272 1434 340 1461 tium
355 1432 498 1467 eligamus,
513 1431 670 1466 ignavorum
690 1436 766 1458 more
779 1436 812 1457 ac
835 1428 919 1456 maris
939 1428 1060 1463 rudium,

274 1479 319 1514 qui
339 1479 373 1506 ad
386 1478 470 1505 maris
482 1477 570 1512 ipsum
584 1481 723 1512 aspectum
737 1475 999 1510 abjiciuntanimum
1009 1484 1016 1507 ;
1028 1482 1061 1502 ac

274 1531 363 1560 neque
379 1523 512 1558 principio
537 1523 672 1550 sustinent
684 1522 775 1550 navim
793 1521 987 1553 conscendere,
1012 1529 1061 1550 nec

274 1567 318 1594 vel
332 1565 487 1601 experiendi
507 1572 601 1599 causa,
614 1570 735 1593 extrema
748 1565 806 1600 ipsa
818 1564 910 1592 littora
925 1564 1061 1592 modicum

275 1613 470 1649 obnavigantes
485 1613 625 1641 lustrare:
645 1613 708 1648 quin
729 1617 768 1640 ter
788 1612 876 1641 beatis
899 1610 979 1645 viris,
993 1618 1062 1647 quo-

276 1733 401 1762 clemens
420 1731 440 1760 1,
457 1739 466 1759 ι
483 1731 595 1764 Strom.,
619 1738 680 1766 pag.
705 1731 768 1758 mihi
792 1732 855 1760 527.
882 1731 1060 1767 Epiphanius,

277 1777 326 1796 seu
351 1767 474 1803 quisquis
491 1772 587 1794 auctor
604 1773 645 1795 est
666 1767 748 1794 libelli
772 1768 805 1794 de
829 1767 1063 1809 vilis'Propheta-

278 1811 348 1831 rum.
364 1803 511 1835 Cedrenus,
532 1809 593 1837 pag.
610 1803 654 1830 88.
668 1803 737 1835 Aug.
755 1802 773 1829 Ι.
793 1810 859 1829 xvnr
874 1803 964 1836 Cm’t.,
979 1812 1004 1831 c.
1016 1803 1062 1837 27,

278 1811 348 1831 rum.
364 1811 511 1835 heurenus,
532 1811 593 1836 pag.
610 1811 654 1830 ea.
668 1811 737 1835 aug.
755 1811 773 1829 ι.
793 1811 859 1829 xvm
874 1811 964 1836 (nam,
979 1812 1004 1831 c.

279 1824 527 1874 bﬂ'ﬁiﬁi‘ﬁﬁﬁiﬁ;
532 1824 660 1874 ’ἰὲἒὶξιῖὶ
668 1824 823 1874 ’ἱῖτέξιιὶὶιῑί
828 1824 974 1874 ιίἰεῖὸἨὶῖἷι
977 1824 1009 1874 ιῖίὲ
1018 1824 1062 1867 'e'x'

279 1873 422 1901 Hebraicis
447 1872 567 1900 fontibus
589 1872 670 1900 alium
693 1873 785 1900 statim
799 1872 975 1907 deprehendit
989 1873 1066 1902 Isaia:

279 1913 402 1944 patrem,
424 1907 505 1944 alium
530 1908 689 1942 prophetam
715 1908 822 1944 Amos,
842 1908 1001 1944 quibuscum
1033 1915 1067 1936 ne

279 1943 376 1972 nomen
399 1943 507 1978 quidem
528 1950 671 1970 commune
691 1947 780 1976 esset;
801 1943 840 1970 sic
863 1943 908 1970 ille
930 1944 1068 1978 prommiis

280 1980 308 2007 in
325 1983 469 2013 utrumque
483 1978 659 2013 prophetam,
692 1985 742 2012 pro
772 1985 819 2005 sua
847 1978 873 2005 in
898 1980 983 2013 sacris
994 1979 1069 2006 Scri-

280 2012 563 2049 pturisﬂex’ponendis
585 2012 737 2049 ermli_tione
752 2013 878 2049 maxima,
902 2012 994 2041 Potest
1009 2014 1069 2048 qui-

280 2047 322 2076 vis
347 2047 440 2084 adire;
456 2048 513 2075 Non
536 2047 624 2084 placet
651 2047 756 2081 Gaspar
785 2047 924 2084 Sanctius
947 2049 1069 2084 prolego-

283 2084 370 2111 tnenis
384 2084 411 2110 in
428 2083 522 2114 Amos,
536 2083 583 2116 qui
598 2087 717 2109 mutasse
731 2089 792 2108 eum
808 2083 970 2110 sententiam
985 2083 1066 2116 dicat,

282 2126 314 2145 ac
324 2119 447 2144 eumdem
461 2117 632 2144 existimasse
643 2121 788 2151 utrumque
802 2117 885 2144 Amos
904 2117 955 2145 lsa.
970 2126 1066 2149 xxvnt,

1107 194 1278 231 Ἶσραηλίτην
1296 194 1329 220 ἐκ
1347 193 1442 227 γένους
1462 192 1562 228 ἄνδρα,
1580 192 1631 227 τῆς
1654 190 1726 219 κατὰ
1744 190 1791 217 τὸν
1811 191 1895 226 νόμον

1101 240 1212 276 ἀγωγῆς
1221 239 1252 266 τὺ
1264 239 1420 276 κεφάλαιον.
1429 237 1474 274 Τῷ
1489 238 1517 265 δὲ
1530 237 1590 273 Θεῷ
1599 237 1663 271 δόξα
1671 258 1678 270 ,
1695 237 1805 272 κράτος,
1813 236 1892 272 τιμὴ,

1101 285 1149 313 νῦν
1165 286 1212 313 καὶ
1226 286 1270 312 ἀεὶ
1284 286 1332 313 καὶ
1341 285 1382 317 είς
1395 285 1458 318 τοὺς
1473 284 1575 316 αἰῶνας
1590 284 1645 311 τῶν
1658 283 1774 310 αἰώνων.
1793 283 1821 310 ’Δ
1827 283 1893 319 μὴν.

1473 342 1516 368 Η¹.

1107 389 1267 425 Ἔγκώμιον
1281 390 1326 423 εις
1348 389 1421 425 τοὺς
1437 389 1551 425 ἁγίους,
1563 387 1745 425 κορυφαίους
1761 387 1896 414 ἀποστό-

1291 426 1368 458 λους
1380 423 1494 458 Πέτρον
1505 423 1555 450 καὶ
1571 423 1704 450 Παῦλον.

1138 470 1227 497 Πᾶσαι
1241 470 1290 505 μὲν
1303 471 1331 498 αἱ
1344 470 1469 506 συνήθεις
1479 467 1613 496 αὗταικαὶ
1628 468 1698 496 κατὰ
1709 470 1790 504 νόμον
1805 467 1898 494 τελού-

1105 523 1184 550 μεναι
1201 514 1256 541 τῶν
1271 514 1419 550 μαρτύρων
1434 513 1514 548 τιμαί
1529 513 1612 548 ἱεραὶ,
1631 512 1800 548 πανηγύρεις
1829 511 1894 544 εἰσὶ,

1103 560 1217 588 καὶτῶν
1237 561 1308 588 κατὰ
1323 561 1389 587 Θεὸν
1406 559 1670 596 ἀνδραγαθησάντων
1686 558 1781 594 στῆλαι
1800 559 1896 585 διαιω-

1103 606 1237 638 νίζουσαι-
1255 607 1285 634 ὲν
1301 604 1345 639 αἷς
1367 607 1392 633 οι
1417 606 1543 642 πρόεδροι
1568 605 1622 632 τῶν
1643 604 1806 639 ἐκκλησιῶν,
1831 605 1896 631 ὅταν

1104 652 1174 688 πρὸς
1183 652 1213 679 τὸ
1223 652 1313 687 λέγειν
1323 652 1487 687 ἀφίκωνται,
1504 652 1554 684 τὰς
1568 651 1672 678 ἑαυτῶν
1688 651 1816 686 δυνάμεις
1829 650 1895 677 ἀντ-

1104 695 1277 730 εξετάζοντες
1301 696 1341 731 τῷ
1369 696 1478 732 μεγέθει
1498 696 1553 723 τῶν
1566 696 1732 728 ὑποθέσεων,
1764 694 1845 726 εὐθὺς
1869 695 1898 721 ἐν

1105 743 1261 778 προοιμίοις
1276 743 1345 778 πρὸς
1360 743 1409 778 τὴν
1429 742 1594 778 συγγνώμην
1608 742 1656 769 καὶ
1669 741 1719 778 τὴν
1731 741 1899 777 παραίτησιν

1106 788 1335 823 καταφεύγουσιν·
1347 789 1394 815 καί
1403 797 1485 824 φασιν
1498 788 1626 815 ἐλαττοῦν
1640 787 1688 823 τὴν
1698 787 1752 814 τῶν
1768 786 1900 823 πραγμά-

1107 842 1161 861 των
1180 833 1418 870 μεγαλοπρέπειαν
1428 835 1461 870 τῇ
1478 834 1526 861 τοῦ
1541 835 1621 869 λόγου
1637 833 1810 870 σμικρότητι.
1830 834 1862 860 El.
1876 832 1898 859 δ’

1108 881 1217 913 ἐκεῖνοι,
1228 880 1292 912 τοὺς
1301 880 1361 907 καθ’
1368 880 1483 907 ἕκαστον
1492 880 1547 907 τῶν
1559 879 1705 916 μαρτύρων
1715 879 1899 915 ἐγκωμιάζειν

1110 926 1263 961 μέλλοντες,
1283 926 1488 962 ἀπαγορεύουσι
1496 926 1563 962 πρὸς
1570 926 1616 953 τὸν
1632 926 1751 958 ἔπαινον,
1765 925 1812 952 καὶ
1828 925 1900 960 λαμ-

1108 972 1166 1007 πρᾷ
1182 972 1215 1006 τῇ
1230 973 1305 1007 φωνῇ
1318 971 1369 1007 τὴν
1377 971 1452 1006 σφῶν
1461 971 1549 998 αὐτῶν
1560 971 1736 1007 ὁμολογοῦσιν
1747 969 1898 997 ἀσθένειαν·

1108 1017 1150 1048 τίς
1167 1017 1200 1044 ἂν
1216 1017 1347 1053 γενοίμην
1371 1017 1427 1051 ἐγὼ
1442 1018 1572 1053 σήμερον,
1601 1018 1616 1044 ὁ
1635 1018 1697 1049 τοὺς
1725 1016 1901 1047 διδασκάλους

1108 1062 1164 1088 τῶν
1191 1062 1340 1098 μαρτύρων
1365 1063 1435 1098 ἔχων
1461 1063 1660 1099 προκειμένους
1685 1064 1725 1095 εἰς
1749 1062 1900 1098 εὐφημίαν.

1109 1106 1173 1140 τοὺς
1196 1109 1326 1144 γνησίους
1351 1109 1400 1136 καὶ
1426 1109 1551 1145 πρώτους
1569 1109 1691 1145 μαθητὰς
1704 1108 1750 1135 τοῦ
1769 1108 1901 1145 Χριστοῦ,

1110 1153 1173 1185 τοὺς
1185 1154 1311 1189 Πατέρας
1332 1154 1387 1181 τῶν
1403 1155 1566 1190 ἐκκλησιῶν,
1592 1155 1655 1187 τοὺς
1672 1155 1769 1190 μόνους
1796 1154 1902 1188 ἀξιοπί-

1111 1207 1192 1232 στους
1207 1200 1374 1234 Εὑαγγελίου
1399 1201 1534 1236 κήρυκας,
1561 1202 1625 1233 τοὺς
1643 1201 1702 1236 Θεῷ
1718 1200 1901 1235 λαλήσαντας,

1111 1245 1160 1272 καὶ
1173 1245 1222 1281 τὴν
1234 1246 1310 1282 παρὰ
1325 1246 1393 1274 Θεοῦ
1415 1247 1508 1283 φωνὴν
1528 1247 1691 1282 δεξαμένους
1704 1249 1765 1279 ταῖς
1787 1247 1901 1279 ἀκοαῖς;

1111 1291 1149 1319 οὗ
1164 1292 1228 1328 μὴν,
1251 1293 1345 1329 ἐπειδὴ
1363 1293 1423 1320 λίαν
1440 1293 1542 1329 ὑψηλὸς
1561 1295 1576 1320 ὁ
1592 1293 1680 1328 λόγος,
1713 1293 1761 1320 καὶ
1787 1293 1900 1328 δυσέφι-

1111 1347 1174 1370 κτος
1192 1339 1209 1374 ἡ
1223 1339 1390 1375 ὲγχείρησις,
1405 1340 1454 1376 τὴν
1470 1340 1558 1376 ἀργὴν
1577 1340 1624 1367 καὶ
1640 1340 1780 1376 ἄπρακτον
1796 1340 1902 1375 σιωπὴν

1110 1385 1310 1420 ἀγαπήσωμεν,
1326 1385 1420 1421 ὥσπερ
1438 1387 1462 1412 οἱ
1474 1385 1556 1413 δειλοὶ
1566 1387 1613 1413 καὶ
1628 1385 1862 1422 ἀπειροθάλαττοι,
1877 1378 1905 1412 οῗ

1112 1430 1179 1467 πρὸς
1195 1431 1280 1467 μόνην
1302 1431 1352 1468 τὴν
1366 1431 1427 1467 ὄψιν
1449 1432 1500 1467 τῆς
1526 1432 1661 1469 θαλάττης
1675 1432 1903 1468 ἀπαγορεύοντες,

1111 1476 1160 1503 καὶ⁵
1172 1475 1234 1503 οὔτε
1247 1477 1298 1512 τὴν
1315 1477 1402 1513 ἀρχὴν
1417 1478 1544 1513 ἐπιῦἧναι
1569 1479 1619 1514 τῆς
1644 1477 1712 1510 νεὼς
1732 1477 1902 1513 ἀνεχόμενοι,

1114 1521 1176 1550 οὔτε
1193 1522 1292 1558 πείρας
1303 1523 1396 1550 ἕνεκεν
1413 1523 1499 1560 μικρὰ
1521 1525 1585 1556 τοὺς
1600 1525 1740 1559 αἰγιαλοὺς
1755 1523 1904 1560 περιπλεῦ-

1115 1576 1172 1596 σαι·
1186 1568 1279 1601 αὐτοῖς
1303 1569 1332 1596 δὲ
1343 1571 1400 1601 τοῖς
1415 1570 1627 1606 τρισμακαρίοις
1649 1569 1842 1602 πιστεύσαντες
1855 1568 1905 1604 τὴν

1115 1614 1282 1651 ἐγχείρησιν,
1307 1617 1364 1647 τοῖς
1387 1615 1460 1652 ὑπὲρ
1473 1612 1510 1643 ὧν
1537 1616 1754 1652 συνεληλύθαμεν
1775 1616 1904 1652 σήμερον,

1117 1733 1248 1763 inhiantia
1261 1734 1369 1769 opibus,
1383 1733 1482 1769 quibus
1497 1732 1645 1761 Ecclesiam
1668 1732 1745 1766 ditet,
1763 1732 1807 1769 pia
1833 1732 1907 1769 solli-

1117 1770 1248 1802 citudine,
1273 1767 1299 1797 in
1330 1767 1456 1802 Galliam,
1479 1776 1559 1803 quam
1587 1769 1731 1803 pracipuis
1758 1767 1907 1801 fulgoribus

1118 1804 1269 1837 collustrat,
1287 1804 1392 1837 illatus;
1419 1811 1521 1838 proque
1540 1803 1724 1838 humanitate,
1750 1803 1816 1830 mihi
1849 1810 1906 1838 nio-

1120 1840 1191 1872 dico,
1225 1840 1368 1866 Asteriana
1405 1837 1511 1873 aliaque
1539 1837 1649 1865 Patrum
1674 1845 1736 1865 cum
1767 1837 1905 1873 excgetica

1120 1879 1177 1902 tum
1192 1874 1359 1904 exornativa.
1373 1872 1489 1908 quodam
1512 1873 1587 1901 velut
1602 1873 1740 1907 spicilegio
1757 1872 1907 1906 parturien-

1121 1909 1152 1941 ti.
1165 1909 1317 1936 communis
1341 1907 1445 1941 factus;
1462 1913 1491 1935 ut
1505 1916 1538 1936 ex
1560 1915 1593 1936 eo
1611 1908 1721 1942 legerim
1738 1908 1792 1935 alia
1808 1915 1841 1934 ac
1857 1915 1906 1934 ex-

1121 1944 1292 1977 scripserim,
1321 1943 1373 1970 alia
1396 1943 1462 1970 mihi
1486 1942 1541 1977 jam
1562 1943 1676 1977 reposita
1701 1943 1860 1971 contulerim
1875 1950 1907 1969 ac

1119 1979 1336 2011 emendaverim,
1368 1979 1395 2005 in
1426 1979 1524 2012 quibus
1550 1978 1634 2005 altera
1659 1978 1779 2013 ejusdem
1807 1977 1905 2004 Asterii

1120 2013 1207 2041 oratio
1222 2013 1250 2040 in
1273 2021 1374 2041 caecum
1392 2017 1497 2045 natum,
1517 2013 1595 2046 cujus
1607 2013 1663 2047 jam
1675 2021 1708 2041 ex
1723 2013 1845 2040 Romano
1860 2020 1906 2039 co-

1121 2049 1180 2076 dice
1196 2048 1238 2076 vir
1257 2048 1468 2076 humanissimus
1482 2057 1514 2076 ac
1536 2049 1710 2076 dootissimus
1735 2048 1769 2076 Β.
1788 2048 1818 2074 Ρ.
1845 2047 1904 2074 Jac.

1121 2083 1294 2116 Sirmundns,
1314 2084 1418 2117 copiam
1446 2084 1557 2111 fecerat.
1574 2083 1657 2110 Plana
1679 2089 1742 2111 sunt
1757 2091 1789 2111 ac
1809 2083 1906 2117 perspi-

1120 2126 1184 2152 cua,
1198 2119 1310 2153 suisque
1320 2119 1427 2146 abunde
1441 2118 1590 2153 fulgoribus
1609 2119 1693 2152 clara,
1711 2119 1738 2146 in
1765 2119 1906 2151 utriusque

282 2152 350 2180 nihil
361 2152 432 2179 enim
445 2152 481 2178 ibi
494 2151 678 2189 llieronymus
691 2151 725 2178 de
738 2159 770 2178 ea
792 2159 832 2184 re,
844 2159 922 2189 quem
948 2153 1012 2180 olim
1035 2161 1067 2180 ac
1081 2156 1107 2187 Ι)
1120 2153 1164 2181 hic
1177 2151 1305 2189 apostoli,
1319 2161 1352 2181 ac
1367 2151 1492 2181 maxime
1504 2154 1573 2189 Petri
1601 2151 1718 2185 laudern,
1736 2161 1816 2189 quam
1828 2160 1905 2189 rvere,

283 2192 427 2221 antequam
447 2187 578 2214 scriberet
593 2187 619 2213 in
635 2191 780 2223 utrumque
803 2187 961 2223 prophetam
983 2195 1065 2223 opor-

284 2223 381 2249 tuisset
403 2226 495 2249 tenere
509 2229 569 2248 eam
585 2222 803 2258 senten_tiam,ut
820 2222 910 2250 citatis
928 2222 1066 2258 prominiis

283 2265 342 2292 eam
359 2261 554 2284 retractaturus
567 2261 649 2284 esset.
666 2256 711 2284 Est
725 2256 833 2290 quidem
848 2257 902 2285 illic
916 2256 985 2292 apud
994 2264 1066 2290 eum,

283 2291 373 2320 Isaias
396 2292 468 2327 ﬁlius
487 2292 566 2318 Amos
592 2292 745 2326 prophetat:
761 2292 807 2318 sed
835 2293 922 2326 palam
934 2291 1065 2320 mendum

284 2333 336 2360 est.
352 2335 405 2355 non
421 2327 587 2362 Hieronymi,
606 2327 653 2353 sed
678 2327 846 2362 typographi,
861 2335 907 2355 seu
924 2329 1006 2355 etiam
1020 2336 1068 2356 ex-

284 2363 429 2391 seribentis
452 2361 595 2397 antiquarii
609 2369 616 2388 :
632 2361 827 2397 legendumque
842 2368 895 2395 est,
912 2369 940 2390 ut
967 2363 1067 2390 habent

285 2403 408 2426 correcta
419 2396 532 2432 quaeque
540 2397 703 2431 exemplaria
717 2396 875 2430 Bibliorum,
891 2398 963 2431 ﬁlius
978 2399 1067 2430 Amos,

285 2433 409 2468 propheta
420 2434 477 2461 :sic
489 2432 604 2464 etLXX,
615 2432 629 2458 ὁ
638 2432 780 2468 προφήτης
788 2440 861 2468 {quo
872 2433 983 2460 articulo
997 2439 1070 2460 recte

286 2467 470 2500 expriniuntn
485 2469 678 2502 emphaticum,
698 2469 769 2502 quod
795 2467 897 2494 habent
925 2467 1068 2501 Hebraica,

286 2508 484 2544 pomorumque
497 2503 573 2544 citati
588 2502 675 2530 Graeci
697 2509 745 2537 per
760 2508 880 2530 errorem
901 2503 1023 2538 accipere
1041 2509 1071 2530 nt

287 2545 378 2566 nomm
395 2539 515 2566 aerritivi.

323 2574 379 2609 (40)
396 2571 433 2600 Ex
463 2573 620 2600 veneranda
634 2571 815 2609 antiquitatis
836 2571 1003 2608 Seguirianae
1030 2573 1070 2600 lii-

287 2608 386 2636 blibtli.
408 2610 481 2639 cod.,
502 2615 587 2642 nuper
615 2608 696 2635 allato
722 2615 755 2634 ex
778 2608 876 2635 celebri
907 2609 1070 2635 monasterio

287 2645 336 2679 τῆς
354 2643 544 2677 Ἐγκλείστρας
561 2642 680 2679 Graciaa.
690 2656 722 2662 -—-
736 2642 863 2679 videatur
875 2644 971 2670 merito
983 2644 1070 2670 oratio

290 2677 348 2705 hinc
364 2679 434 2705 inter
446 2679 601 2704 Asterianas
617 2677 733 2713 palmam
751 2678 832 2710 l‘erre,
847 2679 927 2713 digna
948 2678 1026 2712 plane
1043 2682 1072 2705 nt

290 2713 379 2740 tandiu
396 2713 538 2743 occultata,
548 2719 581 2739 ac
593 2713 619 2739 in
632 2712 735 2740 Graecia
750 2713 871 2745 latitans,
880 2712 910 2740 in
925 2713 1072 2740 Occidente

291 2748 409 2779 tandem,
427 2748 469 2774 nbi
483 2747 663 2782 apostolorum
680 2748 752 2775 Petri
771 2753 797 2775 et
813 2747 888 2775 Pauli
901 2749 1001 2776 clarior
1015 2749 1068 2782 glo-

291 2782 446 2819 riaulncem
468 2785 621 2819 aspiceret:
634 2783 719 2819 codex
743 2784 815 2819 bene
831 2785 968 2819 antiquus,
986 2790 1071 2818 nuper

288 2815 326 2844 cl.
341 2815 432 2845 Galliae
456 2815 611 2846 cancellarii
638 2817 711 2845 Petri
739 2818 883 2855 Segnierii,
898 2815 933 2846 iis
955 2815 1072 2846 maxime

1120 2193 1174 2216 tam
1192 2189 1263 2217 culte
1288 2194 1315 2216 et
1336 2197 1370 2216 ex
1398 2194 1456 2216 arte
1483 2189 1516 2215 ab
1533 2188 1647 2216 ‘Asterio
1675 2188 1795 2223 digesta;
1811 2188 1907 2222 vixque

1118 2224 1188 2251 alius
1211 2225 1283 2252 Petri
1309 2225 1453 2259 primatum
1480 2231 1512 2250 ac
1536 2224 1724 2252 excellentiam
1741 2231 1821 2258 supra
1840 2231 1906 2256 apo-

1118 2259 1202 2286 stolos
1228 2259 1356 2294 reliquos.
1378 2259 1536 2291 Christique
1552 2260 1681 2286 vicariam
1699 2259 1856 2293 dignitatem
1876 2265 1908 2285 ac

1118 2293 1237 2322 ofﬁcium
1253 2295 1281 2321 in
1289 2293 1432 2320 'l‘undanda
1446 2294 1618 2329 regendaque
1632 2294 1762 2326 Ecclesia,
1777 2293 1907 2320 illustrius

1119 2329 1165 2356 illo
1191 2328 1377 2364 explicaverit.
1394 2328 1484 2362 Quam’
1501 2334 1530 2355 ut
1547 2330 1591 2355 uni
1608 2328 1689 2357 Petro
1709 2330 1846 2356 individuo
1859 2337 1908 2355 an-

1120 2371 1217 2391 nexam
1231 2364 1421 2398 addictamque
1434 2365 1551 2392 voluerit
1578 2365 1720 2396 Dominus,
1745 2364 1815 2391 haud
1842 2364 1908 2390 satis

1120 2398 1247 2426 Ecclesiae
1276 2406 1331 2426 sua
1358 2399 1535 2426 consuluerit.
1566 2399 1609 2426 Sit
1638 2399 1716 2434 plane
1733 2399 1861 2430 etmodo,
1879 2403 1908 2423 ιιι.

1119 2438 1226 2460 constet
1252 2441 1266 2460 a
1295 2434 1405 2461 Christo
1434 2434 1504 2461 bene
1530 2435 1652 2461 instituta
1679 2434 1830 2465 monachis,
1845 2440 1908 2468 grex

1120 2476 1200 2500 unus,
1215 2469 1312 2496 nedum
1328 2469 1378 2496 sub
1395 2476 1447 2495 uno
1462 2469 1649 2503 archipastore
1661 2469 1768 2496 Christo
1789 2469 1867 2495 nobis
1883 2469 1908 2494 in

1120 2510 1204 2531 carne
1224 2504 1348 2535 absente,
1364 2505 1412 2530 sed
1434 2507 1461 2530 et
1479 2505 1530 2531 sub
1547 2511 1599 2531 uno
1617 2510 1724 2539 pastore
1743 2511 1775 2530 ac
1797 2503 1856 2538 ejus
1870 2504 1910 2529 vi-

1122 2544 1197 2574 cario
1224 2539 1323 2574 capite,
1343 2545 1413 2566 novo
1430 2538 1507 2566 nobis
1524 2546 1555 2566 ac
1567 2539 1625 2574 jugi
1639 2547 1687 2574 per
1699 2545 1909 2569 successronenr,

1124 2573 1213 2601 Petro.
1228 2573 1366 2600 Testatam
1388 2574 1499 2602 omnino
1513 2573 1607 2601 sanam
1622 2573 1698 2602 suam
1712 2575 1744 2601 de
1759 2573 1813 2601 Deo
1831 2574 1909 2600 ﬁdem

1121 2607 1199 2642 facit,
1216 2616 1269 2643 qua
1283 2609 1377 2635 Arium
1394 2617 1425 2635 ac
1445 2609 1607 2636 Ennominm
1626 2609 1779 2642 haereticos,
1807 2617 1839 2635 ac
1863 2615 1910 2635 eo-

1123 2651 1182 2670 rum
1207 2651 1318 2677 pravum
1336 2644 1431 2678 dogma
1450 2651 1481 2671 ex
1500 2644 1570 2671 Petri
1599 2645 1770 2673 confessione
1795 2643 1909 2676 refellit;

1126 2685 1157 2713 ac
1173 2680 1239 2705 satis
1256 2679 1366 2710 indicat,
1382 2679 1464 2706 etiam
1481 2679 1613 2713 Spiritum
1628 2685 1763 2711 sanctum,
1780 2679 1853 2706 Patri
1880 2686 1912 2705 ac

1125 2711 1202 2744 Filio,
1218 2713 1245 2739 in
1262 2721 1342 2740 unam
1357 2711 1518 2741 Trinitatem
1539 2715 1689 2746 accenseri,
1704 2715 1836 2748 inquam,
1851 2721 1911 2740 cum

1123 2747 1221 2784 Petrus
1238 2749 1337 2783 triplici
1353 2749 1497 2783 negatione
1513 2754 1665 2783 peccasset,
1694 2747 1790 2784 triplici
1817 2750 1912 2775 nihilo-

1125 2783 1213 2810 minus
1229 2784 1330 2811 ainoris
1357 2783 1524 2818 professione
1551 2784 1633 2813 faciat
1659 2783 1738 2813 satis;
1752 2783 1791 2812 Tu
1805 2784 1861 2819 ipse
1876 2784 1912 2811 le-

1124 2823 1183 2846 ctor
1196 2823 1332 2846 auctorem
1347 2819 1401 2846 adi.
