2076 3155
239 149 292 176 267

239 254 334 280 mnelis
349 261 407 280 cum
429 253 599 280 educatorem
630 258 683 279 lum
713 252 870 286 magistrum
892 253 924 279 ⁸³.
949 252 1021 280 Nihil

239 305 326 326 tatncu
346 299 411 333 ipse,
428 306 584 333 quanquam
609 299 728 332 optimus
746 303 815 331 eral,
837 297 908 332 juvit
928 299 1018 326 ﬁlios:

239 345 328 377 idque,
343 351 403 370 cum
424 343 493 377 apud
516 347 654 377 parentem
680 342 766 377 ipsum
785 342 894 369 educati
917 347 1019 374 essent,

237 397 268 416 ac
284 390 402 423 quotidie
421 389 565 416 sae-idolii
577 389 639 422 jura
657 395 689 415 ac
712 388 785 423 leges
800 389 935 415 audirent.
950 388 1020 414 linr—

237 443 295 460 sum
312 443 374 461 vero
383 434 538 462 Timotheus
552 434 641 468 impiis
653 435 808 469 parentibus
817 435 905 462 editus
913 435 1018 462 erat“:

238 481 292 512 ilie,
310 481 434 514 inquam,
448 481 599 515 apostolus,
621 480 751 515 Paulique
778 488 926 515 generosus
945 486 1021 508 catu-

238 527 278 553 lus
294 534 301 552 :
319 525 390 553 haud
409 525 452 552 ille
472 530 573 558 tamen,
599 533 647 554 ceu
665 527 810 561 quamdam
829 531 962 559 naturam,
981 535 1022 554 se-

236 575 314 596 cutus
330 574 371 597 est
384 575 525 604 parentum
549 571 724 604 memoriam;
742 571 806 605 quin
828 571 912 598 libera
926 573 1020 599 volnn-

237 621 291 643 tate
300 624 393 643 eorum
410 617 472 643 odio
487 617 653 651 impietatem
668 618 782 649 habens,
795 618 828 644 ad
842 625 947 645 sacram
964 618 1021 653 pie-

237 663 299 689 tatis
318 663 401 697 legem
421 663 575 697 transfugit,
595 664 733 698 dulcisque
764 665 866 692 fructus
880 672 912 692 ex
928 673 1019 692 amara

238 709 329 736 radice
343 710 452 744 prodiit.
475 709 607 737 Mulormn
629 711 735 745 copula,
752 719 784 738 ac
806 712 897 738 ovinm
913 716 1016 746 partus.

237 757 281 784 Sic
300 757 425 784 Absalom
436 758 470 790 ⁸⁵,
486 757 600 785 modesti
620 758 741 785 acsohrii
768 759 852 793 patris
873 757 964 785 furens
978 757 1021 792 ju-

211 820 214 824 ι
236 804 327 834 venis,
343 809 428 838 eoque
443 805 595 831 temeritate
612 811 643 831 ac
658 804 770 831 audacia
793 809 883 836 notus,
906 811 959 838 quo
973 811 1020 838 pa-

237 851 276 873 ter
291 847 381 881 prohis
392 855 423 874 ac
435 847 557 882 ingenuis
571 849 706 881 moribus;
727 856 773 876 seu
787 850 886 882 potius,
898 848 1018 883 ut:quod

235 893 371 928 sit-magis
393 901 408 920 ο
423 895 536 921 veritate
562 894 698 928 dicamus,
726 895 898 929 exsuperanti
918 895 1019 922 malitia

236 943 375 971 paternam
399 938 478 973 longe
498 947 629 974 superans
643 940 782 966 virtutem.
804 940 892 974 Atque
910 940 976 967 adeo
991 945 1021 967 ut

235 985 296 1018 quis
316 984 460 1012 contrariis
477 984 608 1018 ejusmodi
633 985 748 1012 ﬁliorunt
769 985 802 1012 ad
820 991 947 1019 parentes
964 993 1020 1012 mo-

237 1029 312 1056 ribus
346 1029 467 1055 animuin
491 1029 622 1057 adbibere
646 1029 721 1061 velit,
745 1030 881 1057 studiosos
907 1038 938 1057 ac
954 1030 1020 1057 recti

236 1069 357 1102 amantes
373 1075 529 1102 innumeros
553 1076 632 1102 malis
649 1080 794 1110 prognatos
817 1075 945 1108 oﬂ‘endet,
965 1084 1022 1103 ma-

236 1121 328 1154 losque
340 1121 457 1147 vicissim
476 1121 633 1156 parentibus
650 1121 759 1155 optitnis
771 1126 854 1150 satos.
873 1121 955 1156 idque
972 1122 1021 1148 ad-

236 1168 344 1195 modum
358 1168 465 1195 merito.
484 1169 622 1202 Siquidem
636 1169 827 1200 enimnatnra,
846 1176 899 1196 nou
919 1177 1019 1201 mores,

235 1214 329 1240 vitium
344 1219 391 1241 aut
411 1214 537 1240 virtutem
554 1213 680 1247 efﬁceret,
700 1221 752 1241 non
770 1213 826 1248 jam
849 1214 901 1242 duo
918 1219 1019 1246 essent,

235 1258 281 1286 scd
298 1258 411 1285 alterunt
424 1258 595 1286 uniformiter
603 1259 772 1293 praevaleret.

271 1305 380 1332 Dicatur
404 1312 469 1339 ergo
506 1305 601 1332 Petrus
635 1305 706 1333 ﬁlius
731 1305 805 1333 Jume
821 1306 1020 1341 “:cnjnsnam

235 1358 298 1378 vero
311 1351 393 1383 illius,
412 1351 479 1378 nihil
502 1358 560 1378 mea
595 1351 688 1378 refert.
709 1351 764 1385 Ego
791 1359 908 1386 namque
932 1359 946 1378 a
974 1352 1020 1378 lilii

235 1397 313 1428 actis,
323 1397 435 1424 honesto
446 1401 602 1431 parentem;
616 1401 697 1431 atque
711 1397 744 1424 ab
758 1397 819 1424 imis
832 1397 973 1432 incipiens,
988 1397 1020 1424 ad

235 1443 374 1478 superiora
398 1443 553 1470 trausmitto
574 1443 697 1475 laudem;
722 1444 895 1470 lucernarum
924 1443 1020 1474 instar,

235 1499 294 1525 qua:
318 1495 397 1517 noctu
416 1497 430 1516 a
453 1490 511 1517 solo
534 1496 566 1515 ac
585 1489 638 1515 ima
654 1489 742 1522 domo,
766 1493 835 1516 tecta
855 1489 1020 1516 illuminant.

237 1537 308 1562 Sane
320 1543 383 1562 vero
400 1534 483 1561 Isaias
497 1534 626 1561 vaticinia
654 1535 692 1562 ait
709 1535 742 1567 ‘7,
759 1535 881 1569 posuisse
896 1534 1001 1561 Patrem

237 1582 331 1609 Filium
350 1581 466 1615 lapidem
496 1580 650 1615 angularem
667 1589 674 1607 :
694 1580 828 1607 ,nimirum
848 1580 1018 1616 signiﬁcans,

236 1627 327 1654 mundi
345 1631 425 1653 totam
443 1625 655 1658 concretionem,
671 1625 715 1652 illo
733 1625 908 1653 fundamento
922 1625 1019 1652 acvbasi

237 1673 326 1700 nixam
339 1679 410 1699 esse.
433 1671 502 1704 Quin
524 1676 552 1697 et
571 1677 677 1697 rursum
694 1670 862 1705 Unigenitus,
880 1671 917 1697 uti
935 1671 1020 1700 sacris

236 1717 372 1752 Evangelii
392 1717 469 1744 libris
481 1717 665 1750 conscriptum
683 1721 734 1749 est,
749 1716 872 1749 l’ctrum,
892 1716 1020 1744 Ecclesia:

237 1763 438 1790 itmdatuenltnn
462 1762 539 1795 dicit,
566 1761 604 1788 Tu
630 1769 656 1788 es
676 1761 782 1793 Petrus,
805 1765 829 1787 et
853 1769 930 1794 super
953 1762 1020 1788 hanc

236 1814 335 1842 petram
358 1807 494 1841 mdiﬁcabo
511 1807 663 1835 Ecclesiam
679 1815 765 1834 meum
781 1807 814 1834 ⁸⁸,
827 1807 934 1835 Primus
946 1808 1019 1835 enim

237 1863 327 1882 revera
344 1855 396 1887 hic,
411 1862 460 1882 ceu
477 1855 587 1890 grandis
611 1854 720 1889 quidam
739 1861 771 1882 ac
794 1854 877 1881 durus
895 1854 973 1889 lapis,
993 1854 1019 1881 in

237 1901 327 1928 nmndi
343 1901 422 1936 hujus
437 1909 503 1928 cara
516 1901 652 1928 demissus
668 1905 721 1933 est,
742 1901 799 1927 sive
824 1901 849 1927 in
871 1900 1019 1927 convallem

236 1948 403 1983 ploratiouis,
421 1948 648 1983 quemadmodum
670 1947 754 1973 David
773 1946 812 1973 ait
830 1947 871 1979 69;
888 1952 916 1973 ut
940 1946 1020 1974 Citri-

239 1995 342 2022 stianos
353 2002 447 2021 omnes
464 1993 693 2028 supermdiﬁratos
704 1997 824 2026 portans,
846 1992 871 2019 in
886 1993 1001 2020 sublime
1012 2013 1020 2024 ,

236 2048 340 2075 nempe,
355 2041 388 2068 ad
403 2040 459 2074 spei
479 2044 577 2067 nostra:
589 2038 775 2072 domicilium,
789 2038 931 2065 subvehat.
945 2038 1021 2065 Fun-

235 2087 384 2112 damentum
399 2085 472 2111 aliud
496 2093 568 2112 nemo
580 2089 665 2118 potest
681 2093 786 2119 ponere,
804 2090 899 2118 prwter
910 2085 936 2110 id
951 2085 1019 2118 quod

235 2134 347 2168 positum
359 2138 409 2163 est,
425 2131 493 2166 quod
507 2135 546 2157 est
561 2130 679 2157 Christus
689 2130 808 2157 Jews”.
826 2130 878 2157 Sed
892 2135 919 2157 et
939 2129 1019 2157 simili

235 2186 342 2214 quoque
364 2177 488 2204 Salvator
505 2181 596 2204 noster
609 2176 798 2210 appellatione,
814 2177 929 2210 primum
943 2183 1019 2202 suum

872 149 900 176 S.
923 149 1059 177 ASTEml
1080 149 1229 177 AMASENI

275 207 380 234 Scimus
395 207 471 240 plane
482 208 648 235 sacerdotem
659 228 666 239 ,
679 213 771 235 senem
785 207 858 233 illum
874 207 961 242 magni
976 208 1022 234 Sa-
1037 210 1058 237 Α

1010 1555 1053 1584 ’C

1809 151 1859 176 268

1115 208 1208 242 Ἴσμεν
1222 207 1328 238 πάντως
1344 207 1388 233 τὸν
1400 207 1485 242 ἱερέα,
1502 206 1546 232 τὸν
1571 215 1619 241 πρε
1627 206 1726 241 σεύτγμ
1749 207 1860 239 ἐκεῖνον,

1071 254 1117 280 τὸν
1132 253 1178 279 τοῦ
1192 253 1311 288 μεγάλου
1327 246 1453 288 Σαμουὴλ
1472 252 1575 287 τροφέα
1587 261 1615 278 τε
1630 253 1677 278 καὶ
1692 252 1860 278 διδάσκαλον·

1071 300 1128 326 ἀλλ’
1142 300 1216 326 οὐδὲν
1241 299 1304 330 τοὺς
1326 299 1401 330 υἱοὺς
1421 299 1562 334 ὠφέλησεν
1585 298 1665 330 αὐτὸς
1687 299 1796 334 ἄριστος
1813 298 1860 325 ὤν’

1071 346 1117 372 καὶ
1129 346 1216 372 ταῦτα
1228 345 1381 381 τραφέντας
1389 345 1434 371 ὑπ’
1450 344 1525 380 αὐτῷ
1542 344 1581 379 τῷ
1597 344 1802 380 γεννησαμένῳ,
1813 345 1860 380 τὴν

1071 391 1131 418 καθ’
1157 391 1264 426 ἡμέραν
1281 390 1466 425 μανθάνοντας
1487 391 1551 421 toi);
1576 391 1626 425 τῆς
1647 389 1795 425 ἱερωσύνης
1819 389 1860 416 θε-

1072 437 1166 471 σμούς.
1190 437 1237 463 Ἐκ
1266 435 1392 471 πατέριον
1406 436 1485 462 πάλιν
1500 435 1605 462 ἀσεϐῶν
1619 437 1632 462 ὁ
1647 435 1787 470 Τιμόθεος,
1816 435 1860 461 τὸν

1071 482 1217 509 ἀπόστολον
1236 482 1317 516 λέγω,
1329 482 1374 508 τὸν
1392 483 1514 516 γενναῖον
1531 481 1577 508 τοῦ
1595 481 1700 507 Παύλου
1727 482 1859 508 σκύλακα·

1071 527 1118 553 καὶ
1139 527 1169 553 οὐ
1188 527 1240 562 μὴν
1262 526 1457 562 ἠκολούθησεν,
1473 526 1568 561 ὥσπερ
1582 527 1636 552 τινὶ
1656 526 1734 561 φύσει
1750 527 1804 553 τῶν
1816 536 1859 562 γο-

1070 574 1136 600 νέων
1159 574 1191 608 τῇ
1208 573 1311 608 μνήμῃ·
1342 573 1458 608 λογικῶς
1484 573 1512 599 δὲ
1528 574 1658 608 [μισήσας
1675 573 1724 606 τὴν
1749 573 1859 600 ἐκείνων

1070 619 1240 650 δυσσέϐειαν,
1270 620 1338 655 πρὸς
1362 621 1407 646 τὸν
1431 619 1509 653 ἅγιον
1535 619 1635 654 θεσμὸν
1651 619 1702 654 τῆς
1723 620 1860 651 εὐσεϐείας

1070 665 1290 700 ὰπηυτομόλησε,
1323 666 1370 692 καὶ
1402 666 1507 700 καρπὸς
1532 666 1652 700 ἀνεφάνη
1686 665 1787 699 γλυκὺς
1808 666 1859 692 ἁπό

1071 709 1150 746 ῥίζης
1163 712 1275 746 πικρᾶς.
1299 711 1434 746 Ἠμιόνων
1452 712 1468 746 ὴ
1487 711 1626 741 συνουσία,
1646 711 1692 737 καὶ
1718 711 1859 745 προϐάτων

1070 756 1158 789 τόκος.
1171 756 1264 788 Οὕτως
1277 758 1292 783 ό
1311 756 1475 788 Ἀϐεσαλὼν,
1496 757 1599 792 πατρὸς
1616 756 1755 787 ἐπιεικοῦς
1771 765 1859 791 μεμη-

1070 801 1123 833 νὼς
1150 802 1299 833 νεανίσκος,
1325 803 1373 828 καὶ
1386 802 1512 828 τοσοῦτον
1533 802 1579 828 ἐπὶ
1598 801 1746 838 θρασύτητι
1763 802 1858 838 γνώρι-

1073 856 1133 882 μος.
1155 848 1242 874 acrova
1261 848 1352 883 πατὴρ
1369 848 1398 874 ὲν
1422 847 1597 883 χρηστότητι’
1618 848 1634 883 ἢ
1654 847 1762 882 μᾶλλον,
1783 848 1807 873 εἰ
1821 847 1860 874 δεῖ

1072 892 1266 929 τάληθέστερον
1284 894 1380 925 εἰπεῖν,
1397 892 1486 927 πολλῷ
1497 893 1536 928 τῷ
1551 893 1641 928 μέτρῳ
1658 893 1858 929 ὑπερϐαλλόμε⁹

1071 946 1116 969 νος
1134 939 1167 973 τῇ
1185 938 1270 973 κακίᾳ
1280 938 1328 973 τὴν
1341 938 1440 973 ἀρετὴν
1451 938 1498 964 τοῦ
1511 939 1701 973 γεννήσαντος.
1718 939 1772 965 Καὶ
1781 939 1858 970 ὅλως,

1071 983 1144 1014 εἴτις
1157 983 1279 1018 θελήσειε
1292 984 1352 1015 ταῖς
1379 983 1518 1014 τοιαύταις
1530 983 1584 1009 τῶν
1600 983 1702 1010 παίδων
1713 984 1779 1019 πρὸς
1798 985 1858 1016 τοὺς

1071 1028 1191 1064 πατέρας
1210 1028 1392 1063 ἐναντιότησιν
1416 1029 1562 1064 ἐπιστῆσαι
1584 1019 1725 1060 τὸνᾪοῦν,
1747 1029 1858 1064 μυρίους

1071 1073 1180 1108 εὑρήσει
1211 1073 1368 1105 σπουδαίους
1397 1073 1450 1100 ἀπὸ
1471 1073 1576 1104 κακῶν,
1608 1073 1656 1099 καὶ
1680 1074 1816 1109 πονηροὺς
1827 1075 1858 1100 ὲκ

1072 1118 1225 1153 βελτίστων.
1246 1119 1301 1145 Καὶ
1322 1119 1424 1155 σφόδρα
1445 1128 1477 1153 γε
1501 1119 1623 1151 εἰκότως.
1643 1120 1675 1146 Εἰ
1690 1119 1743 1155 γὰρ
1769 1120 1859 1154 φύσις,

1071 1166 1119 1192 καὶ
1143 1166 1180 1201 μὴ
1201 1165 1311 1201 τρόπος,
1339 1166 1439 1193 κακίαν
1460 1167 1477 1202 ἢ
1506 1166 1606 1202 ἀρετὴν
1633 1167 1785 1202 εἰργάζετο,
1810 1168 1858 1194 οὐκ

1071 1210 1103 1238 ἂν
1127 1209 1161 1247 ἦν
1195 1211 1229 1237 τὰ
1265 1211 1321 1243 δύο,
1357 1212 1425 1239 ἀλλὰ
1461 1213 1619 1248 μονομερῶς
1655 1213 1800 1249 ἐπεκράτει
1830 1213 1863 1240 τὸ

1071 1258 1174 1293 ῑτερον.

1107 1302 1236 1337 Λεγὲσϐω
1258 1303 1349 1330 τοίνυν
1364 1303 1469 1339 Πέτρος
1494 1304 1551 1335 υἱὸς
1570 1304 1656 1331 Ἰωνᾶ·
1677 1304 1749 1335 τίνος
1760 1303 1789 1330 δὲ
1799 1304 1858 1330 τού-

1071 1358 1127 1381 του,
1142 1349 1217 1375 οὐδέν
1234 1358 1280 1385 μοι
1293 1349 1427 1384 διαφέρει.
1461 1349 1531 1384 Ἐγὼ
1544 1349 1598 1385 γὰρ
1611 1351 1643 1376 ὲκ
1663 1349 1717 1376 τῶν
1736 1349 1859 1385 πράξεων

1071 1394 1117 1421 τοῦ
1132 1394 1200 1427 υἱοῦ,
1218 1395 1341 1430 σεμνύνω
1361 1395 1406 1421 τὸν
1431 1395 1642 1430 γεννησάμενον·
1668 1396 1714 1422 καὶ
1739 1395 1859 1422 κάτωθεν

1071 1440 1232 1476 ἀρξάμενος,
1242 1441 1288 1467 ἐπὶ
1299 1443 1333 1467 τὰ
1346 1441 1402 1468 ἄνω
1411 1441 1589 1476 παραπέμπω
1603 1441 1652 1476 τὴν
1665 1441 1752 1474 δόξαν,
1766 1441 1857 1477 ὥσπε(

1071 1486 1094 1511 οἱ
1109 1485 1199 1520 λύχνοι
1222 1487 1246 1512 οἱ
1271 1486 1378 1522 νύκτωρ
1400 1486 1432 1512 ὲκ
1452 1485 1499 1512 τοῦ
1520 1486 1635 1520 ἐδάφους
1661 1487 1724 1518 τοὺς
1746 1487 1858 1522 ὀρόφους

1071 1532 1242 1566 φωτίζοντες.
1270 1533 1383 1565 Ἡσαΐας
1403 1535 1452 1568 μὲν
1467 1532 1512 1561 οὖν
1526 1543 1592 1570 φησι
1608 1534 1797 1570 προφητεύων,
1819 1534 1862 1560 ὅτι

1070 1578 1142 1604 λίϐον
1160 1579 1355 1614 ἀκρογωνιαῖον
1374 1581 1388 1605 ὁ
1404 1581 1499 1616 Πατὴρ
1514 1581 1595 1616 ἔθηκε
1621 1581 1666 1608 τὸν
1680 1581 1754 1612 Υίὺν,
1778 1581 1858 1608 ἐνδει-

1071 1624 1212 1658 κνύμενος,
1226 1625 1263 1655 ὡς
1277 1626 1292 1660 ἡ
1306 1626 1381 1652 πᾶσα
1406 1625 1454 1653 τοῦ
1479 1627 1581 1662 κόσμου
1607 1626 1736 1658 σύστασις
1758 1627 1858 1653 ἐκεῖνον

1070 1670 1126 1705 ἔχει
1143 1671 1192 1705 τὴν
1206 1670 1287 1706 ἕδραν
1306 1672 1353 1697 καὶ
1369 1671 1418 1707 τὴν
1429 1673 1563 1708 κρηπῖδα.
1596 1673 1626 1698 '0
1652 1672 1681 1698 δὲ
1704 1673 1857 1706 Μονογενὴς

1071 1716 1164 1748 πάλιν,
1192 1716 1282 1748 καθὼς
1308 1717 1337 1744 ἐν
1366 1717 1794 1759 Εὑαγγελίοιςοφησὶν,’θεμέλιον
1814 1718 1858 1744 τὸν

1071 1763 1174 1798 Πέτρον
1201 1762 1329 1798 ὀνομάζει
1346 1764 1396 1797 τῆς
1418 1764 1594 1798 Ἐκκλησίας,
1618 1763 1660 1790 Σὺ
1686 1761 1717 1790 εἲ
1739 1763 1858 1797 Πέτρος,

1070 1809 1118 1835 καὶ
1131 1808 1180 1835 ἐπὶ
1196 1809 1289 1843 ταύτῃ
1301 1808 1339 1843 τῇ
1350 1809 1443 1843 πέτρᾳ
1453 1808 1640 1844 οἰκοδομήσω
1650 1818 1709 1844 μου
1724 1809 1782 1843 τὴν
1800 1810 1858 1836 Ἐκ-

1071 1855 1212 1887 κλησίαν.
1227 1854 1337 1890 Πρῶτος
1351 1854 1406 1889 γὰρ
1420 1854 1528 1889 ἀληθῶς
1541 1852 1629 1886 οὗτος,
1651 1855 1745 1890 ὥσπερ
1763 1864 1806 1886 τις
1822 1855 1856 1881 λί-

1071 1899 1117 1931 θος
1141 1900 1227 1934 μέγας
1250 1900 1296 1926 καὶ
1320 1900 1453 1936 καρτερὸς
1473 1901 1602 1936 ὲνερῤίφη
1626 1902 1658 1936 τῇ
1687 1900 1733 1928 τοῦ
1757 1901 1859 1936 κόσμου

1070 1944 1164 1971 τούτου
1180 1945 1326 1980 κοιλότητι,
1342 1946 1359 1981 ἢ
1375 1947 1407 1981 τῇ
1431 1946 1533 1973 κοιλάδι
1548 1946 1594 1973 τοῦ
1609 1947 1797 1982 κλαυθμῶνος,
1822 1947 1857 1978 ὥς
1886 1951 1895 1959 ·

1071 1999 1153 2026 φησιν
1168 1992 1182 2017 ὁ
1200 1991 1291 2017 Δαϐίδ·
1305 1992 1348 2018 ἵνα
1364 1993 1468 2022 πάντας
1479 1993 1659 2028 Χριστιανοὺς
1670 1993 1857 2027 ὲποικοδομου-

1073 2037 1168 2070 μένους
1192 2037 1338 2072 βαστάσας,
1367 2038 1492 2074 ἀναγάγῃ
1523 2039 1591 2074 πρὸς
1621 2039 1651 2065 τὸ
1677 2039 1752 2073 ὕψος,
1773 2039 1787 2064 ὂ
1810 2039 1858 2074 τῆς

1071 2082 1177 2113 ἐλπίδος
1189 2083 1267 2118 ἡμῶν
1283 2084 1357 2110 ἐστιν
1375 2085 1541 2120 οἰκητήριον.
1558 2085 1700 2120 Θεμέλιον
1714 2085 1791 2112 ἄλλο
1811 2086 1860 2112 οὐ·

1070 2127 1130 2160 δε)ς
1146 2128 1270 2155 δύναται
1285 2129 1390 2162 θεῖναι,
1406 2130 1485 2165 παρὰ
1497 2130 1550 2164 ei»;
1565 2131 1712 2165 κείμενον,
1725 2130 1758 2163 ὃς
1774 2131 1859 2157 ἐστιν

1078 2174 1196 2208 Ἰησοῦς
1221 2175 1356 2208 Χριστός.
1387 2176 1425 2211 Τῇ
1446 2176 1527 2212 ὁμοίᾳ
1550 2176 1578 2203 δὲ
1600 2177 1696 2212 κλήσει
1722 2177 1736 2202 ὁ

235 2223 397 2258 disripulnm
421 2222 615 2249 honestandum
632 2221 718 2254 duxit,
744 2222 885 2248 nominans
898 2220 958 2260 ﬁdei
976 2228 1020 2255 pc-

1071 2219 1149 2255 ὴμῶν
1164 2222 1210 2246 καὶ
1224 2221 1270 2247 τὸν
1285 2221 1392 2256 πρῶτον
1415 2222 1497 2248 αὑτοῦ
1512 2222 1636 2257 μαθητὴν
1657 2222 1857 2257 κατεκόσμησε,

236 2277 316 2297 tram.
332 2269 383 2296 Per
398 2268 507 2296 Petrum
526 2275 600 2303 ergo,
617 2276 709 2295 verum
737 2275 767 2295 ac
787 2268 892 2295 ﬁdelem
912 2268 1020 2303 pietatis

234 2318 369 2344 doctorem
395 2314 530 2347 cifectutn.
552 2314 732 2342 Ecclesiarum
750 2315 855 2342 stabilis
869 2314 1019 2349 inﬁexaque

234 2362 347 2389 ﬁrmitas
363 2361 494 2388 consistit.
518 2360 586 2388 Justi
611 2368 691 2396 porro
711 2360 889 2388 aediﬁcatione
905 2360 1017 2388 radicali

237 2404 352 2440 stamus,
370 2407 413 2441 qui
430 2407 463 2434 ab
482 2412 543 2434 ortu
557 2406 622 2434 solis
639 2406 672 2433 ad
690 2413 908 2440 usqueoccasum
925 2414 1018 2434 sumus

235 2453 391 2481 Christiani.
416 2452 508 2484 Plane,
527 2459 588 2479 cum
616 2459 631 2478 a
659 2456 780 2486 tempore
804 2452 1017 2479 annuntiationis

233 2499 404 2533 evangelicae,
423 2499 511 2526 multm
526 2499 689 2526 increverint
708 2497 880 2530 tentatioues,
896 2498 1015 2532 tyranni-

233 2552 285 2579 que
309 2552 359 2571 uos
382 2544 601 2576 innumerabiles,
637 2551 668 2571 ac
694 2544 746 2570 illis
769 2543 853 2578 prior,
877 2543 1015 2576 diabolus,

234 2590 352 2617 funditus
370 2589 524 2621 destruere,
551 2595 632 2624 atque
653 2597 667 2616 a
695 2589 876 2616 fundamentis
895 2595 1019 2616 evertere

233 2636 324 2663 conati
358 2635 412 2662 sint
426 2645 432 2662 :
448 2627 627 2662 decurrerunt
649 2634 758 2662 ﬁumina
777 2634 848 2661 velut
867 2640 1018 2668 torrentes,

234 2682 321 2716 inquit
338 2681 455 2708 salubris
474 2689 505 2708 ac
529 2688 605 2708 sacra
632 2681 768 2716 Scriptura
783 2682 822 2714 7';
848 2682 1019 2709 vehemenles

234 2728 427 2755 diabolicorum
442 2728 585 2762 spirituum
603 2728 673 2754 venti
700 2729 851 2761 irruerunt;
870 2729 973 2762 copio~i
987 2736 1018 2754 ac

307 2825 397 2867 lilcg.
415 2827 497 2867 uti}
515 2835 592 2867 sqq;
626 2829 648 2867 ἥδ
665 2830 725 2856 Act.
743 2838 799 2867 XVI,
820 2832 845 2858 i.
899 2832 921 2848 ⁸³
940 2833 961 2858 ll
979 2833 1047 2867 Reg.

235 2860 256 2876 "
270 2859 365 2888 Matth.
375 2859 435 2894 ‘xvr,
452 2863 496 2890 18.
537 2859 563 2879 δ”
575 2864 650 2890 Psal.
669 2872 779 2898 Luxtu,
793 2859 820 2894 7.

860 2867 882 2883 "
899 2867 910 2895 Ι
924 2868 990 2896 Cor.
1005 2875 1046 2901 tu.
1066 2868 1110 2896 ll.

1074 2266 1176 2301 πέτραν
1201 2266 1336 2301 ὀνομάσας
1365 2268 1415 2302 τῆς
1441 2267 1567 2298 πίστεως.
1580 2266 1629 2293 Διὰ
1641 2267 1743 2302 Πέτρον
1758 2267 1869 2297 τοίνυν,,

1072 2311 1196 2339 ἄπτωτον
1214 2313 1260 2338 καὶ
1275 2312 1383 2344 ἀκλινὲς
1411 2313 1440 2339 τὸ
1457 2313 1510 2339 τῶν
1543 2313 1711 2349 Ἐκκλησιῶν
1735 2313 1858 2348 ἓδρασμα

1072 2358 1197 2390 σώζεται,
1214 2359 1324 2395 γνήσιον
1333 2359 1379 2385 καὶ
1393 2360 1488 2385 πιστὸν
1502 2359 1646 2394 γενόμενον
1660 2360 1709 2395 τῆς
1720 2359 1858 2391 εὐσεϐείας

1072 2407 1260 2440 μυσταγωγὸν.
1275 2407 1323 2433 Διὰ
1335 2407 1384 2442 τὴν
1403 2407 1545 2442 οἰκοδομὴν
1555 2407 1582 2433 δὲ
1599 2404 1645 2433 τοῦ
1659 2407 1761 2434 δικαίου
1777 2408 1858 2442 ἑστή-

1073 2461 1160 2487 καμεν
1175 2452 1364 2488 ἐρριζωμένοι,
1383 2454 1406 2479 οἱ
1427 2453 1480 2480 ἀπὸ
1492 2454 1647 2488 ἀνίσχοντος
1660 2453 1748 2489 ἡλίου.
1777 2453 1857 2489 μέχρι

1071 2500 1118 2525 καὶ
1133 2499 1274 2534 δυομένου,
1291 2500 1459 2535 Χριστιανοί.
1474 2499 1584 2527 Πολλῶν
1598 2500 1626 2526 δὲ
1638 2500 1798 2536 πειρασμῶν
1816 2509 1857 2526 κι-

1071 2544 1214 2583 νηίλέντων,
1231 2546 1276 2579 ἀφ’
1293 2543 1322 2571 οἶδ
1343 2546 1498 2581 κατηγγέλη
1511 2546 1541 2572 τὸ
1554 2546 1727 2580 Εὐαγγέλιον,
1743 2546 1790 2572 καὶ
1807 2555 1857 2581 μυ-

1070 2590 1137 2626 ρίων
1150 2591 1297 2626 τυράννων⁸
1314 2592 1360 2618 καὶ
1386 2593 1440 2627 πρὸ
1458 2592 1580 2624 ἐκείνων,
1596 2592 1643 2619 τοῦ
1667 2592 1789 2619 διασόλου
1805 2601 1857 2618 κα-

1069 2636 1202 2672 ταστῆσαι
1216 2637 1379 2672 οελήσαντος
1396 2639 1435 2670 εἰς
1452 2638 1558 2673 ἔδαφος.
1581 2639 1628 2665 καὶ
1648 2639 1770 2665 καθελεῖν
1785 2640 1856 2674 ἡμᾶς

1070 2683 1160 2714 αὐτοῖς
1173 2684 1388 2719 κρηπιδήμασιν·
1406 2684 1539 2720 ἕρῤευσαν
1557 2685 1605 2721 μὲν
1621 2685 1645 2710 οἱ
1669 2685 1796 2719 ποταμοὶ,
1821 2684 1855 2715 ὣς

1069 2737 1151 2764 φησιν
1167 2731 1180 2756 ὁ
1198 2731 1331 2766 σωτήριος
1347 2731 1434 2765 λόγος,
1457 2731 1495 2762 ὡς
1519 2731 1673 2766 χείμαρροι,
1699 2730 1809 2766 σφοδροὶ
1831 2730 1855 2756 δέ

1073 2840 1117 2865 xv,
1150 2832 1159 2858 Ι
1187 2841 1247 2867 sqq.
1303 2834 1325 2850 “
1341 2832 1456 2866 Joan.t,
1474 2833 1517 2860 42.
1571 2812 1593 2848 ξ’
1610 2833 1662 2860 lsa.
1687 2839 1782 2865 xxvm,
1808 2832 1852 2859 lﬁ.

1152 2869 1173 2884 η
1195 2869 1291 2898 Matth.
1306 2876 1355 2902 ru,
1371 2867 1418 2894 27.
