2076 3155
201 167 253 195 269

647 167 784 196 llOMlLlA
806 167 871 195 Vlll.
889 167 920 194 IN
940 167 986 194 SS.
1011 167 1151 195 PETﬂUM
1170 167 1213 195 ET
1232 167 1386 206 PAULUM.

1777 169 1831 196 “270

202 226 298 260 ἄνεμοι
312 226 366 253 τῶν
382 226 724 262 διαϐο).ικῶν“πνευμάτων
739 227 916 263 προσέϐαλον,
932 227 991 253 λαῦ-

1048 228 1171 256 immensi
1187 229 1406 263 persequentium
1431 227 1602 256 Christianos
1622 227 1722 255 imbres
1733 227 1834 262 impetu

204 282 244 308 ροι
260 272 288 299 δὲ
298 273 371 299 ὑετοὶ
383 272 439 299 τῶν
455 272 609 300 διωκόντων
620 274 802 309 Χριστιανοὺς
818 275 995 311 κατερράγη-

203 327 263 350 σαν,
278 318 326 345 καὶ
337 319 414 345 οὐδὲν
431 319 605 354 ἰσχυρότερον
617 318 697 355 ὤφθη
712 319 758 346 τοῦ
768 320 840 346 κατὰ
852 320 918 347 Θεὸν
934 321 995 356 ὀχυ-

203 363 339 398 ρώματος·
360 363 453 399 ἐπειδὴ
483 365 542 396 ταῖς
563 363 655 398 ἁγίαις
670 364 810 400 παλάμαις
823 365 870 392 τοῦ
886 365 994 400 πρώτου

201 409 256 436 τῶν
273 410 430 436 ἀποστόλων
445 410 651 445 κατεσκευάσθη
674 411 704 437 τὺ
725 411 775 446 τῆς
792 412 910 443 πίστεως
921 412 996 438 οἰκο-

202 455 325 492 δόμημα.
345 456 438 483 Ταῦτα
455 457 484 483 δὲ
501 457 598 491 λέγων,
622 456 676 483 ἔδει
693 458 714 473 ⁷¹
730 457 777 485 ἕνα
791 457 868 492 λόγον
882 458 932 494 τῆς
955 459 995 484 εὑ-

204 501 298 535 λογίας
320 501 367 528 τοῦ
390 503 492 537 πέτραν
512 501 558 529 τὸν
584 503 779 539 εύαγγελιστὴν
799 504 993 539 ὀνομάσαντος.

206 547 321 582 Ἴδωμεν
339 548 378 580 δὲ,
392 547 507 581 εἰδοκεῖ,
521 548 580 580 πῶς
596 548 730 584 ᾠκοδόμει
740 549 853 585 Πέτρος·
868 551 897 577 οὺ
912 550 994 583 λίθοις

205 595 252 621 καὶ
268 594 397 627 πλίνθοις,
423 595 483 622 οὐδὲ
505 596 566 627 ταῖς
591 596 685 628 ἄλλαις
702 595 778 628 ὕλαις
794 598 853 628 ταῖς
867 598 993 632 γεηραῖς·

204 640 271 667 ἀλλὰ
287 640 375 674 λόγοις
393 641 441 668 καὶ
469 641 612 677 πράξεσιν,
631 639 674 673 αἷς
688 643 830 677 ἐνηργεῖτο
844 642 918 678 παρὰ
947 643 994 669 τοῦ

203 686 370 721 Πνεύματος.

236 732 289 759 Τοῦ
301 732 390 760 τοίνυν
405 733 473 760 Θεοῦ
489 735 536 761 καὶ
549 735 676 770 Σωτῆρος
689 735 766 770 ἡμῶν
782 735 939 767 ἀνελθόντος
954 737 992 768 είς

200 777 341 812 οὐρανοὺς,
361 778 444 813 ἡνίκα
460 778 509 814 τὴν
528 779 642 814 νεφέλην
667 777 724 815 εἶχε
736 779 839 816 ὄχημα,
857 781 911 807 τῶν
923 781 992 808 ἀπο-

201 823 302 849 στόλων
317 823 481 858 βλεπόντων,
495 821 574 856 οὗτος
590 826 604 852 ό
619 825 689 861 ἀνὴρ
706 826 868 853 ἀντελάϐετο
882 827 931 862 τῆς
946 827 993 854 τοῦ

200 868 368 904 Εὐαγγελίου
384 870 571 903 διδασκαλίας·
586 872 633 899 καὶ
651 873 705 908 πρὸ
730 872 839 900 πάντων
865 873 921 900 τῶν
940 882 994 900 κοι-

1047 269 1226 309 dellitxerunt,
1252 283 1302 302 nec
1316 275 1462 310 quidquam
1487 280 1577 303 tamen
1592 275 1683 303 divino
1700 275 1834 310 potentius

1046 321 1132 347 visum
1146 326 1187 348 est
1203 321 1368 354 munimine;
1382 321 1453 356 quod
1475 321 1600 348 nimirum
1618 321 1676 348 lidei
1692 321 1834 348 :edilicatio

1046 366 1131 392 sacris
1145 366 1223 400 primi
1241 366 1424 400 apostolorum
1441 367 1566 394 manibus
1588 370 1727 394 exstructa
1751 371 1833 394 esset.

1047 409 1110 437 llaec
1129 418 1210 445 porro
1227 411 1338 438 dicenda
1349 412 1453 443 \habui,
1466 412 1501 439 ob
1518 412 1592 439 illum
1613 419 1696 451 unum
1722 412 1834 438 verbum

1046 456 1243 484 benedictionis
1254 458 1322 492 ejus,
1335 458 1380 492 qui
1392 459 1583 494 evangelistam
1599 466 1630 486 ac
1642 466 1748 486 sacrum
1766 465 1836 492 pra:-

1046 509 1152 535 conem,
1170 507 1273 536 petram
1302 505 1475 538 nuncupavit.
1504 505 1648 532 Videamus
1675 509 1784 538 autem,
1811 503 1833 530 si

1046 547 1129 580 lubet,
1148 556 1201 583 qua
1218 548 1315 576 Petrus
1337 550 1443 577 ratione
1457 550 1648 582 :ediﬁcaverit;
1663 558 1715 577 non
1739 549 1835 584 lapidi-

1046 594 1096 622 bus
1111 593 1307 629 lateribusque,
1326 595 1367 622 vel
1378 595 1429 622 alia
1449 600 1554 626 terrena
1570 597 1699 628 materia,
1713 596 1760 623 sed
1774 603 1832 623 ser-

1046 641 1170 668 monibus
1187 648 1219 668 ac
1237 641 1400 674 actionibus,
1423 649 1490 676 quas
1500 641 1616 676 Spiritus
1630 640 1775 668 exercebat
1792 641 1834 667 in-

1045 686 1154 713 stinctu.

1082 732 1149 759 Cum
1167 732 1238 760 Deus
1260 733 1351 768 itaque
1378 741 1410 761 ac
1438 733 1562 760 Salvator
1587 737 1679 760 noster
1702 733 1728 759 in
1751 732 1836 759 caelos

1050 778 1228 811 ascendisset,
1243 780 1351 814 quando
1371 780 1502 814 apostolis
1517 779 1700 818 spectantibus
1714 779 1798 806 nubes
1811 779 1835 806 ci

1047 824 1198 851 vehiculum
1216 825 1286 852 facta
1304 830 1356 858 est,
1371 826 1412 852 vir
1439 826 1489 852 iste
1505 826 1617 862 docendi
1637 830 1730 860 partes
1749 825 1836 851 Evan-

1045 870 1106 904 gelii
1122 872 1261 906 suscepit;
1282 877 1364 906 atque
1379 873 1461 899 sociis
1474 873 1600 899 omnibus
1615 872 1697 907 prior,
1715 879 1764 906 pro
1779 871 1834 905 epi-

200 916 291 942 νωνῶν
307 916 355 951 τῆς
368 917 521 953 ἐπισκοπῆς
532 917 641 951 ἀνοίξας
652 918 684 945 τὸ
699 919 798 955 στόμα,
811 919 866 945 τῶν
879 919 991 947 λυσσών-

1048 917 1120 950 scopi
1152 924 1183 944 ac
1206 918 1343 951 przepositi
1366 925 1477 945 munere
1497 926 1528 946 os
1555 918 1690 953 aperiens,
1710 917 1836 944 audentis

199 972 253 990 των
269 963 340 990 κατὰ
367 964 418 999 τῆς
446 964 588 997 εὐσεϐείας
607 965 796 1002 κατεθάρσησε
821 967 926 1003 δήμων,
948 969 995 994 καὶ

199 1011 355 1047 δημηγόρος
368 1011 490 1047 ἀνεφάνη
505 1012 598 1047 σοφὸς,
616 1014 644 1039 ὲν
672 1013 748 1049 μέσῳ
765 1014 820 1041 τῶν
833 1014 920 1041 ἐθνῶν
946 1015 994 1041 καὶ

199 1057 246 1083 τοῦ
266 1057 384 1094 Ἰσραήλ·
399 1058 485 1085 ὲθνῶν
501 1058 661 1086 ἀκονώντων
675 1060 737 1092 τοὺς
748 1060 868 1092 ὀδόντας,
885 1061 932 1088 καὶ
949 1061 995 1088 θυ-

201 1103 253 1139 μοῦ
274 1103 482 1140 πληρουμένων,
495 1105 571 1137 εἴτις
585 1106 629 1132 τὸν
649 1106 751 1142 Ἰησοῦν
757 1107 994 1142 ὀνομάσειε.”Ωστε

198 1149 230 1176 τὸ
240 1150 281 1180 εἰς
295 1149 340 1176 τὸν
366 1149 469 1186 Κύριον
487 1151 563 1186 παρὰ
576 1151 625 1186 τῆς
641 1152 810 1188 προφητείας
826 1152 930 1189 λεχθὲν,
943 1143 994 1189 ἆρ-

201 1195 295 1230 μὸζειν
310 1195 380 1222 πάνυ
395 1196 442 1223 καὶ
457 1196 563 1232 Πέτρῳ,
580 1197 620 1230 τὸ,
630 1199 879 1232 Περιεκύκλωσάν
890 1208 929 1233 με
943 1199 994 1226 κύι

199 1249 251 1273 νες
266 1241 386 1269 πολλοὺ
413 1242 516 1276 ταῦροι
539 1243 644 1276 πίονες
670 1243 834 1279 περιέσχον
853 1253 901 1279 με.
923 1244 994 1271 Ἀλλ’

199 1287 274 1322 ὅμως
289 1287 358 1318 ζέων
368 1287 408 1322 τῷ
435 1288 585 1323 Πνεύματι,
600 1289 649 1316 καὶ
662 1289 712 1324 τὴν
735 1290 846 1324 ἐντολὴν
863 1289 994 1326 ἀνεπίλη-

203 1343 265 1361 στον
279 1333 384 1368 σώζων,
399 1335 449 1370 τὴν
462 1335 595 1362 εἰποῦσαν
618 1335 703 1371 αὐτῷ·
721 1336 821 1363 Βόσκε
846 1335 882 1363 τὰ
905 1336 994 1370 ἀρνία

197 1389 268 1415 μου*
290 1381 356 1413 στὰς
383 1382 422 1412 εἰς
435 1381 521 1417 δῆμον
544 1381 697 1417 σύμμικτον
721 1383 753 1409 ἐκ
779 1382 882 1419 μυρίων
898 1381 993 1413 ἐθνῶν,

199 1426 275 1453 ἐϐόα·
295 1427 420 1461 ’Ἄνδρες
441 1427 588 1461 Ἰουδαῖοι,
605 1428 655 1455 καὶ
674 1430 701 1455 οὶ
717 1428 928 1461 κατοικοῦντες
946 1429 993 1455 Ἰε-

198 1472 358 1506 ρουσαλὴμ
386 1471 527 1505 ἅπαντες.
545 1473 601 1499 Καὶ
628 1473 673 1500 ἵνα
703 1474 739 1509 μὴ
765 1473 991 1509 μακρολογῶμεν,

199 1519 290 1545 πᾶσαν
308 1519 357 1555 τὴν
378 1519 458 1555 ῥῆσιν
471 1520 649 1555 συνείροντες,
663 1521 857 1556 ὰπομέμνηται
871 1520 926 1547 τῶν
946 1521 991 1547 λο-

198 1564 266 1597 γίων
281 1564 327 1591 τοῦ
351 1564 437 1600 Ὶωὴλ,
460 1564 639 1601 προφητεύων
652 1566 687 1581 ⁷⁸*
705 1566 755 1601 τὴν
771 1565 818 1592 τοῦ
833 1565 992 1602 Πνεύματος

199 1610 381 1645 ὲπιφοίτησιν·
401 1610 506 1637 ἐκεῖθεν
523 1611 569 1637 ἐπὶ
584 1611 630 1637 τὸν
654 1610 737 1637 Δαϐὶδ
752 1611 921 1646 μεταϐαίνει.
944 1613 991 1638 καὶ

199 1656 245 1682 τὸν
267 1657 508 1684 πεντεκαιδέκατον
534 1657 640 1692 ψαλμὸν
659 1657 858 1693 παραθέμενος,
888 1658 992 1692 βεϐαιοῖ

199 1700 248 1735 τὴν
259 1701 415 1728 ἀνάστασιν·
431 1702 479 1728 καὶ
488 1702 533 1728 τὸν
543 1702 632 1730 πάντα
643 1703 722 1737 λόγον
746 1705 991 1739 συμπερανάμενος

200 1748 230 1774 ἐν
247 1747 327 1783 σοφίᾳ
357 1748 444 1782 λόγων
469 1749 516 1774 καὶ
537 1749 676 1784 μαρτυρίᾳ
698 1749 792 1783 νόμου,
821 1750 901 1782 εὐθὺς
928 1752 990 1782 τοὺς

199 1793 337 1828 ἀκροατὰς
357 1795 521 1830 ἐπηγάγετο,
553 1795 583 1821 ού
607 1794 683 1826 δέκα,
710 1795 770 1822 οὐδὲ
797 1796 903 1822 ἑκατόν⁸
930 1797 991 1823 οὐδὲ

198 1840 270 1875 τρὶς,
285 1840 301 1876 ἢ
320 1840 451 1872 πεντάκις
468 1840 622 1873 τοσούτους·
639 1840 707 1868 ἀλλὰ
721 1843 796 1876 τρεῖς
809 1842 929 1877 χιλιάδας
945 1844 991 1870 ἁν-

197 1885 279 1922 δρῶν,
298 1886 462 1922 Ἐκκλησίας
477 1887 624 1923 πλήρωμα,
638 1887 724 1922 δῆμον
754 1887 814 1914 ὅλον
834 1888 924 1915 ἱκανὸν
941 1897 991 1916 κα-

197 1932 333 1967 ταπλῆξαι
355 1933 418 1964 τοὺς
439 1933 592 1968 δυσμενεῖς,
614 1929 652 1960 ὧν
668 1933 865 1968 ἀπερράγησαν
882 1934 988 1970 ἁθρόον.

199 1979 231 2005 Ὠ
253 1978 364 2010 πειθοῦς
381 1979 525 2015 φάρμακον
551 1979 652 2015 θερμὸν
678 1980 726 2006 καὶ
752 1979 892 2016 διάπυρον,
908 1980 991 2013 ὀξέως

196 2024 251 2050 τῶν
265 2024 358 2060 ψυχῶν
378 2025 589 2060 καθαψάμενονί
612 2024 634 2051 ὣ
650 2025 731 2059 σοφία
749 2025 884 2059 θεολόγος,
900 2027 990 2054 πᾶσαν

197 2071 294 2105 σοφίαν
325 2070 498 2106 ἀνθρωπίνην
526 2071 686 2106 καλύψασαῑ
714 2072 746 2098 Τί
778 2073 883 2106 λέγετε,
900 2074 924 2099 οι
945 2073 990 2099 τὴν

197 2116 374 2153 Δημοσθένην
398 2117 594 2152 στεφανοῦντες
615 2117 686 2144 κατὰ
714 2118 848 2154 ῥητόρων,
870 2119 918 2145 καὶ
945 2119 990 2146 τὸν

197 2162 346 2198 Σωκράτην
370 2162 552 2200 ἁνυμνοῦντες
579 2163 608 2189 ὲν
628 2163 799 2197 φιλοσόφοις;
815 2164 990 2199 Δημοσθένης

199 2209 247 2243 μὲν
262 2208 326 2245 γριρ,
339 2210 353 2235 ό
369 2208 418 2244 τὴν
434 2208 583 2244 ῥητορικὴν
596 2209 683 2244 μέγας
698 2210 744 2235 καὶ
761 2209 988 2246 πολυθρὺλλητος,

1047 962 1128 989 animi
1145 963 1329 990 fortitudinem
1354 970 1447 992 contra
1470 965 1583 1000 populos
1599 965 1729 992 adversus
1750 964 1834 998 pieta-

1047 1011 1099 1033 tem
1119 1006 1250 1041 l‘urentes,
1272 1009 1404 1043 ostendit;
1421 1018 1453 1037 ae
1479 1010 1588 1045 sapiens
1611 1015 1703 1038 orator
1721 1010 1748 1036 iu
1776 1016 1834 1036 me-

1045 1051 1091 1078 dio
1115 1052 1236 1086 gentium
1269 1060 1301 1080 ac
1328 1052 1436 1082 lsraclis
1469 1055 1585 1087 enituit;
1613 1055 1754 1089 gentium,
1785 1055 1835 1080 in-

1046 1105 1143 1130 quam,
1168 1099 1322 1126 acuentium
1352 1100 1467 1133 linguas,
1491 1109 1605 1136 quaeque
1633 1102 1692 1134 ira,
1719 1105 1748 1127 ut
1775 1101 1836 1135 quis

1049 1140 1142 1169 Jesum
1173 1144 1350 1176 nominasset,
1372 1145 1558 1179 implerentur.
1578 1146 1616 1173 lta
1632 1154 1698 1173 sane
1718 1151 1743 1174 ut
1763 1154 1835 1181 quou

1048 1195 1062 1213 a
1093 1187 1228 1222 Propheta
1256 1190 1281 1216 in
1311 1189 1413 1217 Domini
1436 1199 1550 1224 persona
1583 1193 1683 1218 dictum
1709 1197 1769 1224 est,
1788 1193 1836 1220 Pc-

1047 1239 1088 1260 tro
1102 1241 1208 1269 quoque
1231 1235 1375 1262 admodum
1399 1242 1561 1272 congrueret
1576 1246 1583 1264 :
1600 1238 1834 1265 Circumdederunt

1045 1288 1086 1306 me
1101 1289 1180 1308 canes
1204 1282 1300 1313 mulli;
1322 1284 1392 1309 lauri
1416 1284 1525 1318 pingues
1539 1284 1690 1312 obsederunt
1706 1294 1747 1312 me
1760 1286 1798 1319 τις
1814 1287 1836 1313 is

1047 1332 1138 1354 tamen
1169 1322 1271 1361 Spiritu
1294 1328 1409 1361 fervens,
1430 1330 1538 1364 altaque
1566 1331 1693 1358 memoria
1713 1332 1776 1359 illud
1801 1335 1834 1359 ad

1045 1373 1132 1407 ipsum
1150 1373 1255 1401 Domini
1269 1376 1424 1401 mandatum
1438 1376 1566 1407 retinens,
1579 1384 1631 1410 quo
1644 1376 1692 1403 fuit
1708 1378 1808 1405 dictum
1825 1389 1832 1406 :

1046 1418 1129 1445 Pasce
1143 1427 1225 1454 agnos
1237 1428 1307 1447 meos
1324 1421 1361 1453 7‘;
1380 1425 1454 1448 stans
1479 1421 1504 1448 in
1525 1423 1678 1455 promiscua
1694 1431 1727 1450 ex
1751 1423 1832 1451 inuu—

1044 1465 1219 1493 merabilibus
1243 1467 1370 1500 gentibus
1397 1467 1578 1499 multitudine,
1595 1469 1749 1498 clamabat:
1778 1470 1834 1498 Viri

1042 1509 1143 1544 Judwi,
1159 1517 1183 1539 et
1193 1513 1238 1547 qui
1251 1513 1375 1539 habitatis
1391 1513 1555 1540 Hierusalem
1566 1515 1719 1543 universi”.
1740 1518 1779 1544 Ae
1801 1527 1833 1544 ne

1045 1557 1131 1585 locum
1146 1562 1230 1586 totum
1247 1560 1437 1587 subnectentes
1464 1560 1599 1596 longiores
1618 1563 1714 1597 simus,
1735 1565 1762 1592 in
1777 1573 1832 1591 me-

1045 1605 1159 1632 moriam
1175 1611 1283 1633 revocat
1303 1606 1385 1634 Joelis
1410 1609 1527 1641 oracula,
1542 1609 1716 1643 praedicentis
1737 1611 1831 1645 spiritu

1043 1650 1200 1685 prophetico
1212 1649 1330 1686 Spiritus
1340 1652 1482 1680 adventum
1496 1662 1502 1680 :
1518 1660 1573 1681 tum
1590 1646 1686 1682 transit
1700 1656 1732 1682 ad
1751 1657 1832 1684 Davi-

1043 1696 1114 1728 dem,
1125 1704 1155 1723 ac
1165 1704 1302 1732 exponens
1312 1698 1443 1732 ps-«lmum
1453 1699 1575 1734 quintum
1588 1701 1833 1734 decimum.eonlir-

1043 1743 1329 1770 malresnrrectionem
1343 1754 1349 1771 :
1362 1738 1454 1780 sicque
1465 1754 1615 1774 sermonem
1631 1749 1784 1776 universum
1805 1751 1831 1777 in

1042 1788 1184 1815 verborum
1191 1789 1323 1824 sapientia
1331 1798 1361 1817 ac
1369 1790 1435 1825 legis
1444 1791 1595 1818 testimonia
1604 1793 1750 1820 concluden
1757 1803 1776 1826 ς,
1784 1798 1832 1822 sla-

1043 1835 1089 1862 titn
1105 1841 1164 1870 post
1172 1843 1200 1862 se
1212 1836 1458 1868 traxitauditores;
1475 1845 1526 1864 non
1538 1838 1640 1870 decem,
1651 1844 1831 1871 autccutum;

1044 1881 1083 1908 vel
1099 1881 1181 1908 etiam
1199 1886 1240 1908 ter
1254 1886 1335 1909 autve
1349 1882 1492 1916 quinquies
1508 1887 1611 1915 tantos;
1630 1885 1693 1917 quin
1707 1885 1769 1912 imo.
1782 1886 1831 1911 tria

1043 1927 1125 1954 millia
1153 1928 1291 1961 virorum;
1308 1927 1435 1954 Ecclesia:
1452 1934 1551 1955 coetum
1566 1937 1572 1959 ;
1598 1929 1731 1963 integrum
1748 1938 1831 1964 pttpil~

1043 1974 1096 2001 lum
1119 1975 1225 2002 abunde
1241 1974 1383 2002 habentem
1410 1974 1501 2001 hostes
1522 1974 1680 2009 percellcre,
1705 1983 1718 2000 a
1734 1976 1833 2009 quibus

1043 2021 1183 2056 repentina
1203 2022 1270 2048 adeo
1286 2022 1436 2048 nmtatione
1456 2021 1568 2048 abscissi
1583 2027 1683 2048 essent.
1703 2021 1723 2048 0
1743 2022 1833 2048 suadm

1043 2068 1145 2095 fervida
1168 2075 1337 2102 accensaque
1356 2068 1545 2099 medicamina,
1567 2068 1672 2094 animos
1691 2068 1784 2094 intime
1801 2076 1832 2094 ac

1041 2114 1247 2149 penetrabiliter
1258 2114 1481 2149 perstringenda!
1494 2115 1515 2140 0
1526 2113 1616 2140 divina
1629 2114 1771 2148 sapientia,
1786 2114 1832 2141 ltu-

1042 2167 1148 2186 manam
1163 2167 1270 2187 onmem
1287 2160 1447 2194 sapicnli:-m
1459 2159 1620 2186 obscuratis!
1634 2159 1704 2192 Quid
1720 2159 1751 2186 ad
1763 2161 1830 2191 haec,

1041 2206 1085 2240 qui
1103 2207 1276 2234 Demostheni
1302 2213 1382 2240 supra
1403 2206 1525 2232 rhetores
1550 2206 1662 2232 defertis
1687 2205 1805 2232 lauream
1823 2213 1830 2232 :

196 2254 324 2281 τοσοῦτον
334 2255 431 2289 ἀπεῖχε
447 2254 493 2280 τοῦ
510 2255 573 2290 περὶ
589 2252 626 2281 ὧν
639 2255 766 2281 ἐϐούλετο
780 2256 893 2288 πείθειν,
919 2256 989 2284 ὥστε

1044 2253 1144 2287 quique
1158 2253 1298 2280 Socratem
1313 2253 1431 2279 laudatis
1457 2253 1527 2279 inter
1543 2251 1736 2285 philosophos?
1757 2251 1830 2278 Tan-

197 2299 245 2325 καὶ
259 2299 393 2334 ἐξωρίσθη
404 2299 453 2334 τῆς
468 2298 571 2330 πόλεως
593 2298 668 2334 παρὰ
691 2299 745 2325 τῶν
759 2299 912 2334 ἀκροατῶν·
931 2301 987 2327 Σω-

197 2344 302 2380 κράτης
317 2344 356 2376 δὲ,
382 2344 437 2370 τῶν
451 2344 556 2371 πολλῶν
571 2345 639 2379 πρὸς
660 2344 817 2380 ’Λθηναίους
832 2344 927 2380 λόγων,
942 2347 989 2372 καὶ

196 2389 251 2415 τῶν
277 2390 366 2424 σοφῶν
393 2390 547 2423 διαλέξεων,
575 2391 661 2423 τέλος,
694 2391 723 2417 τὸ
743 2390 854 2418 κώνειον
877 2391 986 2426 εὕρατο,

198 2434 273 2469 παρὰ
293 2435 340 2461 τοῦ
364 2435 445 2471 χοροῦ
465 2436 519 2462 τῶν
537 2435 665 2472 μαθητῶν
683 2436 832 2470 φονευθείς·
861 2437 988 2465 τοσοῦτον

198 2480 279 2506 αὑτὸν
297 2482 394 2516 περιῆν
416 2482 465 2517 τῆς
478 2481 525 2508 τοῦ
551 2482 656 2508 πείθειν
673 2482 824 2518 δυνάμεως.
843 2483 946 2518 Πέτρος
958 2483 986 2510 δὲ

196 2527 210 2552 ὁ
235 2525 337 2558 ἁλιεὺς,
363 2527 378 2552 ό
403 2527 588 2563 χειροτέχνης,
599 2529 613 2554 ὁ
628 2527 746 2563 ἀμαθὴς,
762 2530 776 2555 ὁ
790 2530 843 2555 πᾶν
860 2529 928 2565 ὅπερ
953 2528 986 2555 ἂν

195 2571 276 2607 ἐθέλῃ
292 2581 334 2604 τις
349 2573 486 2607 φαυλίζων
500 2573 602 2604 καλεῖν,
620 2575 649 2599 ἐν
673 2574 722 2609 μιᾷ
751 2574 830 2608 λόγου
848 2575 985 2610 προσϐολῇ

194 2618 360 2653 τρισχιλίους
380 2619 480 2654 ἄνδρας
503 2618 648 2654 θηρεύσας,
677 2619 792 2653 βεϐαίως
825 2621 984 2656 μετέστησε·

195 2668 242 2693 καὶ
254 2667 349 2698 ταῦτα,
359 2667 625 2702 δυσανασχετοῦντας
639 2667 686 2694 καὶ
711 2668 916 2700 στασιάζοντας,
942 2668 989 2694 καὶ

195 2714 225 2740 οὐ
254 2714 465 2749 συγχωροῦντας
498 2713 574 2749 αὐτῷ
608 2714 657 2749 τὴν
695 2714 783 2750 ἀρχὴν
813 2715 927 2750 διαιρεῖν
958 2715 989 2741 τὸ

196 2761 293 2796 στόμα.

1046 2305 1101 2327 tum
1112 2300 1183 2326 enim
1202 2300 1288 2331 abest,
1310 2305 1339 2326 ut
1353 2307 1465 2334 magnus
1483 2299 1525 2325 ille
1542 2307 1573 2325 ac
1601 2298 1830 2325 celebratissimum

1043 2354 1092 2379 pro
1109 2346 1227 2372 oratoria
1253 2345 1397 2378 facultate,
1421 2354 1452 2372 ea
1470 2345 1639 2372 auditoribus
1654 2345 1829 2378 persuaserit,

1041 2400 1101 2425 qua:
1117 2391 1208 2418 animo
1225 2390 1371 2418 constituta
1396 2395 1503 2422 essent,
1525 2390 1649 2416 utetiam
1674 2388 1708 2415 ab
1734 2388 1829 2415 iisdem

1043 2438 1108 2464 urbe
1125 2445 1157 2463 ac
1172 2437 1258 2471 patrio
1283 2436 1341 2464 solo
1354 2437 1512 2470 deportatus
1524 2436 1577 2467 sit;
1603 2435 1732 2461 Socrates
1753 2441 1828 2466 vero,

1042 2483 1157 2516 plurium
1173 2482 1279 2509 illorum
1295 2482 1328 2509 ad
1357 2481 1535 2508 Athenienses
1556 2488 1722 2511 sermonum,
1740 2489 1770 2506 ac
1785 2489 1828 2507 su-

1042 2528 1142 2563 pientia
1164 2527 1324 2555 refertarum
1352 2527 1562 2562 disputationum
1591 2526 1689 2557 liuent.
1712 2527 1828 2552 cicutam

1042 2575 1154 2608 invenit,
1173 2574 1352 2601 iuterliciente
1373 2574 1566 2608 discipulorum
1581 2575 1680 2606 choro,
1699 2578 1772 2600 tanta
1790 2574 1829 2599 ni-

1042 2622 1138 2648 mirum
1156 2621 1273 2655 pollebat
1291 2621 1315 2647 vi
1330 2622 1429 2648 suadae.
1449 2621 1484 2648 At
1511 2620 1616 2653 Petrus,
1632 2621 1751 2656 piscator
1771 2621 1829 2653 ille,

1040 2668 1085 2695 ille
1098 2675 1225 2694 tnannum
1237 2673 1294 2694 arte
1306 2667 1403 2694 rictum
1417 2675 1551 2701 quaerens,
1575 2667 1618 2694 ille
1631 2667 1782 2701 imperitus,
1798 2675 1831 2695 ac

1040 2713 1170 2748 quidquid
1188 2721 1236 2748 per
1250 2719 1432 2748 contemptum
1455 2714 1521 2739 velis
1538 2712 1684 2748 appellare,
1704 2721 1758 2739 uno
1770 2720 1830 2740 ser.

1046 2760 1133 2787 monis
1156 2761 1228 2794 jactu
1256 2760 1306 2786 tria
1335 2759 1450 2786 virorum
1469 2759 1550 2786 millia
1576 2764 1699 2791 venatus,
1716 2759 1831 2785 ﬁrmiter

195 2811 347 2842 transtulit;
362 2809 441 2845 idque
450 2817 509 2837 cum
524 2810 559 2836 illi
576 2809 686 2836 moleste
697 2808 797 2835 ferrent
815 2816 847 2835 ac
860 2808 1097 2840 tmnultuarcntur,
1109 2815 1142 2835 ac
1152 2816 1185 2835 ne
1197 2816 1228 2835 os
1243 2808 1352 2843 quidem
1368 2808 1496 2834 diducere
1521 2815 1534 2833 τι
1548 2806 1680 2842 principio
1693 2807 1824 2835 sinerent.

230 2873 252 2887 7’
264 2871 426 2906 Ιβελέγιειν
443 2872 495 2898 ἔδει
509 2871 554 2898 δι’.
592 2871 626 2886 ⁷¹⁶
645 2870 710 2906 Leg.
726 2869 954 2906 προφητεύοντος,
970 2875 991 2898 ct

1044 2869 1102 2903 lira,
1119 2868 1150 2901 D,
1170 2869 1297 2896 τοσοῦτον
1316 2868 1390 2904 αὐτῷ
1413 2869 1522 2904 περιῆν.

194 2907 218 2924 ⁷⁵
230 2902 379 2938 ,Ιοιιῖιῖικιξ
394 2907 435 2934 l5.
475 2907 498 2923 ⁷⁵
512 2907 570 2934 Act.
587 2915 618 2937 Il.
638 2907 681 2936 41.

1561 2869 1583 2883 ⁷³
1608 2867 1679 2894 Psal.
1702 2874 1759 2899 χιι,
1785 2866 1827 2895 15.
