2076 3155
204 190 256 218 273

206 247 319 284 ρέσεως.
342 249 498 278 Ἑνεκάλιαε
526 250 581 288 γὰρ
595 252 686 288 μόνον,
700 255 748 282 καὶ
760 257 774 282 ὁ
788 257 931 293 ἐγκληθεὶς
944 260 996 286 ἀπ-

205 293 312 329 έψυξεν.
325 294 412 322 Τοῦτο
424 296 452 322 δὲ
461 295 553 332 ἡλίκον
566 298 651 331 ἐστὶν,
668 300 713 327 καὶ
725 301 791 337 ὅσην
802 304 834 338 τῇ
848 303 996 341 Ἐκκλησία

204 341 348 377 ἐνεποίησε
370 342 419 377 τὴν
436 343 578 371 εὐλάϐειαν
590 365 596 377 ,
613 346 643 372 οὐ
659 347 796 383 χρῄζομεν
819 350 922 384 μαθεῖν.
943 352 995 379 Δύο

204 386 258 422 γὰρ
277 388 306 413 ὲν
329 389 370 415 ἐνὶ
391 389 576 426 κατωρθώθη,
593 391 624 418 τὸ
649 394 696 419 καὶ
710 395 755 420 τὸν
779 396 892 432 Σωτῆρα
916 398 993 433 ἡμῶν

205 433 383 469 πιστευθῆναι
397 432 465 462 εἶναι
483 436 558 468 Θεὸν,
571 437 618 464 καὶ
634 438 679 465 τὸν
692 440 838 476 παιδευτὴν
851 443 905 469 τῶν
919 444 993 474 ἐκεί-

206 486 252 504 νου
272 478 378 516 νόμων.
405 482 611 517 παρεπομένους
627 483 697 518 ἔχων
712 485 734 501 ⁸¹
757 487 899 520 ἀγγέλους,
926 489 994 524 πρὸς

206 522 255 558 τὴν
280 524 407 560 βούλησιν
433 526 478 552 τοῦ
499 527 649 555 ἀποστόλου
672 531 850 566 ἐνεργοῦντας
867 522 990 569 ἑτοίμως.

213 567 353 603 Ἐθέλησεν
365 571 541 607 εὐεργετῆσαι
554 573 599 600 τὸν
613 574 709 609 χωλὸν,
725 577 772 602 καὶ
786 578 835 604 οὐκ
847 567 992 613 ἐϐράδυνεν

207 615 222 649 ἡ
235 615 312 650 χάρις
322 624 328 630 ·
343 616 474 653 ἐϐουλήθη
489 618 601 646 κολάσαι
632 621 676 647 τὸν
693 622 844 657 ἱερόσυλον,
863 626 910 653 καὶ
924 635 992 662 παρ-

203 659 309 693 εγένετο
320 662 336 696 ή
353 662 482 698 τιμωρία.

236 746 328 774 Ταῦτα
344 749 424 776 ἱκανά
437 749 540 783 λιθίνας
555 753 726 790 καταπλῆξαι
738 755 827 792 ψυχὰς
841 759 886 785 καὶ
900 761 991 787 πεῖσαι

200 792 334 827 βεϐαίως,
359 796 397 827 ὡς
415 797 465 823 οὐκ
492 798 601 834 ἀπάτης
617 798 651 835 ἦν
671 801 704 827 τά
725 803 836 838 ῥήματα
863 805 899 832 τὰ
917 807 991 842 παρὰ

200 838 302 873 Πέτρου
319 840 466 877 λεγόμενα·
487 843 553 871 ἀλλὰ
568 844 635 877 Θεὸς
650 844 684 882 ἦν
698 847 806 883 ἀληθῶς
819 851 878 885 μετ’
895 838 990 886 αὑτοῦ,

199 885 244 911 καὶ
257 885 333 920 ἅγιον
349 887 456 924 ὑπῆρχε
469 890 516 916 καὶ
531 890 640 926 ἀληθὲς,
653 892 683 919 τὸ
700 895 848 930 μυστήριον
860 896 873 922 ὂ
886 898 987 933 κατήγ-

198 930 285 964 γελλε.
304 932 358 960 Καὶ
374 934 452 961 τοῦτο
462 935 491 962 δὲ
506 937 651 972 προσέχειν
666 939 825 974 ἀναγκαῖον,
839 942 880 969 ὅτι
896 944 926 970 τὸ
939 944 988 980 μὲν

198 976 244 1002 ἐπὶ
268 979 388 1014 τιμωρίᾳ
413 981 459 1006 καὶ
485 981 558 1017 φόνῳ
585 985 708 1018 σημεῖον.
737 985 811 1019 ἅπαξ
837 987 914 1023 παρὰ
939 976 988 1016 τοῦ

197 1022 345 1050 ἀποστόλου
365 1024 408 1051 διὰ
433 1025 482 1061 τὴν
509 1028 604 1063 χρείαν
622 1030 785 1066 γεγένηται·
808 1032 850 1059 ἵνα
866 1035 922 1066 τοῖς
938 1044 990 1062 κα-

197 1067 253 1099 κῶς
271 1071 497 1106 προαιρουμένοις
508 1092 515 1104 ,
534 1073 583 1109 τῆς
599 1074 762 1111 κολαστικῆς
778 1076 920 1113 δυνάμεως
937 1088 988 1106 πα-

197 1113 332 1150 ράσχηται
349 1116 398 1151 τὴν
413 1117 569 1151 ἀπόδειξιν·
586 1119 621 1146 τὰ
643 1120 671 1146 δὲ
686 1121 740 1147 τῶν
757 1122 921 1158 εὐεργεσιῶν
942 1126 989 1152 καὶ¹

195 1160 250 1187 τῶν
269 1161 376 1194 ιάσεων,
394 1163 454 1190 καθ’
471 1164 576 1199 ἡμέραν
592 1166 638 1192 καὶ
654 1167 773 1203 συνεχῶς
786 1169 925 1197 ἐπετέλει·
942 1171 989 1197 καὶ

195 1206 331 1243 τοσαύτης
345 1208 420 1244 αὐτῷ
437 1210 536 1245 περιῆν
554 1212 603 1246 τῆς
620 1212 665 1239 τοῦ
686 1213 847 1249 θεραπεύειν
863 1216 988 1250 cimolia;

197 1252 244 1279 καὶ
260 1253 379 1288 χάριτος,
396 1254 466 1281 ὥστε
479 1255 566 1287 οὐδεὶς
581 1257 738 1292 προσελθὼν
750 1259 804 1286 τῶν
820 1260 989 1295 ἀρρωστούν-

195 1305 249 1325 των
266 1298 377 1325 ἀνέλυεν
397 1299 526 1334 ψευσθεὶς
544 1301 594 1336 τῆς
616 1302 733 1336 ἐλπίδος,
750 1304 807 1332 ἀλλ’
830 1307 923 1342 ἄρτιος
941 1308 988 1334 καὶ

196 1342 274 1378 ὑγιὴς
291 1344 336 1370 ἐπὶ
351 1344 400 1380 τὴν
417 1345 506 1373 οἰκίαν
523 1345 616 1382 ἀπῄει.
633 1348 689 1375 Καὶ
704 1351 758 1382 πᾶς
774 1352 856 1383 τόπος
868 1353 917 1388 τῆς
938 1354 987 1380 Ἰε-

196 1389 337 1425 ρουσαλὴμ
353 1390 416 1418 ἔνθα
434 1391 537 1425 Πέτρος
553 1393 689 1427 ἐφαίνετο,
701 1396 746 1422 τὸν
757 1397 874 1433 Χριστὸν
886 1399 985 1426 ἐλάλει·

174 1436 176 1438 ’
195 1435 242 1461 καὶ
261 1436 291 1462 τὸ
306 1436 407 1472 πλῆθος
424 1436 497 1474 εἶχεν
517 1440 734 1468 ἀκολουθούντων
756 1443 904 1479 ἀρρώστων
916 1466 924 1478 ,
940 1447 987 1473 καὶ

195 1480 309 1518 θέατρον
321 1483 382 1510 καθ’
396 1484 503 1520 ἡμέραν
514 1487 666 1521 παράδοξον
678 1489 709 1514 ὲκ
722 1489 807 1524 δήμου
821 1491 984 1526 συμμίκτου-

193 1527 248 1553 τῶν
271 1528 319 1563 μ’ὲν
339 1531 547 1565 συναγομένων,
569 1532 612 1559 ἵνα
640 1533 695 1560 τῶν
721 1534 870 1570 ὸχλούντων
893 1538 986 1565 κακῶν

193 1573 386 1608 ἀπαλλαγῶσι,
404 1576 458 1602 τῶν
476 1577 520 1609 δὲ,
538 1578 581 1604 ἴνα
597 1579 660 1611 τοὺς
675 1579 909 1618 Θεραπευομένους
928 1584 986 1612 θεά-

198 1627 307 1647 σωνται.
325 1621 403 1649 Οὕτω
435 1631 476 1649 τοι
498 1625 612 1652 κάκεῖνον
625 1626 689 1661 περὶ
705 1627 753 1653 τοῦ
790 1629 937 1657 ἀποστόλου
953 1631 983 1657 τὸ

194 1664 351 1701 θαυμαστὸν
374 1666 599 1704 ἀναγέγραπται,
617 1671 632 1698 ὃ
647 1672 689 1698 ἐπ’
714 1673 801 1700 οὐδενὶ
825 1676 882 1702 τῶν
896 1676 983 1705 ἄλλων

194 1710 301 1746 ἐλέχθη,
316 1712 356 1739 ὅτι
370 1713 394 1739 οἱ
410 1716 560 1747 συγγενεῖς,
574 1717 621 1742 καὶ
634 1717 657 1743 οἰ
674 1718 728 1745 τῶν
744 1719 928 1748 ἀσθενούντων
943 1723 982 1749 οἰ-

194 1758 272 1788 κεῖοι,
287 1757 384 1793 ἔφερον
401 1759 500 1792 αὐτοὺς
516 1761 562 1787 ἐπὶ
580 1762 678 1789 κλινῶν
692 1763 820 1801 δημοσίᾳ.
835 1767 885 1793 ἵνα
899 1767 982 1802 ἐρχο-

190 1802 284 1836 μένου
299 1805 421 1838 Πέτρου.
435 1804 494 1832 κᾶν
506 1809 524 1841 ἡ
535 1807 608 1834 σκιὰ
621 1808 784 1844 ἑπισκιιὶσῃ
802 1812 858 1838 τινι
872 1814 980 1840 αὐτῶν.

152 1862 155 1864 -
193 1848 278 1876 Τοῦτο
295 1850 344 1885 μὲν
360 1848 406 1878 οὖν
428 1853 518 1887 μεῖζον
543 1855 589 1880 καὶ
613 1855 668 1882 τῶν
689 1856 855 1885 δεσποτικῶν
877 1860 982 1895 θαυμα-

196 1893 262 1922 σίων
272 1903 278 1909 ·
295 1896 340 1922 καὶ
353 1898 367 1923 ὁ
380 1897 471 1930 δοῦλος
482 1899 644 1935 εὖφημεῖται
658 1902 725 1938 ὑπὲρ
740 1903 785 1930 τὸν
801 1904 910 1941 Κύριον.
927 1907 981 1934 Καὶ

191 1940 262 1976 τάχα
273 1942 303 1968 ὲν
311 1943 397 1979 τούτῳ
406 1943 444 1979 τῷ
455 1946 560 1982 σημείῳ
571 1948 777 1984 συμπληροῦται
789 1951 805 1986 ή
817 1954 979 1988 προφητεία,

191 1986 225 2022 ἢν
244 1989 258 2014 ό
273 1988 368 2024 Σωτὴρ
383 1990 452 2025 πρὸς
468 1991 530 2023 τοὺς
547 1992 672 2028 μαθητὰς
690 1986 854 2032 ἐποιήσατο-⁵
878 1986 980 2033 Ἇμὴικ

191 2032 274 2066 ἀμὴν
296 2033 373 2068 ,λέγω
390 2035 477 2070 ὐμῖν-
495 2036 526 2063 '0
545 2039 697 2075 monentur
719 2042 763 2073 εἰς
776 2042 845 2076 ἐμὲ.
861 2044 896 2071 τὰ
907 2032 981 2080 ἱερά-α

191 2076 211 2104 d
224 2077 281 2112 ἐγὼ
297 2078 380 2111 ποιῶ,
408 2080 547 2115 κάκεῖνος
563 2083 694 2116 ποιήσει,
718 2086 767 2113 καὶ
781 2087 901 2121 μείζονα
913 2092 980 2118 τού-

191 2131 249 2150 των
269 2124 398 2158 ποιήσει.
423 2126 508 2153 Τοῦτο
524 2128 552 2154 δὲ
571 2129 635 2156 ὅταν
656 2129 744 2164 λέγω,
763 2133 792 2159 οὐ
822 2134 867 2161 τὸν
886 2135 979 2163 δοῦλον

190 2170 229 2205 τῷ
252 2172 374 2207 Δεσπότῃ
399 2173 545 2208 συγκρίνω.
590 2176 714 2210 "Andre!
751 2179 924 2215 Μαινομένου
949 2183 979 2209 τὸ

190 2217 279 2253 νόημα
288 2226 295 2234 ο
318 2218 375 2244 ἀλλ’
398 2219 439 2245 ὅτι
453 2219 497 2246 διὰ
509 2220 563 2247 τῶν
576 2222 673 2248 ἑαυτοῦ
690 2222 864 2258 θεραπόντων
877 2226 891 2252 ὁ
901 2227 977 2261 Θεὸς,

188 2263 238 2298 τὴν
252 2264 348 2290 ἑαυτοῦ
363 2264 475 2301 δύναμιν
490 2266 703 2303 ἐνδεικνύμενος,
720 2268 814 2296 οὐδένα
827 2271 880 2297 τῶν
893 2273 981 2309 μαθη-

188 2309 252 2341 τῶν,
270 2310 308 2342 ὡς
325 2311 437 2346 Πέτρον,
455 2313 514 2344 ταῖς
531 2312 608 2344 ἰδίαις
622 2313 735 2349 δωρεαῖς
749 2315 978 2352 κατεπλούτησεν·

188 2355 256 2382 ἀλλὰ
269 2357 316 2384 καὶ
329 2358 436 2385 πάντων
448 2359 528 2385 αὑτὸν
542 2359 706 2395 προῦθηκεν,
718 2361 828 2396 ὑψώσας
838 2365 898 2395 ταῖς
909 2363 978 2391 ἄνωο

189 2401 235 2428 θεν
249 2402 372 2438 δωρεαῖς·
389 2404 435 2431 καὶ
445 2404 538 2441 ὥσπερ
550 2405 658 2440 πρῶτος
671 2407 804 2443 μαθητὴς,
816 2409 862 2434 καὶ
877 2408 976 2444 μείζων

188 2447 243 2474 τῶν
253 2448 374 2483 ἀδελφῶν
387 2451 433 2476 ἐπὶ
445 2451 496 2486 τῆς
510 2451 607 2486 πείρας
619 2452 672 2478 τῶν
685 2453 856 2488 πραγμάτων
869 2454 976 2491 ἐδείχθη

187 2493 220 2528 τῇ
236 2492 346 2529 δυνάμει
360 2495 407 2522 τοῦ
423 2495 592 2531 Πνεύματος.
608 2497 720 2532 Πρῶτος
734 2497 836 2534 ἐκλήθη
847 2519 854 2531 ,
869 2499 916 2525 καὶ
929 2509 977 2526 τα-

187 2538 257 2574 χέως
273 2539 409 2575 ὑπήκουσε
420 2548 426 2556 ·
445 2541 514 2577 πρὸς
532 2543 589 2573 τοῖς
602 2543 736 2577 αἰγιαλοῖς
752 2544 874 2580 εὑρεθεὶς
891 2546 920 2572 ἐν
938 2546 976 2581 τῷ

185 2584 339 2620 ταραχώδει
364 2586 411 2612 τοῦ
428 2586 532 2621 κόσμου
555 2586 662 2623 χωρίῳ,
680 2589 694 2614 ό
715 2589 771 2620 τοῖς
787 2588 911 2624 κύμασιν
932 2591 975 2617 ἀεὶ

188 2631 234 2666 τῆς
248 2631 425 2668 ἀνθωπικῆς
443 2632 525 2668 ζάλης
542 2633 787 2670 περιψοφούμενος,
803 2635 974 2662 ἀδιάλειπτον

185 2676 241 2712 εχει
257 2677 306 2713 τὴν
325 2677 432 2713 βοῶσαν
453 2679 516 2714 περὶ
533 2678 582 2710 τὰς
601 2679 694 2714 ἠϊόνας
709 2680 801 2716 εὐχήν.
820 2681 931 2717 Πρῶτος
945 2683 974 2709 ἐν

187 2721 357 2758 Χριστιανοῖς
380 2724 435 2751 τῶν
455 2724 595 2760 κοσμικῶν
619 2724 688 2751 ὑλῶν
705 2728 908 2763 κατεφρόνησε,
926 2730 973 2756 καὶ

184 2767 237 2796 τῶν
251 2769 280 2796 ἐν
299 2770 364 2796 ποσὶ
383 2769 491 2797 πάντων
513 2769 664 2806 ὑπεριδὼν,
682 2771 750 2806 πρὸς
771 2773 804 2799 τὰ
821 2774 903 2809 νοητά
925 2776 972 2802 καὶ

185 2814 357 2851 ὑπερκόσμια
373 2816 544 2851 μετετάξατο.

216 2915 238 2931 ⁸⁸
260 2915 324 2950 [ιρις.
341 2916 446 2951 ἔχοντα.
485 2918 506 2934 ⁸²
523 2918 583 2946 Act.
601 2927 625 2953 ν,
645 2919 687 2947 15.
724 2919 747 2934 ’⁸⁵
760 2918 837 2948 Joan.
853 2929 906 2956 xlv,
924 2922 965 2949 12.

648 194 788 225 HOMlLlA
811 198 876 228 Vlll.
898 201 929 228 IN
951 202 1000 231 SS.
1018 204 1160 235 PETRUM
1180 208 1224 236 ΕΤ
1245 210 1398 240 PAULUM.

1778 218 1832 246 274

1010 264 1176 303 A.sustulit,
1210 267 1367 301 praeclarum
1397 269 1498 297 Christi
1535 273 1660 306 potentiae
1695 275 1830 308 specimen

1046 309 1139 337 edens.
1167 311 1282 340 Tantum
1311 315 1382 341 enim
1409 315 1508 351 objccit
1526 318 1630 346 crimen
1642 340 1650 353 ,
1668 320 1749 355 inque
1766 321 1830 350 illud

1046 362 1155 384 vocatus
1180 358 1261 385 homo
1284 361 1440 395 exspiravit.
1457 362 1513 391 Hoc
1537 372 1601 392 vero
1628 372 1758 400 quantum
1781 368 1830 401 sit,

1045 406 1228 437 quantamque
1247 405 1372 433 Ecclesia:
1391 410 1568 437 reverentiam
1593 419 1625 437 ac
1647 417 1747 439 metum
1760 413 1829 448 inje-

1044 447 1122 478 cerit,
1142 449 1210 475 hami
1225 458 1292 484 opus
1307 452 1397 480 doceri
1415 454 1572 483 habeamus.
1600 457 1656 484 Duo
1679 460 1777 494 quippe
1788 447 1828 487 si-

1044 493 1098 519 mul
1111 493 1228 522 confecit
1241 515 1248 527 ,
1269 501 1298 523 nl.
1313 498 1450 533 nimirum,
1468 509 1528 528 cum
1547 501 1670 531 Salvator
1687 493 1756 532 Dens
1767 513 1828 533 esse

1043 539 1223 573 mederetur;
1252 546 1307 569 tum
1329 548 1357 570 ut
1366 544 1423 577 ejus
1439 547 1541 574 doctori
1562 547 1649 583 legum
1671 550 1766 579 adesse
1780 559 1828 579 co-

1044 584 1123 612 mites
1137 587 1263 621 angelos,
1283 590 1328 623 qui
1342 596 1465 626 prompte
1482 597 1509 619 ut
1535 595 1671 628 apostolus
1689 597 1828 629 voluisset.

1034 639 1266 674 exsequerentur.
1289 636 1376 663 Voluit
1394 637 1488 666 claudo
1512 639 1671 668 beneficium
1689 649 1827 676 praestare.

1043 678 1163 714 nihilque.
1190 682 1276 714 gratia
1301 682 1432 716 tardavit;
1446 685 1528 713 voluit
1546 678 1642 720 punire
1658 688 1828 723 sacrilegum,

1043 732 1159 759 moxque
1173 733 1250 761 poena
1267 733 1365 763 praesto
1377 729 1435 758 fuit.

1077 770 1159 798 Erant
1182 773 1238 800 haec
1257 774 1376 809 abunde,
1403 782 1431 804 ut
1449 777 1489 804 vcl
1507 777 1626 813 lapideas
1647 783 1750 808 utentes
1771 784 1829 808 stu-

1042 823 1106 849 pore
1123 817 1261 846 abicerent
1276 840 1283 852 ,
1311 826 1466 856 certamque
1479 824 1590 851 Omnino
1607 823 1725 852 facerent
1739 825 1828 858 fidem,

1040 861 1141 903 nullam
1168 863 1238 892 Petri
1264 867 1342 893 verba
1371 867 1470 895 habere
1488 869 1690 904 deecptionem;
1705 872 1751 899 sed
1767 879 1828 898 vere

1042 906 1125 934 Deum
1139 916 1199 936 cum
1220 911 1278 946 ipso
1293 920 1354 940 esse
1365 933 1372 944 ,
1392 920 1567 950 sanctumque
1589 924 1619 944 ac
1634 918 1748 945 veritate
1775 918 1826 944 ful-

1042 958 1110 986 tum,
1124 957 1194 991 quod
1208 960 1385 988 annuntiabat
1398 968 1608 994 sacramentum,
1621 964 1761 991 exsistere.
1775 964 1828 992 Sed

1042 1004 1066 1026 et
1080 1001 1130 1027 hoc
1148 1005 1320 1032 attendamus
1335 1013 1474 1034 necessum
1491 1009 1545 1041 sit;
1564 1008 1627 1036 illud
1650 1010 1756 1044 quidem
1779 1018 1828 1045 pu-

1041 1046 1138 1074 niendo
1159 1055 1191 1076 ac
1214 1057 1306 1077 necem
1338 1051 1496 1086 inferendo,
1524 1055 1607 1081 semel
1637 1055 1767 1082 duntaxat
1793 1056 1837 1083 abl

1046 1089 1167 1126 apostolo
1179 1101 1226 1122 usu
1245 1097 1374 1124 suadente
1389 1099 1492 1142 signum
1513 1105 1671 1135 usurpatum
1687 1108 1758 1134 esse,
1774 1109 1827 1136 quo

1040 1139 1084 1170 iis,
1099 1140 1144 1174 qui
1160 1141 1229 1167 mala
1252 1147 1341 1170 essent
1354 1139 1507 1178 voluntate,
1521 1146 1669 1181 castigandi
1687 1148 1827 1181 potestatis

1039 1185 1175 1224 specimen
1193 1187 1352 1221 exhiberet;
1374 1189 1504 1217 beneficia
1530 1196 1620 1219 autent
1639 1200 1670 1220 ac
1685 1194 1826 1225 sanitates,

1039 1232 1158 1264 quotidie
1173 1240 1204 1260 ac
1218 1233 1319 1267 jugiter
1345 1237 1501 1269 prmstitisse
1517 1247 1524 1265 :
1541 1243 1669 1274 tantaque
1698 1243 1757 1266 erat
1781 1247 1827 1267 cn-

1039 1277 1115 1302 randi
1132 1283 1164 1304 ac
1184 1279 1278 1312 gratia:
1307 1279 1437 1314 facilitas,
1461 1287 1488 1309 ut
1512 1290 1591 1309 nemo
1611 1289 1730 1317 a‘grotns
1749 1293 1828 1312 acce-

1039 1317 1117 1350 dens,
1130 1327 1176 1353 spe
1187 1328 1234 1347 sna
1247 1320 1391 1349 frustratus
1404 1325 1509 1356 abiret,
1521 1326 1567 1352 sed
1581 1326 1685 1360 integer
1696 1336 1728 1355 ac
1744 1336 1826 1355 sanus

1039 1363 1146 1391 domum
1171 1371 1362 1394 reverteretur.
1386 1368 1514 1403 Quisquis
1540 1379 1605 1398 vero
1633 1372 1826 1409 Hierosolymis

1038 1408 1148 1436 Petrum
1160 1409 1235 1438 locus
1249 1411 1375 1445 habebat,
1393 1413 1415 1441 is
1428 1413 1565 1442 Christum
1580 1416 1738 1450 loquebatur
1750 1408 1762 1451 ,ν
1775 1418 1824 1445 ha-

1037 1455 1171 1490 bebatque
1186 1462 1343 1492 sequentem
1364 1460 1534 1488 infirmorum
1561 1463 1760 1490 multitudinem
1771 1485 1779 1497 ,
1793 1473 1825 1492 ac

1037 1501 1161 1529 mirabile
1185 1503 1280 1532 dit-bus
1302 1505 1416 1539 singulis
1435 1508 1594 1541 promiscuae
1614 1509 1697 1544 plebis
1721 1515 1825 1544 speeta-

1038 1548 1145 1582 culum;
1165 1552 1334 1586 congregatis
1360 1552 1419 1579 aliis
1445 1554 1595 1588 qnairenula:
1617 1562 1699 1582 causa
1725 1555 1824 1583 libera-

999 1599 1019 1627 ο
1037 1593 1118 1621 tionis
1144 1601 1159 1622 a
1186 1595 1318 1623 malorum
1334 1597 1469 1631 molestia;
1484 1599 1544 1626 aliis
1570 1607 1648 1632 vero,
1671 1605 1700 1627 ut
1723 1601 1822 1636 imper-

1037 1639 1134 1668 tienda:
1161 1642 1284 1670 sanitatis
1308 1648 1475 1678 spectatores
1503 1650 1605 1673 essent.
1635 1646 1681 1674 Sic
1708 1655 1824 1682 namque

1036 1685 1119 1711 etiam
1143 1685 1208 1713 illud
1224 1687 1347 1716 mirabile
1372 1689 1405 1716 de
1424 1690 1547 1724 apostolo
1570 1693 1751 1726 conscriptum
1771 1698 1823 1726 est,

1036 1729 1068 1757 de
1081 1731 1176 1764 quovis
1190 1733 1243 1759 alio
1256 1733 1404 1761 inauditum
1416 1755 1423 1767 ,
1444 1740 1473 1763 ut
1496 1737 1634 1769 nimirutn,
1653 1738 1822 1766 infirmorum

1035 1777 1142 1809 cognati
1157 1785 1189 1804 ac
1205 1778 1357 1810 domestici.
1373 1781 1477 1813 publice
1497 1789 1544 1810 eos
1562 1783 1587 1809 in
1609 1784 1686 1810 lectis
1705 1792 1823 1819 expone-

1037 1824 1115 1852 rent,
1143 1826 1171 1848 ut
1208 1823 1321 1850 renienle
1347 1824 1427 1851 Petro
1457 1827 1548 1854 umbra
1579 1828 1652 1855 illius
1681 1829 1822 1857 obumbra-

1037 1870 1075 1892 νει
1097 1875 1252 1901 quemquam
1276 1869 1380 1897 illarum
1402 1871 1424 1886 ³³
1443 1880 1450 1897 :
1476 1879 1557 1906 porro
1581 1874 1630 1901 hoc
1654 1874 1740 1909 majus
1763 1882 1820 1902 erat

1035 1911 1183 1941 Dominicis
1216 1909 1370 1949 miraculis,
1399 1917 1519 1952 adeoque
1554 1927 1648 1946 servus
1677 1921 1821 1949 celebrioii

1035 1966 1089 1992 pra:
1117 1960 1230 1987 Domino
1251 1961 1320 1988 fama
1344 1963 1467 1990 habetur.
1483 1964 1521 1990 Ac
1541 1964 1610 1992 forte
1629 1966 1654 1992 in
1669 1967 1745 2001 signo
1766 1967 1821 1994 isto

1034 2005 1193 2040 completur,
1217 2015 1295 2040 quam
1315 2007 1439 2036 Salvator
1453 2011 1620 2044 prophetiam
1644 2012 1676 2039 ad
1701 2013 1822 2047 discipu-

1034 2049 1074 2077 los
1089 2057 1130 2077 est
1147 2051 1253 2079 locutus
1268 2061 1274 2080 :
1295 2053 1392 2086 Amen,
1411 2063 1486 2082 amen
1501 2057 1559 2083 dico
1575 2057 1661 2090 vobis,
1677 2058 1722 2091 qui
1739 2060 1819 2085 credit

1033 2096 1061 2122 in
1077 2104 1126 2129 me,
1139 2105 1217 2131 Opera
1237 2106 1294 2132 qute
1310 2107 1356 2134 ego
1369 2100 1449 2134 facio,
1465 2107 1487 2127 et
1502 2101 1557 2136 ipse
1571 2103 1662 2136 faciet,
1676 2108 1699 2130 et
1717 2104 1820 2139 majora

1034 2141 1126 2169 Irarum
1139 2143 1217 2177 faciet
1233 2144 1265 2171 ⁸³.
1281 2145 1347 2172 Cum
1362 2151 1451 2173 autem
1475 2148 1524 2174 hoc
1541 2149 1600 2176 dico
1611 2168 1619 2180 ,
1632 2150 1741 2177 minime
1754 2158 1821 2185 gen-

1034 2187 1098 2215 tium
1118 2196 1224 2216 servum
1249 2198 1309 2217 cum
1329 2191 1441 2220 Domino
1463 2201 1599 2229 comparo.
1627 2195 1758 2230 Apagesis
1775 2197 1818 2223 lu-

1033 2235 1119 2262 rentis
1136 2243 1262 2268 sensum;
1289 2238 1335 2264 sed
1363 2238 1454 2271 Deum,
1482 2240 1527 2274 qui
1553 2248 1600 2274 per
1623 2240 1737 2268 famulos
1755 2250 1819 2270 suos

997 2283 1019 2310 ι)
1031 2283 1156 2314 ροιειιιίίει
1177 2290 1231 2309 sua:
1253 2284 1387 2318 specimen
1410 2286 1494 2317 edat,
1523 2286 1625 2313 nullum
1646 2295 1661 2313 e
1678 2288 1818 2322 discipulis

1032 2326 1087 2353 suis
1123 2327 1233 2360 perinde
1255 2335 1286 2354 ac
1312 2328 1422 2356 Petrum
1449 2332 1607 2359 muneribus
1639 2332 1818 2367 locupletasse

1031 2372 1173 2406 pronuntio
1188 2382 1194 2399 :
1207 2373 1270 2406 quin
1288 2375 1412 2408 supernis
1427 2376 1568 2404 sublimem
1581 2377 1705 2405 eﬂ'ectuln
1725 2379 1816 2414 donis,

1030 2417 1162 2445 universis
1189 2427 1251 2446 emn
1281 2420 1441 2454 pnetulisse.
1467 2422 1510 2450 Uti
1528 2431 1591 2451 vero
1619 2424 1815 2459 discipulorum

1029 2462 1174 2495 primatum
1189 2467 1278 2496 tenet;
1297 2464 1381 2498 major
1396 2473 1503 2500 quoque
1519 2467 1589 2494 inter
1601 2467 1699 2497 fratres
1724 2476 1815 2498 rerum

1027 2508 1212 2540 experimento
1231 2515 1280 2542 per
1306 2508 1422 2543 Spiritus
1437 2512 1524 2538 sancti
1542 2513 1668 2540 virtutem
1689 2518 1816 2543 ostensus

1027 2554 1078 2577 est.
1096 2550 1203 2579 Primus
1227 2558 1355 2585 vocatus,
1373 2554 1426 2581 cito
1452 2554 1597 2583 obsecutus
1618 2561 1676 2590 est,
1701 2565 1762 2586 cum
1788 2559 1813 2586 in

1026 2595 1135 2628 littore,
1161 2596 1186 2623 in
1208 2597 1297 2623 mumli
1322 2597 1380 2624 loco
1404 2606 1502 2633 aspero
1529 2600 1654 2629 inventus
1681 2607 1764 2630 esset.
1789 2604 1813 2631 Is

1028 2648 1143 2675 namque
1174 2642 1296 2670 humana:
1310 2650 1372 2670 cum
1388 2646 1554 2679 tempestatis
1572 2646 1672 2682 iugiter
1694 2648 1814 2675 circnm-

1027 2685 1210 2719 strepentibus
1225 2685 1364 2718 ﬂuctibus,
1388 2689 1545 2716 continuum
1560 2691 1631 2718 circa
1646 2691 1735 2719 littora
1751 2700 1814 2726 prn-

1027 2736 1088 2756 cunt
1109 2730 1253 2758 clamorem
1271 2739 1303 2758 ac
1320 2737 1379 2759 vota
1398 2733 1488 2761 habet.
1511 2734 1618 2762 Primus
1639 2735 1712 2764 inter
1733 2737 1813 2765 Chri-

1026 2774 1129 2802 stiands
1153 2777 1244 2803 szeculi
1269 2785 1313 2805 res
1332 2778 1450 2812 sprevit,
1476 2779 1666 2816 despectisque
1687 2782 1814 2810 omnibus

1026 2828 1085 2854 qum
1097 2820 1123 2847 in
1138 2822 1249 2855 pedibus
1266 2831 1297 2850 ae
1314 2825 1446 2851 mu-adana
1461 2829 1534 2857 sunt,
1547 2827 1664 2854 studium
1679 2829 1814 2856 animuuh

1027 2872 1077 2899 quc
1093 2866 1124 2893 ad
1137 2867 1269 2900 spiritalia
1286 2875 1317 2896 ac
1335 2869 1453 2897 cwlcstia
1470 2870 1599 2899 traduxit.
