2076 3155
237 208 291 236 275

876 207 907 235 S.
926 205 1065 234 ASTERII
1086 207 1238 235 AMASENI

1816 204 1868 230 Q76

273 268 350 296 Dicat
376 277 441 297 vero
463 269 533 296 forte
557 276 650 295 eorum
674 267 786 302 aliquis,
817 267 863 300 qui
883 274 1027 301 pauperem

1115 267 1169 293 Καὶ
1185 266 1266 300 τυχὸν
1291 265 1349 300 ἐρεῖ
1373 274 1413 295 τις
1436 264 1490 290 τῶν
1521 264 1624 298 πένητα
1646 262 1691 289 καὶ
1714 262 1802 297 ἀφανῆ
1823 262 1870 289 τὸν

237 320 320 349 atque
336 316 481 343 obscurum
497 319 538 341 ter
550 315 657 342 beatutn
679 314 753 340 illum
768 313 906 348 appellare
920 312 1026 339 solent:

236 362 305 393 υειίά
335 362 473 388 enimvero
497 361 541 388 ille
568 360 699 394 reliquit?
721 359 778 393 Qua
804 367 833 386 se
857 359 1028 393 possessione

236 405 391 432 abdicavit?
425 404 564 435 Universa,
593 411 609 431 ο
631 405 722 436 homo,
752 403 865 433 dimisit.
895 411 954 437 qum
979 404 1027 430 ha-

236 450 305 476 bnit.
334 449 438 483 Cuiqne
467 456 537 481 vero,
563 449 634 483 quod
660 448 789 482 possidet,
815 455 939 483 magnu'u
962 453 1026 475 est:

236 496 364 529 illudque,
385 495 485 521 divitia:
501 499 580 526 sunt,
594 488 664 529 quod
689 494 776 520 tenuis
804 498 835 520 ac
864 501 966 528 egenus
982 493 1028 519 ha—

236 542 290 568 l~.et.
321 541 421 568 Similis
453 540 522 575 apttd
549 540 633 567 Deum
662 539 755 572 habet,
784 545 839 566 tum
864 540 910 574 qui
934 547 1029 566 currus

236 586 363 618 dimittit,
392 590 449 612 tum
474 586 519 619 qui
547 586 697 612 contemnit
715 585 832 612 asinum.
861 585 936 618 Quod
956 584 1027 611 enim

234 630 310 655 diviti
332 629 409 663 equis
443 634 560 663 quatuor
590 632 682 656 vectus
708 636 817 659 currus,
842 629 893 656 hoc
923 628 1028 655 clitellze

235 675 302 701 viles
322 675 444 708 pauperi.
470 673 585 701 Perinde
610 679 699 701 autem
720 674 896 708 philosophus
907 678 957 705 est,
972 679 1027 700 ttnn

237 721 281 754 qui
305 724 461 755 argenteam
493 727 525 746 ac
555 719 677 746 historiis
704 719 778 746 varie
809 719 960 746 distinctam
987 727 1030 745 or-

237 772 397 801 natamque,
419 771 473 792 tutu
494 766 539 800 qui
561 765 678 800 ligneam
709 764 824 799 vilisque
849 765 926 799 pretii
953 772 1028 791 men-

238 821 295 840 sant
315 813 462 847 relinquit;
481 819 512 838 ac
533 811 671 842 similiter,
696 815 751 837 tum
769 811 814 845 qui
834 810 960 845 frequens
979 811 1029 837 ho-

237 859 356 885 minibus
379 859 526 893 oppiduni,
556 864 612 885 tttm
642 858 687 891 qui
713 857 840 892 exiguum
866 857 1027 883 hortulum:

238 906 284 940 qni
304 911 406 932 vestem
434 913 501 932 auro
529 909 647 937 textam,
671 905 772 938 quique
794 909 911 931 veterem
931 912 962 930 ac
981 906 1028 930 de-

239 953 330 978 tritam
358 953 488 979 tunicam.
513 950 571 978 Non
599 946 764 979 enim'Deus
788 951 958 978 multitudine
984 955 1029 977 aut
1046 940 1066 966 Β

238 998 368 1032 qualitate
387 1005 485 1025 eorum
510 1005 570 1032 qua:
609 997 719 1030 dantur,
736 997 907 1025 collationem
924 997 1029 1031 jndicat

239 1051 271 1071 ac
292 1044 488 1071 humanitatem
501 1065 509 1076 ,
531 1044 577 1071 sed
590 1050 693 1080 gratam
713 1045 795 1071 habet
809 1052 840 1071 ac
855 1044 950 1078 probat
962 1044 1029 1070 dan-

239 1093 274 1119 tis
293 1091 468 1118 voluntatem.
492 1091 672 1128 Quamobrem
695 1091 775 1118 etiam
797 1090 971 1124 Evangelinm
987 1090 1026 1116 vi-

239 1139 319 1165 duam
352 1138 424 1165 illam
444 1138 481 1164 uti
503 1138 615 1171 probam
637 1137 818 1171 depraedicat,
838 1144 898 1171 quae
920 1136 1028 1163 obolum

239 1185 375 1219 impertita
393 1188 481 1215 esset;
498 1183 569 1217 quod
585 1182 649 1209 nihil
664 1183 819 1209 retinuisset
840 1190 935 1209 eorum
970 1189 1029 1216 quae

240 1229 357 1257 habebat
370 1229 403 1255 ⁸⁸.
422 1228 491 1262 Quin
507 1229 609 1261 etiam,
630 1229 676 1262 qui
698 1236 775 1263 aqua:
799 1227 902 1263 frigidae
917 1227 1028 1255 calicem

239 1274 408 1310 praebuerit,
439 1274 558 1308 expediti
606 1281 699 1301 revera
738 1273 881 1307 facilisque
913 1273 1028 1300 convivii

240 1321 403 1352 mercedem,
423 1328 534 1354 regnum
549 1325 710 1354 accepturus
721 1320 804 1347 est“.
821 1319 859 1347 Eo
873 1319 944 1346 enim
958 1319 1028 1353 quod

239 1362 417 1401 suppetebat,
432 1367 549 1393 sitientis
572 1367 762 1393 necessitatem
779 1366 901 1398 curavit;
924 1364 1028 1391 tametsi

239 1413 294 1439 vini
313 1412 419 1439 odorati
440 1419 472 1439 ac
495 1411 620 1446 generosi
634 1412 669 1438 ob
684 1415 869 1446 paupertatem
885 1411 961 1445 copia
977 1417 1029 1437 non

240 1465 308 1486 erat.
325 1457 387 1484 llacc
405 1465 487 1492 porro
504 1465 552 1492 per
571 1457 764 1492 indulgentiam
782 1457 853 1484 dico.
868 1456 944 1483 Hand
957 1457 1029 1484 enim

240 1512 363 1538 prorsus,
382 1509 412 1530 ιιι
425 1504 485 1537 quis
505 1503 636 1538 piscator,
659 1503 728 1530 idem
746 1508 773 1530 et
790 1510 892 1538 pauper
905 1503 1029 1530 exsistat.

240 1551 281 1576 An
308 1549 398 1576 nescis
425 1548 587 1582 piscatorem
613 1548 773 1583 margaritas
797 1548 931 1582 captare?
959 1547 1030 1574 Mar-

242 1595 334 1629 garitat
349 1599 451 1626 autent,
468 1594 518 1621 llos
533 1598 596 1621 sunt
616 1594 791 1628 superbarum
808 1594 1029 1629 excelsarumqne

241 1641 408 1672 divitiarum,
419 1640 517 1674 quibus
532 1647 608 1675 reges
629 1644 781 1667 ornantur:
797 1640 894 1675 quibus
912 1640 1028 1672 feminae,

241 1695 322 1721 opum
350 1686 452 1721 pariter
483 1694 515 1713 ac
547 1691 660 1713 ornatus
692 1690 837 1717 amantes,
870 1686 1029 1720 gloriantur.

243 1733 366 1760 Piscator
384 1740 530 1768 purpuram
559 1731 662 1764 inﬁcit,
686 1732 856 1758 decantatam
886 1732 973 1765 illam,
1001 1740 1031 1760 ac

242 1778 350 1812 imperii
365 1777 486 1812 insigniis
502 1778 647 1804 addictam.
663 1777 816 1804 Piscatores
841 1776 977 1804 subtlavas
998 1785 1030 1804 ac

242 1825 316 1852 velut
334 1832 400 1852 auro
414 1823 510 1851 rutilas
531 1823 605 1850 lanas
624 1823 749 1857 tingunt,
765 1823 863 1858 quibus
877 1823 973 1857 pinnas
985 1823 1033 1850 ﬂa-

242 1876 290 1895 vas
307 1868 427 1902 capiunt.
451 1866 529 1894 Haud
550 1875 615 1902 ergo
638 1875 732 1895 eorum
764 1868 830 1894 artis
851 1868 1031 1895 instrumenta

243 1913 388 1948 spectanda
417 1913 471 1940 sint
497 1917 623 1947 tanquam
647 1912 709 1939 vilia
725 1920 757 1940 ac
773 1917 945 1947 contempta;
964 1917 1032 1945 rete,

244 1961 371 1993 inquam,
391 1967 423 1987 ac
441 1959 513 1986 hami
528 1968 534 1985 :
549 1967 581 1986 ex
607 1966 640 1986 eo
669 1964 760 1986 autem
792 1959 862 1994 quod
892 1964 1030 1991 exercent,

243 2013 337 2033 eorum
358 2005 500 2032 facultates
516 2006 637 2032 noveris.
652 2005 760 2040 Alioqni
782 2006 864 2038 enim,
883 2005 949 2032 nihil
962 2005 1033 2039 agri-

244 2052 349 2078 cultura
372 2051 516 2086 panperins
538 2055 665 2078 occurrat
677 2070 684 2082 ,
708 2056 736 2077 ut
754 2059 788 2078 cx
804 2051 892 2086 ligone
909 2059 940 2078 ac
958 2057 1034 2078 rutro

243 2098 303 2132 ('jllS
314 2098 376 2131 quis
390 2098 484 2131 probet
502 2097 622 2124 divitias.
643 2097 696 2124 Sed
713 2103 739 2124 ct
754 2097 770 2124 ii
789 2098 834 2132 qui
851 2105 940 2131 regem
958 2098 1032 2125 illum

244 2145 398 2171 divitiarum
411 2144 426 2176 ,’
449 2151 545 2169 aurum
579 2143 702 2177 fodiunt,
732 2144 827 2178 inopes
857 2149 948 2171 erunt.
972 2144 1034 2172 Sola

244 2192 344 2226 quippe
370 2190 441 2217 ascia
471 2190 511 2216 eis
533 2190 592 2216 usui
614 2195 673 2221 est.
691 2197 721 2216 ac,
735 2190 821 2224 lignea
836 2190 966 2222 scutella,
982 2199 1033 2225 qna

245 2243 341 2263 aurum
367 2236 524 2263 discernant
539 2242 553 2261 a
575 2240 658 2262 terra.
672 2234 791 2262 Taceant
814 2235 905 2269 itaque
923 2236 1036 2270 gentiles

1079 312 1281 348 τρισμακάριον
1303 311 1405 337 ἐκεῖνον
1437 308 1664 336 ἀποκαλούντων·
1687 308 1719 335 Τί
1741 307 1794 342 γὰρ
1817 308 1870 334 ἀπ-

1080 359 1175 391 έθετο;
1199 359 1231 385 Τί
1244 359 1272 386 δὲ
1288 357 1478 393 ἀπεκτήσατο;
1497 355 1590 382 Πάντα
1605 354 1656 381 ὅσα
1668 350 1756 388 εἶχεν,
1782 350 1804 378 ὦ
1825 354 1871 380 ἄν-

1081 405 1173 440 θρωπε
1185 414 1190 420 ·
1208 405 1315 439 ἑκάστῳ
1329 404 1369 436 δὲ,
1380 403 1394 429 ὃ
1408 403 1550 438 κέκτηται,
1565 400 1635 436 μέγα
1646 408 1653 416 ·
1671 399 1781 426 κάκεῖνο
1790 399 1871 426 πλοῦι

1079 437 1136 482 τοςς
1150 450 1164 476 ὃ
1182 450 1238 485 ἔχει
1259 437 1402 484 ἀκτήμων.
1416 449 1530 483 Ὀμοιος
1555 446 1631 482 παρὰ
1650 445 1688 480 τῷ
1701 445 1761 481 θεῷ
1776 437 1884 497 φαίη-ξ

1079 506 1134 527 ται,
1156 498 1204 523 καὶ
1220 497 1234 522 ὁ
1250 497 1284 522 τὰ
1298 496 1409 531 ἅρματα
1424 494 1602 529 ἀποθέμενος,
1617 493 1664 520 καὶ
1678 492 1692 518 ὁ
1706 492 1880 528 καταφρονή-ξ

1080 553 1130 575 σας
1161 543 1210 570 τοῦ
1240 543 1312 570 ὄνου.
1336 542 1424 577 Ὂπερ
1460 541 1514 576 γάρ
1537 541 1595 567 ἐστι
1627 539 1665 573 τῷ
1701 539 1819 574 πλουσίῳ
1841 539 1872 565 τὸ

1078 589 1242 626 τέθριππον,
1266 589 1345 615 τοῦτο
1359 588 1398 624 τῷ
1405 587 1501 622 πένητι
1517 589 1531 614 ό
1545 584 1883 623 εὐτελ.ὴςκανθήλιος.Φι-ῗ

1079 636 1192 669 λὸσοφος
1206 635 1234 661 δέ
1250 636 1323 661 ἐστιν
1341 634 1451 669 ὁμοίως,
1469 634 1515 660 καὶ
1528 634 1543 660 ὁ
1559 631 1608 668 τὴν
1620 633 1744 668 ἀργυρᾶν
1757 631 1872 658 καταλι-

1080 681 1139 708 πὼν
1150 681 1299 717 τράπεζαν,
1310 681 1359 713 τὴν
1371 681 1431 711 ταῖς
1442 679 1575 715 ἱστορίαις
1586 677 1811 712 πεποικιλμένην,
1825 677 1872 704 καὶ

1079 729 1093 754 ὁ
1107 728 1157 763 τὴν
1169 727 1278 762 ξυλίνην
1297 727 1345 762 τὴν
1360 726 1475 752 εὔωνον⁸
1492 725 1593 760 ὁμοίως
1611 724 1658 751 καὶ
1679 725 1693 750 ὁ
1709 723 1757 758 τὴν
1774 722 1872 758 κώμην

1079 775 1128 810 τὴν
1153 773 1385 809 πολυάνθρωπον,
1404 772 1452 799 καὶ
1476 771 1506 798 τὸ
1528 771 1625 806 μικρὸν
1644 770 1760 805 κηπίον·
1787 770 1801 796 ὁ
1823 768 1872 804 τὴν

1081 819 1182 855 ἐσθῆτα
1195 819 1244 854 τὴν
1258 818 1456 854 χρυσόπαστον.
1474 818 1521 844 καὶ
1536 817 1581 843 τὸν
1596 816 1822 851 πεπαλαιωμένον
1836 823 1874 850 χιο

1069 864 1162 891 .τῶνα.
1179 864 1216 890 Οὐ
1232 863 1284 898 γὰρ
1303 864 1332 889 ὲν
1346 862 1385 897 τῷ
1398 862 1495 897 πλήθει
1512 861 1558 888 καὶ
1573 862 1606 896 τῇ
1622 860 1745 895 ποιότητι
1764 859 1818 885 τῶν
1831 859 1872 886 δι-

1080 910 1200 944 δομένων
1228 910 1242 936 ὁ
1274 909 1339 941 Θεὸς
1365 909 1396 935 τὺ
1419 907 1592 943 μεταδοτικὺν
1614 907 1661 933 καὶ
1683 906 1873 941 φιλάνθρωπον

1082 957 1178 991 κρίνει·
1192 956 1259 982 ἀλλά
1272 947 1498 991 τὴνίπροαίρεσιν
1510 953 1673 988 ἀποδέχεται
1685 952 1731 979 τοῦ
1744 952 1871 983 διδόντος.

1082 1001 1127 1027 Διὸ
1142 1001 1189 1027 καὶ
1205 1001 1254 1036 τὴν
1271 1001 1360 1036 χήραν
1377 989 1494 1035 ἐκείνην,
1512 999 1550 1031 ὡς
1565 998 1725 1034 εὐγνώμονα
1740 997 1873 1033 κηρύσσει

1081 1049 1111 1075 τὸ
1126 1048 1303 1083 Εὐαγγέλιον,
1322 1047 1371 1081 τὴν
1389 1047 1419 1073 τὸ
1437 1046 1529 1073 ὀϐολὸν
1545 1045 1697 1072 ἐπιδοῦσαν·
1714 1044 1807 1080 ἐπειδὴ
1823 1053 1874 1079 μη·
1888 1040 1892 1043 ’

1081 1094 1125 1120 ὁὲν
1147 1093 1371 1129 παρακατὲσχεν,
1390 1089 1427 1119 ὧν
1449 1090 1515 1127 εἶχε.
1537 1091 1592 1118 Καὶ
1613 1092 1628 1117 ὁ
1651 1090 1682 1117 τὸ
1701 1091 1829 1125 ποτήριον
1845 1089 1873 1115 δὲ

1082 1140 1179 1176 ὀρέξας
1198 1140 1245 1166 τοῦ
1265 1139 1369 1175 ψυχροῦ
1388 1139 1496 1171 ὕδατος.
1514 1137 1646 1172 λαμϐάνει
1662 1136 1756 1172 μισθὸν
1768 1136 1818 1170 τῆς
1831 1135 1873 1162 ὃν·

1081 1195 1135 1218 τως
1150 1186 1261 1212 εὐκόλου
1276 1185 1438 1219 δεξιώσεως,
1449 1184 1498 1220 τὴν
1511 1183 1660 1219 βασιλείαν.
1673 1179 1708 1218 τῼ
1722 1182 1777 1218 γὰρ
1790 1179 1873 1216 εἶχεν,

1082 1232 1250 1268 ἐθεράπευσε
1264 1231 1312 1258 τοῦ
1320 1231 1451 1266 διψῶντος
1466 1231 1515 1266 τὴν
1531 1230 1673 1266 χρείαν,εἰ
1687 1229 1734 1256 καὶ
1752 1228 1789 1264 μὴ
1804 1237 1875 1263 παρ-

1082 1279 1115 1313 ῆν
1130 1278 1203 1313 αὐτῷ
1214 1275 1285 1310 οἶνος
1300 1278 1450 1313 ἀνθοσμίας
1464 1277 1508 1303 διὰ
1527 1276 1635 1303 πενίαν.
1647 1275 1740 1302 Ταῦτα
1761 1274 1790 1300 δὲ
1803 1274 1876 1308 λέγω

1083 1324 1153 1351 κατὰ
1178 1323 1367 1359 συγχώρησιν,
1387 1323 1448 1349 ἐπεὶ
1469 1322 1499 1349 οὒ
1524 1321 1649 1354 πάντως,
1667 1321 1749 1351 εἴτις
1771 1319 1874 1351 ἁλιεὺς,

1083 1367 1159 1402 οὗτος
1173 1371 1219 1397 καί
1234 1370 1328 1406 πένης.
1345 1369 1402 1396 Οὐκ
1415 1367 1504 1401 οἶδας,
1520 1368 1558 1400 ὡς
1584 1367 1675 1399 ἁλιεὺς
1698 1365 1876 1402 μαργαριτῶν

1083 1416 1142 1442 ἐστι
1158 1415 1293 1451 θηρευτής
1306 1423 1313 1448 ;
1327 1415 1502 1450 Μαργαρῖται
1517 1414 1546 1440 δὲ
1556 1435 1563 1447 ,
1578 1413 1657 1445 ἄνθος
1671 1413 1726 1439 εἰσὶ
1741 1412 1788 1439 τοῦ
1805 1411 1873 1446 γαύ-

1085 1470 1133 1497 ρου
1145 1461 1191 1488 καὶ
1205 1459 1358 1496 ὑψαύχενος
1371 1459 1498 1492 πλούτου,
1512 1456 1553 1491 οἷς
1564 1458 1684 1494 βασιλεῖς
1699 1457 1875 1490 κοσμοῦνται,

1083 1505 1124 1538 οἷς
1139 1509 1266 1541 γυναῖκες
1280 1506 1452 1541 φιλόπλουτοι
1472 1506 1518 1532 καὶ
1532 1505 1691 1540 φιλόκοσμοι
1713 1504 1876 1538 ὲπαγάλλον-

1083 1562 1138 1579 ται.
1160 1552 1264 1584 Ἀλιεὺς
1280 1552 1378 1587 βάπτει
1395 1552 1444 1587 τὴν
1462 1551 1609 1586 ἁλουργίδα
1628 1551 1676 1586 τὴν
1690 1550 1875 1586 πολυθρύλλη-

1083 1607 1138 1631 τον,
1159 1598 1206 1625 καὶ
1224 1597 1416 1633 ἀφιερωμένην
1435 1599 1468 1632 τῇ
1482 1597 1620 1633 βασιλείᾳ·
1639 1596 1723 1628 ἁλιεῖς
1743 1596 1875 1631 βάπτουσι

1081 1643 1116 1670 τὰ
1133 1644 1274 1679 ὑπόχρυσα
1286 1643 1341 1669 τῶν
1353 1643 1445 1678 ἐρίων,
1461 1641 1509 1678 τὴν
1525 1641 1624 1677 ξανθὴν
1638 1641 1734 1669 πίνναν
1745 1640 1875 1676 θηρεύον-

1081 1698 1138 1721 τες.
1153 1689 1190 1715 Uti
1205 1688 1294 1716 τοίνυν
1307 1687 1346 1715 δεῖ
1357 1688 1502 1724 προσέχειν
1513 1689 1571 1720 τοῖς
1581 1687 1708 1723 ὀργάνοις
1717 1687 1767 1722 τῆς
1778 1687 1876 1722 τέχνης

1083 1735 1184 1766 αὐτῶν,
1197 1734 1234 1766 ὡς
1249 1733 1361 1765 εὖώνοις
1378 1735 1425 1760 καὶ
1446 1734 1706 1769 εὐκαταφρονήτως,
1724 1732 1763 1768 τῷ
1776 1733 1878 1767 δικτύῳ

1084 1781 1170 1817 φημὶ,
1188 1780 1304 1812 καὶτοῖς
1323 1779 1499 1815 ἀγκίστροις
1519 1779 1576 1806 ἀλλ’
1592 1780 1625 1806 ὲκ
1643 1780 1692 1815 τῆς
1712 1779 1877 1814 τελουμένης

1083 1827 1221 1863 ἐργασίας,
1238 1826 1265 1853 αί
1282 1826 1406 1862 εὐπορίαι
1423 1826 1691 1861 καταμανθάνονται·
1709 1825 1770 1852 ὲπεί
1784 1825 1871 1859 τοίγε

1083 1873 1142 1899 κατ’
1160 1874 1263 1899 ἐκεῖνον
1278 1873 1322 1899 τὸν
1342 1872 1437 1906 λόγον,
1452 1872 1528 1899 οὐδὲν
1548 1872 1709 1907 πενέστερον
1723 1871 1806 1908 εὕρῃς
1822 1871 1871 1906 τῆς

1083 1919 1231 1956 γεωργίας,
1250 1920 1274 1945 εί
1291 1919 1345 1945 ἀπὸ
1360 1919 1410 1954 τῆς
1430 1918 1556 1954 δικέλλης
1572 1918 1620 1946 καὶ
1637 1919 1686 1954 τῆς
1700 1919 1842 1953 σκαπάνης
1864 1919 1879 1944 ὁ

1084 1963 1199 1995 πλοῦτος
1212 1964 1297 1999 αὐτῆς
1309 1963 1491 1999 δοκιμάζοιτο.
1507 1964 1622 1999 Ἀποροι
1636 1963 1665 1990 δὲ
1677 1963 1816 1994 παντελῶς
1831 1962 1880 1989 καὶ

1085 2010 1109 2036 οἱ
1125 2009 1171 2036 τὸν
1186 2009 1287 2045 χρυσὸν
1303 2009 1508 2045 ἀνορύττοντες,
1530 2009 1575 2036 τὸν
1593 2009 1706 2044 βασιλέα
1730 2007 1776 2036 τοῦ
1794 2008 1878 2034 πλού-

1085 2064 1142 2081 του.
1165 2055 1223 2081 Μία
1238 2055 1291 2091 γὰρ
1306 2055 1398 2086 αὐτοῖς
1409 2055 1487 2091 ἀξίνη
1504 2056 1646 2091 συνεργεῖ·
1663 2054 1768 2087 ξύλινος
1785 2054 1878 2087 πίναξ,

1085 2103 1099 2127 ὁ
1114 2101 1162 2136 τῆς
1176 2100 1228 2135 γῆς
1244 2101 1289 2127 τὸν
1310 2101 1409 2136 χρυσὸν
1425 2101 1592 2137 ἀποκρίνων.
1611 2100 1770 2135 Σιγάτωσαν
1788 2100 1880 2127 τοίνυν

1086 2146 1188 2173 ἐθνικοὶ
1207 2147 1254 2173 καὶ
1274 2146 1410 2182 Ἑϐραῖοι,
1429 2148 1452 2173 οἱ
1467 2147 1564 2183 Πέτρῳ
1578 2147 1673 2173 πενίαν
1691 2147 1878 2179 ὀνειδίζοντες,

1087 2193 1133 2219 καὶ
1153 2193 1207 2219 ἀπὸ
1223 2193 1269 2219 τοῦ
1288 2193 1385 2225 ἁλιέως
1403 2193 1564 2228 σμικρύνειν
1578 2193 1624 2219 τὸν
1641 2193 1728 2228 μέγαν
1742 2191 1880 2228 πειρώμε-

1087 2248 1142 2266 νοι·
1159 2241 1206 2266 καὶ
1221 2240 1416 2272 καταλιπόντες
1437 2240 1470 2267 τὰ
1492 2239 1603 2266 τοιαῦτα
1621 2239 1820 2275 κομψεύεσθαι,
1837 2239 1882 2265 λε-

247 2282 422 2316 Hebraeique,
445 2281 490 2315 qui
504 2281 583 2308 Petro
595 2284 781 2315 paupertatem
796 2281 963 2318 exprobrant
976 2302 984 2314 ,
996 2286 1031 2308 at-

1088 2285 1211 2321 γέτωσάν
1230 2294 1274 2320 μοι
1288 2286 1503 2321 πυνθανομένῳ·
1519 2286 1567 2317 Τίς
1582 2285 1694 2316 ἀλιέων,
1712 2285 1728 2320 ἢ
1741 2285 1795 2311 τῶν
1810 2285 1880 2311 πάν-

245 2337 298 2365 que
318 2336 333 2356 a
353 2327 497 2363 piscatoris
509 2332 567 2354 arte
583 2335 708 2362 magnum
727 2327 800 2355 illum
815 2329 967 2364 deprimere
980 2335 1037 2356 ten.

246 2380 313 2401 tant.
326 2373 400 2400 Talia
412 2380 478 2400 vero
490 2373 599 2407 gloriari
613 2377 762 2404 cessantes,
779 2374 880 2406 dicant,
890 2382 967 2409 rogo,
976 2382 1037 2409 per—

244 2420 367 2447 contanti
396 2419 488 2446 mihi:
506 2419 636 2452 Quisnam
664 2418 793 2453 piscator,
817 2425 864 2446 aut
889 2420 1036 2447 universim

246 2466 344 2498 homo,
368 2473 449 2500 supra
476 2473 549 2492 mare
569 2465 650 2499 pedes
667 2465 800 2492 incessit?
819 2465 886 2498 Quis
905 2473 984 2500 supra
1001 2466 1037 2493 Ia-

246 2519 307 2537 cnm
321 2516 437 2538 stantem
453 2519 577 2546 gressum
591 2511 659 2543 fixit,
673 2512 710 2538 uti
725 2511 769 2537 ille
782 2518 861 2544 supra
875 2510 971 2538 [luctus
982 2513 1038 2547 agi-

248 2563 319 2584 tatos
338 2557 450 2583 ventis?
463 2558 529 2584 Cum
544 2557 615 2584 enim
636 2556 708 2583 Deus
722 2557 766 2584 ille
790 2561 893 2589 noster,
909 2565 969 2592 qua:
981 2557 1040 2592 ejus

247 2603 371 2629 bonitas!
394 2602 475 2629 multa
493 2610 540 2637 per
560 2611 623 2630 suos
646 2610 739 2630 servos
757 2603 871 2638 patrarit
896 2604 1038 2635 miracula.

248 2657 308 2677 cntn
324 2650 386 2676 olim
403 2650 430 2676 in
444 2649 549 2683 repulit.
567 2648 674 2676 lsraclis
687 2670 693 2681 ,
711 2654 765 2676 tum
783 2650 881 2684 quibus
897 2652 1040 2683 postremis

249 2695 430 2729 temporibus,
456 2693 572 2729 benigna
605 2694 755 2720 Salvatoris
782 2694 865 2721 nostri
886 2694 1039 2723 Incarnatio

250 2741 350 2767 mundo
373 2739 493 2767 exhibita
520 2745 561 2766 est
579 2749 585 2767 ;
601 2739 689 2766 nullus
717 2745 805 2767 tamen
829 2747 934 2772 eorum,
959 2742 1002 2775 qui
1022 2748 1036 2767 a

1085 2340 1138 2358 των
1157 2330 1310 2367 ἀνθρώπων
1324 2331 1455 2363 surgam
1471 2331 1625 2365 θάλασσαν;
1639 2331 1687 2362 Τίς
1702 2330 1798 2366 ἔστησε
1813 2330 1882 2356 πόδα

1086 2377 1156 2403 κατὰ
1172 2376 1270 2412 λίμνης
1283 2376 1415 2411 ἑστώσης,
1428 2376 1465 2408 ὡς
1481 2378 1583 2409 ἐκεῖνος
1597 2376 1666 2404 κατὰ
1681 2377 1810 2411 κυμάτων
1824 2377 1882 2407 τοῖς

1086 2423 1196 2458 ἀνέμοις
1210 2423 1427 2458 τινασσομένων;
1443 2423 1497 2449 Τοῦ
1513 2423 1567 2459 γὰρ
1580 2422 1647 2450 Θεοῦ
1660 2422 1739 2459 ἡμῶν
1753 2422 1800 2448 τοῦ
1814 2423 1883 2456 ἀγα-

1087 2468 1145 2500 Οοῠ,
1165 2468 1251 2494 πολλὰ
1272 2468 1398 2503 θαύματα
1420 2468 1464 2495 διὰ
1488 2468 1541 2495 τῶν
1561 2468 1669 2495 οἰκείων
1690 2467 1790 2494 δούλων
1806 2467 1884 2493 τελέα

1091 2522 1196 2545 σαντος,
1211 2514 1257 2540 ἐπί
1268 2523 1296 2540 τε
1312 2514 1362 2548 τῆς
1378 2514 1515 2545 πολιτείας
1528 2514 1575 2540 τοῦ
1598 2514 1705 2549 Ἰσραὴλ
1717 2513 1746 2540 τὸ
1757 2514 1880 2548 ἀρχαῖον,

1090 2561 1141 2586 κάν
1157 2561 1213 2591 τοῖς
1230 2559 1343 2595 ὕστερον
1362 2560 1480 2595 χρόνοις,
1503 2561 1531 2586 ἐν
1548 2557 1588 2592 οἷς
1605 2561 1620 2596 ἡ
1638 2559 1827 2595 φιλάνθρωπος
1843 2559 1883 2585 ol—

1091 2606 1204 2640 κονομία
1222 2606 1269 2632 τοῦ
1286 2606 1413 2642 Σωτῆρος
1426 2607 1506 2642 ἡμῶν
1521 2607 1643 2642 ἐπεφάνη
1657 2606 1694 2641 τῷ
1710 2606 1804 2641 κόσμῳ
1815 2614 1822 2621 ⁸
1837 2606 1884 2632 οὐ-

1090 2651 1145 2682 δεὶς
1161 2651 1214 2677 τῶν
1239 2651 1268 2684 ἐξ
1297 2652 1385 2687 ἀρχῆς
1409 2654 1449 2685 είς
1474 2653 1551 2684 τέλος
1570 2653 1669 2686 ἁγίων,
1692 2652 1818 2687 τοιαύτην
1838 2651 1884 2678 διὰ

1092 2697 1212 2728 πίστεως
1227 2697 1303 2729 ἰδίας,
1322 2698 1369 2724 καὶ
1387 2698 1436 2734 τῆς
1449 2698 1551 2725 ἄνωθεν
1566 2698 1691 2734 χάριτος,
1708 2697 1807 2733 πρᾶξιν
1823 2697 1884 2723 ἐπι-

1090 2743 1198 2770 τελέσαι
1216 2744 1351 2778 φαίνεται.

253 2787 384 2822 principio
404 2787 429 2813 in
446 2787 526 2813 linem
550 2794 635 2821 usque
657 2787 922 2820 clarueruntsancti,
943 2788 995 2816 [ide
1014 2797 1061 2817 sua
1082 2799 1113 2818 ac
1134 2799 1249 2825 superna
1271 2791 1375 2826 gratia,
1392 2799 1446 2819 rem
1463 2791 1594 2827 ejusmodi
1614 2791 1735 2819 noscitur
1754 2791 1885 2825 gessisse.

290 2935 310 2951 ῖδ
332 2936 395 2963 latr.
416 2946 471 2965 χχι.
486 2937 547 2965 Ξ-ι.
588 2939 608 2953 ⁸⁵
624 2938 718 2965 Matth.
733 2946 757 2969 χ,
776 2938 819 2964 42.
