2076 3155
223 197 273 222 277

256 257 417 291 Θαυμαστὸς
434 258 447 282 ὁ
468 255 601 289 Μωϋσῆς,
623 255 738 289 πέλαγος
759 256 821 282 ἄνευ
848 256 947 282 πλοίων
964 263 1011 280 πε-
1027 257 1047 284 Α

225 300 367 336 ραιωθείς’
388 300 455 326 ἀλλὰ
470 300 521 334 γῆν
539 298 695 331 ἐπέζευσεν,
745 300 825 334 νόμος
847 300 1009 335 ἀνθρώποις,

225 346 300 373 ἐνθεν
315 346 362 373 τοῦ
377 345 471 377 ὕδατος
491 344 697 377 ἀναστέλλοντος
717 346 784 381 πρὸς
801 347 903 372 ἑαυτόν.
918 347 1011 380 Μέγας

224 392 272 418 καὶ
284 393 298 418 ό
313 391 416 427 Ἰησοῦς
426 391 540 418 ότούτου
553 390 683 426 διάδοχος,
693 391 733 417 ὅτι
746 391 791 417 τὸν
805 391 938 426 Ἰορδάνην
946 393 1011 417 ὲπε-

227 437 332 472 ραιώθη
343 457 350 468 ,
364 437 432 472 ὑπὲρ
449 436 498 468 τὰς
513 436 595 470 ὄχθας
609 436 807 472 πλημμύροντα
819 446 826 452 ·
841 437 897 463 ἀλλ’
913 437 1011 471 ὁμοίως

226 483 275 517 τῆς
301 482 431 518 Ἐρυθρᾶς
443 482 578 517 θαλάσσης
589 502 597 515 ,
619 482 744 513 κάκεῖνος
765 482 888 517 διασχὼν
904 482 1010 513 ἑαυτὸν,

228 529 274 554 καὶ
288 528 423 562 ἀνακύψας
437 527 466 554 τὸ
477 527 595 563 ῥεῖθρον,
605 527 688 554 ἔδωκε
702 527 740 562 τῷ
754 528 942 563 περαιουμένη)
955 527 1012 562 λαῷ

230 572 333 607 γυμνὴν
347 573 395 608 τὴν
409 573 494 608 ξηρὰν
517 573 556 603 εἰς
579 571 715 599 ἐπίϐασιν.
733 572 825 603 Οὐδεὶς
840 572 870 598 δέ,
885 581 949 598 ποτε
968 573 1012 599 ἁν-

228 619 297 653 δρῶν
308 619 377 645 κατὰ
392 618 487 650 ὕδατος
501 619 594 654 ἤρεισε
603 619 680 645 πόδα.
697 619 764 645 Οὐδὲ
775 618 829 654 γὰρ
842 620 856 645 ὁ
869 619 949 653 νόμος
962 619 1011 653 τῆς

229 664 332 697 φύσεως
345 663 532 698 καταδέχεται,
548 663 597 699 τὴν
610 663 693 700 ὀργὰν
713 663 746 699 [ί.
761 663 838 699 ὕλην]
861 663 946 699 ὑγρὰν
965 664 1011 690 καὶ

226 709 349 743 ῥέουσαν,
364 708 486 744 ἀντέχειν
501 709 539 744 τῷ
556 709 658 745 στερεῷ
674 709 720 736 καὶ
735 709 864 740 πιέζοντι.
886 710 964 735 Δοκεῖ
983 709 1010 735 δέ

226 763 270 789 μοι
283 755 297 780 ὁ
311 753 363 780 τῶν
377 754 445 780 ὅλων
457 755 559 790 Κύριος
573 756 619 781 καὶ
635 755 773 789 Δεσπότης
782 775 789 786 ,
810 754 1011 790 ὑπεραγασθεὶς

226 800 376 835 τηνικαῦτα
398 800 447 835 τὴν
469 801 653 837 ὑπερζέουσαν
668 801 715 827 τοῦ
735 801 829 837 ἀνδρὸς
852 800 1008 835 ἐπιθυμίαν,

226 847 284 882 μεθ’
303 845 337 882 ἦς
356 847 489 883 ὲκέκραγε
509 847 606 882 λέγων,
621 848 775 875 κέλευσόν
791 857 828 882 με
846 848 946 874 ἐλθεῖν
961 848 1010 873 ἐπὶ

224 893 276 920 τοῦ
302 893 410 926 ὕδατος
429 894 504 927 πρὸς
530 894 584 926 σὲ,
615 894 709 930 μισθδν
731 894 804 929 αὐτῷ
832 894 881 928 τῆς
911 893 1010 927 πολλῆς

224 939 334 974 ἀγάπης
349 940 396 966 καὶ
411 940 528 971 πίστεως
540 960 547 972 ,
566 940 673 975 ἐκείνην
690 939 780 966 δοῦναι
792 939 841 975 τὴν
854 939 949 974 καινὴν
965 939 1010 965 καὶ

225 984 374 1020 παράδοξον
387 985 478 1021 χάριν,
495 982 529 1020 ἧς
550 985 651 1020 Πέτρος
669 985 755 1019 ἐφάνη
773 984 894 1015 δεκτικὸς
920 984 1008 1018 μόνος,

225 1030 278 1056 ἀπὸ
292 1031 346 1057 τῶν
363 1031 393 1064 ἐξ
414 1031 500 1066 Ἀδὰμ
513 1032 558 1057 καὶ
575 1031 655 1067 μέχρι
670 1031 762 1062 τέλους
779 1031 939 1066 ἀνθρώπων.
955 1030 1009 1056 Καὶ

230 1075 279 1111 γὰρ
293 1076 395 1111 ἀληθὴς
403 1077 457 1103 ’καὶ
476 1076 614 1112 ἐξαίρετος
628 1075 674 1103 τοῦ
688 1076 755 1102 Θεοῦ
768 1076 809 1110 ,’ἡ
821 1075 872 1109 τῆς
884 1074 1010 1109 ιτοιαύτης

226 1122 427 1157 μεγαλουργίας
439 1121 576 1155 ἐπίδειξις,
593 1122 763 1157 ὑπερέχουσα
774 1121 823 1156 τὴν
836 1115 1011 1155 τῆςκτίσεως

225 1167 416 1203 ταπεινότητα,
429 1167 519 1199 καθὼς
531 1167 578 1194 καὶ
591 1167 630 1202 τῷ
645 1167 725 1193 Δαϐὶδ
738 1167 812 1193 δοκεῖ
827 1166 865 1201 τῷ
882 1166 1011 1201 βελτίστῳ

225 1214 278 1241 τῶν
298 1214 454 1250 προφητῶν.
475 1215 608 1246 Κάκεῖνος
626 1214 680 1250 γὰρ
697 1214 726 1240 ἓν
748 1223 800 1240 τινι
820 1213 874 1240 τῶν
895 1213 1011 1248 ψαλμῶν

225 1259 352 1295 ἀνυμνῶν
365 1260 410 1286 τὸν
421 1260 496 1293 Θεὸν,
515 1260 562 1286 καὶ
572 1260 620 1296 τὴν
631 1261 732 1294 ἄφατον
749 1259 830 1286 αὑτοῦ
847 1260 893 1286 καὶ
913 1260 1009 1294 ἀπερι-

225 1305 320 1340 νόητον
339 1304 520 1340 ἐξηγούμενος
538 1304 668 1338 δύναμιν,
686 1303 762 1330 ταῦτ’
785 1301 874 1335 εἶπεν,
895 1302 913 1329 ὃ.
940 1311 1003 1328 συν-

225 1350 299 1385 ήθως
316 1350 497 1385 μελῳδοῦντες
508 1349 658 1386 γνωρίζετε
670 1358 676 1364 ’
699 1351 750 1376 Ἐν
759 1349 900 1383 θαλάσσῃ
913 1349 932 1382 ὴ
942 1348 1011 1381 ὁδός

225 1406 294 1429 σου,
310 1397 359 1423 καὶ
378 1398 407 1423 at
420 1397 511 1431 τρίὸοι
532 1404 590 1423 σου
604 1396 639 1422 ἐν
657 1396 747 1423 ὕδασι
762 1396 898 1428 πολλοῖς,
915 1393 1012 1422 καὶτὰ

227 1443 297 1477 ιχνη
320 1451 378 1470 σου
397 1443 432 1469 οὺ
446 1442 663 1476 γνωσθήσεται.
680 1444 711 1468 Ὂ
729 1442 817 1468 τοίνυν
832 1440 904 1476 εἶχεν
938 1441 952 1467 ὁ
968 1442 1012 1466 Δε-

229 1489 330 1523 σπότης
347 1490 375 1515 ἐν
386 1489 441 1520 τοῖς
455 1489 505 1523 τῆς
522 1488 646 1524 θεότητος
665 1488 813 1523 ἐξαιρέτοις
825 1488 1011 1524 γνωρίσμασι,

231 1535 304 1561 τοῦτο
317 1534 404 1561 κοινὸν
416 1535 561 1570 ἐποιήσατο
574 1534 641 1570 πρὸς
654 1535 699 1561 τὸν
713 1534 819 1567 δοῦλον,
833 1534 906 1567 ἄξιον
917 1534 1012 1570 κρίνας

230 1581 276 1616 τῆς
290 1579 423 1616 τοσαύτης
437 1580 529 1616 τιμῆς.

261 1627 384 1663 Ζηλωτὺς
397 1627 445 1662 μὲν
463 1625 511 1663 οὖν
526 1627 573 1653 καὶ
591 1626 678 1662 μέγας
692 1627 827 1662 Ἰωάννης,
840 1627 885 1653 ἐπὶ
900 1626 953 1652 τῶν
966 1625 1012 1652 τοῦ

229 1674 329 1709 Κυρίου
344 1673 461 1707 στέρνων
475 1672 678 1708 ἀναπαυόμενος
688 1681 694 1687 ·
713 1673 798 1708 μέγας
813 1673 859 1699 καὶ
876 1673 1012 1706 Ἰάκωϐος,

230 1719 263 1750 ὣς
281 1719 337 1750 υἱὸς
353 1717 513 1754 όνομασθεὶς
523 1718 636 1754 βροντῆς
646 1727 652 1733 ·
665 1718 789 1754 λαμπρὸς
806 1719 834 1744 ὲν
847 1720 907 1750 ταῖς
920 1720 1014 1754 τιμαῖς

229 1765 274 1791 καὶ
287 1765 300 1791 ό
313 1764 455 1795 Φίλιππος,
469 1763 506 1795 ὡς
523 1763 598 1799 παρὰ
614 1763 661 1790 τοῦ
678 1764 837 1799 Πνεύματος
853 1764 1013 1799 ἁρπασθεὶς,

231 1810 311 1846 ἡνίκα
324 1810 369 1836 τὸν
383 1808 497 1836 Αἰθίοπα
515 1809 582 1844 πρὸς
595 1808 644 1844 τὴν
666 1809 813 1842 ἐπίγνωσιν
827 1809 874 1835 τοῦ
891 1809 1015 1844 Σωτῆρος

229 1855 476 1891 ἐμυσταγώγησεν-
502 1854 558 1881 ἀλλ’
581 1855 657 1890 ὅμως
685 1855 708 1881 οἱ
735 1855 834 1887 πάντες
865 1855 1015 1890 ύποχωρεί-

232 1910 316 1928 τωσαν
335 1901 441 1936 Πέτρῳ,
459 1901 506 1926 καὶ
524 1899 693 1936 δευτερεύειν
708 1899 933 1935 ὀμολογείτωσαν,
951 1900 1014 1926 ὃταν

230 1949 244 1982 ἡ
260 1946 314 1974 τῶν
338 1945 517 1981 χαρισμάτων
541 1945 685 1981 σύγκρισις
712 1945 846 1981 δοκιμάζῃ
859 1946 904 1972 τὸν
920 1953 1016 1980 προτι-

229 1994 352 2029 μότερον.
382 1993 557 2028 Ἀναθεωρῶν
585 1992 615 2019 δὲ
640 1992 729 2018 πάντα
754 1991 789 2019 τά
819 1992 879 2019 καθ’
903 1992 1016 2018 ἕκαστον

230 2041 276 2067 καὶ
293 2039 488 2074 σκοπούμενος,
505 2038 625 2074 εὑρίσκω
647 2038 692 2064 τὸν
714 2038 796 2074 ἄνδρα
818 2037 911 2064 τοῦτον
926 2037 971 2064 ἐπί
986 2046 1015 2064 τε

231 2085 282 2111 τῶν
298 2085 414 2119 λογικῶν
428 2084 585 2117 διαλέξεων,
600 2083 647 2110 καὶ
660 2083 713 2109 τῶν
731 2082 889 2118 πρακτικῶν
905 2084 1017 2119 ἐνεργη-

230 2131 338 2167 μάτων,
361 2131 462 2166 ὁμοίως
487 2129 624 2165 πανταχοῦ
650 2129 831 2165 προπηδῶντα
855 2129 909 2156 τῶν
929 2130 1016 2157 ἄλλων

230 2177 360 2213 μαθητῶν
377 2177 424 2204 καὶ
440 2176 679 2212 προεξαλλόμενον,
693 2176 739 2202 καὶ
768 2175 882 2203 κατόπιν
903 2176 1017 2210 ἀφιέντα

229 2223 292 2254 τοὺς
305 2222 335 2248 τὸ
349 2222 414 2249 αὐτὸ
428 2221 474 2248 τοῦ
493 2221 550 2256 βίου
566 2220 671 2247 στάδιον
687 2220 840 2256 τρέχοντας.

666 195 810 222 llOMlLIA
827 195 894 225 Vill.
916 195 947 222 IN
970 195 1019 222 SS.
1038 194 1179 222 PETRUM
1198 194 1240 221 ΕΤ
1261 193 1416 222 PAULLM.

1793 191 1846 218 ‘27:}

1099 254 1230 281 Mirabilis
1243 254 1349 288 quidem
1366 253 1470 288 Moyses
1489 252 1559 279 nullo
1580 253 1685 286 navigio
1710 250 1846 285 trajicicus

1064 308 1138 327 mare
1151 300 1173 316 ⁸⁷
1189 309 1195 327 :
1209 300 1231 327 is
1248 304 1336 326 tamen
1352 304 1423 326 terra
1448 299 1620 333 gradiebatur
1638 297 1846 325 uti'hotitinihus

1063 351 1247 380 comparatum
1260 351 1319 376 est,
1333 351 1394 371 cum
1409 351 1485 378 aqua:
1497 345 1559 371 hinc
1575 344 1636 371 inde
1654 345 1687 370 ad
1710 351 1739 370 se
1759 350 1845 370 recas-
1871 355 1878 359 κ

1062 392 1170 420 sissent.
1185 391 1297 426 Magnus
1315 391 1379 418 item
1393 390 1471 417 Jesus
1483 390 1526 417 ille
1539 391 1596 424 ejus
1613 396 1763 422 successor,
1776 390 1845 422 quod

1061 437 1206 464 Jordanem
1231 443 1312 471 supra
1336 435 1417 462 etiam
1433 435 1505 470 ripas
1524 434 1703 462 exundantem
1722 433 1845 461 transmi-

1062 483 1130 510 serit
1147 483 1170 498 ⁸⁸
1187 492 1193 510 :
1214 489 1308 509 vermn
1331 483 1353 508 is
1373 489 1492 516 quoque,
1517 481 1629 516 perinde
1651 488 1682 507 ac
1703 487 1777 506 mare
1790 479 1844 505 Ru-

1063 530 1152 561 brttm,
1169 529 1285 563 seipsum
1302 529 1436 561 dividens,
1452 528 1628 562 inhibensque
1637 526 1776 557 ﬂuentum,
1792 530 1843 552 ter-

1062 583 1119 602 ratn
1133 576 1232 602 nudatn
1248 574 1447 602 tranSmittenti
1463 573 1570 608 populo,
1585 581 1664 607 quam
1682 570 1845 600 incederent,

1062 621 1185 654 pra-ltuit.
1206 620 1300 647 Nullus
1314 627 1379 647 vero
1399 627 1514 654 unquam
1542 618 1661 646 virorum
1685 623 1805 652 gressum
1820 616 1846 641 in

1062 674 1130 701 aqua
1150 667 1217 693 fuit.
1238 665 1292 693 Nec
1312 666 1383 693 enim
1401 666 1452 693 hoc
1469 665 1512 692 lex
1527 670 1630 692 natura:
1648 663 1738 694 habet,
1754 666 1782 688 ut
1797 662 1846 688 ltu—

1062 712 1131 740 mida
1158 713 1292 747 ﬂuidaquc
1308 713 1458 740 substantia
1495 711 1600 746 corpori
1627 710 1712 738 solido
1736 717 1766 735 ac
1788 716 1845 742 pre

1061 759 1143 786 menti
1157 759 1275 786 resistat.
1295 759 1389 786 Putem
1406 765 1481 789 vero,
1500 758 1686 788 universorum
1703 756 1796 782 herum
1816 762 1845 779 ac

1064 805 1223 838 Dominum,
1247 813 1327 840 supra
1346 806 1453 831 modum
1467 799 1532 830 tunc
1549 802 1732 838 pracfervens,
1751 807 1847 827 accen-

1062 859 1174 886 sumque
1193 852 1243 878 viri
1264 851 1428 878 desiderium
1450 850 1629 880 admiratum,
1651 856 1684 874 ex
1709 847 1783 879 cujus
1797 846 1846 872 itn-

1062 904 1123 932 pctu
1142 897 1305 925 exclamavit
1320 897 1423 929 dicens,
1437 896 1503 922 Jttbe
1521 903 1560 922 me
1577 895 1661 921 venire
1678 894 1711 919 ml
1732 896 1756 918 te
1772 899 1847 925 super

1064 943 1205 976 aquam",
1229 947 1310 969 tanta:
1333 942 1405 970 illius
1433 940 1586 968 dilectionis
1608 947 1639 966 ac
1657 938 1717 965 ﬁdei
1740 937 1845 967 merito,

1065 998 1160 1016 novatn
1187 989 1260 1016 illam
1289 998 1320 1015 ac
1345 988 1496 1015 mirabilem
1526 987 1639 1022 gratiam
1669 983 1845 1013 concessisse,

1064 1035 1141 1070 cujus
1155 1035 1251 1063 Petrus
1266 1035 1340 1062 solus
1356 1034 1431 1061 visus
1454 1038 1494 1060 est
1512 1038 1610 1067 capax,
1626 1031 1697 1058 omni
1714 1033 1787 1056 retro
1800 1028 1848 1054 ho-

1065 1082 1166 1109 Ininum
1189 1081 1364 1109 successione
1386 1081 1419 1107 ab
1442 1080 1546 1106 Adamo
1565 1077 1597 1104 ad
1619 1083 1703 1110 usque
1730 1074 1847 1102 novissi-

1065 1135 1147 1155 mum.
1170 1127 1239 1154 Vera
1260 1127 1392 1161 siquidem
1411 1128 1450 1154 ’ac
1475 1124 1616 1160 peculiaris
1644 1122 1701 1154 Dei,
1724 1119 1847 1148 miraculi

1063 1173 1228 1207 ejusccmodi
1253 1173 1394 1205 exhibitio,
1414 1176 1520 1199 creata:
1542 1169 1718 1205 a'bjcctionem
1746 1171 1848 1194 natura:

1065 1220 1225 1247 immensum
1238 1226 1382 1254 superans,
1395 1217 1621 1252 quemadmodum
1633 1215 1714 1242 etiam
1734 1213 1849 1248 prophcr

1065 1271 1152 1293 tarum
1169 1266 1272 1300 optimo
1286 1265 1380 1292 Davidi
1392 1264 1478 1291 visunt
1497 1267 1548 1290 est.
1569 1261 1634 1289 Nam
1649 1266 1675 1287 et
1687 1260 1731 1287 ille
1745 1259 1771 1286 in
1783 1266 1850 1292 quo—

1064 1314 1124 1339 dam
1156 1312 1260 1347 psalmo
1291 1312 1374 1339 Deum
1405 1310 1535 1342 laudans,
1566 1309 1692 1342 ejusque,
1725 1312 1848 1333 sermone

1064 1357 1136 1384 omni
1159 1364 1191 1384 ac
1208 1357 1325 1391 cogitatu
1338 1355 1465 1389 majorem
1484 1353 1631 1389 potentiam
1645 1358 1785 1383 enarrans,
1798 1351 1848 1377 ista

1065 1403 1142 1434 dixit,
1154 1409 1214 1437 quae
1226 1409 1276 1436 pro
1289 1409 1365 1428 more
1381 1400 1552 1427 modulantes
1566 1398 1642 1425 scitis
1658 1407 1663 1423 :
1681 1397 1713 1424 In
1729 1396 1796 1422 mari
1811 1395 1849 1422 vin

1065 1454 1119 1480 tua,
1137 1453 1160 1474 et
1175 1448 1274 1474 semitm
1297 1452 1349 1473 tuw
1369 1447 1394 1472 in
1410 1446 1484 1480 aquis
1503 1445 1592 1471 multis
1605 1465 1612 1477 ,
1635 1449 1659 1470 et
1683 1443 1790 1476 restigia
1805 1447 1848 1467 tuu

1065 1502 1116 1520 non
1131 1496 1319 1527 cognoscentur
1330 1491 1363 1517 ⁹⁰.
1377 1490 1452 1523 Quod
1473 1491 1562 1524 itaque
1576 1489 1705 1515 Dominus
1722 1487 1749 1513 itt
1766 1486 1847 1512 deita-

1066 1539 1100 1566 tis
1122 1538 1272 1565 rationibus
1295 1538 1411 1572 propriis
1430 1536 1541 1569 habuit,
1554 1536 1606 1563 hoc
1620 1542 1680 1562 cum
1693 1541 1772 1561 servo
1782 1553 1789 1565 ,
1804 1534 1848 1559 ιιιιι

1066 1584 1179 1618 dignans
1196 1584 1308 1616 honore,
1322 1589 1465 1610 commune
1483 1582 1555 1609 fecit.

1100 1629 1198 1656 Beatus
1211 1629 1320 1663 quidem
1335 1635 1447 1662 magnus
1459 1626 1586 1659 Joannes,
1601 1625 1646 1660 qtti
1661 1631 1740 1658 supra
1755 1627 1849 1658 pectus

1068 1675 1174 1704 Domini
1188 1674 1320 1709 requievit
1332 1674 1366 1705 ⁹¹;
1379 1680 1491 1706 magnus
1499 1678 1606 1706 quoque.
1614 1670 1739 1701 Jacobus,
1752 1668 1849 1703 quippe

1065 1723 1109 1757 qui
1125 1721 1236 1749 tonitrui
1256 1720 1326 1747 t'ilitts
1343 1719 1494 1754 appellatus
1514 1719 1549 1745 sit
1564 1718 1604 1750 9';
1624 1715 1769 1751 praeclarus
1785 1714 1848 1741 item

1065 1768 1274 1796 honestantibus
1296 1767 1383 1802 ipsum
1403 1765 1552 1793 honoribus
1571 1763 1728 1798 Philippus,
1748 1766 1778 1788 ut
1804 1761 1848 1795 qui

1066 1819 1159 1849 raptus
1176 1814 1257 1841 fuerit
1278 1821 1292 1839 a
1308 1801 1429 1847 Spiritu,
1450 1818 1510 1838 cum
1527 1809 1682 1844 Ethiopem
1702 1807 1849 1835 Salvatotis
1890 1801 1892 1803 ’

1066 1859 1187 1885 notitiam
1201 1858 1343 1890 docuit”;
1357 1864 1453 1884 omnes
1466 1856 1639 1884 nihilominus
1652 1855 1731 1881 Petro
1742 1854 1848 1884 cedant,

1066 1912 1150 1939 seque
1167 1905 1306 1931 fateantur
1322 1903 1465 1934 secundos,
1481 1903 1502 1929 si
1519 1902 1598 1929 modo
1614 1902 1760 1936 gratiarum
1777 1908 1851 1927 com-

1066 1951 1171 1986 paratio
1188 1950 1301 1977 honoris
1327 1949 1512 1984 prmlationcm
1530 1947 1693 1981 probaverit.
1720 1945 1850 1973 Univcrsa

1066 2005 1134 2025 sane
1149 1996 1286 2032 sigillatitn
1311 1995 1497 2030 contemplans
1513 1999 1593 2028 atque
1609 1993 1795 2025 censiderans,
1811 1992 1851 2018 vi-

1068 2051 1127 2070 rutn
1149 2043 1221 2070 hunc
1242 2041 1418 2077 deprehendo
1432 2048 1493 2068 cum
1511 2041 1537 2067 in
1557 2047 1712 2067 sermonum
1730 2038 1849 2073 disputav

1069 2089 1199 2120 tionibus,
1220 2093 1275 2115 tum
1292 2088 1319 2115 in
1337 2095 1449 2122 operum
1466 2087 1630 2122 patratione,
1643 2086 1742 2121 ubique
1758 2085 1850 2112 simili-

1067 2140 1109 2163 ter
1141 2135 1246 2170 reliquo
1271 2133 1464 2169 discipulorum
1493 2133 1576 2160 choro
1603 2132 1792 2167 prmsilientem
1822 2139 1852 2158 ac

1067 2183 1280 2216 przesnltantetn,
1291 2181 1418 2215 idemque
1427 2180 1487 2207 vita!
1496 2179 1612 2207 stadium
1632 2183 1771 2207 currentes
1784 2186 1853 2214 pone

1069 2227 1276 2260 relinquentem.

273 2268 441 2304 Ἐρωτῶντος
463 2267 516 2303 γάρ
534 2275 598 2293 ποτε
617 2266 664 2293 τοῦ
688 2266 790 2302 Κυρίου
814 2267 877 2299 τοὺς
897 2267 1013 2301 δώδεκα,

1104 2270 1287 2297 Percontante
1303 2270 1377 2297 enint
1395 2270 1557 2304 quandoque
1574 2269 1686 2296 Domino
1699 2277 1732 2297 cx
1750 2269 1852 2295 duom--

231 2316 279 2343 καὶ
300 2315 451 2351 ἀπόπειραν
471 2314 642 2350 ποιουμένου,
667 2314 741 2345 ὅπως
765 2314 856 2349 ἔχουσι
879 2313 1016 2350 πληροφο-

233 2360 294 2396 ρίας
316 2360 363 2386 καὶ
387 2358 499 2395 γνώμης
523 2359 588 2394 περὶ
613 2359 663 2393 τῆς
681 2359 721 2390 εἰς
741 2359 820 2385 αὐτὸν
841 2358 1015 2394 ὑπολήψεως,

234 2407 279 2433 καὶ
299 2406 455 2448 κελεύουσιν
467 2406 489 2421 ⁸⁸
504 2406 597 2445 σαφῷς
611 2406 708 2437 εἰπεῖν,
724 2405 785 2432 τίνα
800 2405 922 2439 λέγουσιν
937 2406 1018 2432 αὑτὸν

235 2449 319 2478 εἶναι’
338 2452 392 2478 τῶν
413 2452 500 2479 ἄλλων
527 2453 655 2479 ἁπάντων
680 2452 815 2487 σιωπῆσαι
838 2452 1017 2488 βουλομένων,

236 2499 282 2525 καὶ
296 2499 488 2535 βραδυνόντων,
505 2499 553 2526 καὶ
574 2499 746 2531 δεικνύντων,
761 2500 799 2531 ὡς
815 2499 859 2525 διά
872 2492 943 2531 τινος
959 2500 1019 2526 ἑπι-

236 2543 368 2578 σκὲψεως,
383 2544 432 2580 τὴν
442 2545 603 2579 ἀπόκρισιν·
622 2543 730 2575 ἀνοίξας
750 2543 781 2569 τὸ
806 2543 892 2578 στόμα
914 2543 1019 2579 ταχέως

233 2591 248 2616 ὁ
263 2590 307 2617 τὸν
328 2589 453 2625 ζώπυρον
473 2590 520 2616 ἐπὶ
539 2589 590 2623 τῆς
608 2589 696 2624 ψυχῆς
721 2589 811 2624 φέρων
826 2589 876 2623 τῆς
903 2589 1020 2621 πίστεως

234 2635 371 2671 ἄνθρακα,
396 2632 419 2670 ᾧ
444 2635 492 2662 καὶ
516 2635 631 2666 Ἡσαΐας
660 2635 790 2670 πρότερον
816 2634 954 2670 ἐκαθάρθη
986 2634 1021 2661 τὰ

235 2682 328 2718 χείλη,
354 2682 403 2718 τὴν
438 2681 576 2717 μακαρίαν
608 2681 715 2715 ἐκείνην
741 2681 789 2707 καὶ
816 2681 888 2716 σαφῆ
913 2680 1020 2715 ἀληθῶς

237 2728 315 2763 ῥῆσιν
331 2728 544 2764 καθωμολόγησε
554 2735 560 2742 ’
578 2727 620 2753 Σὺ
636 2725 665 2753 εἷ
676 2728 692 2753 ό
707 2726 833 2760 Χριστὸς
849 2728 864 2753 ό
887 2726 953 2759 Υἱιῖς
967 2727 1020 2753 τοῦ

237 2774 312 2801 Θεοῦ
331 2774 384 2800 τοῦ
401 2773 516 2807 ζῶντος.
532 2773 599 2800 Τίνα
615 2773 646 2799 ἄν
662 2781 704 2804 τις
729 2773 794 2808 πρὸς
809 2772 888 2804 ἀξίαν
903 2772 956 2798 τῶν
979 2772 1009 2799 λό

275 2878 297 2891 ’"‘
318 2878 360 2904 ίσ.
378 2878 542 2910 κελεύοντος,
580 2879 601 2907 ⁸7
620 2878 701 2904 Exo-l.
722 2884 777 2908 xtv,
792 2876 836 2902 Ἦ.

241 2919 301 2942 λιιι,
317 2913 361 2940 23.
401 2914 422 2928 "
441 2913 534 2941 Matth.
553 2923 594 2942 ιιι.
614 2914 656 2940 ΓΙ.
694 2913 716 2928 ’³
737 2912 797 2938 Act.
816 2919 872 2942 \'ttt,
889 2911 932 2938 59.

875 2877 896 2892 ’⁸⁸
910 2876 965 2906 Jos.
988 2885 1028 2903 ιιι.
1048 2877 1089 2903 16.
1120 2877 1141 2892 αθ
1157 2877 1248 2903 Matth.
1263 2884 1316 2903 τιν.
1331 2876 1375 2903 28.

983 2913 1005 2927 "
1027 2912 1118 2939 Mulllt.
1137 2920 1190 2943 ΠΙ,
1208 2912 1248 2938 16.

1068 2315 1132 2346 cim,
1149 2321 1181 2340 ac
1199 2313 1319 2348 periculo
1334 2314 1474 2346 probante,
1490 2319 1520 2340 ιιι
1535 2314 1571 2341 illi
1585 2315 1618 2341 de
1635 2315 1692 2347 ipso
1707 2314 1852 2347 opinionis,

1069 2360 1151 2394 inque
1168 2367 1199 2386 ea
1218 2359 1390 2386 certitudinis
1401 2364 1480 2393 atque
1492 2359 1573 2386 animi
1589 2359 1740 2390 haberent;
1755 2359 1852 2393 juben-

1071 2410 1150 2439 teque
1168 2410 1196 2431 ut
1216 2405 1289 2431 clare
1305 2405 1452 2436 edicerent,
1469 2411 1548 2438 quem
1564 2411 1624 2431 eutn
1643 2403 1778 2436 dicerent;
1793 2410 1852 2430 cum

1072 2457 1165 2476 omnes
1187 2449 1283 2484 reliqui
1301 2449 1401 2477 vellent
1422 2454 1513 2477 tacere
1531 2457 1562 2476 ac
1580 2453 1786 2479 cunctarentur,
1805 2456 1849 2482 pa-

1072 2498 1178 2533 lamque
1194 2497 1352 2532 prtcferrent
1368 2496 1503 2532 parturire
1521 2495 1618 2522 animis
1635 2494 1723 2527 aliqua
1740 2493 1854 2520 meditti.

1074 2543 1146 2569 lionc
1164 2543 1227 2577 quid
1254 2542 1408 2577 responsuri
1433 2546 1536 2573 essent,
1557 2540 1646 2566 statim
1665 2539 1790 2573 aperiens
1813 2546 1854 2568 os,

1073 2590 1119 2624 qui
1135 2591 1224 2616 vivum
1238 2595 1437 2623 accensumque
1450 2587 1510 2614 ﬁdei
1526 2587 1670 2614 carbonem
1684 2586 1774 2612 animo
1787 2585 1856 2612 fere-

1074 2636 1132 2668 bat,
1147 2643 1200 2669 quo
1216 2640 1243 2662 et
1260 2635 1336 2668 prius
1351 2635 1427 2661 Isaia:
1440 2633 1510 2660 labia
1522 2633 1648 2660 mundata
1661 2631 1784 2662 fuissent,
1798 2631 1854 2658 hea-

1075 2686 1129 2708 tam
1159 2681 1232 2707 illam
1261 2688 1292 2708 ac
1317 2681 1397 2715 plane
1421 2679 1590 2715 perspicuam
1618 2678 1746 2712 prtcclare
1775 2678 1854 2705 edidit

1075 2727 1275 2754 confessionem
1301 2736 1307 2754 :
1334 2727 1371 2753 Tu
1390 2735 1416 2753 es
1434 2726 1554 2753 Christus
1579 2725 1665 2752 Filius
1687 2724 1734 2751 Dei
1757 2725 1807 2751 rivi
1823 2725 1855 2750 θλ.

1077 2774 1203 2805 Quaenam
1220 2773 1280 2808 quis
1298 2780 1346 2807 pro
1363 2774 1457 2801 horntn
1478 2772 1608 2808 dignitate
1627 2772 1782 2802 verborum,
1801 2770 1856 2796 idu-

1414 2876 1436 2891 ⁹⁰
1455 2875 1525 2903 l'sal.
1541 2883 1630 2906 an‘tt,
1646 2876 1690 2902 ‘10.
1739 2875 1759 2889 τη
1781 2873 1853 2900 Joan.
