2076 3155
237 209 291 238 275
876 209 906 236 S.
927 206 1065 235 AS'l‘ERll
1086 208 1157 235 AMA
1163 207 1238 236 SENI
1816 205 1867 232 ‘276

273 270 350 298 Dicat
375 278 441 298 vero
463 271 533 298 forte
556 277 649 297 eorum
674 269 786 303 aliquis.
817 268 863 302 Qui
883 275 1028 302 pauperem
1043 270 1063 297 Α

1048 270 1063 297 Α
1115 268 1169 294 Καὶ
1186 267 1266 302 τυχὸν
1291 267 1348 301 ἐρεῖ
1373 275 1412 297 τις
1436 265 1490 292 τῶν
1520 265 1624 300 τέένητα
1646 263 1691 290 καὶ
1714 263 1802 298 ἀφανῆ
1823 263 1868 290 τὸν

236 321 319 350 atque
336 317 480 344 obscurum
497 321 538 342 ter
549 316 657 343 beatum
679 315 753 341 illum
768 314 905 349 appellare
919 313 1026 340 solent:

1078 313 1280 349 τρισμακάριον
1303 313 1405 338 ἐκεῖνον
1437 310 1664 337 ἀποκαλούντωνο
1687 308 1719 336 Τί
1740 308 1794 343 γὰρ
1817 309 1869 334 ἁπ-

235 364 304 395 υειὶιί
335 363 473 390 enimvero
496 362 540 389 ille
568 361 699 395 reliquit?
721 360 778 394 Qua
804 368 833 387 se
857 361 1028 394 possessione

1079 360 1175 391 έθετο;
1198 360 1231 386 Τί
1244 360 1272 386 δὲ
1288 359 1478 394 ἁπεκτήσατο;
1497 356 1589 383 Πάντα
1605 355 1655 382 ὅσα
1668 351 1756 389 εἶχεν,
1781 350 1804 379 ὧ
1824 355 1869 381 ἇν-

236 407 391 433 ahdicavit?
424 406 564 436 Universa,
592 412 609 432 ο
631 406 722 437 homo,
752 404 864 434 dimisit.
895 411 954 438 quae
978 405 1027 430 ha-

1081 406 1173 441 ορωπε
1185 415 1190 421 ·
1208 406 1315 440 ἑκάστῳ
1330 405 1368 436 δὲ,
1380 404 1394 430 ὃ
1408 403 1549 439 κέκτηται,
1565 402 1635 437 μέγα
1646 409 1653 416 ·
1670 399 1781 427 κάκεῖνο
1790 400 1870 427 πλοῦι

235 451 305 477 buit.
333 451 437 484 Cuique
466 457 536 482 vero,
563 450 634 484 quoi
660 450 789 483 possidet,
815 456 939 484 magnu'u
961 454 1026 476 est:

1079 457 1136 483 τος
1150 451 1164 478 ὃ
1181 451 1238 486 ἔχει
1259 451 1402 485 ἀκτήμων.
1416 450 1530 484 ’Ὂμοιος
1555 447 1631 483 παρὰ
1650 445 1688 481 τῷ
1701 446 1760 482 Θεῷ
1775 447 1868 480 φαίνε-

236 497 364 530 illudque,
385 496 484 523 divitia:
501 500 580 528 sunt,
594 496 664 530 quod
689 495 776 522 tenuis
804 502 835 521 ac
864 502 965 529 egenus
982 495 1028 521 ha-

1079 507 1134 529 ται,
1156 499 1203 524 καὶ
1220 498 1234 523 6
1250 497 1284 523 τὰ
1298 497 1409 533 ἅρματα
1424 495 1602 530 ἀποθέμενος,
1617 494 1664 520 καὶ
1677 493 1691 519 6
1705 495 1871 528 καταφρονή-

235 543 290 570 lxel.
320 542 421 570 Similis
453 542 522 576 apttd
549 541 632 568 Deum
661 540 754 572 habet,
783 545 838 567 tum
864 541 909 575 qui
933 548 1029 567 currus

1080 554 1130 576 σας
1161 545 1209 571 τοῦ
1241 544 1312 570 ὖνου.
1336 543 1424 578 Ὅπερ
1459 542 1514 577 γάρ
1537 542 1595 568 ἐστι
1627 541 1665 573 τῷ
1701 540 1819 575 πλουσίῳ
1841 540 1870 566 τὸ

235 587 363 620 dimittit,
391 591 448 613 tum
474 587 519 620 qui
547 587 697 614 contemnit
716 586 832 613 asinum.
860 585 936 619 Quod
955 585 1026 612 enim

1078 590 1243 627 τέθριππον,
1265 590 1345 616 τοῦτο
1359 589 1397 625 τῷ
1405 588 1501 623 πένητι
1517 589 1531 615 ὁ
1544 585 1882 623 εὐτελὴςκανοήλιος.Φι-ῗ

234 631 310 657 diviti
332 631 409 665 equis
442 635 560 665 quatuor
590 634 681 657 vectus
708 637 817 660 currus,
843 630 893 656 hoc
923 629 1028 656 clitellae

1079 637 1192 670 λόσοφος
1207 636 1234 662 δέ
1249 637 1323 662 ἐστιν
1341 635 1451 670 ὁμοίως,
1469 635 1515 661 καὶ
1528 635 1543 661 ὁ
1559 632 1608 669 τὴν
1620 633 1744 669 ἀργυρᾶν
1757 632 1870 659 καταλι-

235 676 302 703 viles
322 676 444 710 pauperi.
469 674 585 702 Perinde
609 680 698 702 autem
720 675 895 710 philosophus
907 679 957 706 est,
972 679 1027 701 tum

1080 682 1139 710 πὼν
1150 682 1299 718 τράπεζαν,
1310 681 1359 714 τὴν
1371 682 1432 712 ταῖς
1442 679 1575 716 ἱστορίαις
1586 678 1810 713 πεποικιλμένην,
1825 677 1871 704 καὶ

237 722 281 755 qui
305 726 460 757 argenteam
493 728 524 748 ac
555 721 676 748 historiis
703 721 778 746 varie
809 720 960 747 distinctam
988 728 1030 746 or-

1079 731 1093 756 6
1107 729 1157 764 τὴν
1169 728 1278 763 ξυλίνην
1296 727 1345 763 τὴν
1360 727 1475 753 εὔωνον
1492 725 1594 761 ὁμοίως
1611 725 1657 752 καὶ
1679 725 1693 750 ὁ
1708 724 1757 759 τὴν
1774 723 1870 758 κώμην

237 773 397 803 natamque,
418 773 472 794 tum
494 767 539 801 qui
561 767 678 801 ligneam
709 765 823 800 vilisque
849 766 927 800 pretii
954 773 1028 793 men-
1080 776 1128 811 τὴν
1154 774 1385 810 πολυάνθρωπον,
1404 773 1452 800 καὶ
1476 773 1505 799 τὸ
1528 772 1625 808 μικρὸν
1644 770 1760 806 κηπίον.
1787 771 1801 797 ὁ
1823 769 1872 804 τὴν

238 823 295 841 sam
315 815 461 848 relinquit;
481 821 512 840 ac
532 812 671 843 similiter,
696 817 751 838 tum
768 812 814 846 qui
833 811 960 846 iri-quens
979 812 1029 838 ho-

1081 820 1182 856 ἐσθῆτα
1195 820 1244 855 τὴν
1258 819 1456 855 χρυσόπαστον.
1474 819 1521 844 καὶ
1536 818 1581 844 τὸν
1596 816 1822 851 πεπαλαιωμένον
1836 824 1873 851 χι-

237 861 356 887 minibus
378 860 526 895 oppidum,
556 865 611 886 ttun
642 859 687 893 qui
713 858 839 893 exiguum
866 858 1027 884 hortulum:

1069 865 1162 893 .τῶνα.
1180 866 1216 891 Οὐ
1231 864 1284 899 γὰρ
1303 865 1331 890 έν
1346 863 1385 898 τῷ
1398 863 1495 898 πλήθει
1511 862 1558 889 καὶ
1573 863 1606 897 τῇ
1622 861 1745 896 ποιότητι
1765 860 1818 886 τῶν
1831 860 1871 886 δι-

237 908 284 941 qui
304 913 406 934 vestem
434 915 501 933 auro
528 911 646 938 textam,
670 906 771 940 quique
794 911 911 933 veterem
931 913 962 932 ac
981 907 1029 932 de-
1048 942 1054 946 _

1052 943 1064 946 _
1080 911 1200 946 δομένων
1228 912 1242 937 ὁ
1273 910 1339 942 Θεὸς
1365 910 1396 936 τὸ
1419 909 1592 945 μεταδοτικὸν
1614 908 1662 934 καὶ
1683 907 1872 942 φιλάνθρωπον

239 955 330 980 tritanu
358 954 488 980 tunicatn.
513 952 571 980 Non
599 947 764 980 enim'Deus
787 952 958 980 multitudine
983 957 1029 979 aut.
1047 942 1059 968 ¹⁴

1050 942 1066 968 Β
1082 942 1179 992 κρίνειι
1192 957 1259 984 ἀλλὰ
1272 947 1329 992 τὴν.
1338 942 1497 995 προαίρεσιν
1510 954 1673 990 ἀποδέχεται
1685 953 1731 980 τοῦ
1745 953 1870 984 διδόντος.

238 999 368 1033 qualitate
387 1007 485 1026 eorum
510 1007 570 1034 qua:
609 998 718 1031 dantur,
735 999 907 1027 collationem
925 998 1029 1032 judicat

1082 1002 1127 1029 Διὸ
1142 1003 1189 1029 καὶ
1205 1002 1255 1037 τὴν
1271 1002 1359 1038 χήραν
1377 1001 1494 1036 ἐκείνην,
1512 1000 1550 1032 ὡς
1565 999 1725 1034 εὐγνώμονα
1740 998 1872 1034 κηρύσσει

238 1053 270 1073 ac
292 1046 488 1073 humanitatem
502 1067 508 1077 ,
531 1046 576 1073 sed
589 1051 693 1081 gratam
713 1047 795 1073 habet
810 1053 841 1072 ac
854 1045 950 1080 probat
962 1045 1029 1071 dan-

1081 1050 1112 1076 τὸ
1125 1049 1303 1084 Εὐαγγέλιον,
1322 1049 1370 1082 τὴν
1389 1048 1419 1074 τὸ
1437 1047 1529 1074 ὀϐολὸν
1544 1046 1697 1073 ἐπιδοῦσαν·
1714 1045 1808 1081 ἐπειδὴ
1823 1054 1874 1080 μη·
1889 1040 1891 1045 ’

239 1094 274 1121 tis
293 1093 468 1121 voluntatem.
492 1093 672 1130 Quamobrem
694 1093 775 1120 etiam
796 1091 971 1126 Evangelhim
986 1092 1026 1118 vi-

1081 1096 1126 1122 δὲν
1147 1095 1371 1130 παρακατέσχεν,
1390 1090 1427 1120 ὧν
1449 1091 1515 1128 εἶχε.
1537 1093 1593 1119 Καὶ
1613 1093 1628 1118 6
1651 1091 1682 1118 τὸ
1701 1092 1830 1126 ποτήριον
1846 1090 1873 1116 δὲ

239 1141 319 1166 duam
352 1139 425 1166 illam
443 1139 481 1166 uti
503 1139 615 1173 proham
637 1139 818 1172 deprmdicat,
838 1145 898 1172 quae
920 1137 1027 1164 obolum

1082 1141 1179 1178 ὀρέξας
1197 1141 1245 1168 τοῦ
1265 1141 1369 1177 ψυχροῦ
1389 1140 1496 1172 ὓδατος,
1514 1139 1647 1174 λαμῦάνει
1662 1137 1756 1173 μισθὸν
1768 1137 1818 1171 τῆς
1831 1137 1872 1162 ὁν-

239 1186 375 1220 impertita
392 1190 481 1217 esset;
498 1185 569 1219 quod
585 1184 649 1211 nihil
664 1184 820 1211 retinuisset
840 1191 935 1210 eorum
970 1191 1030 1218 qua:

1082 1196 1135 1219 τως
1150 1187 1261 1214 εὐκόλου
1276 1186 1438 1220 δεξιώσεως,
1449 1186 1498 1222 τὴν
1511 1185 1660 1220 βασιλείαν.
1673 1180 1709 1219 ⁷ῼ
1722 1183 1777 1218 γὰρ
1790 1180 1872 1217 εἶχεν,

240 1231 357 1258 habebat
370 1231 403 1257 ⁸⁵,
421 1230 491 1263 Quin
507 1230 589 1257 etiam
601 1251 609 1263 ,
631 1230 676 1264 qui
699 1237 775 1264 aqua:
799 1229 902 1264 frigidae
917 1229 1028 1256 calicem

1083 1233 1250 1269 ἐθεράπευσε
1264 1232 1312 1260 τοῦ
1320 1233 1451 1267 διψῶντος
1466 1232 1515 1268 τὴν
1532 1231 1638 1267 χρείαν,
1648 1231 1673 1257 εἰ
1687 1231 1734 1257 καὶ
1752 1230 1789 1265 μὴ
1804 1237 1874 1264 παρ-

239 1277 408 1311 przebuerit,
439 1276 558 1310 expediti
605 1282 699 1302 revera
738 1275 881 1309 facilisque
913 1274 1028 1301 cenvivii

1082 1280 1115 1314 ἦν
1130 1279 1203 1314 αύτῷ
1214 1277 1285 1311 οἶνος
1300 1278 1450 1314 ἀνθοσμίας
1464 1277 1508 1304 διὰ
1527 1277 1635 1304 πενίαν.
1647 1276 1740 1303 Ταῦτα
1762 1275 1791 1302 δὲ
1803 1275 1875 1309 λέγω

240 1322 403 1353 mercedem,
424 1329 534 1356 regnum
549 1325 710 1356 accepturus
721 1326 762 1348 est
770 1321 804 1348 ⁸³.
822 1321 859 1348 Eo
873 1320 944 1348 enim
958 1320 1028 1355 quod

1083 1325 1153 1352 κατὰ
1178 1324 1367 1360 συγχώρησιν,
1386 1324 1448 1351 ἐπεὶ
1469 1323 1499 1350 οὺ
1524 1322 1649 1355 πάντως,
1667 1322 1693 1348 εῐ
1708 1330 1749 1352 τις
1772 1320 1873 1352 ἁλιεὺς,

192 1384 196 1385 ν
240 1363 416 1403 suppetebat,
432 1368 549 1394 sitientis
571 1368 763 1394 necessitatem
779 1366 901 1399 curavit;
923 1370 1012 1392 tamet:

1083 1368 1159 1404 οὗτος
1173 1371 1219 1398 καὶ
1233 1371 1328 1407 πένης.
1345 1371 1402 1397 Οὐκ
1415 1368 1504 1402 οἶδας,
1520 1369 1558 1400 ὡς
1584 1369 1676 1400 ἁλιεὺς
1698 1366 1875 1403 μαργαριτῶν

239 1414 294 1440 vini
313 1414 420 1441 odorati
440 1421 472 1440 ac
495 1413 620 1448 generosi
635 1413 669 1439 ob
684 1416 869 1447 paupertatem
885 1412 961 1447 copia
977 1419 1029 1438 non

1083 1417 1142 1443 ἐστι
1157 1416 1293 1452 Θηρευτής
1306 1425 1313 1449 ;
1327 1416 1502 1452 Μαργαρῖται
1517 1415 1546 1441 δὲ
1556 1436 1563 1448 ,
1578 1414 1657 1446 ἄνθος
1672 1414 1726 1440 εισι
1742 1413 1789 1440 τοῦ
1806 1412 1873 1447 γαύ-

240 1466 307 1487 erat.
325 1459 387 1486 llaec
405 1466 487 1493 porro
504 1467 552 1493 per
571 1458 765 1493 indulgentiam
782 1458 853 1485 dico.
868 1457 944 1485 Haud
957 1458 1028 1485 enim

1085 1471 1133 1498 ρου
1145 1463 1191 1489 καὶ
1205 1461 1357 1497 ύψαύχενος
1371 1461 1498 1493 πλούτου,
1512 1457 1552 1492 οἷς
1564 1459 1685 1495 βασιλεῖς
1699 1458 1874 1491 κοσμοῦνται,

240 1513 364 1540 prorsus,
382 1511 412 1532 ut
425 1505 486 1538 quis
505 1505 637 1539 piscator,
659 1505 728 1531 idem
746 1509 772 1531 et
790 1511 892 1539 pauper
905 1504 1029 1531 exsistat.

1084 1506 1124 1540 οἷς
1139 1509 1266 1542 γυναῖκες
1280 1507 1453 1542 φιλόπλουτοι
1472 1507 1518 1534 καὶ
1532 1506 1692 1542 φιλόκοσμοι
1713 1505 1875 1539 ὲπαγάλλον-

240 1552 281 1578 An
308 1551 398 1577 nescis
425 1550 588 1584 piscatorem
613 1549 773 1584 margaritas
797 1550 930 1583 captare?
959 1549 1030 1576 Mar-

1083 1563 1138 1580 ται.
1159 1553 1264 1585 Ἀλιεὺς
1280 1553 1378 1588 βάπτει
1395 1553 1444 1588 τὴν
1462 1552 1610 1587 ἁλουργίδα
1628 1552 1677 1587 τὴν
1690 1551 1874 1586 πολυθρύλλη-

241 1597 335 1631 garitre
349 1601 452 1628 autem,
469 1595 518 1622 ﬂos
534 1599 596 1622 sunt
616 1595 791 1629 superbarum
807 1595 1029 1630 excelsarumqne
1045 1621 1061 1634 μ

1055 1621 1066 1631 η
1083 1608 1138 1632 τον,
1159 1599 1206 1626 καὶ
1224 1599 1416 1634 ἀφιερωμένην
1435 1599 1468 1634 τῇ
1483 1598 1620 1634 βασιλείᾳ·
1639 1597 1724 1629 ἁλιεῖς
1744 1597 1875 1632 βάπτουσι

241 1643 408 1673 divitiarum,
419 1641 517 1676 quibus
532 1649 608 1676 reges
630 1645 781 1668 ornantur:
797 1641 894 1676 quibus
912 1641 1029 1673 feminae,
1044 1621 1061 1651 Ε

1055 1621 1067 1651 ³
1082 1621 1116 1671 ἑὲ
1132 1621 1274 1680 Isaiam;
1286 1621 1448 1679 satis;
1455 1621 1625 1678 ἒῆκῖέᾇᾷὸῖιν
1638 1621 1735 1670 Eii}.
1744 1621 1875 1677 agas;

242 1696 321 1723 opum
350 1688 452 1723 pariter
483 1695 515 1715 ac
547 1692 660 1714 ornatus
693 1692 837 1719 amantes,
870 1687 1029 1722 gloriantur.

1081 1699 1138 1722 τες.
1153 1690 1190 1716 Οὐ
1205 1689 1295 1716 τοίνυν
1307 1689 1346 1716 δεῖ
1357 1689 1502 1725 προσέχειν
1513 1689 1571 1720 τοῖς
1581 1687 1708 1724 ὀργάνοις
1717 1688 1768 1723 τῆς
1778 1688 1876 1723 τέχνης

243 1735 366 1761 Piscator
385 1741 531 1769 purpuram
559 1733 662 1765 inlicit,
686 1733 856 1760 decantatam
886 1733 973 1766 illam,
1001 1741 1032 1761 ac

1083 1735 1184 1768 αὐτῶν,
1197 1735 1234 1767 ὼς
1249 1734 1361 1767 εὐώνοις
1377 1735 1425 1762 καὶ
1446 1734 1706 1770 εὐκαταφρονήτως,
1724 1733 1763 1769 τῷ
1776 1733 1877 1768 δικτύῳ

243 1780 350 1814 imperii
364 1779 487 1814 insiguiis
502 1779 647 1806 addictam.
663 1778 816 1805 Piscatores
841 1778 976 1806 subﬂavas
998 1786 1030 1806 ac

1084 1781 1170 1818 φημὶ,
1188 1781 1305 1813 καὶτοῖς
1323 1780 1499 1817 ἀγκίστροις
1520 1780 1576 1807 ἀλλ’
1592 1780 1625 1806 ὲκ
1643 1780 1692 1816 τῆς
1713 1779 1877 1815 τελουμένης

242 1827 316 1853 velut
334 1833 400 1854 auro
415 1825 510 1852 rutilas
531 1824 605 1852 lanas
624 1825 731 1859 tingunt
742 1845 749 1856 ,
766 1825 864 1859 quibus
876 1824 974 1858 pinnas
985 1824 1033 1851 ila—

1083 1827 1222 1864 ὲργασίας,
1238 1828 1266 1854 αί
1283 1827 1406 1863 εὐπορίαι
1423 1827 1691 1862 καταμανθάνονταιε
1709 1825 1770 1853 ἐπεί
1785 1826 1833 1852 τοί
1840 1834 1871 1860 γε

242 1877 290 1896 vas
307 1870 428 1903 capiunt.
452 1867 529 1895 Haud
550 1876 615 1903 ergo
638 1876 732 1896 eorum
764 1869 830 1896 artis
852 1869 1031 1897 instrumenta

1083 1874 1143 1901 κατ’
1160 1875 1263 1900 ἐκεῖνον
1278 1874 1322 1900 τὸν
1342 1873 1437 1907 λόγον,
1452 1873 1528 1899 οὐδὲν
1547 1873 1709 1908 πενέστερον
1723 1872 1807 1908 εὕρῃς
1822 1872 1871 1907 τῆς

243 1915 389 1950 spectanda
417 1914 471 1941 sint
497 1919 624 1948 tanquam
646 1914 708 1941 vilia
725 1921 757 1941 ac
773 1919 945 1948 contempla;
964 1919 1032 1946 rete,

1083 1921 1231 1957 γεωργίας,
1250 1921 1275 1946 εἰ
1292 1920 1346 1946 ἀπὸ
1361 1920 1410 1955 τῆς
1430 1919 1556 1956 δικέλλης
1572 1919 1620 1947 καὶ
1638 1920 1686 1955 τῆς
1700 1920 1842 1954 σκαπάνης
1865 1920 1878 1945 6

245 1963 371 1994 inquam,
391 1969 423 1988 ac
441 1961 513 1988 hami
529 1970 535 1986 :
549 1969 581 1987 ex
608 1968 640 1988 eo
669 1965 760 1988 autent
792 1961 862 1995 quod
892 1965 1030 1992 exercent,

1085 1964 1200 1996 πλοῦτος
1212 1965 1297 2000 αὐτῆς
1309 1964 1491 2000 δοκιμάζοιτο,
1507 1965 1623 2000 Ἀποροι
1637 1965 1665 1991 δὲ
1677 1963 1817 1996 παντελῶς
1831 1964 1879 1990 καὶ

243 2015 337 2034 eorum
358 2007 500 2034 facultates
516 2007 637 2033 noveris.
653 2006 760 2041 Alioqui
782 2007 864 2039 enim,
883 2007 949 2033 nihil
963 2007 1034 2040 agri-

1085 2012 1109 2037 ol
1125 2011 1171 2037 τὸν
1186 2010 1287 2046 χρυσὸν
1304 2010 1508 2046 ἀνορύττοντες,
1530 2011 1575 2037 τὸν
1593 2010 1707 2046 βασιλέα
1730 2009 1777 2037 τοῦ
1795 2008 1878 2035 πλού-

244 2053 349 2079 ruitura
372 2053 517 2087 pauperius
538 2057 684 2083 occurrat,
708 2057 737 2078 ut
755 2060 788 2079 cx
804 2052 892 2087 ligone
909 2060 941 2079 ac
959 2059 1035 2079 rutro

1085 2065 1142 2082 του.
1166 2057 1223 2082 Μία
1238 2056 1292 2092 γὰρ
1307 2056 1399 2088 αὐτοῖς
1410 2056 1487 2092 ἀξίνη
1504 2057 1646 2092 συνεργεῖ·
1664 2055 1769 2087 ξύλινος
1785 2055 1877 2088 πίναξ,

243 2100 303 2133 ejus
314 2100 376 2133 quis
390 2099 484 2132 probet
502 2098 622 2126 divitias.
643 2098 696 2125 Sed
713 2103 739 2125 el
755 2099 771 2126 ii
790 2099 834 2133 qui
850 2107 940 2133 regem
959 2099 1033 2126 illtttn

1085 2103 1099 2129 6
1114 2102 1162 2137 τῆς
1176 2102 1228 2137 γῆς
1244 2102 1290 2128 τὸν
1310 2102 1409 2138 χρυσὸν
1425 2102 1593 2138 ἀποκρίνων.
1611 2102 1771 2136 Σιγάτωσαν
1789 2101 1879 2128 τοίνυν

244 2146 398 2173 divitiarum
411 2145 426 2177 ,'
450 2152 545 2171 aurum
580 2145 702 2178 fodiunt,
733 2145 828 2179 inopes
858 2150 948 2173 erunt.
972 2145 1034 2173 Sola

1086 2148 1188 2174 ἐθνικοὶ
1207 2149 1254 2174 καὶ
1275 2148 1411 2183 Ἑϐραῖοι,
1429 2149 1452 2174 οἱ
1468 2148 1564 2184 Πέτρῳ
1579 2148 1674 2174 πενίαν
1691 2147 1878 2180 ὀνειδίζοντες.

245 2193 344 2227 quippe
370 2191 441 2218 ascia
471 2191 512 2218 eis
533 2191 592 2218 usui
615 2196 656 2218 est
667 2212 674 2221 .
691 2199 721 2217 ac
735 2192 821 2226 lignea
836 2191 949 2219 scutella
960 2213 967 2224 ,
983 2200 1033 2227 qua

1087 2194 1133 2220 καὶ
1153 2194 1207 2221 ἀπὸ
1224 2194 1270 2220 τοῦ
1289 2194 1386 2227 ἁλιέως
1403 2194 1564 2229 σμικρύνειν
1578 2194 1624 2220 τὸν
1641 2194 1728 2229 μέγαν
1743 2192 1879 2229 πειρώμε-

245 2245 341 2264 aurum
367 2237 524 2264 discernant
539 2244 554 2262 a
575 2241 658 2264 terra.
672 2236 791 2263 Taceaut
815 2237 905 2270 itaque
923 2237 1036 2272 gentiles

1087 2249 1142 2268 νοι·
1159 2241 1206 2267 καὶ
1222 2241 1416 2273 καταλιπόντες
1437 2241 1471 2268 τὰ
1492 2240 1604 2267 τοιαῦτα
1621 2240 1820 2276 κομψεύεσοαι,
1838 2240 1881 2266 λε-

247 2283 422 2318 Hebraeique,
445 2282 490 2317 qui
505 2282 584 2309 Petro
595 2286 782 2316 paupertatem
797 2283 963 2320 exprobrant
977 2303 984 2315 ,
996 2287 1036 2310 at-
1053 2292 1067 2319 [

1059 2292 1074 2319 [)
1089 2287 1212 2322 γέτωσάν
1230 2295 1275 2322 μοι
1289 2287 1503 2322 πυνθανομένῳ*
1519 2287 1567 2318 Τίς
1582 2287 1695 2318 ἁλιέων,
1712 2286 1728 2321 ἢ
1741 2286 1796 2313 τῶν
1811 2287 1879 2313 πάν-

245 2339 298 2366 que
318 2337 333 2357 a
354 2329 497 2364 piscatoris
510 2333 568 2355 arte
584 2337 708 2364 magnum
727 2329 801 2356 illum
815 2329 967 2365 deprimere
981 2336 1038 2358 leu-

1085 2342 1139 2359 των
1158 2331 1310 2368 ἀνθρώπων
1325 2331 1456 2364 ὲπὲζευσε
1472 2332 1626 2366 θάλασσαν;
1640 2332 1687 2363 Τίς
1703 2332 1799 2367 ἔστησε
1814 2331 1882 2358 πόδα

247 2382 313 2403 tant.
327 2374 400 2402 Talia
412 2382 478 2402 vero
491 2374 599 2409 gloriari
614 2378 763 2406 cessantes,
780 2375 881 2408 dicant,
891 2383 1037 2410 rogo,per-

1086 2378 1156 2404 κατὰ
1172 2378 1270 2413 λίμνης
1284 2377 1416 2412 ἑστώσης,
1428 2378 1466 2409 ὡς
1481 2379 1584 2410 ἐκεῖνος
1597 2378 1667 2405 κατὰ
1682 2379 1810 2412 κυμάτων
1825 2379 1881 2408 τοῖς

245 2421 367 2449 contanti
397 2421 464 2448 mihi
481 2428 489 2446 :
506 2420 637 2454 Quisnam
664 2420 793 2454 piscator,
819 2427 865 2447 aut
889 2421 1037 2448 universim

1086 2425 1196 2459 ἀνέμοις
1211 2424 1428 2458 τινασσομένων;
1444 2424 1497 2450 Τοῦ
1513 2424 1567 2460 γὰρ
1580 2424 1647 2451 Θεοῦ
1660 2424 1739 2460 ἡμῶν
1754 2423 1801 2450 τοῦ
1814 2424 1883 2457 ἀγα-

246 2468 344 2499 homo,
368 2475 449 2501 supra
476 2474 549 2494 mare
570 2466 651 2500 pedes
668 2466 801 2493 incessit?
820 2466 886 2499 Quis
905 2475 985 2501 supra
1001 2468 1038 2494 la-

1088 2469 1146 2500 Οοῦ,
1166 2469 1251 2495 πολλὰ
1272 2469 1398 2504 θαύματα
1421 2468 1465 2495 διὰ
1488 2469 1542 2496 τῶν
1562 2469 1670 2496 οἰκείων
1690 2469 1791 2496 δούλων
1807 2468 1883 2494 τελέ-

246 2520 307 2539 eum
321 2517 437 2540 stantem
454 2520 577 2547 gressum
591 2512 659 2545 ﬁxit,
673 2513 710 2539 uti
726 2512 770 2538 ille
782 2519 861 2545 supra
875 2512 972 2539 ﬂuctus
983 2514 1038 2547 agi-

1091 2523 1196 2546 σαντος,
1211 2514 1257 2541 ἐπί
1269 2523 1296 2541 τε
1313 2514 1362 2548 τῆς
1378 2514 1516 2546 πολιτείας
1529 2515 1575 2541 τοῦ
1598 2515 1706 2550 Ἰσραὴλ
1717 2515 1747 2541 τὸ
1757 2515 1879 2550 ἀρχαῖον,

249 2565 319 2586 latos
339 2559 450 2585 ventis?
464 2559 530 2585 Cum
544 2558 616 2586 enim
636 2558 707 2585 Deus
723 2558 767 2585 illc
791 2562 894 2590 noster,
910 2566 969 2593 qua:
982 2559 1040 2593 ejus

1091 2562 1141 2587 κάν
1158 2562 1214 2592 τοῖς
1230 2560 1343 2596 ὕστερον
1363 2561 1480 2596 χρόνοις,
1503 2562 1532 2587 ὲν
1548 2558 1588 2593 οἷς
1605 2563 1621 2597 ἡ
1638 2561 1827 2597 φιλάνθρωπος
1843 2560 1882 2586 οι-

247 2605 372 2631 lmnitas!
394 2604 476 2631 multa
493 2612 541 2638 per
561 2612 624 2631 suos
647 2612 739 2632 servos
757 2605 871 2639 patrarit
897 2605 1038 2636 miracula,

1091 2606 1205 2642 κονομία
1222 2606 1269 2633 τοῦ
1287 2607 1414 2644 Σωτῆρος
1427 2607 1507 2643 ήμῶν
1521 2608 1644 2643 ἐπεφάνη
1657 2607 1695 2642 τῷ
1711 2607 1804 2642 κόσμῳ
1816 2615 1823 2622 ”
1838 2607 1884 2633 οὑ-

249 2659 308 2678 cnm
324 2651 387 2678 olim
404 2651 430 2677 in
445 2650 549 2684 repulil.
568 2649 674 2677 lsmelis
687 2671 693 2682 ,
712 2655 766 2677 tum
784 2651 882 2685 quibus
897 2653 1040 2685 postremis

1090 2652 1146 2683 δεὶς
1161 2652 1215 2678 τῶν
1240 2652 1268 2685 ἐξ
1298 2653 1386 2688 ἀρχῆς
1410 2655 1449 2686 είς
1474 2654 1551 2686 τέλος
1571 2653 1670 2688 ἁγίων,
1693 2653 1819 2688 τοιαύτην
1839 2652 1883 2679 διὰ

249 2697 430 2730 temporibus,
457 2695 572 2730 benigna
606 2695 755 2722 Salvatoris
782 2696 866 2722 nostri
887 2695 1039 2724 lncarnatio

1093 2698 1212 2729 πίστεως
1227 2698 1304 2730 ἰδίας,
1323 2699 1369 2725 καὶ
1388 2699 1436 2734 τῆς
1450 2699 1552 2726 ἀνωθεν
1567 2699 1691 2735 χάριτος,
1709 2699 1808 2734 πρᾶξιν
1823 2699 1883 2724 ἐπι-

251 2742 350 2768 iunndo
374 2741 494 2768 exhibita
520 2745 562 2767 est
579 2749 586 2768 :
602 2739 690 2767 nullus
718 2746 806 2768 tamen
830 2749 934 2773 eorum,
959 2743 1003 2776 qui
1023 2750 1036 2768 a

531 2745 562 2767 est
579 2749 586 2768 :
602 2739 690 2767 nullus
718 2746 806 2768 tamen
830 2749 934 2773 eorum,
959 2743 1003 2776 qui
1023 2750 1036 2768 a
1091 2744 1198 2771 τελέσαι
1217 2745 1351 2779 φαίνεται.

253 2788 385 2822 principio
405 2788 430 2814 in
447 2787 526 2814 tinctu
551 2794 637 2821 usque
658 2787 922 2822 clarueruutsancti,
945 2789 996 2818 [ide
1015 2799 1062 2818 sua
1083 2800 1114 2819 ac
1134 2800 1250 2827 superna
1272 2793 1356 2827 gratia
1369 2815 1376 2825 ,
1393 2801 1447 2820 rem
1464 2793 1595 2828 ejusmodi
1615 2792 1736 2820 noscitur
1755 2792 1886 2826 gessisse.

291 2936 311 2952 “
332 2937 396 2964 Luc.
417 2946 472 2966 xxx.
487 2938 548 2966 ‘24.
589 2940 609 2955 ⁸-⁵
625 2939 719 2966 Matth.
734 2947 758 2971 κ,
780 2940 819 2966 Η.
