  <div class='ocr_page' id='page_1' title='image "/cluster/home/n/w/nwhite01/storage/ocr_20150623/40/njp.32101012273239/154.png"; bbox 0 0 2076 3155; ppageno 0'>
   <div class='ocr_carea' id='block_1_1' title="bbox 226 194 276 220">
    <p class='ocr_par' dir='ltr' id='par_1_1' title="bbox 226 194 276 220">
     <span class='ocr_line' id='line_1_1' title="bbox 226 194 276 220; baseline -0.02 0"><span class='ocrx_word' id='word_1_1' title='bbox 226 194 276 220; x_wconf 74' lang='lat'><strong>‘277</strong></span> 
     </span>
    </p>
   </div>
   <div class='ocr_carea' id='block_1_2' title="bbox 230 295 1015 334">
    <p class='ocr_par' dir='ltr' id='par_1_2' title="bbox 230 295 1015 334">
     <span class='ocr_line' id='line_1_2' title="bbox 230 295 1015 334; baseline -0.001 -10"><span class='ocrx_word' id='word_1_2' title='bbox 230 297 371 333; x_wconf 84' lang='grc' dir='ltr'>ραιωθείς·</span> <span class='ocrx_word' id='word_1_3' title='bbox 392 297 459 324; x_wconf 82' lang='grc' dir='ltr'>ἀλλὰ</span> <span class='ocrx_word' id='word_1_4' title='bbox 474 298 525 332; x_wconf 85' lang='grc' dir='ltr'><strong>γῆν</strong></span> <span class='ocrx_word' id='word_1_5' title='bbox 543 296 699 329; x_wconf 75' lang='grc' dir='ltr'><strong>ἐπέζευσεν,</strong></span> <span class='ocrx_word' id='word_1_6' title='bbox 749 297 830 333; x_wconf 84' lang='grc' dir='ltr'>νόμος</span> <span class='ocrx_word' id='word_1_7' title='bbox 853 297 1015 333; x_wconf 76' lang='grc' dir='ltr'>ἀνθρώποις,</span> 
     </span>
    </p>
   </div>
   <div class='ocr_carea' id='block_1_3' title="bbox 229 343 1016 379">
    <p class='ocr_par' dir='ltr' id='par_1_3' title="bbox 229 343 1016 379">
     <span class='ocr_line' id='line_1_3' title="bbox 229 343 1016 379; baseline 0 -9"><span class='ocrx_word' id='word_1_8' title='bbox 229 344 305 370; x_wconf 78' lang='grc' dir='ltr'>ἐνθεν</span> <span class='ocrx_word' id='word_1_9' title='bbox 319 344 366 370; x_wconf 83' lang='grc' dir='ltr'><strong>τοῦ</strong></span> <span class='ocrx_word' id='word_1_10' title='bbox 381 343 475 375; x_wconf 82' lang='grc' dir='ltr'>ὕδατος</span> <span class='ocrx_word' id='word_1_11' title='bbox 495 343 701 375; x_wconf 77' lang='grc' dir='ltr'><strong>ἀναστέλλοντος</strong></span> <span class='ocrx_word' id='word_1_12' title='bbox 721 344 788 379; x_wconf 85' lang='grc' dir='ltr'>πρὸς</span> <span class='ocrx_word' id='word_1_13' title='bbox 805 344 909 370; x_wconf 76' lang='grc' dir='ltr'>ἑαυτόν.</span> <span class='ocrx_word' id='word_1_14' title='bbox 923 345 1016 378; x_wconf 81' lang='grc' dir='ltr'>Μέγας</span> 
     </span>
    </p>
   </div>
   <div class='ocr_carea' id='block_1_4' title="bbox 229 389 1015 425">
    <p class='ocr_par' dir='ltr' id='par_1_4' title="bbox 229 389 1015 425">
     <span class='ocr_line' id='line_1_4' title="bbox 229 389 1015 425; baseline 0 -10"><span class='ocrx_word' id='word_1_15' title='bbox 229 390 276 416; x_wconf 74' lang='grc' dir='ltr'><strong>καὶ</strong></span> <span class='ocrx_word' id='word_1_16' title='bbox 289 390 302 415; x_wconf 86' lang='grc' dir='ltr'><strong>ό</strong></span> <span class='ocrx_word' id='word_1_17' title='bbox 317 389 420 425; x_wconf 77' lang='grc' dir='ltr'>Ἰησοῦς</span> <span class='ocrx_word' id='word_1_18' title='bbox 430 389 544 415; x_wconf 76' lang='grc' dir='ltr'>ὁτούτου</span> <span class='ocrx_word' id='word_1_19' title='bbox 558 389 688 424; x_wconf 78' lang='grc' dir='ltr'>διάδοχος.</span> <span class='ocrx_word' id='word_1_20' title='bbox 697 390 737 416; x_wconf 87' lang='grc' dir='ltr'>ὅτι</span> <span class='ocrx_word' id='word_1_21' title='bbox 750 390 796 416; x_wconf 82' lang='grc' dir='ltr'><strong>τὸν</strong></span> <span class='ocrx_word' id='word_1_22' title='bbox 809 389 943 425; x_wconf 79' lang='grc' dir='ltr'><strong>Ἰορδάνην</strong></span> <span class='ocrx_word' id='word_1_23' title='bbox 951 391 1015 416; x_wconf 77' lang='grc' dir='ltr'>ἑπε-</span> 
     </span>
    </p>
   </div>
   <div class='ocr_carea' id='block_1_5' title="bbox 231 434 1016 470">
    <p class='ocr_par' dir='ltr' id='par_1_5' title="bbox 231 434 1016 470">
     <span class='ocr_line' id='line_1_5' title="bbox 231 434 1016 470; baseline 0.001 -9"><span class='ocrx_word' id='word_1_24' title='bbox 231 435 336 470; x_wconf 86' lang='grc' dir='ltr'>ραιώθη</span> <span class='ocrx_word' id='word_1_25' title='bbox 347 455 354 466; x_wconf 87' lang='grc'><strong>,</strong></span> <span class='ocrx_word' id='word_1_26' title='bbox 368 435 437 470; x_wconf 86' lang='grc' dir='ltr'>ὑπὲρ</span> <span class='ocrx_word' id='word_1_27' title='bbox 453 434 502 466; x_wconf 83' lang='grc' dir='ltr'>τὰς</span> <span class='ocrx_word' id='word_1_28' title='bbox 517 434 600 469; x_wconf 71' lang='grc' dir='ltr'>ὄχθας</span> <span class='ocrx_word' id='word_1_29' title='bbox 614 434 811 470; x_wconf 81' lang='grc' dir='ltr'><strong>πλημμύροντα</strong></span> <span class='ocrx_word' id='word_1_30' title='bbox 824 444 830 450; x_wconf 92' lang='grc'><strong>·</strong></span> <span class='ocrx_word' id='word_1_31' title='bbox 845 436 902 462; x_wconf 78' lang='grc' dir='ltr'>ἀλλ’</span> <span class='ocrx_word' id='word_1_32' title='bbox 917 436 1016 470; x_wconf 86' lang='grc' dir='ltr'>ὁμοίως</span> 
     </span>
    </p>
   </div>
   <div class='ocr_carea' id='block_1_6' title="bbox 231 479 1015 516">
    <p class='ocr_par' dir='ltr' id='par_1_6' title="bbox 231 479 1015 516">
     <span class='ocr_line' id='line_1_6' title="bbox 231 479 1015 516; baseline 0 -10"><span class='ocrx_word' id='word_1_33' title='bbox 231 481 280 515; x_wconf 85' lang='grc' dir='ltr'>τῆς</span> <span class='ocrx_word' id='word_1_34' title='bbox 305 480 435 516; x_wconf 82' lang='grc' dir='ltr'>Ἐρυθρᾶς</span> <span class='ocrx_word' id='word_1_35' title='bbox 448 479 583 515; x_wconf 76' lang='grc' dir='ltr'><strong>θαλάσσης</strong></span> <span class='ocrx_word' id='word_1_36' title='bbox 594 501 601 513; x_wconf 92' lang='grc'><strong>,</strong></span> <span class='ocrx_word' id='word_1_37' title='bbox 624 480 748 512; x_wconf 86' lang='grc' dir='ltr'>κάκεῖνος</span> <span class='ocrx_word' id='word_1_38' title='bbox 769 480 892 515; x_wconf 48' lang='grc' dir='ltr'>διασχὼν,</span> <span class='ocrx_word' id='word_1_39' title='bbox 908 481 1015 512; x_wconf 75' lang='grc' dir='ltr'>ἑαυτὸν,</span> 
     </span>
    </p>
   </div>
   <div class='ocr_carea' id='block_1_7' title="bbox 232 525 1016 561">
    <p class='ocr_par' dir='ltr' id='par_1_7' title="bbox 232 525 1016 561">
     <span class='ocr_line' id='line_1_7' title="bbox 232 525 1016 561; baseline 0 -9"><span class='ocrx_word' id='word_1_40' title='bbox 232 527 278 552; x_wconf 75' lang='grc' dir='ltr'>καὶ</span> <span class='ocrx_word' id='word_1_41' title='bbox 292 526 428 560; x_wconf 76' lang='grc' dir='ltr'><strong>ἀνακύψας</strong></span> <span class='ocrx_word' id='word_1_42' title='bbox 441 526 470 552; x_wconf 84' lang='grc' dir='ltr'>τὸ</span> <span class='ocrx_word' id='word_1_43' title='bbox 482 526 599 561; x_wconf 78' lang='grc' dir='ltr'>ῥεῖθρον,</span> <span class='ocrx_word' id='word_1_44' title='bbox 610 526 692 552; x_wconf 77' lang='grc' dir='ltr'>ἔδωκε</span> <span class='ocrx_word' id='word_1_45' title='bbox 706 525 744 561; x_wconf 86' lang='grc' dir='ltr'>τῷ</span> <span class='ocrx_word' id='word_1_46' title='bbox 759 527 946 561; x_wconf 84' lang='grc' dir='ltr'>περαιουμένῳ</span> <span class='ocrx_word' id='word_1_47' title='bbox 959 526 1016 561; x_wconf 70' lang='grc' dir='ltr'><strong>λαῷ</strong></span> 
     </span>
    </p>
   </div>
   <div class='ocr_carea' id='block_1_8' title="bbox 234 570 1016 606">
    <p class='ocr_par' dir='ltr' id='par_1_8' title="bbox 234 570 1016 606">
     <span class='ocr_line' id='line_1_8' title="bbox 234 570 1016 606; baseline 0 -10"><span class='ocrx_word' id='word_1_48' title='bbox 234 571 337 606; x_wconf 69' lang='grc' dir='ltr'>γυμνὴν</span> <span class='ocrx_word' id='word_1_49' title='bbox 351 571 399 606; x_wconf 86' lang='grc' dir='ltr'>τὴν</span> <span class='ocrx_word' id='word_1_50' title='bbox 414 571 498 606; x_wconf 79' lang='grc' dir='ltr'>ξηρὰν</span> <span class='ocrx_word' id='word_1_51' title='bbox 521 572 560 602; x_wconf 73' lang='grc' dir='ltr'><strong>εἰς</strong></span> <span class='ocrx_word' id='word_1_52' title='bbox 583 570 719 597; x_wconf 77' lang='grc' dir='ltr'>ὲπίὸασιν.</span> <span class='ocrx_word' id='word_1_53' title='bbox 737 570 829 602; x_wconf 75' lang='grc' dir='ltr'>Οὐδεὶς</span> <span class='ocrx_word' id='word_1_54' title='bbox 844 571 873 596; x_wconf 85' lang='grc' dir='ltr'><em>δέ</em></span> <span class='ocrx_word' id='word_1_55' title='bbox 889 579 953 596; x_wconf 83' lang='grc' dir='ltr'>ποτε</span> <span class='ocrx_word' id='word_1_56' title='bbox 973 572 1016 597; x_wconf 84' lang='grc' dir='ltr'><strong>ἁν-</strong></span> 
     </span>
    </p>
   </div>
   <div class='ocr_carea' id='block_1_9' title="bbox 233 616 1015 652">
    <p class='ocr_par' dir='ltr' id='par_1_9' title="bbox 233 616 1015 652">
     <span class='ocr_line' id='line_1_9' title="bbox 233 616 1015 652; baseline 0.001 -10"><span class='ocrx_word' id='word_1_57' title='bbox 233 617 300 652; x_wconf 85' lang='grc' dir='ltr'><strong>ὃρῶν</strong></span> <span class='ocrx_word' id='word_1_58' title='bbox 312 617 381 643; x_wconf 82' lang='grc' dir='ltr'>κατὰ</span> <span class='ocrx_word' id='word_1_59' title='bbox 397 616 491 648; x_wconf 81' lang='grc' dir='ltr'>ὓδατος</span> <span class='ocrx_word' id='word_1_60' title='bbox 505 617 598 652; x_wconf 76' lang='grc' dir='ltr'>ἤρεισε</span> <span class='ocrx_word' id='word_1_61' title='bbox 608 617 684 644; x_wconf 84' lang='grc' dir='ltr'>πόδα.</span> <span class='ocrx_word' id='word_1_62' title='bbox 702 617 768 643; x_wconf 80' lang='grc' dir='ltr'><strong>Οὐδὲ</strong></span> <span class='ocrx_word' id='word_1_63' title='bbox 779 617 833 652; x_wconf 73' lang='grc' dir='ltr'><strong>γὰρ</strong></span> <span class='ocrx_word' id='word_1_64' title='bbox 846 618 860 643; x_wconf 88' lang='grc' dir='ltr'><strong>ό</strong></span> <span class='ocrx_word' id='word_1_65' title='bbox 873 617 953 652; x_wconf 84' lang='grc' dir='ltr'>νόμος</span> <span class='ocrx_word' id='word_1_66' title='bbox 966 617 1015 651; x_wconf 84' lang='grc' dir='ltr'>τῆς</span> 
     </span>
    </p>
   </div>
   <div class='ocr_carea' id='block_1_10' title="bbox 233 661 1016 697">
    <p class='ocr_par' dir='ltr' id='par_1_10' title="bbox 233 661 1016 697">
     <span class='ocr_line' id='line_1_10' title="bbox 233 661 1016 697; baseline 0 -10"><span class='ocrx_word' id='word_1_67' title='bbox 233 662 336 696; x_wconf 68' lang='grc' dir='ltr'>φύσεως</span> <span class='ocrx_word' id='word_1_68' title='bbox 349 661 536 697; x_wconf 79' lang='grc' dir='ltr'><strong>καταδέχεται,</strong></span> <span class='ocrx_word' id='word_1_69' title='bbox 552 662 602 697; x_wconf 80' lang='grc' dir='ltr'>τὴν</span> <span class='ocrx_word' id='word_1_70' title='bbox 615 661 698 697; x_wconf 85' lang='grc' dir='ltr'>ὀργάν</span> <span class='ocrx_word' id='word_1_71' title='bbox 717 661 750 697; x_wconf 71' lang='grc' dir='ltr'><strong>[ί.</strong></span> <span class='ocrx_word' id='word_1_72' title='bbox 766 661 842 697; x_wconf 82' lang='grc' dir='ltr'>ὕλην]</span> <span class='ocrx_word' id='word_1_73' title='bbox 865 662 950 697; x_wconf 78' lang='grc' dir='ltr'>ὑγρὰν</span> <span class='ocrx_word' id='word_1_74' title='bbox 969 662 1016 688; x_wconf 78' lang='grc' dir='ltr'><strong>καὶ</strong></span> 
     </span>
    </p>
   </div>
   <div class='ocr_carea' id='block_1_11' title="bbox 230 707 1015 743">
    <p class='ocr_par' dir='ltr' id='par_1_11' title="bbox 230 707 1015 743">
     <span class='ocr_line' id='line_1_11' title="bbox 230 707 1015 743; baseline 0 -10"><span class='ocrx_word' id='word_1_75' title='bbox 230 707 353 742; x_wconf 65' lang='grc' dir='ltr'>ῥέουσαν,</span> <span class='ocrx_word' id='word_1_76' title='bbox 368 707 491 742; x_wconf 79' lang='grc' dir='ltr'><strong>ἀντέχειν</strong></span> <span class='ocrx_word' id='word_1_77' title='bbox 505 707 544 742; x_wconf 84' lang='grc' dir='ltr'>τῷ</span> <span class='ocrx_word' id='word_1_78' title='bbox 560 707 662 743; x_wconf 79' lang='grc' dir='ltr'>στερεῷ</span> <span class='ocrx_word' id='word_1_79' title='bbox 678 707 725 734; x_wconf 74' lang='grc' dir='ltr'><strong>καὶ</strong></span> <span class='ocrx_word' id='word_1_80' title='bbox 739 708 869 738; x_wconf 79' lang='grc' dir='ltr'>πιέζοντι.</span> <span class='ocrx_word' id='word_1_81' title='bbox 891 709 968 734; x_wconf 82' lang='grc' dir='ltr'>Δοκεῖ</span> <span class='ocrx_word' id='word_1_82' title='bbox 987 707 1015 733; x_wconf 81' lang='grc' dir='ltr'>δέ</span> 
     </span>
    </p>
   </div>
   <div class='ocr_carea' id='block_1_12' title="bbox 230 752 1016 788">
    <p class='ocr_par' dir='ltr' id='par_1_12' title="bbox 230 752 1016 788">
     <span class='ocr_line' id='line_1_12' title="bbox 230 752 1016 788; baseline 0.001 -10"><span class='ocrx_word' id='word_1_83' title='bbox 230 761 274 787; x_wconf 83' lang='grc' dir='ltr'><strong>μοι</strong></span> <span class='ocrx_word' id='word_1_84' title='bbox 287 753 301 778; x_wconf 83' lang='grc' dir='ltr'>ὁ</span> <span class='ocrx_word' id='word_1_85' title='bbox 315 752 368 778; x_wconf 85' lang='grc' dir='ltr'>τῶν</span> <span class='ocrx_word' id='word_1_86' title='bbox 382 753 449 779; x_wconf 80' lang='grc' dir='ltr'>ὅλων</span> <span class='ocrx_word' id='word_1_87' title='bbox 462 753 564 788; x_wconf 84' lang='grc' dir='ltr'>Κύριος</span> <span class='ocrx_word' id='word_1_88' title='bbox 577 754 624 780; x_wconf 78' lang='grc' dir='ltr'>καὶ</span> <span class='ocrx_word' id='word_1_89' title='bbox 640 754 793 788; x_wconf 75' lang='grc' dir='ltr'><strong>Δεσπότης,</strong></span> <span class='ocrx_word' id='word_1_90' title='bbox 815 753 1016 788; x_wconf 71' lang='grc' dir='ltr'>ὑπεραγασθεὶς</span> 
     </span>
    </p>
   </div>
   <div class='ocr_carea' id='block_1_13' title="bbox 231 798 1013 835">
    <p class='ocr_par' dir='ltr' id='par_1_13' title="bbox 231 798 1013 835">
     <span class='ocr_line' id='line_1_13' title="bbox 231 798 1013 835; baseline 0.001 -12"><span class='ocrx_word' id='word_1_91' title='bbox 231 798 380 833; x_wconf 81' lang='grc' dir='ltr'>τηνικαῦτα</span> <span class='ocrx_word' id='word_1_92' title='bbox 402 799 451 834; x_wconf 83' lang='grc' dir='ltr'>τὴν</span> <span class='ocrx_word' id='word_1_93' title='bbox 474 799 657 835; x_wconf 76' lang='grc' dir='ltr'>ὑπερζέουσαν</span> <span class='ocrx_word' id='word_1_94' title='bbox 673 800 719 826; x_wconf 77' lang='grc' dir='ltr'>τοῦ</span> <span class='ocrx_word' id='word_1_95' title='bbox 739 799 833 835; x_wconf 69' lang='grc' dir='ltr'>ἀνδρὸς</span> <span class='ocrx_word' id='word_1_96' title='bbox 856 799 1013 833; x_wconf 75' lang='grc' dir='ltr'><strong>ἐπιθυμίαν,</strong></span> 
     </span>
    </p>
   </div>
   <div class='ocr_carea' id='block_1_14' title="bbox 230 843 1014 881">
    <p class='ocr_par' dir='ltr' id='par_1_14' title="bbox 230 843 1014 881">
     <span class='ocr_line' id='line_1_14' title="bbox 230 843 1014 881; baseline 0 -10"><span class='ocrx_word' id='word_1_97' title='bbox 230 845 289 880; x_wconf 83' lang='grc' dir='ltr'>μεθ’</span> <span class='ocrx_word' id='word_1_98' title='bbox 307 843 341 880; x_wconf 86' lang='grc' dir='ltr'>ἦς</span> <span class='ocrx_word' id='word_1_99' title='bbox 361 845 494 881; x_wconf 77' lang='grc' dir='ltr'>ἐκέκραγε</span> <span class='ocrx_word' id='word_1_100' title='bbox 513 846 610 880; x_wconf 78' lang='grc' dir='ltr'>λέγων,</span> <span class='ocrx_word' id='word_1_101' title='bbox 626 847 780 874; x_wconf 84' lang='grc' dir='ltr'>Κέλευσόν</span> <span class='ocrx_word' id='word_1_102' title='bbox 795 855 832 881; x_wconf 80' lang='grc' dir='ltr'><strong>με</strong></span> <span class='ocrx_word' id='word_1_103' title='bbox 851 846 950 873; x_wconf 79' lang='grc' dir='ltr'><strong>ἐλθεῖν</strong></span> <span class='ocrx_word' id='word_1_104' title='bbox 965 846 1014 872; x_wconf 78' lang='grc' dir='ltr'><strong>ἐπὶ</strong></span> 
     </span>
    </p>
   </div>
   <div class='ocr_carea' id='block_1_15' title="bbox 228 891 1014 928">
    <p class='ocr_par' dir='ltr' id='par_1_15' title="bbox 228 891 1014 928">
     <span class='ocr_line' id='line_1_15' title="bbox 228 891 1014 928; baseline 0 -11"><span class='ocrx_word' id='word_1_105' title='bbox 228 891 281 918; x_wconf 80' lang='grc' dir='ltr'>τοῦ</span> <span class='ocrx_word' id='word_1_106' title='bbox 307 891 415 924; x_wconf 79' lang='grc' dir='ltr'>ὓδατος</span> <span class='ocrx_word' id='word_1_107' title='bbox 434 892 508 926; x_wconf 80' lang='grc' dir='ltr'>πρὸς</span> <span class='ocrx_word' id='word_1_108' title='bbox 535 892 588 924; x_wconf 81' lang='grc' dir='ltr'>σὲ,</span> <span class='ocrx_word' id='word_1_109' title='bbox 619 892 713 928; x_wconf 83' lang='grc' dir='ltr'>μισθδν</span> <span class='ocrx_word' id='word_1_110' title='bbox 735 891 808 927; x_wconf 78' lang='grc' dir='ltr'>αὐτῷ</span> <span class='ocrx_word' id='word_1_111' title='bbox 836 892 885 926; x_wconf 83' lang='grc' dir='ltr'>τῆς</span> <span class='ocrx_word' id='word_1_112' title='bbox 916 891 1014 925; x_wconf 79' lang='grc' dir='ltr'>πολλῆς</span> 
     </span>
    </p>
   </div>
   <div class='ocr_carea' id='block_1_16' title="bbox 229 937 1014 973">
    <p class='ocr_par' dir='ltr' id='par_1_16' title="bbox 229 937 1014 973">
     <span class='ocr_line' id='line_1_16' title="bbox 229 937 1014 973; baseline -0.001 -10"><span class='ocrx_word' id='word_1_113' title='bbox 229 937 338 972; x_wconf 71' lang='grc' dir='ltr'>ἀγάπης</span> <span class='ocrx_word' id='word_1_114' title='bbox 354 938 400 964; x_wconf 76' lang='grc' dir='ltr'>καὶ</span> <span class='ocrx_word' id='word_1_115' title='bbox 416 938 532 969; x_wconf 81' lang='grc' dir='ltr'>πίστεως</span> <span class='ocrx_word' id='word_1_116' title='bbox 544 958 551 970; x_wconf 82' lang='lat'><strong>,</strong></span> <span class='ocrx_word' id='word_1_117' title='bbox 571 938 677 973; x_wconf 73' lang='grc' dir='ltr'>ἐκείνην</span> <span class='ocrx_word' id='word_1_118' title='bbox 694 937 784 965; x_wconf 83' lang='grc' dir='ltr'>δοῦναι</span> <span class='ocrx_word' id='word_1_119' title='bbox 797 938 845 973; x_wconf 77' lang='grc' dir='ltr'><strong>τὴν</strong></span> <span class='ocrx_word' id='word_1_120' title='bbox 858 937 954 972; x_wconf 86' lang='grc' dir='ltr'>καινὴν</span> <span class='ocrx_word' id='word_1_121' title='bbox 968 937 1014 963; x_wconf 79' lang='grc' dir='ltr'><strong>καὶ</strong></span> 
     </span>
    </p>
   </div>
   <div class='ocr_carea' id='block_1_17' title="bbox 230 980 1012 1019">
    <p class='ocr_par' dir='ltr' id='par_1_17' title="bbox 230 980 1012 1019">
     <span class='ocr_line' id='line_1_17' title="bbox 230 980 1012 1019; baseline -0.003 -10"><span class='ocrx_word' id='word_1_122' title='bbox 230 982 379 1018; x_wconf 74' lang='grc' dir='ltr'>παράδοξον</span> <span class='ocrx_word' id='word_1_123' title='bbox 392 983 482 1019; x_wconf 87' lang='grc' dir='ltr'>χάριν,</span> <span class='ocrx_word' id='word_1_124' title='bbox 500 980 533 1019; x_wconf 80' lang='grc' dir='ltr'>ἦς</span> <span class='ocrx_word' id='word_1_125' title='bbox 554 983 655 1018; x_wconf 83' lang='grc' dir='ltr'><strong>Πέτρος</strong></span> <span class='ocrx_word' id='word_1_126' title='bbox 673 983 760 1018; x_wconf 82' lang='grc' dir='ltr'>ἐφάνη</span> <span class='ocrx_word' id='word_1_127' title='bbox 778 982 899 1014; x_wconf 80' lang='grc' dir='ltr'>δεκτικὸς</span> <span class='ocrx_word' id='word_1_128' title='bbox 924 981 1012 1016; x_wconf 74' lang='grc' dir='ltr'>μόνος,</span> 
     </span>
    </p>
   </div>
   <div class='ocr_carea' id='block_1_18' title="bbox 229 1028 1014 1065">
    <p class='ocr_par' dir='ltr' id='par_1_18' title="bbox 229 1028 1014 1065">
     <span class='ocr_line' id='line_1_18' title="bbox 229 1028 1014 1065; baseline -0.001 -10"><span class='ocrx_word' id='word_1_129' title='bbox 229 1029 283 1055; x_wconf 75' lang='grc' dir='ltr'>ἀπὸ</span> <span class='ocrx_word' id='word_1_130' title='bbox 297 1029 351 1055; x_wconf 84' lang='grc' dir='ltr'><strong>τῶν</strong></span> <span class='ocrx_word' id='word_1_131' title='bbox 368 1029 397 1062; x_wconf 80' lang='grc' dir='ltr'>ἐξ</span> <span class='ocrx_word' id='word_1_132' title='bbox 419 1029 504 1064; x_wconf 72' lang='grc' dir='ltr'><strong>Ἀδὰμ</strong></span> <span class='ocrx_word' id='word_1_133' title='bbox 517 1030 563 1056; x_wconf 80' lang='grc' dir='ltr'><strong>καὶ</strong></span> <span class='ocrx_word' id='word_1_134' title='bbox 580 1030 659 1065; x_wconf 85' lang='grc' dir='ltr'>μέχρι</span> <span class='ocrx_word' id='word_1_135' title='bbox 675 1029 766 1060; x_wconf 80' lang='grc' dir='ltr'>τέλους</span> <span class='ocrx_word' id='word_1_136' title='bbox 783 1028 944 1064; x_wconf 82' lang='grc' dir='ltr'>ἀνθρώπων.</span> <span class='ocrx_word' id='word_1_137' title='bbox 960 1028 1014 1054; x_wconf 81' lang='grc' dir='ltr'>Καὶ</span> 
     </span>
    </p>
   </div>
   <div class='ocr_carea' id='block_1_19' title="bbox 234 1072 1014 1110">
    <p class='ocr_par' dir='ltr' id='par_1_19' title="bbox 234 1072 1014 1110">
     <span class='ocr_line' id='line_1_19' title="bbox 234 1072 1014 1110; baseline -0.003 -10"><span class='ocrx_word' id='word_1_138' title='bbox 234 1073 283 1110; x_wconf 63' lang='grc' dir='ltr'>γὰρ</span> <span class='ocrx_word' id='word_1_139' title='bbox 298 1074 399 1110; x_wconf 74' lang='grc' dir='ltr'>ἀληθὴς</span> <span class='ocrx_word' id='word_1_140' title='bbox 408 1075 462 1101; x_wconf 68' lang='grc' dir='ltr'>’καὶ</span> <span class='ocrx_word' id='word_1_141' title='bbox 480 1074 618 1110; x_wconf 76' lang='grc' dir='ltr'>ἐξαίρετος</span> <span class='ocrx_word' id='word_1_142' title='bbox 631 1074 679 1101; x_wconf 77' lang='grc' dir='ltr'>τοῦ</span> <span class='ocrx_word' id='word_1_143' title='bbox 693 1074 759 1100; x_wconf 83' lang='grc' dir='ltr'>Θεοῦ</span> <span class='ocrx_word' id='word_1_144' title='bbox 772 1094 779 1106; x_wconf 88' lang='grc'><strong>,</strong></span> <span class='ocrx_word' id='word_1_145' title='bbox 826 1074 876 1108; x_wconf 77' lang='grc' dir='ltr'><strong>τῆς</strong></span> <span class='ocrx_word' id='word_1_146' title='bbox 888 1072 1014 1107; x_wconf 73' lang='grc' dir='ltr'>τοιαύτης</span> 
     </span>
    </p>
   </div>
   <div class='ocr_carea' id='block_1_20' title="bbox 231 1112 1015 1155">
    <p class='ocr_par' dir='ltr' id='par_1_20' title="bbox 231 1112 1015 1155">
     <span class='ocr_line' id='line_1_20' title="bbox 231 1112 1015 1155; baseline -0.003 -9"><span class='ocrx_word' id='word_1_147' title='bbox 231 1120 431 1155; x_wconf 79' lang='grc' dir='ltr'><strong>μεγαλουργίας</strong></span> <span class='ocrx_word' id='word_1_148' title='bbox 443 1120 581 1153; x_wconf 76' lang='grc' dir='ltr'>ἐπίδειξις,</span> <span class='ocrx_word' id='word_1_149' title='bbox 597 1120 767 1155; x_wconf 77' lang='grc' dir='ltr'>ὑπερέχουσα</span> <span class='ocrx_word' id='word_1_150' title='bbox 778 1120 827 1154; x_wconf 82' lang='grc' dir='ltr'>τὴν</span> <span class='ocrx_word' id='word_1_151' title='bbox 840 1112 1015 1153; x_wconf 13' lang='grc' dir='ltr'>τῆςςκτίσεως</span> 
     </span>
    </p>
   </div>
   <div class='ocr_carea' id='block_1_21' title="bbox 229 1163 1016 1202">
    <p class='ocr_par' dir='ltr' id='par_1_21' title="bbox 229 1163 1016 1202">
     <span class='ocr_line' id='line_1_21' title="bbox 229 1163 1016 1202; baseline -0.004 -10"><span class='ocrx_word' id='word_1_152' title='bbox 229 1166 420 1202; x_wconf 77' lang='grc' dir='ltr'><strong>ταπεινότητα,</strong></span> <span class='ocrx_word' id='word_1_153' title='bbox 434 1165 524 1197; x_wconf 83' lang='grc' dir='ltr'>καθὼς</span> <span class='ocrx_word' id='word_1_154' title='bbox 536 1166 582 1192; x_wconf 75' lang='grc' dir='ltr'>καὶ</span> <span class='ocrx_word' id='word_1_155' title='bbox 595 1165 634 1201; x_wconf 85' lang='grc' dir='ltr'>τῷ</span> <span class='ocrx_word' id='word_1_156' title='bbox 649 1165 730 1191; x_wconf 75' lang='grc' dir='ltr'>Δαϐὶδ</span> <span class='ocrx_word' id='word_1_157' title='bbox 743 1165 817 1192; x_wconf 85' lang='grc' dir='ltr'>δοκεῖ</span> <span class='ocrx_word' id='word_1_158' title='bbox 831 1164 869 1199; x_wconf 84' lang='grc' dir='ltr'>τῷ</span> <span class='ocrx_word' id='word_1_159' title='bbox 886 1163 1016 1199; x_wconf 81' lang='grc' dir='ltr'><strong>βελτίστῳ</strong></span> 
     </span>
    </p>
   </div>
   <div class='ocr_carea' id='block_1_22' title="bbox 229 1211 1015 1248">
    <p class='ocr_par' dir='ltr' id='par_1_22' title="bbox 229 1211 1015 1248">
     <span class='ocr_line' id='line_1_22' title="bbox 229 1211 1015 1248; baseline -0.003 -9"><span class='ocrx_word' id='word_1_160' title='bbox 229 1213 282 1239; x_wconf 79' lang='grc' dir='ltr'><strong>τῶν</strong></span> <span class='ocrx_word' id='word_1_161' title='bbox 302 1212 459 1248; x_wconf 64' lang='grc' dir='ltr'>προφητῶν.</span> <span class='ocrx_word' id='word_1_162' title='bbox 480 1213 612 1244; x_wconf 84' lang='grc' dir='ltr'>Κάκεῖνος</span> <span class='ocrx_word' id='word_1_163' title='bbox 630 1212 684 1248; x_wconf 78' lang='grc' dir='ltr'><strong>γὰρ</strong></span> <span class='ocrx_word' id='word_1_164' title='bbox 702 1212 730 1238; x_wconf 82' lang='grc' dir='ltr'>ἕν</span> <span class='ocrx_word' id='word_1_165' title='bbox 752 1221 804 1238; x_wconf 90' lang='grc' dir='ltr'>τινι</span> <span class='ocrx_word' id='word_1_166' title='bbox 825 1212 878 1238; x_wconf 85' lang='grc' dir='ltr'><strong>τῶν</strong></span> <span class='ocrx_word' id='word_1_167' title='bbox 899 1211 1015 1246; x_wconf 74' lang='grc' dir='ltr'>ψαλμῶν</span> 
     </span>
    </p>
   </div>
   <div class='ocr_carea' id='block_1_23' title="bbox 230 1257 1014 1294">
    <p class='ocr_par' dir='ltr' id='par_1_23' title="bbox 230 1257 1014 1294">
     <span class='ocr_line' id='line_1_23' title="bbox 230 1257 1014 1294; baseline -0.001 -10"><span class='ocrx_word' id='word_1_168' title='bbox 230 1258 356 1293; x_wconf 85' lang='grc' dir='ltr'>ἁνυμνῶν</span> <span class='ocrx_word' id='word_1_169' title='bbox 369 1258 414 1284; x_wconf 64' lang='grc' dir='ltr'>τὸν</span> <span class='ocrx_word' id='word_1_170' title='bbox 425 1258 501 1291; x_wconf 74' lang='grc' dir='ltr'>Θεὸν,</span> <span class='ocrx_word' id='word_1_171' title='bbox 520 1259 566 1284; x_wconf 74' lang='grc' dir='ltr'>καὶ</span> <span class='ocrx_word' id='word_1_172' title='bbox 576 1259 624 1294; x_wconf 79' lang='grc' dir='ltr'>τὴν</span> <span class='ocrx_word' id='word_1_173' title='bbox 635 1259 737 1292; x_wconf 78' lang='grc' dir='ltr'>ἄφατον</span> <span class='ocrx_word' id='word_1_174' title='bbox 753 1257 835 1284; x_wconf 75' lang='grc' dir='ltr'>αὐτοῦ</span> <span class='ocrx_word' id='word_1_175' title='bbox 851 1258 897 1284; x_wconf 72' lang='grc' dir='ltr'>καὶ</span> <span class='ocrx_word' id='word_1_176' title='bbox 918 1257 1014 1292; x_wconf 81' lang='grc' dir='ltr'>ἀπερι-</span> 
     </span>
    </p>
   </div>
   <div class='ocr_carea' id='block_1_24' title="bbox 229 1299 1007 1338">
    <p class='ocr_par' dir='ltr' id='par_1_24' title="bbox 229 1299 1007 1338">
     <span class='ocr_line' id='line_1_24' title="bbox 229 1299 1007 1338; baseline -0.004 -9"><span class='ocrx_word' id='word_1_177' title='bbox 229 1303 324 1338; x_wconf 82' lang='grc' dir='ltr'>νόητον</span> <span class='ocrx_word' id='word_1_178' title='bbox 343 1302 524 1338; x_wconf 78' lang='grc' dir='ltr'>ἐξηγούμενος</span> <span class='ocrx_word' id='word_1_179' title='bbox 542 1302 672 1337; x_wconf 83' lang='grc' dir='ltr'>δύναμιν,</span> <span class='ocrx_word' id='word_1_180' title='bbox 691 1301 766 1328; x_wconf 82' lang='grc' dir='ltr'>ταῦτ’</span> <span class='ocrx_word' id='word_1_181' title='bbox 789 1299 878 1333; x_wconf 80' lang='grc' dir='ltr'>εἶπεν,</span> <span class='ocrx_word' id='word_1_182' title='bbox 900 1301 917 1327; x_wconf 82' lang='grc' dir='ltr'>ἂ</span> <span class='ocrx_word' id='word_1_183' title='bbox 945 1309 1007 1326; x_wconf 88' lang='grc' dir='ltr'>συν-</span> 
     </span>
    </p>
   </div>
   <div class='ocr_carea' id='block_1_25' title="bbox 230 1346 1015 1384">
    <p class='ocr_par' dir='ltr' id='par_1_25' title="bbox 230 1346 1015 1384">
     <span class='ocr_line' id='line_1_25' title="bbox 230 1346 1015 1384; baseline -0.003 -10"><span class='ocrx_word' id='word_1_184' title='bbox 230 1349 303 1383; x_wconf 66' lang='grc' dir='ltr'>ήθως</span> <span class='ocrx_word' id='word_1_185' title='bbox 321 1348 501 1384; x_wconf 76' lang='grc' dir='ltr'>μελῳδοῦντες</span> <span class='ocrx_word' id='word_1_186' title='bbox 513 1347 663 1384; x_wconf 81' lang='grc' dir='ltr'>γνωρίζετε</span> <span class='ocrx_word' id='word_1_187' title='bbox 674 1357 680 1362; x_wconf 92' lang='grc'><strong>·</strong></span> <span class='ocrx_word' id='word_1_188' title='bbox 703 1349 754 1374; x_wconf 82' lang='grc' dir='ltr'><strong>Ἑν</strong></span> <span class='ocrx_word' id='word_1_189' title='bbox 764 1347 904 1381; x_wconf 78' lang='grc' dir='ltr'><strong>θαλάσσῃ</strong></span> <span class='ocrx_word' id='word_1_190' title='bbox 917 1347 936 1380; x_wconf 81' lang='grc' dir='ltr'><em>ἠ</em></span> <span class='ocrx_word' id='word_1_191' title='bbox 947 1346 1015 1379; x_wconf 70' lang='grc' dir='ltr'>ὁδός</span> 
     </span>
    </p>
   </div>
   <div class='ocr_carea' id='block_1_26' title="bbox 229 1391 1016 1428">
    <p class='ocr_par' dir='ltr' id='par_1_26' title="bbox 229 1391 1016 1428">
     <span class='ocr_line' id='line_1_26' title="bbox 229 1391 1016 1428; baseline -0.004 -6"><span class='ocrx_word' id='word_1_192' title='bbox 229 1403 298 1426; x_wconf 79' lang='grc' dir='ltr'>σου,</span> <span class='ocrx_word' id='word_1_193' title='bbox 314 1394 364 1422; x_wconf 73' lang='grc' dir='ltr'>καὶ</span> <span class='ocrx_word' id='word_1_194' title='bbox 383 1396 411 1421; x_wconf 83' lang='lat' dir='ltr'><strong>al</strong></span> <span class='ocrx_word' id='word_1_195' title='bbox 425 1395 516 1428; x_wconf 69' lang='grc' dir='ltr'>τι)ίῦοι</span> <span class='ocrx_word' id='word_1_196' title='bbox 536 1402 594 1421; x_wconf 81' lang='grc' dir='ltr'><strong>σου</strong></span> <span class='ocrx_word' id='word_1_197' title='bbox 609 1395 644 1421; x_wconf 78' lang='grc' dir='ltr'><em>ὲν</em></span> <span class='ocrx_word' id='word_1_198' title='bbox 662 1394 751 1421; x_wconf 76' lang='grc' dir='ltr'>ὕδασι</span> <span class='ocrx_word' id='word_1_199' title='bbox 766 1393 902 1426; x_wconf 70' lang='grc' dir='ltr'>πολλοῖς,</span> <span class='ocrx_word' id='word_1_200' title='bbox 919 1391 1016 1419; x_wconf 78' lang='grc' dir='ltr'>καὶτὰ</span> 
     </span>
    </p>
   </div>
   <div class='ocr_carea' id='block_1_27' title="bbox 232 1437 1016 1475">
    <p class='ocr_par' dir='ltr' id='par_1_27' title="bbox 232 1437 1016 1475">
     <span class='ocr_line' id='line_1_27' title="bbox 232 1437 1016 1475; baseline -0.004 -8"><span class='ocrx_word' id='word_1_201' title='bbox 232 1442 302 1475; x_wconf 57' lang='lat' dir='ltr'><strong>lxi-11</strong></span> <span class='ocrx_word' id='word_1_202' title='bbox 324 1449 382 1468; x_wconf 83' lang='grc' dir='ltr'><strong>σου</strong></span> <span class='ocrx_word' id='word_1_203' title='bbox 402 1441 437 1467; x_wconf 83' lang='grc' dir='ltr'>οὐ</span> <span class='ocrx_word' id='word_1_204' title='bbox 451 1440 667 1474; x_wconf 72' lang='grc' dir='ltr'>γνωσθήσεται.</span> <span class='ocrx_word' id='word_1_205' title='bbox 684 1442 716 1466; x_wconf 84' lang='grc' dir='ltr'><strong>Ὃ</strong></span> <span class='ocrx_word' id='word_1_206' title='bbox 733 1440 822 1466; x_wconf 84' lang='grc' dir='ltr'>τοίνυν</span> <span class='ocrx_word' id='word_1_207' title='bbox 837 1437 908 1474; x_wconf 80' lang='grc' dir='ltr'>εἶχεν</span> <span class='ocrx_word' id='word_1_208' title='bbox 943 1439 956 1464; x_wconf 88' lang='grc' dir='ltr'><strong>ό</strong></span> <span class='ocrx_word' id='word_1_209' title='bbox 973 1440 1016 1464; x_wconf 83' lang='grc' dir='ltr'><strong>Δε-</strong></span> 
     </span>
    </p>
   </div>
   <div class='ocr_carea' id='block_1_28' title="bbox 234 1485 1015 1521">
    <p class='ocr_par' dir='ltr' id='par_1_28' title="bbox 234 1485 1015 1521">
     <span class='ocr_line' id='line_1_28' title="bbox 234 1485 1015 1521; baseline -0.003 -8"><span class='ocrx_word' id='word_1_210' title='bbox 234 1487 335 1521; x_wconf 82' lang='grc' dir='ltr'>σπότης</span> <span class='ocrx_word' id='word_1_211' title='bbox 352 1488 380 1513; x_wconf 78' lang='grc' dir='ltr'><strong>ὲν</strong></span> <span class='ocrx_word' id='word_1_212' title='bbox 391 1488 446 1518; x_wconf 86' lang='grc' dir='ltr'>τοῖς</span> <span class='ocrx_word' id='word_1_213' title='bbox 460 1487 509 1521; x_wconf 82' lang='grc' dir='ltr'>τῆς</span> <span class='ocrx_word' id='word_1_214' title='bbox 526 1485 651 1521; x_wconf 82' lang='grc' dir='ltr'>θεότητος</span> <span class='ocrx_word' id='word_1_215' title='bbox 670 1486 818 1520; x_wconf 74' lang='grc' dir='ltr'>ἐξαιρέτοις</span> <span class='ocrx_word' id='word_1_216' title='bbox 830 1486 1015 1521; x_wconf 80' lang='grc' dir='ltr'>γνωρίσμασι,</span> 
     </span>
    </p>
   </div>
   <div class='ocr_carea' id='block_1_29' title="bbox 235 1531 1017 1568">
    <p class='ocr_par' dir='ltr' id='par_1_29' title="bbox 235 1531 1017 1568">
     <span class='ocr_line' id='line_1_29' title="bbox 235 1531 1017 1568; baseline -0.001 -9"><span class='ocrx_word' id='word_1_217' title='bbox 235 1533 309 1560; x_wconf 67' lang='grc' dir='ltr'>τοῦτο</span> <span class='ocrx_word' id='word_1_218' title='bbox 322 1532 409 1559; x_wconf 83' lang='grc' dir='ltr'>κοινὸν</span> <span class='ocrx_word' id='word_1_219' title='bbox 420 1533 566 1567; x_wconf 72' lang='grc' dir='ltr'>ἐποιήσατο</span> <span class='ocrx_word' id='word_1_220' title='bbox 579 1532 645 1568; x_wconf 88' lang='grc' dir='ltr'>πρὸς</span> <span class='ocrx_word' id='word_1_221' title='bbox 658 1532 704 1559; x_wconf 79' lang='grc' dir='ltr'><strong>τὸν</strong></span> <span class='ocrx_word' id='word_1_222' title='bbox 717 1532 824 1564; x_wconf 78' lang='grc' dir='ltr'>δοῦλον,</span> <span class='ocrx_word' id='word_1_223' title='bbox 837 1531 911 1565; x_wconf 80' lang='grc' dir='ltr'>ἀξιον</span> <span class='ocrx_word' id='word_1_224' title='bbox 922 1531 1017 1567; x_wconf 80' lang='grc' dir='ltr'>κρίνας</span> 
     </span>
    </p>
   </div>
   <div class='ocr_carea' id='block_1_30' title="bbox 235 1577 990 1614">
    <p class='ocr_par' dir='ltr' id='par_1_30' title="bbox 235 1577 990 1614">
     <span class='ocr_line' id='line_1_30' title="bbox 235 1577 990 1614; baseline -0.004 -8"><span class='ocrx_word' id='word_1_225' title='bbox 235 1579 281 1614; x_wconf 73' lang='grc' dir='ltr'><strong>τῆς</strong></span> <span class='ocrx_word' id='word_1_226' title='bbox 295 1577 428 1613; x_wconf 82' lang='grc' dir='ltr'>τοσαύτης</span> <span class='ocrx_word' id='word_1_227' title='bbox 442 1578 534 1614; x_wconf 82' lang='grc' dir='ltr'>τιμῆς.</span> <span class='ocrx_word' id='word_1_228' title='bbox 986 1583 990 1589; x_wconf 90' lang='grc'><strong>··</strong></span> 
     </span>
    </p>
   </div>
   <div class='ocr_carea' id='block_1_31' title="bbox 266 1622 1016 1661">
    <p class='ocr_par' dir='ltr' id='par_1_31' title="bbox 266 1622 1016 1661">
     <span class='ocr_line' id='line_1_31' title="bbox 266 1622 1016 1661; baseline -0.004 -8"><span class='ocrx_word' id='word_1_229' title='bbox 266 1625 388 1661; x_wconf 81' lang='grc' dir='ltr'>Ζηλωτὸς</span> <span class='ocrx_word' id='word_1_230' title='bbox 401 1625 450 1661; x_wconf 85' lang='grc' dir='ltr'><strong>μὲν</strong></span> <span class='ocrx_word' id='word_1_231' title='bbox 467 1622 515 1661; x_wconf 75' lang='grc' dir='ltr'><strong>οὖν</strong></span> <span class='ocrx_word' id='word_1_232' title='bbox 531 1625 578 1651; x_wconf 72' lang='grc' dir='ltr'><strong>καὶ</strong></span> <span class='ocrx_word' id='word_1_233' title='bbox 596 1624 682 1660; x_wconf 84' lang='grc' dir='ltr'>μέγας</span> <span class='ocrx_word' id='word_1_234' title='bbox 696 1624 831 1659; x_wconf 77' lang='grc' dir='ltr'>Ἰωάννης,</span> <span class='ocrx_word' id='word_1_235' title='bbox 844 1625 889 1650; x_wconf 76' lang='grc' dir='ltr'><strong>ἐπὶ</strong></span> <span class='ocrx_word' id='word_1_236' title='bbox 905 1623 958 1650; x_wconf 87' lang='grc' dir='ltr'>τῶν</span> <span class='ocrx_word' id='word_1_237' title='bbox 970 1623 1016 1650; x_wconf 83' lang='grc' dir='ltr'>τοῦ</span> 
     </span>
    </p>
   </div>
   <div class='ocr_carea' id='block_1_32' title="bbox 234 1671 1017 1707">
    <p class='ocr_par' dir='ltr' id='par_1_32' title="bbox 234 1671 1017 1707">
     <span class='ocr_line' id='line_1_32' title="bbox 234 1671 1017 1707; baseline -0.001 -9"><span class='ocrx_word' id='word_1_238' title='bbox 234 1672 334 1707; x_wconf 81' lang='grc' dir='ltr'>Κυρίου</span> <span class='ocrx_word' id='word_1_239' title='bbox 349 1671 465 1706; x_wconf 77' lang='grc' dir='ltr'>στέρνων</span> <span class='ocrx_word' id='word_1_240' title='bbox 479 1671 698 1706; x_wconf 73' lang='grc' dir='ltr'>ἀναπαυόμενος·</span> <span class='ocrx_word' id='word_1_241' title='bbox 718 1671 804 1706; x_wconf 80' lang='grc' dir='ltr'>μέγας</span> <span class='ocrx_word' id='word_1_242' title='bbox 818 1671 864 1697; x_wconf 77' lang='grc' dir='ltr'>καὶ</span> <span class='ocrx_word' id='word_1_243' title='bbox 881 1671 1017 1703; x_wconf 77' lang='grc' dir='ltr'>Ἰάκωϐος,</span> 
     </span>
    </p>
   </div>
   <div class='ocr_carea' id='block_1_33' title="bbox 235 1716 1018 1752">
    <p class='ocr_par' dir='ltr' id='par_1_33' title="bbox 235 1716 1018 1752">
     <span class='ocr_line' id='line_1_33' title="bbox 235 1716 1018 1752; baseline 0 -10"><span class='ocrx_word' id='word_1_244' title='bbox 235 1717 268 1749; x_wconf 61' lang='grc' dir='ltr'>ὣς</span> <span class='ocrx_word' id='word_1_245' title='bbox 285 1717 342 1748; x_wconf 83' lang='grc' dir='ltr'>υἱὸς</span> <span class='ocrx_word' id='word_1_246' title='bbox 357 1716 518 1751; x_wconf 77' lang='grc' dir='ltr'>όνομασθεὶς</span> <span class='ocrx_word' id='word_1_247' title='bbox 528 1716 641 1752; x_wconf 76' lang='grc' dir='ltr'>βροντῆς</span> <span class='ocrx_word' id='word_1_248' title='bbox 650 1724 656 1730; x_wconf 94' lang='grc'><strong>·</strong></span> <span class='ocrx_word' id='word_1_249' title='bbox 669 1717 793 1751; x_wconf 78' lang='grc' dir='ltr'>λαμπρὸς</span> <span class='ocrx_word' id='word_1_250' title='bbox 810 1717 839 1742; x_wconf 79' lang='grc' dir='ltr'>ἐν</span> <span class='ocrx_word' id='word_1_251' title='bbox 851 1718 912 1748; x_wconf 87' lang='grc' dir='ltr'>ταῖς</span> <span class='ocrx_word' id='word_1_252' title='bbox 925 1718 1018 1751; x_wconf 79' lang='grc' dir='ltr'>τιμαῖς</span> 
     </span>
    </p>
   </div>
   <div class='ocr_carea' id='block_1_34' title="bbox 234 1761 1018 1797">
    <p class='ocr_par' dir='ltr' id='par_1_34' title="bbox 234 1761 1018 1797">
     <span class='ocr_line' id='line_1_34' title="bbox 234 1761 1018 1797; baseline -0.003 -7"><span class='ocrx_word' id='word_1_253' title='bbox 234 1763 279 1790; x_wconf 68' lang='grc' dir='ltr'><strong>καὶ</strong></span> <span class='ocrx_word' id='word_1_254' title='bbox 291 1764 305 1789; x_wconf 88' lang='grc' dir='ltr'>ὁ</span> <span class='ocrx_word' id='word_1_255' title='bbox 317 1762 460 1794; x_wconf 79' lang='grc' dir='ltr'>Φίλιππος,</span> <span class='ocrx_word' id='word_1_256' title='bbox 474 1761 511 1793; x_wconf 88' lang='grc' dir='ltr'>ὡς</span> <span class='ocrx_word' id='word_1_257' title='bbox 528 1762 602 1797; x_wconf 78' lang='grc' dir='ltr'>παρὰ</span> <span class='ocrx_word' id='word_1_258' title='bbox 618 1761 666 1787; x_wconf 75' lang='grc' dir='ltr'><strong>τοῦ</strong></span> <span class='ocrx_word' id='word_1_259' title='bbox 682 1762 842 1796; x_wconf 82' lang='grc' dir='ltr'>Πνεύματος</span> <span class='ocrx_word' id='word_1_260' title='bbox 857 1762 1018 1797; x_wconf 75' lang='grc' dir='ltr'>ἁρπασθεὶς,</span> 
     </span>
    </p>
   </div>
   <div class='ocr_carea' id='block_1_35' title="bbox 235 1805 1019 1844">
    <p class='ocr_par' dir='ltr' id='par_1_35' title="bbox 235 1805 1019 1844">
     <span class='ocr_line' id='line_1_35' title="bbox 235 1805 1019 1844; baseline -0.003 -9"><span class='ocrx_word' id='word_1_261' title='bbox 235 1808 315 1844; x_wconf 73' lang='grc' dir='ltr'>ἡνίκα</span> <span class='ocrx_word' id='word_1_262' title='bbox 329 1808 374 1834; x_wconf 80' lang='grc' dir='ltr'>τὸν</span> <span class='ocrx_word' id='word_1_263' title='bbox 387 1807 502 1833; x_wconf 76' lang='grc' dir='ltr'>Αἰθίοπα</span> <span class='ocrx_word' id='word_1_264' title='bbox 519 1807 587 1842; x_wconf 82' lang='grc' dir='ltr'>πρὸς</span> <span class='ocrx_word' id='word_1_265' title='bbox 600 1805 648 1841; x_wconf 75' lang='grc' dir='ltr'>τὴν</span> <span class='ocrx_word' id='word_1_266' title='bbox 671 1806 818 1840; x_wconf 77' lang='grc' dir='ltr'>ἐπίγνωσιν</span> <span class='ocrx_word' id='word_1_267' title='bbox 831 1807 879 1832; x_wconf 83' lang='grc' dir='ltr'>τοῦ</span> <span class='ocrx_word' id='word_1_268' title='bbox 896 1807 1019 1841; x_wconf 79' lang='grc' dir='ltr'>Σωτῆρος</span> 
     </span>
    </p>
   </div>
   <div class='ocr_carea' id='block_1_36' title="bbox 234 1852 1019 1889">
    <p class='ocr_par' dir='ltr' id='par_1_36' title="bbox 234 1852 1019 1889">
     <span class='ocr_line' id='line_1_36' title="bbox 234 1852 1019 1889; baseline -0.004 -8"><span class='ocrx_word' id='word_1_269' title='bbox 234 1853 481 1889; x_wconf 70' lang='grc' dir='ltr'>ἐμυσταγώγησενθ</span> <span class='ocrx_word' id='word_1_270' title='bbox 506 1852 563 1879; x_wconf 81' lang='grc' dir='ltr'>ἀλλ’</span> <span class='ocrx_word' id='word_1_271' title='bbox 586 1852 662 1888; x_wconf 80' lang='grc' dir='ltr'>ὅμως</span> <span class='ocrx_word' id='word_1_272' title='bbox 689 1854 713 1878; x_wconf 72' lang='grc' dir='ltr'>οἱ</span> <span class='ocrx_word' id='word_1_273' title='bbox 740 1853 839 1884; x_wconf 77' lang='grc' dir='ltr'>πάντες</span> <span class='ocrx_word' id='word_1_274' title='bbox 870 1852 1019 1888; x_wconf 69' lang='grc' dir='ltr'>ὑποχωρεῖ-</span> 
     </span>
    </p>
   </div>
   <div class='ocr_carea' id='block_1_37' title="bbox 237 1897 1019 1934">
    <p class='ocr_par' dir='ltr' id='par_1_37' title="bbox 237 1897 1019 1934">
     <span class='ocr_line' id='line_1_37' title="bbox 237 1897 1019 1934; baseline -0.004 -8"><span class='ocrx_word' id='word_1_275' title='bbox 237 1908 320 1926; x_wconf 77' lang='grc' dir='ltr'>εωσαν</span> <span class='ocrx_word' id='word_1_276' title='bbox 340 1899 446 1934; x_wconf 78' lang='grc' dir='ltr'>Πέτρῳ,</span> <span class='ocrx_word' id='word_1_277' title='bbox 463 1898 511 1924; x_wconf 73' lang='grc' dir='ltr'><strong>καὶ</strong></span> <span class='ocrx_word' id='word_1_278' title='bbox 529 1897 698 1933; x_wconf 84' lang='grc' dir='ltr'>δευτερεύειν</span> <span class='ocrx_word' id='word_1_279' title='bbox 713 1897 938 1932; x_wconf 76' lang='grc' dir='ltr'>ὁμολογείτωσαν,</span> <span class='ocrx_word' id='word_1_280' title='bbox 955 1897 1019 1924; x_wconf 82' lang='grc' dir='ltr'>ὅταν</span> 
     </span>
    </p>
   </div>
   <div class='ocr_carea' id='block_1_38' title="bbox 235 1942 1020 1980">
    <p class='ocr_par' dir='ltr' id='par_1_38' title="bbox 235 1942 1020 1980">
     <span class='ocr_line' id='line_1_38' title="bbox 235 1942 1020 1980; baseline -0.005 -8"><span class='ocrx_word' id='word_1_281' title='bbox 235 1947 249 1980; x_wconf 82' lang='grc' dir='ltr'>ἡ</span> <span class='ocrx_word' id='word_1_282' title='bbox 265 1945 319 1972; x_wconf 85' lang='grc' dir='ltr'><strong>τῶν</strong></span> <span class='ocrx_word' id='word_1_283' title='bbox 343 1943 521 1980; x_wconf 80' lang='grc' dir='ltr'>χαρισμάτων</span> <span class='ocrx_word' id='word_1_284' title='bbox 546 1943 689 1979; x_wconf 83' lang='grc' dir='ltr'>σύγκρισις</span> <span class='ocrx_word' id='word_1_285' title='bbox 716 1942 850 1978; x_wconf 81' lang='grc' dir='ltr'>δοκιμάζῃ</span> <span class='ocrx_word' id='word_1_286' title='bbox 864 1943 909 1968; x_wconf 76' lang='grc' dir='ltr'>τὸν</span> <span class='ocrx_word' id='word_1_287' title='bbox 925 1951 1020 1978; x_wconf 73' lang='grc' dir='ltr'>προτι-</span> 
     </span>
    </p>
   </div>
   <div class='ocr_carea' id='block_1_39' title="bbox 233 1989 1020 2028">
    <p class='ocr_par' dir='ltr' id='par_1_39' title="bbox 233 1989 1020 2028">
     <span class='ocr_line' id='line_1_39' title="bbox 233 1989 1020 2028; baseline -0.003 -10"><span class='ocrx_word' id='word_1_288' title='bbox 233 1992 357 2028; x_wconf 75' lang='grc' dir='ltr'>μότερον.</span> <span class='ocrx_word' id='word_1_289' title='bbox 387 1990 562 2026; x_wconf 86' lang='grc' dir='ltr'>’Λναθεωρῶν</span> <span class='ocrx_word' id='word_1_290' title='bbox 590 1989 620 2016; x_wconf 75' lang='grc' dir='ltr'><strong>δὲ</strong></span> <span class='ocrx_word' id='word_1_291' title='bbox 644 1990 734 2017; x_wconf 82' lang='grc' dir='ltr'>πάντα</span> <span class='ocrx_word' id='word_1_292' title='bbox 759 1990 794 2016; x_wconf 82' lang='grc' dir='ltr'><strong>τά</strong></span> <span class='ocrx_word' id='word_1_293' title='bbox 824 1989 884 2016; x_wconf 75' lang='grc' dir='ltr'>καθ’</span> <span class='ocrx_word' id='word_1_294' title='bbox 908 1990 1020 2016; x_wconf 79' lang='grc' dir='ltr'>ἕκαστον</span> 
     </span>
    </p>
   </div>
   <div class='ocr_carea' id='block_1_40' title="bbox 235 2035 1020 2072">
    <p class='ocr_par' dir='ltr' id='par_1_40' title="bbox 235 2035 1020 2072">
     <span class='ocr_line' id='line_1_40' title="bbox 235 2035 1020 2072; baseline -0.004 -8"><span class='ocrx_word' id='word_1_295' title='bbox 235 2038 281 2065; x_wconf 72' lang='grc' dir='ltr'><strong>καὶ</strong></span> <span class='ocrx_word' id='word_1_296' title='bbox 297 2037 492 2072; x_wconf 83' lang='grc' dir='ltr'>σκοπούμενος,</span> <span class='ocrx_word' id='word_1_297' title='bbox 510 2036 630 2072; x_wconf 77' lang='grc' dir='ltr'>εὑρίσκω</span> <span class='ocrx_word' id='word_1_298' title='bbox 652 2036 697 2061; x_wconf 76' lang='grc' dir='ltr'><strong>τδν</strong></span> <span class='ocrx_word' id='word_1_299' title='bbox 719 2035 801 2071; x_wconf 76' lang='grc' dir='ltr'>ἄνδρα</span> <span class='ocrx_word' id='word_1_300' title='bbox 823 2035 917 2062; x_wconf 82' lang='grc' dir='ltr'>τοῦτον</span> <span class='ocrx_word' id='word_1_301' title='bbox 931 2035 976 2061; x_wconf 78' lang='grc' dir='ltr'><strong>ἐπί</strong></span> <span class='ocrx_word' id='word_1_302' title='bbox 991 2044 1020 2061; x_wconf 86' lang='grc' dir='ltr'><strong>τε</strong></span> 
     </span>
    </p>
   </div>
   <div class='ocr_carea' id='block_1_41' title="bbox 236 2080 1022 2117">
    <p class='ocr_par' dir='ltr' id='par_1_41' title="bbox 236 2080 1022 2117">
     <span class='ocr_line' id='line_1_41' title="bbox 236 2080 1022 2117; baseline -0.004 -8"><span class='ocrx_word' id='word_1_303' title='bbox 236 2083 287 2109; x_wconf 80' lang='grc' dir='ltr'>τῶν</span> <span class='ocrx_word' id='word_1_304' title='bbox 303 2082 419 2117; x_wconf 83' lang='grc' dir='ltr'>λογικῶν</span> <span class='ocrx_word' id='word_1_305' title='bbox 433 2082 589 2115; x_wconf 80' lang='grc' dir='ltr'>διαλέξεων,</span> <span class='ocrx_word' id='word_1_306' title='bbox 604 2080 718 2108; x_wconf 75' lang='grc' dir='ltr'>καὶτῶν</span> <span class='ocrx_word' id='word_1_307' title='bbox 736 2080 894 2116; x_wconf 69' lang='grc' dir='ltr'>πρακτικῶν</span> <span class='ocrx_word' id='word_1_308' title='bbox 909 2082 1022 2116; x_wconf 73' lang='grc' dir='ltr'>ἐνεργη-</span> 
     </span>
    </p>
   </div>
   <div class='ocr_carea' id='block_1_42' title="bbox 235 2127 1022 2165">
    <p class='ocr_par' dir='ltr' id='par_1_42' title="bbox 235 2127 1022 2165">
     <span class='ocr_line' id='line_1_42' title="bbox 235 2127 1022 2165; baseline -0.004 -9"><span class='ocrx_word' id='word_1_309' title='bbox 235 2129 343 2165; x_wconf 84' lang='grc' dir='ltr'>μάτων,</span> <span class='ocrx_word' id='word_1_310' title='bbox 365 2129 466 2164; x_wconf 81' lang='grc' dir='ltr'>όμοίως</span> <span class='ocrx_word' id='word_1_311' title='bbox 492 2127 629 2162; x_wconf 84' lang='grc' dir='ltr'>πανταχοῦ</span> <span class='ocrx_word' id='word_1_312' title='bbox 655 2127 836 2163; x_wconf 81' lang='grc' dir='ltr'>προπηδῶντα</span> <span class='ocrx_word' id='word_1_313' title='bbox 860 2127 914 2154; x_wconf 84' lang='grc' dir='ltr'><strong>τῶν</strong></span> <span class='ocrx_word' id='word_1_314' title='bbox 934 2127 1022 2154; x_wconf 81' lang='grc' dir='ltr'>ἄλλων</span> 
     </span>
    </p>
   </div>
   <div class='ocr_carea' id='block_1_43' title="bbox 235 2173 1022 2211">
    <p class='ocr_par' dir='ltr' id='par_1_43' title="bbox 235 2173 1022 2211">
     <span class='ocr_line' id='line_1_43' title="bbox 235 2173 1022 2211; baseline -0.004 -8"><span class='ocrx_word' id='word_1_315' title='bbox 235 2175 364 2211; x_wconf 85' lang='grc' dir='ltr'>μαθητῶν</span> <span class='ocrx_word' id='word_1_316' title='bbox 381 2175 428 2201; x_wconf 73' lang='grc' dir='ltr'><strong>καὶ</strong></span> <span class='ocrx_word' id='word_1_317' title='bbox 445 2173 684 2210; x_wconf 82' lang='grc' dir='ltr'>προεξαλλόμενον,</span> <span class='ocrx_word' id='word_1_318' title='bbox 697 2174 744 2199; x_wconf 79' lang='grc' dir='ltr'>καὶ</span> <span class='ocrx_word' id='word_1_319' title='bbox 774 2173 887 2201; x_wconf 85' lang='grc' dir='ltr'>κατόπιν</span> <span class='ocrx_word' id='word_1_320' title='bbox 908 2174 1022 2208; x_wconf 63' lang='grc' dir='ltr'>ἀῳιέντα</span> 
     </span>
    </p>
   </div>
   <div class='ocr_carea' id='block_1_44' title="bbox 234 2218 845 2254">
    <p class='ocr_par' dir='ltr' id='par_1_44' title="bbox 234 2218 845 2254">
     <span class='ocr_line' id='line_1_44' title="bbox 234 2218 845 2254; baseline -0.002 -7"><span class='ocrx_word' id='word_1_321' title='bbox 234 2221 298 2252; x_wconf 80' lang='grc' dir='ltr'>τοὺς</span> <span class='ocrx_word' id='word_1_322' title='bbox 310 2220 340 2246; x_wconf 84' lang='grc' dir='ltr'><strong>τὸ</strong></span> <span class='ocrx_word' id='word_1_323' title='bbox 354 2220 418 2246; x_wconf 67' lang='grc' dir='ltr'>αὐτὸ</span> <span class='ocrx_word' id='word_1_324' title='bbox 432 2219 479 2246; x_wconf 78' lang='grc' dir='ltr'>τοῦ</span> <span class='ocrx_word' id='word_1_325' title='bbox 498 2219 555 2254; x_wconf 87' lang='grc' dir='ltr'>βίου</span> <span class='ocrx_word' id='word_1_326' title='bbox 571 2218 676 2245; x_wconf 84' lang='grc' dir='ltr'>στάδιον</span> <span class='ocrx_word' id='word_1_327' title='bbox 692 2218 845 2254; x_wconf 75' lang='grc' dir='ltr'>τρέχοντας.</span> 
     </span>
    </p>
   </div>
   <div class='ocr_carea' id='block_1_45' title="bbox 672 191 1850 222">
    <p class='ocr_par' dir='ltr' id='par_1_45' title="bbox 672 191 1850 222">
     <span class='ocr_line' id='line_1_45' title="bbox 672 191 1850 222; baseline -0.002 -3"><span class='ocrx_word' id='word_1_328' title='bbox 672 192 816 219; x_wconf 83' lang='lat' dir='ltr'>IIOMILIA</span> <span class='ocrx_word' id='word_1_329' title='bbox 834 192 900 222; x_wconf 85' lang='lat' dir='ltr'>VIII.</span> <span class='ocrx_word' id='word_1_330' title='bbox 923 193 954 220; x_wconf 82' lang='lat' dir='ltr'>IN</span> <span class='ocrx_word' id='word_1_331' title='bbox 976 193 1025 220; x_wconf 84' lang='lat' dir='ltr'><strong>SS.</strong></span> <span class='ocrx_word' id='word_1_332' title='bbox 1044 193 1184 220; x_wconf 58' lang='grc' dir='ltr'>Ρετιιωι</span> <span class='ocrx_word' id='word_1_333' title='bbox 1203 193 1246 220; x_wconf 83' lang='grc' dir='ltr'>ΕΤ</span> <span class='ocrx_word' id='word_1_334' title='bbox 1267 192 1421 221; x_wconf 69' lang='lat' dir='ltr'><strong>PAULLM.</strong></span> <span class='ocrx_word' id='word_1_335' title='bbox 1798 191 1850 217; x_wconf 68' lang='lat'><strong>2.773</strong></span> 
     </span>
    </p>
   </div>
   <div class='ocr_carea' id='block_1_46' title="bbox 260 253 1052 288">
    <p class='ocr_par' dir='ltr' id='par_1_46' title="bbox 260 253 1052 288">
     <span class='ocr_line' id='line_1_46' title="bbox 260 253 1052 288; baseline -0.004 -8"><span class='ocrx_word' id='word_1_336' title='bbox 260 254 421 288; x_wconf 62' lang='grc' dir='ltr'>Θαυμαστὸς</span> <span class='ocrx_word' id='word_1_337' title='bbox 438 255 451 280; x_wconf 83' lang='grc' dir='ltr'><strong>ό</strong></span> <span class='ocrx_word' id='word_1_338' title='bbox 472 253 606 287; x_wconf 73' lang='grc' dir='ltr'>Μωϋσῆς,</span> <span class='ocrx_word' id='word_1_339' title='bbox 627 253 743 287; x_wconf 78' lang='grc' dir='ltr'>πέλαγος</span> <span class='ocrx_word' id='word_1_340' title='bbox 763 254 827 280; x_wconf 82' lang='grc' dir='ltr'>ἄνευ</span> <span class='ocrx_word' id='word_1_341' title='bbox 854 253 953 279; x_wconf 79' lang='grc' dir='ltr'>πλοίων</span> <span class='ocrx_word' id='word_1_342' title='bbox 970 261 1017 278; x_wconf 91' lang='grc' dir='ltr'>πε-</span> <span class='ocrx_word' id='word_1_343' title='bbox 1032 255 1052 283; x_wconf 78' lang='grc' dir='ltr'>Α</span> 
     </span>
    </p>
   </div>
   <div class='ocr_carea' id='block_1_47' title="bbox 1104 250 1851 287">
    <p class='ocr_par' dir='ltr' id='par_1_47' title="bbox 1104 250 1851 287">
     <span class='ocr_line' id='line_1_47' title="bbox 1104 250 1851 287; baseline -0.005 -8"><span class='ocrx_word' id='word_1_344' title='bbox 1104 253 1235 280; x_wconf 78' lang='lat' dir='ltr'><strong>Mirabilis</strong></span> <span class='ocrx_word' id='word_1_345' title='bbox 1247 253 1354 287; x_wconf 86' lang='lat' dir='ltr'><strong>quidem</strong></span> <span class='ocrx_word' id='word_1_346' title='bbox 1371 251 1475 287; x_wconf 83' lang='lat' dir='ltr'><strong>Moyses</strong></span> <span class='ocrx_word' id='word_1_347' title='bbox 1494 251 1565 278; x_wconf 82' lang='lat' dir='ltr'><strong>nullo</strong></span> <span class='ocrx_word' id='word_1_348' title='bbox 1586 251 1691 284; x_wconf 68' lang='lat' dir='ltr'><strong>navigio</strong></span> <span class='ocrx_word' id='word_1_349' title='bbox 1715 250 1851 284; x_wconf 75' lang='lat' dir='ltr'><strong>trajicicns</strong></span> 
     </span>
    </p>
   </div>
   <div class='ocr_carea' id='block_1_48' title="bbox 1069 295 1851 333">
    <p class='ocr_par' dir='ltr' id='par_1_48' title="bbox 1069 295 1851 333">
     <span class='ocr_line' id='line_1_48' title="bbox 1069 295 1851 333; baseline -0.005 -8"><span class='ocrx_word' id='word_1_350' title='bbox 1069 307 1142 326; x_wconf 85' lang='lat' dir='ltr'><strong>mare</strong></span> <span class='ocrx_word' id='word_1_351' title='bbox 1156 299 1178 315; x_wconf 79' lang='grc'><strong>⁸⁷</strong></span> <span class='ocrx_word' id='word_1_352' title='bbox 1193 308 1200 326; x_wconf 85' lang='lat'>:</span> <span class='ocrx_word' id='word_1_353' title='bbox 1214 299 1236 326; x_wconf 91' lang='lat' dir='ltr'><strong>is</strong></span> <span class='ocrx_word' id='word_1_354' title='bbox 1253 304 1341 326; x_wconf 86' lang='lat' dir='ltr'><strong>tamen</strong></span> <span class='ocrx_word' id='word_1_355' title='bbox 1357 303 1428 325; x_wconf 87' lang='lat' dir='ltr'><strong>terra</strong></span> <span class='ocrx_word' id='word_1_356' title='bbox 1452 298 1626 333; x_wconf 76' lang='lat' dir='ltr'><strong>gradiebatur</strong></span> <span class='ocrx_word' id='word_1_357' title='bbox 1644 297 1682 323; x_wconf 85' lang='lat' dir='ltr'><strong>uti</strong></span> <span class='ocrx_word' id='word_1_358' title='bbox 1698 295 1851 323; x_wconf 81' lang='lat' dir='ltr'><strong>hominibus</strong></span> 
     </span>
    </p>
   </div>
   <div class='ocr_carea' id='block_1_49' title="bbox 1067 343 1850 378">
    <p class='ocr_par' dir='ltr' id='par_1_49' title="bbox 1067 343 1850 378">
     <span class='ocr_line' id='line_1_49' title="bbox 1067 343 1850 378; baseline -0.005 -7"><span class='ocrx_word' id='word_1_359' title='bbox 1067 350 1252 378; x_wconf 84' lang='lat' dir='ltr'><strong>comparatum</strong></span> <span class='ocrx_word' id='word_1_360' title='bbox 1265 349 1306 371; x_wconf 82' lang='lat' dir='ltr'><strong>est</strong></span> <span class='ocrx_word' id='word_1_361' title='bbox 1317 364 1324 375; x_wconf 90' lang='lat'><strong>,</strong></span> <span class='ocrx_word' id='word_1_362' title='bbox 1338 351 1398 370; x_wconf 88' lang='lat' dir='ltr'><strong>cum</strong></span> <span class='ocrx_word' id='word_1_363' title='bbox 1414 351 1490 377; x_wconf 78' lang='lat' dir='ltr'><strong>aqua:</strong></span> <span class='ocrx_word' id='word_1_364' title='bbox 1502 343 1565 370; x_wconf 84' lang='lat' dir='ltr'><strong>hinc</strong></span> <span class='ocrx_word' id='word_1_365' title='bbox 1580 343 1642 370; x_wconf 75' lang='lat' dir='ltr'><strong>inde</strong></span> <span class='ocrx_word' id='word_1_366' title='bbox 1660 343 1692 368; x_wconf 86' lang='lat' dir='ltr'><strong>ad</strong></span> <span class='ocrx_word' id='word_1_367' title='bbox 1715 348 1744 368; x_wconf 91' lang='lat' dir='ltr'><strong>se</strong></span> <span class='ocrx_word' id='word_1_368' title='bbox 1764 348 1850 368; x_wconf 82' lang='lat' dir='ltr'><strong>reces-</strong></span> 
     </span>
    </p>
   </div>
   <div class='ocr_carea' id='block_1_50' title="bbox 1067 387 1850 425">
    <p class='ocr_par' dir='ltr' id='par_1_50' title="bbox 1067 387 1850 425">
     <span class='ocr_line' id='line_1_50' title="bbox 1067 387 1850 425; baseline -0.009 -7"><span class='ocrx_word' id='word_1_369' title='bbox 1067 391 1175 418; x_wconf 75' lang='lat' dir='ltr'><strong>sissent.</strong></span> <span class='ocrx_word' id='word_1_370' title='bbox 1190 389 1302 425; x_wconf 78' lang='lat' dir='ltr'><strong>Magnus</strong></span> <span class='ocrx_word' id='word_1_371' title='bbox 1320 391 1383 417; x_wconf 96' lang='lat' dir='ltr'><strong>item</strong></span> <span class='ocrx_word' id='word_1_372' title='bbox 1396 389 1475 417; x_wconf 83' lang='lat' dir='ltr'><strong>Jesus</strong></span> <span class='ocrx_word' id='word_1_373' title='bbox 1488 389 1530 416; x_wconf 89' lang='lat' dir='ltr'><strong>ille</strong></span> <span class='ocrx_word' id='word_1_374' title='bbox 1545 389 1602 423; x_wconf 85' lang='lat' dir='ltr'><strong>ejus</strong></span> <span class='ocrx_word' id='word_1_375' title='bbox 1618 395 1768 421; x_wconf 80' lang='lat' dir='ltr'><strong>successor,</strong></span> <span class='ocrx_word' id='word_1_376' title='bbox 1781 387 1850 421; x_wconf 84' lang='lat' dir='ltr'><strong>quod</strong></span> 
     </span>
    </p>
   </div>
   <div class='ocr_carea' id='block_1_51' title="bbox 1066 431 1850 470">
    <p class='ocr_par' dir='ltr' id='par_1_51' title="bbox 1066 431 1850 470">
     <span class='ocr_line' id='line_1_51' title="bbox 1066 431 1850 470; baseline -0.009 -7"><span class='ocrx_word' id='word_1_377' title='bbox 1066 436 1210 463; x_wconf 81' lang='lat' dir='ltr'><strong>Jordanem</strong></span> <span class='ocrx_word' id='word_1_378' title='bbox 1236 442 1317 470; x_wconf 86' lang='lat' dir='ltr'><strong>supra</strong></span> <span class='ocrx_word' id='word_1_379' title='bbox 1340 435 1421 462; x_wconf 81' lang='lat' dir='ltr'><strong>etiam</strong></span> <span class='ocrx_word' id='word_1_380' title='bbox 1437 435 1510 470; x_wconf 82' lang='lat' dir='ltr'><strong>ripas</strong></span> <span class='ocrx_word' id='word_1_381' title='bbox 1528 434 1707 462; x_wconf 79' lang='lat' dir='ltr'><strong>exundantem</strong></span> <span class='ocrx_word' id='word_1_382' title='bbox 1726 431 1850 459; x_wconf 89' lang='lat' dir='ltr'><strong>transmi-</strong></span> 
     </span>
    </p>
   </div>
   <div class='ocr_carea' id='block_1_52' title="bbox 1067 477 1849 515">
    <p class='ocr_par' dir='ltr' id='par_1_52' title="bbox 1067 477 1849 515">
     <span class='ocr_line' id='line_1_52' title="bbox 1067 477 1849 515; baseline -0.006 -7"><span class='ocrx_word' id='word_1_383' title='bbox 1067 482 1134 508; x_wconf 90' lang='lat' dir='ltr'><strong>serit</strong></span> <span class='ocrx_word' id='word_1_384' title='bbox 1151 481 1197 508; x_wconf 62' lang='lat'><strong>‘9:</strong></span> <span class='ocrx_word' id='word_1_385' title='bbox 1218 487 1312 508; x_wconf 88' lang='lat' dir='ltr'><strong>verum</strong></span> <span class='ocrx_word' id='word_1_386' title='bbox 1335 481 1357 507; x_wconf 81' lang='lat' dir='ltr'><strong>is</strong></span> <span class='ocrx_word' id='word_1_387' title='bbox 1378 489 1496 515; x_wconf 88' lang='lat' dir='ltr'><strong>quoque,</strong></span> <span class='ocrx_word' id='word_1_388' title='bbox 1521 481 1632 515; x_wconf 83' lang='lat' dir='ltr'><strong>perinde</strong></span> <span class='ocrx_word' id='word_1_389' title='bbox 1655 487 1686 507; x_wconf 86' lang='lat' dir='ltr'><strong>ac</strong></span> <span class='ocrx_word' id='word_1_390' title='bbox 1707 485 1781 506; x_wconf 83' lang='lat' dir='ltr'><strong>mare</strong></span> <span class='ocrx_word' id='word_1_391' title='bbox 1794 477 1849 504; x_wconf 84' lang='lat' dir='ltr'><strong>Ru-</strong></span> 
     </span>
    </p>
   </div>
   <div class='ocr_carea' id='block_1_53' title="bbox 1068 526 1848 562">
    <p class='ocr_par' dir='ltr' id='par_1_53' title="bbox 1068 526 1848 562">
     <span class='ocr_line' id='line_1_53' title="bbox 1068 526 1848 562; baseline -0.006 -8"><span class='ocrx_word' id='word_1_392' title='bbox 1068 529 1157 560; x_wconf 85' lang='lat' dir='ltr'><strong>brum,</strong></span> <span class='ocrx_word' id='word_1_393' title='bbox 1173 528 1290 562; x_wconf 86' lang='lat' dir='ltr'><strong>seipsum</strong></span> <span class='ocrx_word' id='word_1_394' title='bbox 1306 528 1441 560; x_wconf 76' lang='lat' dir='ltr'><strong>dividens,</strong></span> <span class='ocrx_word' id='word_1_395' title='bbox 1456 527 1631 561; x_wconf 83' lang='lat' dir='ltr'><strong>inhibensth</strong></span> <span class='ocrx_word' id='word_1_396' title='bbox 1640 526 1779 557; x_wconf 83' lang='lat' dir='ltr'><strong>ﬂuentum,</strong></span> <span class='ocrx_word' id='word_1_397' title='bbox 1795 530 1848 550; x_wconf 83' lang='lat' dir='ltr'><strong>lt‘l&#39;—</strong></span> 
     </span>
    </p>
   </div>
   <div class='ocr_carea' id='block_1_54' title="bbox 1067 570 1850 607">
    <p class='ocr_par' dir='ltr' id='par_1_54' title="bbox 1067 570 1850 607">
     <span class='ocr_line' id='line_1_54' title="bbox 1067 570 1850 607; baseline -0.009 -7"><span class='ocrx_word' id='word_1_398' title='bbox 1067 582 1123 600; x_wconf 88' lang='lat' dir='ltr'><strong>ram</strong></span> <span class='ocrx_word' id='word_1_399' title='bbox 1137 574 1236 600; x_wconf 91' lang='lat' dir='ltr'><strong>nudam</strong></span> <span class='ocrx_word' id='word_1_400' title='bbox 1253 573 1452 600; x_wconf 84' lang='lat' dir='ltr'><strong>transmittenti</strong></span> <span class='ocrx_word' id='word_1_401' title='bbox 1468 572 1574 607; x_wconf 86' lang='lat' dir='ltr'><strong>populo,</strong></span> <span class='ocrx_word' id='word_1_402' title='bbox 1589 580 1668 606; x_wconf 86' lang='lat' dir='ltr'><strong>quam</strong></span> <span class='ocrx_word' id='word_1_403' title='bbox 1686 570 1850 599; x_wconf 81' lang='lat' dir='ltr'><strong>incederent,</strong></span> 
     </span>
    </p>
   </div>
   <div class='ocr_carea' id='block_1_55' title="bbox 1067 615 1850 653">
    <p class='ocr_par' dir='ltr' id='par_1_55' title="bbox 1067 615 1850 653">
     <span class='ocr_line' id='line_1_55' title="bbox 1067 615 1850 653; baseline -0.006 -8"><span class='ocrx_word' id='word_1_404' title='bbox 1067 619 1190 653; x_wconf 48' lang='lat' dir='ltr'><strong>praebuit.</strong></span> <span class='ocrx_word' id='word_1_405' title='bbox 1210 618 1305 646; x_wconf 89' lang='lat' dir='ltr'><strong>Nullus</strong></span> <span class='ocrx_word' id='word_1_406' title='bbox 1319 625 1384 645; x_wconf 89' lang='lat' dir='ltr'><strong>vero</strong></span> <span class='ocrx_word' id='word_1_407' title='bbox 1403 625 1519 652; x_wconf 82' lang='lat' dir='ltr'><strong>unquam</strong></span> <span class='ocrx_word' id='word_1_408' title='bbox 1546 617 1665 644; x_wconf 84' lang='lat' dir='ltr'><strong>virorum</strong></span> <span class='ocrx_word' id='word_1_409' title='bbox 1688 623 1809 651; x_wconf 79' lang='lat' dir='ltr'><strong>gressum</strong></span> <span class='ocrx_word' id='word_1_410' title='bbox 1824 615 1850 640; x_wconf 88' lang='lat' dir='ltr'><strong>in</strong></span> 
     </span>
    </p>
   </div>
   <div class='ocr_carea' id='block_1_56' title="bbox 1066 662 1850 700">
    <p class='ocr_par' dir='ltr' id='par_1_56' title="bbox 1066 662 1850 700">
     <span class='ocr_line' id='line_1_56' title="bbox 1066 662 1850 700; baseline -0.005 -9"><span class='ocrx_word' id='word_1_411' title='bbox 1066 673 1134 700; x_wconf 78' lang='lat' dir='ltr'><strong>aqua</strong></span> <span class='ocrx_word' id='word_1_412' title='bbox 1154 665 1221 691; x_wconf 86' lang='lat' dir='ltr'><strong>ﬁxit.</strong></span> <span class='ocrx_word' id='word_1_413' title='bbox 1243 664 1297 692; x_wconf 84' lang='lat' dir='ltr'><strong>Nec</strong></span> <span class='ocrx_word' id='word_1_414' title='bbox 1317 664 1388 691; x_wconf 90' lang='lat' dir='ltr'><strong>enim</strong></span> <span class='ocrx_word' id='word_1_415' title='bbox 1406 664 1456 691; x_wconf 88' lang='lat' dir='ltr'><strong>hoc</strong></span> <span class='ocrx_word' id='word_1_416' title='bbox 1473 664 1516 691; x_wconf 82' lang='lat' dir='ltr'><strong>lex</strong></span> <span class='ocrx_word' id='word_1_417' title='bbox 1531 668 1634 690; x_wconf 68' lang='lat' dir='ltr'><strong>natura:</strong></span> <span class='ocrx_word' id='word_1_418' title='bbox 1652 662 1742 693; x_wconf 85' lang='lat' dir='ltr'><strong>habet,</strong></span> <span class='ocrx_word' id='word_1_419' title='bbox 1758 665 1786 688; x_wconf 86' lang='lat' dir='ltr'><strong>ut</strong></span> <span class='ocrx_word' id='word_1_420' title='bbox 1801 662 1850 688; x_wconf 65' lang='lat' dir='ltr'><strong>hu~</strong></span> 
     </span>
    </p>
   </div>
   <div class='ocr_carea' id='block_1_57' title="bbox 1066 708 1850 746">
    <p class='ocr_par' dir='ltr' id='par_1_57' title="bbox 1066 708 1850 746">
     <span class='ocr_line' id='line_1_57' title="bbox 1066 708 1850 746; baseline -0.009 -8"><span class='ocrx_word' id='word_1_421' title='bbox 1066 711 1136 738; x_wconf 90' lang='lat' dir='ltr'><strong>mida</strong></span> <span class='ocrx_word' id='word_1_422' title='bbox 1162 711 1296 746; x_wconf 85' lang='lat' dir='ltr'><strong>ﬂuidaqne</strong></span> <span class='ocrx_word' id='word_1_423' title='bbox 1312 711 1462 738; x_wconf 87' lang='lat' dir='ltr'><strong>substantia</strong></span> <span class='ocrx_word' id='word_1_424' title='bbox 1499 709 1605 744; x_wconf 84' lang='lat' dir='ltr'><strong>corpori</strong></span> <span class='ocrx_word' id='word_1_425' title='bbox 1631 708 1717 736; x_wconf 88' lang='lat' dir='ltr'><strong>solido</strong></span> <span class='ocrx_word' id='word_1_426' title='bbox 1740 715 1770 734; x_wconf 87' lang='lat' dir='ltr'><strong>ac</strong></span> <span class='ocrx_word' id='word_1_427' title='bbox 1792 715 1850 742; x_wconf 66' lang='lat' dir='ltr'><strong>pre</strong></span> 
     </span>
    </p>
   </div>
   <div class='ocr_carea' id='block_1_58' title="bbox 1065 754 1850 788">
    <p class='ocr_par' dir='ltr' id='par_1_58' title="bbox 1065 754 1850 788">
     <span class='ocr_line' id='line_1_58' title="bbox 1065 754 1850 788; baseline -0.009 -4"><span class='ocrx_word' id='word_1_428' title='bbox 1065 758 1147 784; x_wconf 90' lang='lat' dir='ltr'><strong>menti</strong></span> <span class='ocrx_word' id='word_1_429' title='bbox 1161 757 1280 784; x_wconf 80' lang='lat' dir='ltr'><strong>resistat.</strong></span> <span class='ocrx_word' id='word_1_430' title='bbox 1299 757 1394 784; x_wconf 81' lang='lat' dir='ltr'><strong>Putem</strong></span> <span class='ocrx_word' id='word_1_431' title='bbox 1410 764 1486 788; x_wconf 92' lang='lat' dir='ltr'><strong>vero,</strong></span> <span class='ocrx_word' id='word_1_432' title='bbox 1505 757 1691 786; x_wconf 83' lang='lat' dir='ltr'><strong>universorum</strong></span> <span class='ocrx_word' id='word_1_433' title='bbox 1708 754 1801 780; x_wconf 74' lang='lat' dir='ltr'><strong>herum</strong></span> <span class='ocrx_word' id='word_1_434' title='bbox 1821 760 1850 777; x_wconf 75' lang='lat' dir='ltr'><strong>ac</strong></span> 
     </span>
    </p>
   </div>
   <div class='ocr_carea' id='block_1_59' title="bbox 1068 798 1852 838">
    <p class='ocr_par' dir='ltr' id='par_1_59' title="bbox 1068 798 1852 838">
     <span class='ocr_line' id='line_1_59' title="bbox 1068 798 1852 838; baseline -0.009 -8"><span class='ocrx_word' id='word_1_435' title='bbox 1068 804 1227 836; x_wconf 86' lang='lat' dir='ltr'><strong>Dominum,</strong></span> <span class='ocrx_word' id='word_1_436' title='bbox 1251 811 1331 838; x_wconf 85' lang='lat' dir='ltr'><strong>supra</strong></span> <span class='ocrx_word' id='word_1_437' title='bbox 1350 803 1457 829; x_wconf 90' lang='lat' dir='ltr'><strong>modum</strong></span> <span class='ocrx_word' id='word_1_438' title='bbox 1471 798 1536 829; x_wconf 80' lang='lat' dir='ltr'><strong>tunc</strong></span> <span class='ocrx_word' id='word_1_439' title='bbox 1553 801 1736 836; x_wconf 70' lang='lat' dir='ltr'><strong>praefervens,</strong></span> <span class='ocrx_word' id='word_1_440' title='bbox 1756 805 1852 826; x_wconf 50' lang='lat' dir='ltr'><strong>acccnv</strong></span> 
     </span>
    </p>
   </div>
   <div class='ocr_carea' id='block_1_60' title="bbox 1066 845 1900 885">
    <p class='ocr_par' dir='ltr' id='par_1_60' title="bbox 1066 845 1900 885">
     <span class='ocr_line' id='line_1_60' title="bbox 1066 845 1900 885; baseline -0.012 -8"><span class='ocrx_word' id='word_1_441' title='bbox 1066 857 1179 885; x_wconf 82' lang='lat' dir='ltr'><strong>sumque</strong></span> <span class='ocrx_word' id='word_1_442' title='bbox 1198 850 1247 876; x_wconf 88' lang='lat' dir='ltr'><strong>viri</strong></span> <span class='ocrx_word' id='word_1_443' title='bbox 1269 849 1433 876; x_wconf 77' lang='lat' dir='ltr'><strong>desiderium</strong></span> <span class='ocrx_word' id='word_1_444' title='bbox 1454 849 1633 878; x_wconf 75' lang='lat' dir='ltr'><strong>admiratum,</strong></span> <span class='ocrx_word' id='word_1_445' title='bbox 1655 854 1689 873; x_wconf 81' lang='lat' dir='ltr'><strong>ex</strong></span> <span class='ocrx_word' id='word_1_446' title='bbox 1714 845 1787 878; x_wconf 79' lang='lat' dir='ltr'><strong>cujus</strong></span> <span class='ocrx_word' id='word_1_447' title='bbox 1801 845 1851 870; x_wconf 86' lang='lat' dir='ltr'><strong>im-</strong></span> <span class='ocrx_word' id='word_1_448' title='bbox 1898 850 1900 854; x_wconf 64' lang='grc' dir='ltr'><strong><em>τ</em></strong></span> 
     </span>
    </p>
   </div>
   <div class='ocr_carea' id='block_1_61' title="bbox 1066 892 1851 931">
    <p class='ocr_par' dir='ltr' id='par_1_61' title="bbox 1066 892 1851 931">
     <span class='ocr_line' id='line_1_61' title="bbox 1066 892 1851 931; baseline -0.011 -8"><span class='ocrx_word' id='word_1_449' title='bbox 1066 902 1127 931; x_wconf 87' lang='lat' dir='ltr'><strong>pctu</strong></span> <span class='ocrx_word' id='word_1_450' title='bbox 1146 896 1309 923; x_wconf 85' lang='lat' dir='ltr'><strong>exclamavit</strong></span> <span class='ocrx_word' id='word_1_451' title='bbox 1324 896 1427 928; x_wconf 88' lang='lat' dir='ltr'><strong>dicens,</strong></span> <span class='ocrx_word' id='word_1_452' title='bbox 1441 895 1508 921; x_wconf 70' lang='lat' dir='ltr'><strong>Juba</strong></span> <span class='ocrx_word' id='word_1_453' title='bbox 1525 902 1564 920; x_wconf 81' lang='lat' dir='ltr'><strong>me</strong></span> <span class='ocrx_word' id='word_1_454' title='bbox 1581 893 1665 920; x_wconf 76' lang='lat' dir='ltr'><strong>venire</strong></span> <span class='ocrx_word' id='word_1_455' title='bbox 1682 892 1715 918; x_wconf 78' lang='lat' dir='ltr'><strong>ad</strong></span> <span class='ocrx_word' id='word_1_456' title='bbox 1736 896 1760 916; x_wconf 76' lang='lat' dir='ltr'><strong>te</strong></span> <span class='ocrx_word' id='word_1_457' title='bbox 1776 897 1851 923; x_wconf 65' lang='lat' dir='ltr'><strong>super</strong></span> 
     </span>
    </p>
   </div>
   <div class='ocr_carea' id='block_1_62' title="bbox 1068 935 1850 975">
    <p class='ocr_par' dir='ltr' id='par_1_62' title="bbox 1068 935 1850 975">
     <span class='ocr_line' id='line_1_62' title="bbox 1068 935 1850 975; baseline -0.012 -7"><span class='ocrx_word' id='word_1_458' title='bbox 1068 941 1208 975; x_wconf 70' lang='lat' dir='ltr'><strong>aquam”,</strong></span> <span class='ocrx_word' id='word_1_459' title='bbox 1233 945 1314 968; x_wconf 68' lang='lat' dir='ltr'><strong>tantm</strong></span> <span class='ocrx_word' id='word_1_460' title='bbox 1337 940 1410 969; x_wconf 89' lang='lat' dir='ltr'><strong>illius</strong></span> <span class='ocrx_word' id='word_1_461' title='bbox 1436 938 1589 966; x_wconf 85' lang='lat' dir='ltr'><strong>dilectionis</strong></span> <span class='ocrx_word' id='word_1_462' title='bbox 1612 946 1643 965; x_wconf 90' lang='lat' dir='ltr'><strong>ac</strong></span> <span class='ocrx_word' id='word_1_463' title='bbox 1661 937 1721 964; x_wconf 83' lang='lat' dir='ltr'><strong>ﬁdei</strong></span> <span class='ocrx_word' id='word_1_464' title='bbox 1744 935 1850 965; x_wconf 86' lang='lat' dir='ltr'><strong>merito,</strong></span> 
     </span>
    </p>
   </div>
   <div class='ocr_carea' id='block_1_63' title="bbox 1069 981 1849 1021">
    <p class='ocr_par' dir='ltr' id='par_1_63' title="bbox 1069 981 1849 1021">
     <span class='ocr_line' id='line_1_63' title="bbox 1069 981 1849 1021; baseline -0.01 -7"><span class='ocrx_word' id='word_1_465' title='bbox 1069 995 1164 1014; x_wconf 87' lang='lat' dir='ltr'><strong>novant</strong></span> <span class='ocrx_word' id='word_1_466' title='bbox 1191 988 1264 1014; x_wconf 82' lang='lat' dir='ltr'><strong>illam</strong></span> <span class='ocrx_word' id='word_1_467' title='bbox 1293 995 1323 1013; x_wconf 89' lang='lat' dir='ltr'><strong>ac</strong></span> <span class='ocrx_word' id='word_1_468' title='bbox 1349 987 1500 1013; x_wconf 88' lang='lat' dir='ltr'><strong>mirabilem</strong></span> <span class='ocrx_word' id='word_1_469' title='bbox 1530 985 1642 1021; x_wconf 62' lang='lat' dir='ltr'><strong>gratiam</strong></span> <span class='ocrx_word' id='word_1_470' title='bbox 1673 981 1849 1011; x_wconf 77' lang='lat' dir='ltr'><strong>concessisse,</strong></span> 
     </span>
    </p>
   </div>
   <div class='ocr_carea' id='block_1_64' title="bbox 1068 1027 1852 1068">
    <p class='ocr_par' dir='ltr' id='par_1_64' title="bbox 1068 1027 1852 1068">
     <span class='ocr_line' id='line_1_64' title="bbox 1068 1027 1852 1068; baseline -0.01 -8"><span class='ocrx_word' id='word_1_471' title='bbox 1068 1033 1145 1068; x_wconf 85' lang='lat' dir='ltr'><strong>cujus</strong></span> <span class='ocrx_word' id='word_1_472' title='bbox 1160 1033 1255 1061; x_wconf 87' lang='lat' dir='ltr'><strong>Petrus</strong></span> <span class='ocrx_word' id='word_1_473' title='bbox 1270 1034 1345 1060; x_wconf 82' lang='lat' dir='ltr'><strong>solus</strong></span> <span class='ocrx_word' id='word_1_474' title='bbox 1360 1033 1434 1060; x_wconf 85' lang='lat' dir='ltr'><strong>visus</strong></span> <span class='ocrx_word' id='word_1_475' title='bbox 1458 1037 1497 1059; x_wconf 83' lang='lat' dir='ltr'><strong>est</strong></span> <span class='ocrx_word' id='word_1_476' title='bbox 1515 1037 1597 1065; x_wconf 75' lang='lat' dir='ltr'><strong>capax</strong></span> <span class='ocrx_word' id='word_1_477' title='bbox 1608 1050 1614 1061; x_wconf 87' lang='lat'><strong>,</strong></span> <span class='ocrx_word' id='word_1_478' title='bbox 1629 1029 1701 1056; x_wconf 91' lang='lat' dir='ltr'><strong>omni</strong></span> <span class='ocrx_word' id='word_1_479' title='bbox 1719 1032 1791 1055; x_wconf 88' lang='lat' dir='ltr'><strong>retro</strong></span> <span class='ocrx_word' id='word_1_480' title='bbox 1804 1027 1852 1053; x_wconf 86' lang='lat' dir='ltr'><strong>ho-</strong></span> 
     </span>
    </p>
   </div>
   <div class='ocr_carea' id='block_1_65' title="bbox 1070 1072 1851 1109">
    <p class='ocr_par' dir='ltr' id='par_1_65' title="bbox 1070 1072 1851 1109">
     <span class='ocr_line' id='line_1_65' title="bbox 1070 1072 1851 1109; baseline -0.013 -2"><span class='ocrx_word' id='word_1_481' title='bbox 1070 1081 1170 1107; x_wconf 89' lang='lat' dir='ltr'><strong>minum</strong></span> <span class='ocrx_word' id='word_1_482' title='bbox 1194 1079 1368 1107; x_wconf 84' lang='lat' dir='ltr'><strong>successione</strong></span> <span class='ocrx_word' id='word_1_483' title='bbox 1390 1079 1423 1105; x_wconf 87' lang='lat' dir='ltr'><strong>ab</strong></span> <span class='ocrx_word' id='word_1_484' title='bbox 1446 1078 1549 1104; x_wconf 81' lang='lat' dir='ltr'><strong>Adamo</strong></span> <span class='ocrx_word' id='word_1_485' title='bbox 1569 1076 1601 1103; x_wconf 83' lang='lat' dir='ltr'><strong>ad</strong></span> <span class='ocrx_word' id='word_1_486' title='bbox 1623 1082 1708 1109; x_wconf 88' lang='lat' dir='ltr'><strong>usque</strong></span> <span class='ocrx_word' id='word_1_487' title='bbox 1734 1072 1851 1100; x_wconf 83' lang='lat' dir='ltr'><strong>novissi-</strong></span> 
     </span>
    </p>
   </div>
   <div class='ocr_carea' id='block_1_66' title="bbox 1069 1118 1851 1159">
    <p class='ocr_par' dir='ltr' id='par_1_66' title="bbox 1069 1118 1851 1159">
     <span class='ocr_line' id='line_1_66' title="bbox 1069 1118 1851 1159; baseline -0.013 -7"><span class='ocrx_word' id='word_1_488' title='bbox 1069 1133 1151 1152; x_wconf 91' lang='lat' dir='ltr'><strong>mum.</strong></span> <span class='ocrx_word' id='word_1_489' title='bbox 1174 1125 1244 1152; x_wconf 84' lang='lat' dir='ltr'><strong>Vera</strong></span> <span class='ocrx_word' id='word_1_490' title='bbox 1264 1125 1396 1159; x_wconf 84' lang='lat' dir='ltr'><strong>siquidem</strong></span> <span class='ocrx_word' id='word_1_491' title='bbox 1414 1126 1454 1152; x_wconf 80' lang='lat' dir='ltr'><strong>’ac</strong></span> <span class='ocrx_word' id='word_1_492' title='bbox 1479 1122 1620 1158; x_wconf 81' lang='lat' dir='ltr'><strong>peculiaris</strong></span> <span class='ocrx_word' id='word_1_493' title='bbox 1647 1121 1706 1152; x_wconf 93' lang='lat' dir='ltr'><strong>Dei,</strong></span> <span class='ocrx_word' id='word_1_494' title='bbox 1729 1118 1851 1146; x_wconf 74' lang='lat' dir='ltr'><strong>miraculi</strong></span> 
     </span>
    </p>
   </div>
   <div class='ocr_carea' id='block_1_67' title="bbox 1068 1168 1853 1205">
    <p class='ocr_par' dir='ltr' id='par_1_67' title="bbox 1068 1168 1853 1205">
     <span class='ocr_line' id='line_1_67' title="bbox 1068 1168 1853 1205; baseline -0.01 -7"><span class='ocrx_word' id='word_1_495' title='bbox 1068 1171 1233 1205; x_wconf 87' lang='lat' dir='ltr'><strong>cjusccmodi</strong></span> <span class='ocrx_word' id='word_1_496' title='bbox 1257 1171 1398 1203; x_wconf 85' lang='lat' dir='ltr'><strong>exbibitio,</strong></span> <span class='ocrx_word' id='word_1_497' title='bbox 1419 1174 1524 1197; x_wconf 72' lang='lat' dir='ltr'><strong>creatae</strong></span> <span class='ocrx_word' id='word_1_498' title='bbox 1546 1168 1723 1203; x_wconf 78' lang='lat' dir='ltr'><strong>a&#39;bjcctiouem</strong></span> <span class='ocrx_word' id='word_1_499' title='bbox 1750 1169 1853 1192; x_wconf 64' lang='lat' dir='ltr'><strong>natura:</strong></span> 
     </span>
    </p>
   </div>
   <div class='ocr_carea' id='block_1_68' title="bbox 1069 1210 1853 1252">
    <p class='ocr_par' dir='ltr' id='par_1_68' title="bbox 1069 1210 1853 1252">
     <span class='ocr_line' id='line_1_68' title="bbox 1069 1210 1853 1252; baseline -0.01 -8"><span class='ocrx_word' id='word_1_500' title='bbox 1069 1219 1230 1245; x_wconf 87' lang='lat' dir='ltr'><strong>immensum</strong></span> <span class='ocrx_word' id='word_1_501' title='bbox 1243 1224 1387 1252; x_wconf 82' lang='lat' dir='ltr'><strong>superans,</strong></span> <span class='ocrx_word' id='word_1_502' title='bbox 1400 1215 1626 1250; x_wconf 84' lang='lat' dir='ltr'><strong>quemadmodum</strong></span> <span class='ocrx_word' id='word_1_503' title='bbox 1638 1213 1719 1240; x_wconf 86' lang='lat' dir='ltr'><strong>etiam</strong></span> <span class='ocrx_word' id='word_1_504' title='bbox 1738 1210 1853 1246; x_wconf 81' lang='lat' dir='ltr'><strong>prophe-</strong></span> 
     </span>
    </p>
   </div>
   <div class='ocr_carea' id='block_1_69' title="bbox 1070 1257 1854 1298">
    <p class='ocr_par' dir='ltr' id='par_1_69' title="bbox 1070 1257 1854 1298">
     <span class='ocr_line' id='line_1_69' title="bbox 1070 1257 1854 1298; baseline -0.013 -7"><span class='ocrx_word' id='word_1_505' title='bbox 1070 1269 1156 1291; x_wconf 89' lang='lat' dir='ltr'><strong>tarum</strong></span> <span class='ocrx_word' id='word_1_506' title='bbox 1173 1264 1276 1298; x_wconf 90' lang='lat' dir='ltr'><strong>optimo</strong></span> <span class='ocrx_word' id='word_1_507' title='bbox 1291 1263 1384 1290; x_wconf 82' lang='lat' dir='ltr'><strong>Davidi</strong></span> <span class='ocrx_word' id='word_1_508' title='bbox 1397 1261 1483 1289; x_wconf 89' lang='lat' dir='ltr'><strong>visum</strong></span> <span class='ocrx_word' id='word_1_509' title='bbox 1502 1266 1553 1288; x_wconf 85' lang='lat' dir='ltr'><strong>cst.</strong></span> <span class='ocrx_word' id='word_1_510' title='bbox 1574 1260 1638 1286; x_wconf 74' lang='lat' dir='ltr'><strong>Nam</strong></span> <span class='ocrx_word' id='word_1_511' title='bbox 1653 1264 1680 1285; x_wconf 89' lang='lat' dir='ltr'><strong>et</strong></span> <span class='ocrx_word' id='word_1_512' title='bbox 1692 1258 1735 1285; x_wconf 88' lang='lat' dir='ltr'><strong>ille</strong></span> <span class='ocrx_word' id='word_1_513' title='bbox 1749 1257 1775 1284; x_wconf 92' lang='lat' dir='ltr'><strong>in</strong></span> <span class='ocrx_word' id='word_1_514' title='bbox 1788 1263 1854 1290; x_wconf 81' lang='lat' dir='ltr'><strong>quo-</strong></span> 
     </span>
    </p>
   </div>
   <div class='ocr_carea' id='block_1_70' title="bbox 1069 1307 1853 1345">
    <p class='ocr_par' dir='ltr' id='par_1_70' title="bbox 1069 1307 1853 1345">
     <span class='ocr_line' id='line_1_70' title="bbox 1069 1307 1853 1345; baseline -0.011 -7"><span class='ocrx_word' id='word_1_515' title='bbox 1069 1312 1128 1338; x_wconf 88' lang='lat' dir='ltr'><strong>dam</strong></span> <span class='ocrx_word' id='word_1_516' title='bbox 1160 1310 1265 1345; x_wconf 88' lang='lat' dir='ltr'><strong>psalmo</strong></span> <span class='ocrx_word' id='word_1_517' title='bbox 1296 1310 1378 1336; x_wconf 89' lang='lat' dir='ltr'><strong>Deum</strong></span> <span class='ocrx_word' id='word_1_518' title='bbox 1409 1308 1539 1340; x_wconf 84' lang='lat' dir='ltr'><strong>laudans,</strong></span> <span class='ocrx_word' id='word_1_519' title='bbox 1571 1307 1697 1340; x_wconf 84' lang='lat' dir='ltr'><strong>ejusque,</strong></span> <span class='ocrx_word' id='word_1_520' title='bbox 1730 1310 1853 1331; x_wconf 80' lang='lat' dir='ltr'><strong>sermone</strong></span> 
     </span>
    </p>
   </div>
   <div class='ocr_carea' id='block_1_71' title="bbox 1068 1348 1852 1389">
    <p class='ocr_par' dir='ltr' id='par_1_71' title="bbox 1068 1348 1852 1389">
     <span class='ocr_line' id='line_1_71' title="bbox 1068 1348 1852 1389; baseline -0.009 -8"><span class='ocrx_word' id='word_1_521' title='bbox 1068 1355 1141 1382; x_wconf 87' lang='lat' dir='ltr'><strong>omni</strong></span> <span class='ocrx_word' id='word_1_522' title='bbox 1163 1362 1195 1381; x_wconf 84' lang='lat' dir='ltr'><strong>ac</strong></span> <span class='ocrx_word' id='word_1_523' title='bbox 1212 1354 1329 1389; x_wconf 81' lang='lat' dir='ltr'><strong>cogitatu</strong></span> <span class='ocrx_word' id='word_1_524' title='bbox 1342 1353 1470 1386; x_wconf 79' lang='lat' dir='ltr'><strong>majorem</strong></span> <span class='ocrx_word' id='word_1_525' title='bbox 1488 1351 1635 1386; x_wconf 77' lang='lat' dir='ltr'><strong>potentiam</strong></span> <span class='ocrx_word' id='word_1_526' title='bbox 1649 1356 1789 1381; x_wconf 82' lang='lat' dir='ltr'><strong>enarrans,</strong></span> <span class='ocrx_word' id='word_1_527' title='bbox 1802 1348 1852 1374; x_wconf 63' lang='lat' dir='ltr'><strong>ista</strong></span> 
     </span>
    </p>
   </div>
   <div class='ocr_carea' id='block_1_72' title="bbox 1069 1393 1854 1434">
    <p class='ocr_par' dir='ltr' id='par_1_72' title="bbox 1069 1393 1854 1434">
     <span class='ocr_line' id='line_1_72' title="bbox 1069 1393 1854 1434; baseline -0.011 -7"><span class='ocrx_word' id='word_1_528' title='bbox 1069 1400 1146 1431; x_wconf 84' lang='lat' dir='ltr'><strong>dixit,</strong></span> <span class='ocrx_word' id='word_1_529' title='bbox 1159 1407 1219 1434; x_wconf 61' lang='lat' dir='ltr'><strong>quae</strong></span> <span class='ocrx_word' id='word_1_530' title='bbox 1230 1406 1279 1434; x_wconf 87' lang='lat' dir='ltr'><strong>pro</strong></span> <span class='ocrx_word' id='word_1_531' title='bbox 1293 1406 1369 1426; x_wconf 88' lang='lat' dir='ltr'><strong>more</strong></span> <span class='ocrx_word' id='word_1_532' title='bbox 1385 1397 1556 1424; x_wconf 77' lang='lat' dir='ltr'><strong>modulantes</strong></span> <span class='ocrx_word' id='word_1_533' title='bbox 1570 1395 1646 1422; x_wconf 88' lang='lat' dir='ltr'><strong>scitis</strong></span> <span class='ocrx_word' id='word_1_534' title='bbox 1661 1404 1667 1421; x_wconf 95' lang='lat'><strong>:</strong></span> <span class='ocrx_word' id='word_1_535' title='bbox 1685 1394 1717 1420; x_wconf 85' lang='lat' dir='ltr'><strong>In</strong></span> <span class='ocrx_word' id='word_1_536' title='bbox 1733 1393 1800 1420; x_wconf 88' lang='lat' dir='ltr'><strong>mari</strong></span> <span class='ocrx_word' id='word_1_537' title='bbox 1814 1393 1854 1419; x_wconf 81' lang='lat' dir='ltr'><strong>via</strong></span> 
     </span>
    </p>
   </div>
   <div class='ocr_carea' id='block_1_73' title="bbox 1069 1439 1852 1477">
    <p class='ocr_par' dir='ltr' id='par_1_73' title="bbox 1069 1439 1852 1477">
     <span class='ocr_line' id='line_1_73' title="bbox 1069 1439 1852 1477; baseline -0.01 -5"><span class='ocrx_word' id='word_1_538' title='bbox 1069 1452 1124 1477; x_wconf 82' lang='lat' dir='ltr'><strong>tua,</strong></span> <span class='ocrx_word' id='word_1_539' title='bbox 1141 1450 1164 1472; x_wconf 83' lang='lat' dir='ltr'><strong>et</strong></span> <span class='ocrx_word' id='word_1_540' title='bbox 1179 1445 1278 1471; x_wconf 78' lang='lat' dir='ltr'><strong>sentin</strong></span> <span class='ocrx_word' id='word_1_541' title='bbox 1301 1449 1353 1470; x_wconf 66' lang='lat' dir='ltr'><strong>tua!</strong></span> <span class='ocrx_word' id='word_1_542' title='bbox 1373 1444 1399 1469; x_wconf 82' lang='lat' dir='ltr'><strong>in</strong></span> <span class='ocrx_word' id='word_1_543' title='bbox 1415 1443 1488 1477; x_wconf 71' lang='lat' dir='ltr'><strong>aquis</strong></span> <span class='ocrx_word' id='word_1_544' title='bbox 1507 1441 1596 1468; x_wconf 69' lang='lat' dir='ltr'><strong>multis</strong></span> <span class='ocrx_word' id='word_1_545' title='bbox 1609 1462 1616 1474; x_wconf 92' lang='lat'><strong>,</strong></span> <span class='ocrx_word' id='word_1_546' title='bbox 1639 1446 1662 1467; x_wconf 81' lang='lat' dir='ltr'><strong>et</strong></span> <span class='ocrx_word' id='word_1_547' title='bbox 1687 1439 1794 1473; x_wconf 81' lang='lat' dir='ltr'><strong>restigia</strong></span> <span class='ocrx_word' id='word_1_548' title='bbox 1809 1443 1852 1464; x_wconf 78' lang='lat' dir='ltr'><strong>(tm</strong></span> 
     </span>
    </p>
   </div>
   <div class='ocr_carea' id='block_1_74' title="bbox 1069 1483 1851 1524">
    <p class='ocr_par' dir='ltr' id='par_1_74' title="bbox 1069 1483 1851 1524">
     <span class='ocr_line' id='line_1_74' title="bbox 1069 1483 1851 1524; baseline -0.012 -7"><span class='ocrx_word' id='word_1_549' title='bbox 1069 1499 1120 1517; x_wconf 85' lang='lat' dir='ltr'><strong>non</strong></span> <span class='ocrx_word' id='word_1_550' title='bbox 1136 1493 1323 1524; x_wconf 71' lang='lat' dir='ltr'><strong>cognoscentur</strong></span> <span class='ocrx_word' id='word_1_551' title='bbox 1335 1489 1367 1515; x_wconf 74' lang='grc' dir='ltr'><strong>³ο.</strong></span> <span class='ocrx_word' id='word_1_552' title='bbox 1381 1487 1456 1521; x_wconf 78' lang='lat' dir='ltr'><strong>Quod</strong></span> <span class='ocrx_word' id='word_1_553' title='bbox 1478 1488 1566 1521; x_wconf 84' lang='lat' dir='ltr'><strong>itaque</strong></span> <span class='ocrx_word' id='word_1_554' title='bbox 1580 1485 1710 1513; x_wconf 88' lang='lat' dir='ltr'><strong>Dominus</strong></span> <span class='ocrx_word' id='word_1_555' title='bbox 1727 1485 1753 1510; x_wconf 92' lang='lat' dir='ltr'><strong>in</strong></span> <span class='ocrx_word' id='word_1_556' title='bbox 1770 1483 1851 1509; x_wconf 84' lang='lat' dir='ltr'><strong>deita-</strong></span> 
     </span>
    </p>
   </div>
   <div class='ocr_carea' id='block_1_75' title="bbox 1071 1530 1852 1569">
    <p class='ocr_par' dir='ltr' id='par_1_75' title="bbox 1071 1530 1852 1569">
     <span class='ocr_line' id='line_1_75' title="bbox 1071 1530 1852 1569; baseline -0.009 -6"><span class='ocrx_word' id='word_1_557' title='bbox 1071 1537 1104 1564; x_wconf 87' lang='lat' dir='ltr'><strong>tis</strong></span> <span class='ocrx_word' id='word_1_558' title='bbox 1126 1536 1276 1563; x_wconf 86' lang='lat' dir='ltr'><strong>rationibus</strong></span> <span class='ocrx_word' id='word_1_559' title='bbox 1299 1535 1416 1569; x_wconf 85' lang='lat' dir='ltr'><strong>propriis</strong></span> <span class='ocrx_word' id='word_1_560' title='bbox 1435 1534 1545 1566; x_wconf 83' lang='lat' dir='ltr'><strong>habuit,</strong></span> <span class='ocrx_word' id='word_1_561' title='bbox 1558 1533 1610 1560; x_wconf 89' lang='lat' dir='ltr'><strong>hoc</strong></span> <span class='ocrx_word' id='word_1_562' title='bbox 1625 1539 1684 1559; x_wconf 87' lang='lat' dir='ltr'><strong>cum</strong></span> <span class='ocrx_word' id='word_1_563' title='bbox 1697 1538 1793 1562; x_wconf 87' lang='lat' dir='ltr'><strong>servo,</strong></span> <span class='ocrx_word' id='word_1_564' title='bbox 1809 1530 1852 1556; x_wconf 73' lang='lat' dir='ltr'><strong>tali</strong></span> 
     </span>
    </p>
   </div>
   <div class='ocr_carea' id='block_1_76' title="bbox 1070 1579 1559 1616">
    <p class='ocr_par' dir='ltr' id='par_1_76' title="bbox 1070 1579 1559 1616">
     <span class='ocr_line' id='line_1_76' title="bbox 1070 1579 1559 1616; baseline -0.008 -8"><span class='ocrx_word' id='word_1_565' title='bbox 1070 1582 1183 1616; x_wconf 81' lang='lat' dir='ltr'><strong>dignaris</strong></span> <span class='ocrx_word' id='word_1_566' title='bbox 1200 1582 1312 1612; x_wconf 90' lang='lat' dir='ltr'><strong>honore,</strong></span> <span class='ocrx_word' id='word_1_567' title='bbox 1326 1587 1470 1608; x_wconf 87' lang='lat' dir='ltr'><strong>commune</strong></span> <span class='ocrx_word' id='word_1_568' title='bbox 1487 1579 1559 1606; x_wconf 80' lang='lat' dir='ltr'><strong>fecit.</strong></span> 
     </span>
    </p>
   </div>
   <div class='ocr_carea' id='block_1_77' title="bbox 1105 1622 1854 1660">
    <p class='ocr_par' dir='ltr' id='par_1_77' title="bbox 1105 1622 1854 1660">
     <span class='ocr_line' id='line_1_77' title="bbox 1105 1622 1854 1660; baseline -0.012 -7"><span class='ocrx_word' id='word_1_569' title='bbox 1105 1626 1202 1654; x_wconf 83' lang='lat' dir='ltr'><strong>Beatus</strong></span> <span class='ocrx_word' id='word_1_570' title='bbox 1215 1626 1325 1660; x_wconf 90' lang='lat' dir='ltr'><strong>quidem</strong></span> <span class='ocrx_word' id='word_1_571' title='bbox 1339 1632 1452 1660; x_wconf 84' lang='lat' dir='ltr'><strong>magnus</strong></span> <span class='ocrx_word' id='word_1_572' title='bbox 1463 1623 1591 1656; x_wconf 77' lang='lat' dir='ltr'><strong>Joannes,</strong></span> <span class='ocrx_word' id='word_1_573' title='bbox 1606 1622 1651 1657; x_wconf 90' lang='lat' dir='ltr'><strong>qui</strong></span> <span class='ocrx_word' id='word_1_574' title='bbox 1665 1627 1746 1656; x_wconf 85' lang='lat' dir='ltr'><strong>supra</strong></span> <span class='ocrx_word' id='word_1_575' title='bbox 1760 1625 1854 1655; x_wconf 79' lang='lat' dir='ltr'><strong>pectus</strong></span> 
     </span>
    </p>
   </div>
   <div class='ocr_carea' id='block_1_78' title="bbox 1072 1665 1853 1707">
    <p class='ocr_par' dir='ltr' id='par_1_78' title="bbox 1072 1665 1853 1707">
     <span class='ocr_line' id='line_1_78' title="bbox 1072 1665 1853 1707; baseline -0.014 -7"><span class='ocrx_word' id='word_1_576' title='bbox 1072 1673 1178 1701; x_wconf 88' lang='lat' dir='ltr'><strong>Domini</strong></span> <span class='ocrx_word' id='word_1_577' title='bbox 1192 1671 1324 1707; x_wconf 82' lang='lat' dir='ltr'><strong>requievit</strong></span> <span class='ocrx_word' id='word_1_578' title='bbox 1336 1672 1371 1704; x_wconf 82' lang='grc'><strong>’¹;</strong></span> <span class='ocrx_word' id='word_1_579' title='bbox 1383 1677 1496 1703; x_wconf 79' lang='lat' dir='ltr'><strong>magnus</strong></span> <span class='ocrx_word' id='word_1_580' title='bbox 1504 1675 1610 1704; x_wconf 82' lang='lat' dir='ltr'><strong>quoque</strong></span> <span class='ocrx_word' id='word_1_581' title='bbox 1619 1667 1744 1698; x_wconf 69' lang='lat' dir='ltr'><strong>Iacobus,</strong></span> <span class='ocrx_word' id='word_1_582' title='bbox 1757 1665 1853 1700; x_wconf 65' lang='lat' dir='ltr'><strong>quippe</strong></span> 
     </span>
    </p>
   </div>
   <div class='ocr_carea' id='block_1_79' title="bbox 1069 1711 1852 1754">
    <p class='ocr_par' dir='ltr' id='par_1_79' title="bbox 1069 1711 1852 1754">
     <span class='ocr_line' id='line_1_79' title="bbox 1069 1711 1852 1754; baseline -0.013 -7"><span class='ocrx_word' id='word_1_583' title='bbox 1069 1720 1114 1754; x_wconf 91' lang='lat' dir='ltr'><strong>qui</strong></span> <span class='ocrx_word' id='word_1_584' title='bbox 1130 1719 1240 1746; x_wconf 89' lang='lat' dir='ltr'><strong>tonitrui</strong></span> <span class='ocrx_word' id='word_1_585' title='bbox 1260 1718 1331 1745; x_wconf 87' lang='lat' dir='ltr'><strong>ﬁlius</strong></span> <span class='ocrx_word' id='word_1_586' title='bbox 1348 1716 1498 1751; x_wconf 84' lang='lat' dir='ltr'><strong>appellatus</strong></span> <span class='ocrx_word' id='word_1_587' title='bbox 1519 1716 1553 1741; x_wconf 86' lang='lat' dir='ltr'><strong>sit</strong></span> <span class='ocrx_word' id='word_1_588' title='bbox 1568 1715 1608 1748; x_wconf 84' lang='lat'><strong>&quot;;</strong></span> <span class='ocrx_word' id='word_1_589' title='bbox 1629 1712 1775 1748; x_wconf 66' lang='lat' dir='ltr'><strong>praeclarus</strong></span> <span class='ocrx_word' id='word_1_590' title='bbox 1790 1711 1852 1738; x_wconf 79' lang='lat' dir='ltr'><strong>item</strong></span> 
     </span>
    </p>
   </div>
   <div class='ocr_carea' id='block_1_80' title="bbox 1070 1758 1853 1799">
    <p class='ocr_par' dir='ltr' id='par_1_80' title="bbox 1070 1758 1853 1799">
     <span class='ocr_line' id='line_1_80' title="bbox 1070 1758 1853 1799; baseline -0.013 -6"><span class='ocrx_word' id='word_1_591' title='bbox 1070 1765 1279 1794; x_wconf 86' lang='lat' dir='ltr'><strong>honestantibus</strong></span> <span class='ocrx_word' id='word_1_592' title='bbox 1300 1765 1387 1799; x_wconf 91' lang='lat' dir='ltr'><strong>ipsum</strong></span> <span class='ocrx_word' id='word_1_593' title='bbox 1408 1762 1556 1790; x_wconf 89' lang='lat' dir='ltr'><strong>honoribus</strong></span> <span class='ocrx_word' id='word_1_594' title='bbox 1575 1761 1732 1794; x_wconf 79' lang='lat' dir='ltr'><strong>Philippus,</strong></span> <span class='ocrx_word' id='word_1_595' title='bbox 1753 1763 1783 1785; x_wconf 95' lang='lat' dir='ltr'><strong>ut</strong></span> <span class='ocrx_word' id='word_1_596' title='bbox 1809 1758 1853 1792; x_wconf 89' lang='lat' dir='ltr'><strong>qui</strong></span> 
     </span>
    </p>
   </div>
   <div class='ocr_carea' id='block_1_81' title="bbox 1070 1804 1854 1846">
    <p class='ocr_par' dir='ltr' id='par_1_81' title="bbox 1070 1804 1854 1846">
     <span class='ocr_line' id='line_1_81' title="bbox 1070 1804 1854 1846; baseline -0.011 -7"><span class='ocrx_word' id='word_1_597' title='bbox 1070 1817 1163 1846; x_wconf 85' lang='lat' dir='ltr'><strong>raptus</strong></span> <span class='ocrx_word' id='word_1_598' title='bbox 1180 1811 1262 1838; x_wconf 81' lang='lat' dir='ltr'><strong>fuerit</strong></span> <span class='ocrx_word' id='word_1_599' title='bbox 1282 1818 1296 1837; x_wconf 86' lang='lat' dir='ltr'><strong>a</strong></span> <span class='ocrx_word' id='word_1_600' title='bbox 1314 1810 1434 1844; x_wconf 88' lang='lat' dir='ltr'><strong>Spiritu,</strong></span> <span class='ocrx_word' id='word_1_601' title='bbox 1454 1816 1514 1836; x_wconf 90' lang='lat' dir='ltr'><strong>cum</strong></span> <span class='ocrx_word' id='word_1_602' title='bbox 1532 1806 1687 1841; x_wconf 61' lang='lat' dir='ltr'><strong>[Ethiopem</strong></span> <span class='ocrx_word' id='word_1_603' title='bbox 1706 1804 1854 1832; x_wconf 77' lang='lat' dir='ltr'><strong>Sah’almis</strong></span> 
     </span>
    </p>
   </div>
   <div class='ocr_carea' id='block_1_82' title="bbox 1071 1851 1853 1888">
    <p class='ocr_par' dir='ltr' id='par_1_82' title="bbox 1071 1851 1853 1888">
     <span class='ocr_line' id='line_1_82' title="bbox 1071 1851 1853 1888; baseline -0.01 -5"><span class='ocrx_word' id='word_1_604' title='bbox 1071 1856 1192 1883; x_wconf 88' lang='lat' dir='ltr'><strong>notitiam</strong></span> <span class='ocrx_word' id='word_1_605' title='bbox 1206 1856 1299 1883; x_wconf 90' lang='lat' dir='ltr'><strong>docuit</strong></span> <span class='ocrx_word' id='word_1_606' title='bbox 1307 1856 1347 1888; x_wconf 84' lang='lat'><strong>&quot;;</strong></span> <span class='ocrx_word' id='word_1_607' title='bbox 1362 1862 1458 1882; x_wconf 88' lang='lat' dir='ltr'><strong>omnes</strong></span> <span class='ocrx_word' id='word_1_608' title='bbox 1471 1853 1644 1881; x_wconf 83' lang='lat' dir='ltr'><strong>nihilominus</strong></span> <span class='ocrx_word' id='word_1_609' title='bbox 1656 1852 1736 1878; x_wconf 82' lang='lat' dir='ltr'><strong>Petro</strong></span> <span class='ocrx_word' id='word_1_610' title='bbox 1747 1851 1853 1881; x_wconf 79' lang='lat' dir='ltr'><strong>cedant,</strong></span> 
     </span>
    </p>
   </div>
   <div class='ocr_carea' id='block_1_83' title="bbox 1070 1898 1855 1936">
    <p class='ocr_par' dir='ltr' id='par_1_83' title="bbox 1070 1898 1855 1936">
     <span class='ocr_line' id='line_1_83' title="bbox 1070 1898 1855 1936; baseline -0.008 -7"><span class='ocrx_word' id='word_1_611' title='bbox 1070 1910 1154 1936; x_wconf 77' lang='lat' dir='ltr'><strong>seque</strong></span> <span class='ocrx_word' id='word_1_612' title='bbox 1171 1903 1311 1929; x_wconf 82' lang='lat' dir='ltr'><strong>fateantur</strong></span> <span class='ocrx_word' id='word_1_613' title='bbox 1326 1900 1470 1932; x_wconf 86' lang='lat' dir='ltr'><strong>secundos,</strong></span> <span class='ocrx_word' id='word_1_614' title='bbox 1485 1900 1506 1927; x_wconf 84' lang='lat' dir='ltr'><strong>si</strong></span> <span class='ocrx_word' id='word_1_615' title='bbox 1523 1899 1603 1926; x_wconf 89' lang='lat' dir='ltr'><strong>modo</strong></span> <span class='ocrx_word' id='word_1_616' title='bbox 1618 1898 1765 1932; x_wconf 79' lang='lat' dir='ltr'><strong>gratiarum</strong></span> <span class='ocrx_word' id='word_1_617' title='bbox 1782 1905 1855 1924; x_wconf 89' lang='lat' dir='ltr'><strong>com-</strong></span> 
     </span>
    </p>
   </div>
   <div class='ocr_carea' id='block_1_84' title="bbox 1071 1943 1855 1983">
    <p class='ocr_par' dir='ltr' id='par_1_84' title="bbox 1071 1943 1855 1983">
     <span class='ocr_line' id='line_1_84' title="bbox 1071 1943 1855 1983; baseline -0.009 -8"><span class='ocrx_word' id='word_1_618' title='bbox 1071 1949 1175 1983; x_wconf 82' lang='lat' dir='ltr'><strong>paratio</strong></span> <span class='ocrx_word' id='word_1_619' title='bbox 1193 1948 1306 1975; x_wconf 88' lang='lat' dir='ltr'><strong>honoris</strong></span> <span class='ocrx_word' id='word_1_620' title='bbox 1331 1946 1516 1981; x_wconf 63' lang='lat' dir='ltr'><strong>praelationem</strong></span> <span class='ocrx_word' id='word_1_621' title='bbox 1535 1944 1697 1978; x_wconf 82' lang='lat' dir='ltr'><strong>probaverit.</strong></span> <span class='ocrx_word' id='word_1_622' title='bbox 1725 1943 1855 1970; x_wconf 83' lang='lat' dir='ltr'><strong>Univcrsa</strong></span> 
     </span>
    </p>
   </div>
   <div class='ocr_carea' id='block_1_85' title="bbox 1071 1989 1855 2029">
    <p class='ocr_par' dir='ltr' id='par_1_85' title="bbox 1071 1989 1855 2029">
     <span class='ocr_line' id='line_1_85' title="bbox 1071 1989 1855 2029; baseline -0.01 -7"><span class='ocrx_word' id='word_1_623' title='bbox 1071 2002 1139 2022; x_wconf 86' lang='lat' dir='ltr'><strong>sane</strong></span> <span class='ocrx_word' id='word_1_624' title='bbox 1154 1993 1292 2029; x_wconf 78' lang='lat' dir='ltr'><strong>sigillatim</strong></span> <span class='ocrx_word' id='word_1_625' title='bbox 1316 1992 1598 2027; x_wconf 80' lang='lat' dir='ltr'><strong>contemplans-atque</strong></span> <span class='ocrx_word' id='word_1_626' title='bbox 1614 1990 1800 2021; x_wconf 87' lang='lat' dir='ltr'><strong>considerans,</strong></span> <span class='ocrx_word' id='word_1_627' title='bbox 1816 1989 1855 2014; x_wconf 86' lang='lat' dir='ltr'><strong>vi-</strong></span> 
     </span>
    </p>
   </div>
   <div class='ocr_carea' id='block_1_86' title="bbox 1073 2035 1854 2074">
    <p class='ocr_par' dir='ltr' id='par_1_86' title="bbox 1073 2035 1854 2074">
     <span class='ocr_line' id='line_1_86' title="bbox 1073 2035 1854 2074; baseline -0.009 -7"><span class='ocrx_word' id='word_1_628' title='bbox 1073 2049 1132 2068; x_wconf 92' lang='lat' dir='ltr'><strong>rum</strong></span> <span class='ocrx_word' id='word_1_629' title='bbox 1154 2041 1226 2067; x_wconf 88' lang='lat' dir='ltr'><strong>hunc</strong></span> <span class='ocrx_word' id='word_1_630' title='bbox 1247 2038 1423 2074; x_wconf 86' lang='lat' dir='ltr'><strong>deprehendo</strong></span> <span class='ocrx_word' id='word_1_631' title='bbox 1437 2045 1497 2065; x_wconf 90' lang='lat' dir='ltr'><strong>cum</strong></span> <span class='ocrx_word' id='word_1_632' title='bbox 1516 2037 1542 2064; x_wconf 90' lang='lat' dir='ltr'><strong>in</strong></span> <span class='ocrx_word' id='word_1_633' title='bbox 1562 2043 1717 2064; x_wconf 81' lang='lat' dir='ltr'><strong>sermonum</strong></span> <span class='ocrx_word' id='word_1_634' title='bbox 1735 2035 1854 2070; x_wconf 87' lang='lat' dir='ltr'><strong>disputa-</strong></span> 
     </span>
    </p>
   </div>
   <div class='ocr_carea' id='block_1_87' title="bbox 1074 2081 1855 2119">
    <p class='ocr_par' dir='ltr' id='par_1_87' title="bbox 1074 2081 1855 2119">
     <span class='ocr_line' id='line_1_87' title="bbox 1074 2081 1855 2119; baseline -0.008 -5"><span class='ocrx_word' id='word_1_635' title='bbox 1074 2087 1204 2117; x_wconf 82' lang='lat' dir='ltr'><strong>tionibus.</strong></span> <span class='ocrx_word' id='word_1_636' title='bbox 1225 2091 1280 2113; x_wconf 91' lang='lat' dir='ltr'><strong>tum</strong></span> <span class='ocrx_word' id='word_1_637' title='bbox 1297 2086 1324 2112; x_wconf 93' lang='lat' dir='ltr'><strong>in</strong></span> <span class='ocrx_word' id='word_1_638' title='bbox 1342 2092 1454 2119; x_wconf 89' lang='lat' dir='ltr'><strong>operum</strong></span> <span class='ocrx_word' id='word_1_639' title='bbox 1471 2083 1635 2119; x_wconf 87' lang='lat' dir='ltr'><strong>patratione,</strong></span> <span class='ocrx_word' id='word_1_640' title='bbox 1648 2082 1747 2117; x_wconf 87' lang='lat' dir='ltr'><strong>ubique</strong></span> <span class='ocrx_word' id='word_1_641' title='bbox 1763 2081 1855 2109; x_wconf 84' lang='lat' dir='ltr'><strong>simili-</strong></span> 
     </span>
    </p>
   </div>
   <div class='ocr_carea' id='block_1_88' title="bbox 1072 2129 1857 2167">
    <p class='ocr_par' dir='ltr' id='par_1_88' title="bbox 1072 2129 1857 2167">
     <span class='ocr_line' id='line_1_88' title="bbox 1072 2129 1857 2167; baseline -0.006 -7"><span class='ocrx_word' id='word_1_642' title='bbox 1072 2137 1114 2161; x_wconf 86' lang='lat' dir='ltr'><strong>ter-</strong></span> <span class='ocrx_word' id='word_1_643' title='bbox 1147 2132 1251 2167; x_wconf 87' lang='lat' dir='ltr'><strong>reliquo</strong></span> <span class='ocrx_word' id='word_1_644' title='bbox 1276 2130 1469 2166; x_wconf 88' lang='lat' dir='ltr'><strong>discipulorum</strong></span> <span class='ocrx_word' id='word_1_645' title='bbox 1497 2130 1581 2157; x_wconf 85' lang='lat' dir='ltr'><strong>choro</strong></span> <span class='ocrx_word' id='word_1_646' title='bbox 1608 2129 1798 2164; x_wconf 67' lang='lat' dir='ltr'><strong>prmsilientem</strong></span> <span class='ocrx_word' id='word_1_647' title='bbox 1827 2135 1857 2155; x_wconf 87' lang='lat' dir='ltr'><strong>ac</strong></span> 
     </span>
    </p>
   </div>
   <div class='ocr_carea' id='block_1_89' title="bbox 1073 2176 1858 2214">
    <p class='ocr_par' dir='ltr' id='par_1_89' title="bbox 1073 2176 1858 2214">
     <span class='ocr_line' id='line_1_89' title="bbox 1073 2176 1858 2214; baseline -0.006 -8"><span class='ocrx_word' id='word_1_648' title='bbox 1073 2179 1285 2214; x_wconf 70' lang='lat' dir='ltr'><strong>prazsultantem,</strong></span> <span class='ocrx_word' id='word_1_649' title='bbox 1296 2178 1423 2212; x_wconf 87' lang='lat' dir='ltr'><strong>idemque</strong></span> <span class='ocrx_word' id='word_1_650' title='bbox 1433 2177 1492 2203; x_wconf 66' lang='lat' dir='ltr'><strong>vita:</strong></span> <span class='ocrx_word' id='word_1_651' title='bbox 1501 2176 1618 2204; x_wconf 87' lang='lat' dir='ltr'><strong>stadium</strong></span> <span class='ocrx_word' id='word_1_652' title='bbox 1637 2179 1776 2203; x_wconf 87' lang='lat' dir='ltr'><strong>currentes</strong></span> <span class='ocrx_word' id='word_1_653' title='bbox 1789 2182 1858 2210; x_wconf 87' lang='lat' dir='ltr'><strong>pone</strong></span> 
     </span>
    </p>
   </div>
   <div class='ocr_carea' id='block_1_90' title="bbox 1075 2224 1282 2257">
    <p class='ocr_par' dir='ltr' id='par_1_90' title="bbox 1075 2224 1282 2257">
     <span class='ocr_line' id='line_1_90' title="bbox 1075 2224 1282 2257; baseline -0.01 -6"><span class='ocrx_word' id='word_1_654' title='bbox 1075 2224 1282 2257; x_wconf 86' lang='lat' dir='ltr'><strong>relinquentem.</strong></span> 
     </span>
    </p>
   </div>
   <div class='ocr_carea' id='block_1_91' title="bbox 277 2263 1018 2302">
    <p class='ocr_par' dir='ltr' id='par_1_91' title="bbox 277 2263 1018 2302">
     <span class='ocr_line' id='line_1_91' title="bbox 277 2263 1018 2302; baseline 0.001 -10"><span class='ocrx_word' id='word_1_655' title='bbox 277 2265 446 2302; x_wconf 86' lang='grc' dir='ltr'>Ἐρωτῶντος</span> <span class='ocrx_word' id='word_1_656' title='bbox 468 2265 521 2301; x_wconf 85' lang='grc' dir='ltr'><strong>γάρ</strong></span> <span class='ocrx_word' id='word_1_657' title='bbox 538 2273 603 2291; x_wconf 77' lang='grc' dir='ltr'>ποτε</span> <span class='ocrx_word' id='word_1_658' title='bbox 622 2263 669 2291; x_wconf 83' lang='grc' dir='ltr'>τοῦ</span> <span class='ocrx_word' id='word_1_659' title='bbox 692 2264 795 2300; x_wconf 80' lang='grc' dir='ltr'>Κυρίου</span> <span class='ocrx_word' id='word_1_660' title='bbox 819 2265 882 2296; x_wconf 77' lang='grc' dir='ltr'>τοὺς</span> <span class='ocrx_word' id='word_1_661' title='bbox 902 2265 1018 2298; x_wconf 79' lang='grc' dir='ltr'>δώδεκα,</span> 
     </span>
    </p>
   </div>
   <div class='ocr_carea' id='block_1_92' title="bbox 1070 2263 1857 2302">
    <p class='ocr_par' dir='ltr' id='par_1_92' title="bbox 1110 2265 1857 2301">
     <span class='ocr_line' id='line_1_92' title="bbox 1110 2265 1857 2301; baseline -0.005 -7"><span class='ocrx_word' id='word_1_662' title='bbox 1110 2267 1291 2294; x_wconf 80' lang='lat' dir='ltr'><strong>Percontante</strong></span> <span class='ocrx_word' id='word_1_663' title='bbox 1309 2267 1382 2294; x_wconf 88' lang='lat' dir='ltr'><strong>enim</strong></span> <span class='ocrx_word' id='word_1_664' title='bbox 1401 2267 1562 2301; x_wconf 86' lang='lat' dir='ltr'><strong>quandoque</strong></span> <span class='ocrx_word' id='word_1_665' title='bbox 1579 2266 1691 2293; x_wconf 87' lang='lat' dir='ltr'><strong>Domino</strong></span> <span class='ocrx_word' id='word_1_666' title='bbox 1705 2265 1857 2293; x_wconf 59' lang='lat' dir='ltr'><strong>crdoodc-</strong></span> 
     </span>
    </p>
   </div>
   <div class='ocr_carea' id='block_1_93' title="bbox 236 2311 1021 2349">
    <p class='ocr_par' dir='ltr' id='par_1_93' title="bbox 236 2311 1021 2349">
     <span class='ocr_line' id='line_1_93' title="bbox 236 2311 1021 2349; baseline -0.001 -9"><span class='ocrx_word' id='word_1_667' title='bbox 236 2314 283 2341; x_wconf 78' lang='grc' dir='ltr'>καὶ</span> <span class='ocrx_word' id='word_1_668' title='bbox 305 2312 456 2349; x_wconf 85' lang='grc' dir='ltr'>ἀπόπειραν</span> <span class='ocrx_word' id='word_1_669' title='bbox 476 2312 647 2348; x_wconf 81' lang='grc' dir='ltr'>ποιουμένου,</span> <span class='ocrx_word' id='word_1_670' title='bbox 672 2312 745 2344; x_wconf 84' lang='grc' dir='ltr'>ὅπως</span> <span class='ocrx_word' id='word_1_671' title='bbox 769 2311 861 2347; x_wconf 78' lang='grc' dir='ltr'>ἔχουσι</span> <span class='ocrx_word' id='word_1_672' title='bbox 884 2311 1021 2347; x_wconf 79' lang='grc' dir='ltr'>πληροφο-</span> 
     </span>
    </p>
   </div>
   <div class='ocr_carea' id='block_1_94' title="bbox 238 2356 1020 2394">
    <p class='ocr_par' dir='ltr' id='par_1_94' title="bbox 238 2356 1020 2394">
     <span class='ocr_line' id='line_1_94' title="bbox 238 2356 1020 2394; baseline -0.003 -10"><span class='ocrx_word' id='word_1_673' title='bbox 238 2358 299 2394; x_wconf 82' lang='grc' dir='ltr'>ρίας</span> <span class='ocrx_word' id='word_1_674' title='bbox 321 2358 369 2384; x_wconf 77' lang='grc' dir='ltr'>καὶ</span> <span class='ocrx_word' id='word_1_675' title='bbox 391 2357 504 2393; x_wconf 85' lang='grc' dir='ltr'>γνώμης</span> <span class='ocrx_word' id='word_1_676' title='bbox 527 2357 593 2392; x_wconf 71' lang='grc' dir='ltr'>περὶ</span> <span class='ocrx_word' id='word_1_677' title='bbox 618 2357 668 2392; x_wconf 86' lang='grc' dir='ltr'><strong>τῆς</strong></span> <span class='ocrx_word' id='word_1_678' title='bbox 686 2357 726 2388; x_wconf 80' lang='grc' dir='ltr'><strong>είς</strong></span> <span class='ocrx_word' id='word_1_679' title='bbox 746 2356 825 2383; x_wconf 75' lang='grc' dir='ltr'>αὑτὸν</span> <span class='ocrx_word' id='word_1_680' title='bbox 846 2356 1020 2392; x_wconf 75' lang='grc' dir='ltr'>ὑπολήψεως,</span> 
     </span>
    </p>
   </div>
   <div class='ocr_carea' id='block_1_95' title="bbox 239 2403 1024 2446">
    <p class='ocr_par' dir='ltr' id='par_1_95' title="bbox 239 2403 1024 2446">
     <span class='ocr_line' id='line_1_95' title="bbox 239 2403 1024 2446; baseline -0.003 -15"><span class='ocrx_word' id='word_1_681' title='bbox 239 2405 285 2431; x_wconf 80' lang='grc' dir='ltr'><strong>καὶ</strong></span> <span class='ocrx_word' id='word_1_682' title='bbox 304 2404 460 2446; x_wconf 77' lang='grc' dir='ltr'>κελεύουσιν</span> <span class='ocrx_word' id='word_1_683' title='bbox 472 2403 494 2419; x_wconf 82' lang='grc'><strong>⁸⁸</strong></span> <span class='ocrx_word' id='word_1_684' title='bbox 509 2404 602 2443; x_wconf 75' lang='grc' dir='ltr'>σαφῷς</span> <span class='ocrx_word' id='word_1_685' title='bbox 616 2404 713 2435; x_wconf 84' lang='grc' dir='ltr'>εἰπεῖν,</span> <span class='ocrx_word' id='word_1_686' title='bbox 729 2403 790 2430; x_wconf 86' lang='grc' dir='ltr'>τίνα</span> <span class='ocrx_word' id='word_1_687' title='bbox 805 2403 927 2437; x_wconf 83' lang='grc' dir='ltr'>λέγουσιν</span> <span class='ocrx_word' id='word_1_688' title='bbox 943 2403 1024 2430; x_wconf 82' lang='grc' dir='ltr'>αὐτὸν</span> 
     </span>
    </p>
   </div>
   <div class='ocr_carea' id='block_1_96' title="bbox 240 2448 1022 2486">
    <p class='ocr_par' dir='ltr' id='par_1_96' title="bbox 240 2448 1022 2486">
     <span class='ocr_line' id='line_1_96' title="bbox 240 2448 1022 2486; baseline 0.003 -11"><span class='ocrx_word' id='word_1_689' title='bbox 240 2448 324 2476; x_wconf 80' lang='grc' dir='ltr'>εἶναι·</span> <span class='ocrx_word' id='word_1_690' title='bbox 343 2450 398 2477; x_wconf 83' lang='grc' dir='ltr'>τῶν</span> <span class='ocrx_word' id='word_1_691' title='bbox 418 2450 505 2477; x_wconf 85' lang='grc' dir='ltr'>ἄλλων</span> <span class='ocrx_word' id='word_1_692' title='bbox 532 2450 660 2477; x_wconf 77' lang='grc' dir='ltr'>ἁπάντων</span> <span class='ocrx_word' id='word_1_693' title='bbox 685 2450 820 2485; x_wconf 81' lang='grc' dir='ltr'>σιωπῆσαι</span> <span class='ocrx_word' id='word_1_694' title='bbox 844 2450 1022 2486; x_wconf 82' lang='grc' dir='ltr'>βουλομένων,</span> 
     </span>
    </p>
   </div>
   <div class='ocr_carea' id='block_1_97' title="bbox 241 2490 1024 2534">
    <p class='ocr_par' dir='ltr' id='par_1_97' title="bbox 241 2490 1024 2534">
     <span class='ocr_line' id='line_1_97' title="bbox 241 2490 1024 2534; baseline 0 -11"><span class='ocrx_word' id='word_1_695' title='bbox 241 2497 288 2523; x_wconf 70' lang='grc' dir='ltr'>καὶ</span> <span class='ocrx_word' id='word_1_696' title='bbox 301 2497 493 2534; x_wconf 82' lang='grc' dir='ltr'>βραδυνόντων,</span> <span class='ocrx_word' id='word_1_697' title='bbox 510 2498 558 2524; x_wconf 72' lang='grc' dir='ltr'><strong>καὶ</strong></span> <span class='ocrx_word' id='word_1_698' title='bbox 579 2497 751 2529; x_wconf 75' lang='grc' dir='ltr'>δεικνύντων,</span> <span class='ocrx_word' id='word_1_699' title='bbox 767 2497 804 2529; x_wconf 83' lang='grc' dir='ltr'>ὡς</span> <span class='ocrx_word' id='word_1_700' title='bbox 820 2497 864 2523; x_wconf 85' lang='grc' dir='ltr'><strong>διά</strong></span> <span class='ocrx_word' id='word_1_701' title='bbox 877 2490 948 2528; x_wconf 72' lang='grc' dir='ltr'>τινος</span> <span class='ocrx_word' id='word_1_702' title='bbox 965 2498 1024 2523; x_wconf 82' lang='grc' dir='ltr'>ὲπι-</span> 
     </span>
    </p>
   </div>
   <div class='ocr_carea' id='block_1_98' title="bbox 242 2541 1024 2578">
    <p class='ocr_par' dir='ltr' id='par_1_98' title="bbox 242 2541 1024 2578">
     <span class='ocr_line' id='line_1_98' title="bbox 242 2541 1024 2578; baseline -0.001 -10"><span class='ocrx_word' id='word_1_703' title='bbox 242 2542 373 2577; x_wconf 80' lang='grc' dir='ltr'>σκέψεως,</span> <span class='ocrx_word' id='word_1_704' title='bbox 388 2542 438 2578; x_wconf 84' lang='grc' dir='ltr'>τὴν</span> <span class='ocrx_word' id='word_1_705' title='bbox 447 2543 608 2577; x_wconf 86' lang='grc' dir='ltr'>ἀπόκρισιν·</span> <span class='ocrx_word' id='word_1_706' title='bbox 628 2541 735 2573; x_wconf 75' lang='grc' dir='ltr'>ἀνοίξας</span> <span class='ocrx_word' id='word_1_707' title='bbox 755 2541 786 2567; x_wconf 83' lang='grc' dir='ltr'><strong>τὸ</strong></span> <span class='ocrx_word' id='word_1_708' title='bbox 811 2541 897 2576; x_wconf 85' lang='grc' dir='ltr'>στόμα</span> <span class='ocrx_word' id='word_1_709' title='bbox 919 2541 1024 2576; x_wconf 79' lang='grc' dir='ltr'>ταχέως</span> 
     </span>
    </p>
   </div>
   <div class='ocr_carea' id='block_1_99' title="bbox 239 2587 1024 2623">
    <p class='ocr_par' dir='ltr' id='par_1_99' title="bbox 239 2587 1024 2623">
     <span class='ocr_line' id='line_1_99' title="bbox 239 2587 1024 2623; baseline -0.003 -8"><span class='ocrx_word' id='word_1_710' title='bbox 239 2589 253 2614; x_wconf 81' lang='grc' dir='ltr'>ὁ</span> <span class='ocrx_word' id='word_1_711' title='bbox 268 2588 312 2615; x_wconf 80' lang='grc' dir='ltr'><strong>τὸν</strong></span> <span class='ocrx_word' id='word_1_712' title='bbox 333 2588 458 2623; x_wconf 83' lang='grc' dir='ltr'>ζώπυρον</span> <span class='ocrx_word' id='word_1_713' title='bbox 479 2588 525 2613; x_wconf 71' lang='grc' dir='ltr'><strong>ἐπὶ</strong></span> <span class='ocrx_word' id='word_1_714' title='bbox 545 2587 595 2622; x_wconf 83' lang='grc' dir='ltr'><strong>τῆς</strong></span> <span class='ocrx_word' id='word_1_715' title='bbox 614 2587 702 2622; x_wconf 74' lang='grc' dir='ltr'>ψυχῆς</span> <span class='ocrx_word' id='word_1_716' title='bbox 726 2587 816 2623; x_wconf 83' lang='grc' dir='ltr'>φέρων</span> <span class='ocrx_word' id='word_1_717' title='bbox 831 2587 881 2621; x_wconf 79' lang='grc' dir='ltr'>τῆς</span> <span class='ocrx_word' id='word_1_718' title='bbox 908 2587 1024 2619; x_wconf 80' lang='grc' dir='ltr'>πίστεως</span> 
     </span>
    </p>
   </div>
   <div class='ocr_carea' id='block_1_100' title="bbox 239 2631 1026 2669">
    <p class='ocr_par' dir='ltr' id='par_1_100' title="bbox 239 2631 1026 2669">
     <span class='ocr_line' id='line_1_100' title="bbox 239 2631 1026 2669; baseline -0.001 -9"><span class='ocrx_word' id='word_1_719' title='bbox 239 2634 376 2669; x_wconf 75' lang='grc' dir='ltr'>ἄνθρακα,</span> <span class='ocrx_word' id='word_1_720' title='bbox 402 2631 425 2668; x_wconf 80' lang='grc' dir='ltr'>ᾧ</span> <span class='ocrx_word' id='word_1_721' title='bbox 450 2633 497 2660; x_wconf 76' lang='grc' dir='ltr'><strong>καὶ</strong></span> <span class='ocrx_word' id='word_1_722' title='bbox 521 2633 636 2664; x_wconf 80' lang='grc' dir='ltr'>Ἡσαΐας</span> <span class='ocrx_word' id='word_1_723' title='bbox 665 2632 796 2668; x_wconf 85' lang='grc' dir='ltr'>πρότερον</span> <span class='ocrx_word' id='word_1_724' title='bbox 822 2632 959 2668; x_wconf 78' lang='grc' dir='ltr'>ἐκαθάρθη</span> <span class='ocrx_word' id='word_1_725' title='bbox 992 2632 1026 2659; x_wconf 79' lang='grc' dir='ltr'>τὰ</span> 
     </span>
    </p>
   </div>
   <div class='ocr_carea' id='block_1_101' title="bbox 240 2678 1026 2716">
    <p class='ocr_par' dir='ltr' id='par_1_101' title="bbox 240 2678 1026 2716">
     <span class='ocr_line' id='line_1_101' title="bbox 240 2678 1026 2716; baseline -0.003 -10"><span class='ocrx_word' id='word_1_726' title='bbox 240 2680 334 2715; x_wconf 80' lang='grc' dir='ltr'>χείλη,</span> <span class='ocrx_word' id='word_1_727' title='bbox 359 2681 409 2716; x_wconf 86' lang='grc' dir='ltr'>τὴν</span> <span class='ocrx_word' id='word_1_728' title='bbox 443 2679 581 2715; x_wconf 81' lang='grc' dir='ltr'>μακαρίαν</span> <span class='ocrx_word' id='word_1_729' title='bbox 614 2679 721 2713; x_wconf 82' lang='grc' dir='ltr'>ἐκείνην</span> <span class='ocrx_word' id='word_1_730' title='bbox 747 2678 794 2704; x_wconf 72' lang='grc' dir='ltr'><strong>καὶ</strong></span> <span class='ocrx_word' id='word_1_731' title='bbox 821 2678 894 2713; x_wconf 83' lang='grc' dir='ltr'>σαφῆ</span> <span class='ocrx_word' id='word_1_732' title='bbox 918 2678 1026 2713; x_wconf 82' lang='grc' dir='ltr'>ἀληθῶς</span> 
     </span>
    </p>
   </div>
   <div class='ocr_carea' id='block_1_102' title="bbox 243 2722 1025 2762">
    <p class='ocr_par' dir='ltr' id='par_1_102' title="bbox 243 2722 1025 2762">
     <span class='ocr_line' id='line_1_102' title="bbox 243 2722 1025 2762; baseline -0.004 -9"><span class='ocrx_word' id='word_1_733' title='bbox 243 2727 321 2762; x_wconf 78' lang='grc' dir='ltr'>ῥῆσιν</span> <span class='ocrx_word' id='word_1_734' title='bbox 337 2726 566 2761; x_wconf 81' lang='grc' dir='ltr'>καθωμολόγησε·</span> <span class='ocrx_word' id='word_1_735' title='bbox 584 2724 625 2751; x_wconf 82' lang='grc' dir='ltr'><strong>Σὺ</strong></span> <span class='ocrx_word' id='word_1_736' title='bbox 642 2722 671 2750; x_wconf 80' lang='grc' dir='ltr'>εἷ</span> <span class='ocrx_word' id='word_1_737' title='bbox 682 2726 697 2751; x_wconf 83' lang='grc' dir='ltr'><strong>ό</strong></span> <span class='ocrx_word' id='word_1_738' title='bbox 713 2724 838 2758; x_wconf 77' lang='grc' dir='ltr'>Χριστὸς</span> <span class='ocrx_word' id='word_1_739' title='bbox 854 2726 870 2751; x_wconf 83' lang='grc' dir='ltr'><strong>ό</strong></span> <span class='ocrx_word' id='word_1_740' title='bbox 893 2724 959 2757; x_wconf 66' lang='grc' dir='ltr'><strong>Υἱὸς</strong></span> <span class='ocrx_word' id='word_1_741' title='bbox 973 2724 1025 2751; x_wconf 83' lang='grc' dir='ltr'>τοῦ</span> 
     </span>
    </p>
   </div>
   <div class='ocr_carea' id='block_1_103' title="bbox 243 2769 1015 2805">
    <p class='ocr_par' dir='ltr' id='par_1_103' title="bbox 243 2769 1015 2805">
     <span class='ocr_line' id='line_1_103' title="bbox 243 2769 1015 2805; baseline -0.001 -8"><span class='ocrx_word' id='word_1_742' title='bbox 243 2772 317 2799; x_wconf 68' lang='grc' dir='ltr'>Θεοῦ</span> <span class='ocrx_word' id='word_1_743' title='bbox 336 2772 389 2799; x_wconf 74' lang='grc' dir='ltr'>τοῦ</span> <span class='ocrx_word' id='word_1_744' title='bbox 406 2772 522 2805; x_wconf 77' lang='grc' dir='ltr'>ζῶντος.</span> <span class='ocrx_word' id='word_1_745' title='bbox 538 2770 605 2797; x_wconf 86' lang='grc' dir='ltr'>Τίνα</span> <span class='ocrx_word' id='word_1_746' title='bbox 620 2770 652 2797; x_wconf 73' lang='grc' dir='ltr'>ἄν</span> <span class='ocrx_word' id='word_1_747' title='bbox 668 2779 710 2801; x_wconf 86' lang='grc' dir='ltr'><strong>τις</strong></span> <span class='ocrx_word' id='word_1_748' title='bbox 735 2770 800 2805; x_wconf 77' lang='grc' dir='ltr'>πρὸς</span> <span class='ocrx_word' id='word_1_749' title='bbox 815 2770 893 2802; x_wconf 76' lang='grc' dir='ltr'>ἀξίαν</span> <span class='ocrx_word' id='word_1_750' title='bbox 907 2769 961 2796; x_wconf 84' lang='grc' dir='ltr'><strong>τῶν</strong></span> <span class='ocrx_word' id='word_1_751' title='bbox 984 2770 1015 2796; x_wconf 81' lang='grc' dir='ltr'><strong>λό</strong></span> 
     </span>
    </p>
   </div>
   <div class='ocr_carea' id='block_1_104' title="bbox 586 2873 842 2905">
    <p class='ocr_par' dir='ltr' id='par_1_104' title="bbox 586 2873 842 2905">
     <span class='ocr_line' id='line_1_104' title="bbox 586 2873 842 2905; baseline -0.012 -2"><span class='ocrx_word' id='word_1_752' title='bbox 586 2877 607 2905; x_wconf 69' lang='grc'><strong>⁸7</strong></span> <span class='ocrx_word' id='word_1_753' title='bbox 625 2875 706 2903; x_wconf 79' lang='lat' dir='ltr'><strong>Exod.</strong></span> <span class='ocrx_word' id='word_1_754' title='bbox 728 2882 782 2905; x_wconf 76' lang='lat' dir='ltr'><strong>xw,</strong></span> <span class='ocrx_word' id='word_1_755' title='bbox 797 2873 842 2900; x_wconf 67' lang='grc' dir='ltr'><strong>Ἡ.</strong></span> 
     </span>
    </p>
   </div>
   <div class='ocr_carea' id='block_1_105' title="bbox 700 2909 937 2940">
    <p class='ocr_par' dir='ltr' id='par_1_105' title="bbox 700 2909 937 2940">
     <span class='ocr_line' id='line_1_105' title="bbox 700 2909 937 2940; baseline -0.004 -4"><span class='ocrx_word' id='word_1_756' title='bbox 700 2911 722 2926; x_wconf 80' lang='grc'><em>’³</em></span> <span class='ocrx_word' id='word_1_757' title='bbox 743 2910 803 2936; x_wconf 79' lang='lat' dir='ltr'><strong>Act.</strong></span> <span class='ocrx_word' id='word_1_758' title='bbox 821 2917 877 2940; x_wconf 73' lang='lat' dir='ltr'><strong>\‘lll,</strong></span> <span class='ocrx_word' id='word_1_759' title='bbox 894 2909 937 2935; x_wconf 79' lang='grc'><strong>59.</strong></span> 
     </span>
    </p>
   </div>
   <div class='ocr_carea' id='block_1_106' title="bbox 280 2876 548 2908">
    <p class='ocr_par' dir='ltr' id='par_1_106' title="bbox 280 2876 548 2908">
     <span class='ocr_line' id='line_1_106' title="bbox 280 2876 548 2908; baseline 0.011 -7"><span class='ocrx_word' id='word_1_760' title='bbox 280 2876 302 2890; x_wconf 58' lang='grc'><strong>⁸⁸</strong></span> <span class='ocrx_word' id='word_1_761' title='bbox 323 2876 365 2902; x_wconf 80' lang='grc' dir='ltr'><strong>Ῐσ.</strong></span> <span class='ocrx_word' id='word_1_762' title='bbox 384 2876 548 2908; x_wconf 71' lang='grc' dir='ltr'>κελεύοντος.</span> 
     </span>
    </p>
   </div>
   <div class='ocr_carea' id='block_1_107' title="bbox 247 2911 661 2940">
    <p class='ocr_par' dir='ltr' id='par_1_107' title="bbox 247 2911 661 2940">
     <span class='ocr_line' id='line_1_107' title="bbox 247 2911 661 2940; baseline 0.005 -4"><span class='ocrx_word' id='word_1_763' title='bbox 247 2918 306 2940; x_wconf 78' lang='lat' dir='ltr'><strong>xm,</strong></span> <span class='ocrx_word' id='word_1_764' title='bbox 323 2912 366 2938; x_wconf 71' lang='lat'><strong>25.</strong></span> <span class='ocrx_word' id='word_1_765' title='bbox 406 2912 427 2926; x_wconf 84' lang='lat'><strong>&quot;</strong></span> <span class='ocrx_word' id='word_1_766' title='bbox 446 2911 539 2939; x_wconf 80' lang='lat' dir='ltr'><strong>Matth.</strong></span> <span class='ocrx_word' id='word_1_767' title='bbox 559 2921 599 2939; x_wconf 81' lang='lat' dir='ltr'>III.</span> <span class='ocrx_word' id='word_1_768' title='bbox 620 2911 661 2938; x_wconf 83' lang='grc'><strong>17.</strong></span> 
     </span>
    </p>
   </div>
   <div class='ocr_carea' id='block_1_108' title="bbox 879 2874 1380 2903">
    <p class='ocr_par' dir='ltr' id='par_1_108' title="bbox 879 2874 1380 2903">
     <span class='ocr_line' id='line_1_108' title="bbox 879 2874 1380 2903; baseline 0.002 -3"><span class='ocrx_word' id='word_1_769' title='bbox 879 2875 902 2889; x_wconf 70' lang='grc'><strong>⁵⁸</strong></span> <span class='ocrx_word' id='word_1_770' title='bbox 915 2874 971 2903; x_wconf 81' lang='lat' dir='ltr'><strong>.Ios.</strong></span> <span class='ocrx_word' id='word_1_771' title='bbox 993 2883 1033 2901; x_wconf 89' lang='lat' dir='ltr'><strong>Ill.</strong></span> <span class='ocrx_word' id='word_1_772' title='bbox 1054 2875 1094 2901; x_wconf 75' lang='lat' dir='ltr'><strong>Ili.</strong></span> <span class='ocrx_word' id='word_1_773' title='bbox 1125 2874 1380 2901; x_wconf 60' lang='lat' dir='ltr'><strong>“Illaltlt.x1\&#39;.‘28.</strong></span> 
     </span>
    </p>
   </div>
   <div class='ocr_carea' id='block_1_109' title="bbox 988 2909 1254 2940">
    <p class='ocr_par' dir='ltr' id='par_1_109' title="bbox 988 2909 1254 2940">
     <span class='ocr_line' id='line_1_109' title="bbox 988 2909 1254 2940; baseline -0.008 -4"><span class='ocrx_word' id='word_1_774' title='bbox 988 2910 1010 2925; x_wconf 66' lang='grc'><strong>⁸⁵</strong></span> <span class='ocrx_word' id='word_1_775' title='bbox 1032 2909 1124 2936; x_wconf 74' lang='lat' dir='ltr'><strong>Mulllt.</strong></span> <span class='ocrx_word' id='word_1_776' title='bbox 1142 2917 1196 2940; x_wconf 47' lang='lat' dir='ltr'><strong>,\\‘l,</strong></span> <span class='ocrx_word' id='word_1_777' title='bbox 1214 2909 1254 2935; x_wconf 81' lang='lat' dir='ltr'><strong>Hi.</strong></span> 
     </span>
    </p>
   </div>
   <div class='ocr_carea' id='block_1_110' title="bbox 1074 2311 1857 2345">
    <p class='ocr_par' dir='ltr' id='par_1_110' title="bbox 1074 2311 1857 2345">
     <span class='ocr_line' id='line_1_110' title="bbox 1074 2311 1857 2345; baseline -0.004 -7"><span class='ocrx_word' id='word_1_778' title='bbox 1074 2312 1137 2344; x_wconf 87' lang='lat' dir='ltr'><strong>cim,</strong></span> <span class='ocrx_word' id='word_1_779' title='bbox 1155 2319 1186 2338; x_wconf 81' lang='lat' dir='ltr'><strong>ac</strong></span> <span class='ocrx_word' id='word_1_780' title='bbox 1204 2311 1324 2345; x_wconf 88' lang='lat' dir='ltr'><strong>periculo</strong></span> <span class='ocrx_word' id='word_1_781' title='bbox 1340 2311 1480 2344; x_wconf 84' lang='lat' dir='ltr'><strong>probante,</strong></span> <span class='ocrx_word' id='word_1_782' title='bbox 1496 2316 1525 2337; x_wconf 92' lang='lat' dir='ltr'><strong>ut</strong></span> <span class='ocrx_word' id='word_1_783' title='bbox 1540 2311 1577 2337; x_wconf 87' lang='lat' dir='ltr'><strong>illi</strong></span> <span class='ocrx_word' id='word_1_784' title='bbox 1590 2312 1623 2338; x_wconf 88' lang='lat' dir='ltr'><strong>de</strong></span> <span class='ocrx_word' id='word_1_785' title='bbox 1640 2312 1697 2345; x_wconf 91' lang='lat' dir='ltr'><strong>ipso</strong></span> <span class='ocrx_word' id='word_1_786' title='bbox 1712 2311 1857 2344; x_wconf 60' lang='lat' dir='ltr'><strong>opinionis,</strong></span> 
     </span>
    </p>
   </div>
   <div class='ocr_carea' id='block_1_111' title="bbox 1075 2356 1858 2392">
    <p class='ocr_par' dir='ltr' id='par_1_111' title="bbox 1075 2356 1858 2392">
     <span class='ocr_line' id='line_1_111' title="bbox 1075 2356 1858 2392; baseline -0.005 -8"><span class='ocrx_word' id='word_1_787' title='bbox 1075 2358 1157 2392; x_wconf 82' lang='lat' dir='ltr'><strong>inque</strong></span> <span class='ocrx_word' id='word_1_788' title='bbox 1173 2365 1204 2384; x_wconf 85' lang='lat' dir='ltr'><strong>ea</strong></span> <span class='ocrx_word' id='word_1_789' title='bbox 1224 2356 1395 2384; x_wconf 88' lang='lat' dir='ltr'><strong>certitudinis</strong></span> <span class='ocrx_word' id='word_1_790' title='bbox 1405 2361 1485 2390; x_wconf 81' lang='lat' dir='ltr'><strong>atque</strong></span> <span class='ocrx_word' id='word_1_791' title='bbox 1497 2356 1579 2383; x_wconf 84' lang='lat' dir='ltr'><strong>animi</strong></span> <span class='ocrx_word' id='word_1_792' title='bbox 1595 2356 1725 2383; x_wconf 84' lang='lat' dir='ltr'><strong>haberent</strong></span> <span class='ocrx_word' id='word_1_793' title='bbox 1737 2363 1745 2388; x_wconf 87' lang='lat'><strong>;</strong></span> <span class='ocrx_word' id='word_1_794' title='bbox 1759 2356 1858 2390; x_wconf 87' lang='lat' dir='ltr'><strong>juben-</strong></span> 
     </span>
    </p>
   </div>
   <div class='ocr_carea' id='block_1_112' title="bbox 1076 2401 1858 2436">
    <p class='ocr_par' dir='ltr' id='par_1_112' title="bbox 1076 2401 1858 2436">
     <span class='ocr_line' id='line_1_112' title="bbox 1076 2401 1858 2436; baseline -0.005 -7"><span class='ocrx_word' id='word_1_795' title='bbox 1076 2408 1155 2436; x_wconf 90' lang='lat' dir='ltr'><strong>teque</strong></span> <span class='ocrx_word' id='word_1_796' title='bbox 1173 2408 1202 2429; x_wconf 88' lang='lat' dir='ltr'><strong>ut</strong></span> <span class='ocrx_word' id='word_1_797' title='bbox 1221 2402 1295 2429; x_wconf 83' lang='lat' dir='ltr'><strong>clare</strong></span> <span class='ocrx_word' id='word_1_798' title='bbox 1310 2402 1456 2434; x_wconf 83' lang='lat' dir='ltr'><strong>edicerent,</strong></span> <span class='ocrx_word' id='word_1_799' title='bbox 1474 2409 1554 2436; x_wconf 75' lang='lat' dir='ltr'><strong>quem</strong></span> <span class='ocrx_word' id='word_1_800' title='bbox 1569 2408 1629 2428; x_wconf 87' lang='lat' dir='ltr'><strong>cum</strong></span> <span class='ocrx_word' id='word_1_801' title='bbox 1648 2401 1784 2433; x_wconf 87' lang='lat' dir='ltr'><strong>dicerent;</strong></span> <span class='ocrx_word' id='word_1_802' title='bbox 1798 2408 1858 2427; x_wconf 87' lang='lat' dir='ltr'><strong>cum</strong></span> 
     </span>
    </p>
   </div>
   <div class='ocr_carea' id='block_1_113' title="bbox 1077 2447 1854 2482">
    <p class='ocr_par' dir='ltr' id='par_1_113' title="bbox 1077 2447 1854 2482">
     <span class='ocr_line' id='line_1_113' title="bbox 1077 2447 1854 2482; baseline -0.005 -8"><span class='ocrx_word' id='word_1_803' title='bbox 1077 2455 1171 2474; x_wconf 82' lang='lat' dir='ltr'><strong>oinnes</strong></span> <span class='ocrx_word' id='word_1_804' title='bbox 1193 2447 1288 2482; x_wconf 89' lang='lat' dir='ltr'><strong>reliqui</strong></span> <span class='ocrx_word' id='word_1_805' title='bbox 1307 2447 1406 2474; x_wconf 86' lang='lat' dir='ltr'><strong>vellent</strong></span> <span class='ocrx_word' id='word_1_806' title='bbox 1428 2452 1519 2474; x_wconf 84' lang='lat' dir='ltr'><strong>tacere</strong></span> <span class='ocrx_word' id='word_1_807' title='bbox 1536 2455 1567 2473; x_wconf 87' lang='lat' dir='ltr'><strong>ac</strong></span> <span class='ocrx_word' id='word_1_808' title='bbox 1585 2450 1791 2477; x_wconf 87' lang='lat' dir='ltr'><strong>cunctarentur,</strong></span> <span class='ocrx_word' id='word_1_809' title='bbox 1809 2453 1854 2480; x_wconf 87' lang='lat' dir='ltr'><strong>pa-</strong></span> 
     </span>
    </p>
   </div>
   <div class='ocr_carea' id='block_1_114' title="bbox 1077 2491 1859 2530">
    <p class='ocr_par' dir='ltr' id='par_1_114' title="bbox 1077 2491 1859 2530">
     <span class='ocr_line' id='line_1_114' title="bbox 1077 2491 1859 2530; baseline -0.008 -8"><span class='ocrx_word' id='word_1_810' title='bbox 1077 2495 1183 2530; x_wconf 85' lang='lat' dir='ltr'><strong>lamque</strong></span> <span class='ocrx_word' id='word_1_811' title='bbox 1199 2495 1357 2529; x_wconf 64' lang='lat' dir='ltr'><strong>praeferrent</strong></span> <span class='ocrx_word' id='word_1_812' title='bbox 1374 2494 1508 2529; x_wconf 89' lang='lat' dir='ltr'><strong>parturire</strong></span> <span class='ocrx_word' id='word_1_813' title='bbox 1526 2492 1623 2519; x_wconf 89' lang='lat' dir='ltr'><strong>animis</strong></span> <span class='ocrx_word' id='word_1_814' title='bbox 1640 2491 1728 2524; x_wconf 85' lang='lat' dir='ltr'><strong>aliqua</strong></span> <span class='ocrx_word' id='word_1_815' title='bbox 1745 2491 1859 2517; x_wconf 77' lang='lat' dir='ltr'><strong>medita-</strong></span> 
     </span>
    </p>
   </div>
   <div class='ocr_carea' id='block_1_115' title="bbox 1079 2536 1859 2575">
    <p class='ocr_par' dir='ltr' id='par_1_115' title="bbox 1079 2536 1859 2575">
     <span class='ocr_line' id='line_1_115' title="bbox 1079 2536 1859 2575; baseline -0.008 -8"><span class='ocrx_word' id='word_1_816' title='bbox 1079 2541 1151 2567; x_wconf 85' lang='lat' dir='ltr'><strong>tione</strong></span> <span class='ocrx_word' id='word_1_817' title='bbox 1169 2540 1232 2575; x_wconf 86' lang='lat' dir='ltr'><strong>quid</strong></span> <span class='ocrx_word' id='word_1_818' title='bbox 1259 2539 1413 2574; x_wconf 89' lang='lat' dir='ltr'><strong>responsuri</strong></span> <span class='ocrx_word' id='word_1_819' title='bbox 1439 2543 1541 2570; x_wconf 86' lang='lat' dir='ltr'><strong>essent,</strong></span> <span class='ocrx_word' id='word_1_820' title='bbox 1562 2537 1651 2564; x_wconf 81' lang='lat' dir='ltr'><strong>statim</strong></span> <span class='ocrx_word' id='word_1_821' title='bbox 1671 2536 1796 2570; x_wconf 83' lang='lat' dir='ltr'><strong>aperiens</strong></span> <span class='ocrx_word' id='word_1_822' title='bbox 1818 2543 1859 2565; x_wconf 84' lang='lat' dir='ltr'><strong>os,</strong></span> 
     </span>
    </p>
   </div>
   <div class='ocr_carea' id='block_1_116' title="bbox 1078 2582 1861 2621">
    <p class='ocr_par' dir='ltr' id='par_1_116' title="bbox 1078 2582 1861 2621">
     <span class='ocr_line' id='line_1_116' title="bbox 1078 2582 1861 2621; baseline -0.006 -8"><span class='ocrx_word' id='word_1_823' title='bbox 1078 2587 1124 2621; x_wconf 90' lang='lat' dir='ltr'><strong>qui</strong></span> <span class='ocrx_word' id='word_1_824' title='bbox 1141 2588 1229 2613; x_wconf 90' lang='lat' dir='ltr'><strong>vivum</strong></span> <span class='ocrx_word' id='word_1_825' title='bbox 1244 2593 1442 2620; x_wconf 88' lang='lat' dir='ltr'><strong>accensumque</strong></span> <span class='ocrx_word' id='word_1_826' title='bbox 1455 2585 1515 2612; x_wconf 89' lang='lat' dir='ltr'><strong>ﬁdei</strong></span> <span class='ocrx_word' id='word_1_827' title='bbox 1531 2585 1675 2612; x_wconf 81' lang='lat' dir='ltr'><strong>carbonem</strong></span> <span class='ocrx_word' id='word_1_828' title='bbox 1689 2583 1780 2610; x_wconf 84' lang='lat' dir='ltr'><strong>animo</strong></span> <span class='ocrx_word' id='word_1_829' title='bbox 1793 2582 1861 2609; x_wconf 79' lang='lat' dir='ltr'><strong>ferc-</strong></span> 
     </span>
    </p>
   </div>
   <div class='ocr_carea' id='block_1_117' title="bbox 1079 2628 1859 2667">
    <p class='ocr_par' dir='ltr' id='par_1_117' title="bbox 1079 2628 1859 2667">
     <span class='ocr_line' id='line_1_117' title="bbox 1079 2628 1859 2667; baseline -0.009 -7"><span class='ocrx_word' id='word_1_830' title='bbox 1079 2634 1137 2666; x_wconf 86' lang='lat' dir='ltr'><strong>bat,</strong></span> <span class='ocrx_word' id='word_1_831' title='bbox 1152 2641 1205 2667; x_wconf 89' lang='lat' dir='ltr'><strong>quo</strong></span> <span class='ocrx_word' id='word_1_832' title='bbox 1222 2637 1248 2660; x_wconf 90' lang='lat' dir='ltr'><strong>et</strong></span> <span class='ocrx_word' id='word_1_833' title='bbox 1265 2632 1342 2666; x_wconf 90' lang='lat' dir='ltr'><strong>prius</strong></span> <span class='ocrx_word' id='word_1_834' title='bbox 1356 2632 1432 2659; x_wconf 68' lang='lat' dir='ltr'><strong>Isaia:</strong></span> <span class='ocrx_word' id='word_1_835' title='bbox 1445 2631 1515 2658; x_wconf 89' lang='lat' dir='ltr'><strong>labia</strong></span> <span class='ocrx_word' id='word_1_836' title='bbox 1527 2631 1653 2657; x_wconf 89' lang='lat' dir='ltr'><strong>mundata</strong></span> <span class='ocrx_word' id='word_1_837' title='bbox 1667 2629 1789 2660; x_wconf 83' lang='lat' dir='ltr'><strong>fuissent,</strong></span> <span class='ocrx_word' id='word_1_838' title='bbox 1804 2628 1859 2654; x_wconf 83' lang='lat' dir='ltr'><strong>bca-</strong></span> 
     </span>
    </p>
   </div>
   <div class='ocr_carea' id='block_1_118' title="bbox 1080 2675 1860 2713">
    <p class='ocr_par' dir='ltr' id='par_1_118' title="bbox 1080 2675 1860 2713">
     <span class='ocr_line' id='line_1_118' title="bbox 1080 2675 1860 2713; baseline -0.005 -8"><span class='ocrx_word' id='word_1_839' title='bbox 1080 2684 1134 2706; x_wconf 87' lang='lat' dir='ltr'><strong>tam</strong></span> <span class='ocrx_word' id='word_1_840' title='bbox 1165 2679 1238 2706; x_wconf 89' lang='lat' dir='ltr'><strong>illam</strong></span> <span class='ocrx_word' id='word_1_841' title='bbox 1266 2686 1297 2706; x_wconf 85' lang='lat' dir='ltr'><strong>ac</strong></span> <span class='ocrx_word' id='word_1_842' title='bbox 1322 2678 1402 2712; x_wconf 87' lang='lat' dir='ltr'><strong>plane</strong></span> <span class='ocrx_word' id='word_1_843' title='bbox 1427 2677 1595 2713; x_wconf 84' lang='lat' dir='ltr'><strong>perspicuam</strong></span> <span class='ocrx_word' id='word_1_844' title='bbox 1622 2675 1751 2709; x_wconf 75' lang='lat' dir='ltr'><strong>prmclare</strong></span> <span class='ocrx_word' id='word_1_845' title='bbox 1780 2675 1860 2701; x_wconf 81' lang='lat' dir='ltr'><strong>edidit</strong></span> 
     </span>
    </p>
   </div>
   <div class='ocr_carea' id='block_1_119' title="bbox 1081 2721 1861 2752">
    <p class='ocr_par' dir='ltr' id='par_1_119' title="bbox 1081 2721 1861 2752">
     <span class='ocr_line' id='line_1_119' title="bbox 1081 2721 1861 2752; baseline -0.006 0"><span class='ocrx_word' id='word_1_846' title='bbox 1081 2725 1281 2752; x_wconf 78' lang='lat' dir='ltr'><strong>confessionem</strong></span> <span class='ocrx_word' id='word_1_847' title='bbox 1306 2734 1312 2751; x_wconf 93' lang='lat'>:</span> <span class='ocrx_word' id='word_1_848' title='bbox 1339 2724 1377 2750; x_wconf 85' lang='lat' dir='ltr'><strong>Tu</strong></span> <span class='ocrx_word' id='word_1_849' title='bbox 1396 2733 1422 2751; x_wconf 77' lang='lat' dir='ltr'><strong>es</strong></span> <span class='ocrx_word' id='word_1_850' title='bbox 1439 2723 1560 2751; x_wconf 76' lang='lat' dir='ltr'><strong>Christus</strong></span> <span class='ocrx_word' id='word_1_851' title='bbox 1585 2722 1670 2748; x_wconf 74' lang='lat' dir='ltr'><strong>Filius</strong></span> <span class='ocrx_word' id='word_1_852' title='bbox 1692 2721 1739 2748; x_wconf 69' lang='lat' dir='ltr'><strong>Dei</strong></span> <span class='ocrx_word' id='word_1_853' title='bbox 1762 2721 1812 2748; x_wconf 71' lang='lat' dir='ltr'><strong>rivi</strong></span> <span class='ocrx_word' id='word_1_854' title='bbox 1829 2721 1861 2747; x_wconf 59' lang='lat'><strong>9&quot;.</strong></span> 
     </span>
    </p>
   </div>
   <div class='ocr_carea' id='block_1_120' title="bbox 1082 2767 1862 2806">
    <p class='ocr_par' dir='ltr' id='par_1_120' title="bbox 1082 2767 1862 2806">
     <span class='ocr_line' id='line_1_120' title="bbox 1082 2767 1862 2806; baseline -0.005 -10"><span class='ocrx_word' id='word_1_855' title='bbox 1082 2771 1208 2803; x_wconf 62' lang='lat' dir='ltr'><strong>Quaenam</strong></span> <span class='ocrx_word' id='word_1_856' title='bbox 1225 2772 1286 2806; x_wconf 89' lang='lat' dir='ltr'><strong>quis</strong></span> <span class='ocrx_word' id='word_1_857' title='bbox 1304 2778 1352 2805; x_wconf 89' lang='lat' dir='ltr'><strong>pro</strong></span> <span class='ocrx_word' id='word_1_858' title='bbox 1368 2771 1463 2798; x_wconf 91' lang='lat' dir='ltr'><strong>horum</strong></span> <span class='ocrx_word' id='word_1_859' title='bbox 1483 2769 1613 2805; x_wconf 78' lang='lat' dir='ltr'><strong>dignitate</strong></span> <span class='ocrx_word' id='word_1_860' title='bbox 1632 2769 1787 2799; x_wconf 78' lang='lat' dir='ltr'><strong>verborum,</strong></span> <span class='ocrx_word' id='word_1_861' title='bbox 1807 2767 1862 2793; x_wconf 85' lang='lat' dir='ltr'><strong>idu-</strong></span> 
     </span>
    </p>
   </div>
   <div class='ocr_carea' id='block_1_121' title="bbox 1420 2868 1859 2902">
    <p class='ocr_par' dir='ltr' id='par_1_121' title="bbox 1420 2868 1859 2902">
     <span class='ocr_line' id='line_1_121' title="bbox 1420 2868 1859 2902; baseline -0.014 -2"><span class='ocrx_word' id='word_1_862' title='bbox 1420 2873 1442 2888; x_wconf 77' lang='lat'><strong>‘-‘°</strong></span> <span class='ocrx_word' id='word_1_863' title='bbox 1461 2872 1530 2900; x_wconf 75' lang='lat' dir='ltr'><strong>I&#39;sal.</strong></span> <span class='ocrx_word' id='word_1_864' title='bbox 1546 2879 1636 2902; x_wconf 67' lang='lat' dir='ltr'><strong>Lxxtt,</strong></span> <span class='ocrx_word' id='word_1_865' title='bbox 1652 2872 1695 2898; x_wconf 74' lang='lat'><strong>‘30.</strong></span> <span class='ocrx_word' id='word_1_866' title='bbox 1745 2871 1764 2885; x_wconf 83' lang='lat'><strong>&#39;-“</strong></span> <span class='ocrx_word' id='word_1_867' title='bbox 1786 2868 1859 2896; x_wconf 83' lang='lat' dir='ltr'><strong>.Ioan.</strong></span> 
     </span>
    </p>
   </div>
  </div>
