2076 3155
145 166 196 194 281

591 165 734 193 llOMlLIA
755 166 821 194 VIII.
843 165 877 193 IN
897 166 945 194 SS.
965 165 1107 194 PETltUM
1126 165 1169 194 ΕΤ
1189 166 1344 194 PAULUM.

1729 164 1783 192 282

147 223 186 256 οἷς
204 225 237 251 ἂν
253 224 350 257 ὲθὲλοι,
364 225 413 251 καὶ
430 224 532 251 κλείειν
547 221 588 256 οἷς
606 225 640 252 ἂν
654 225 759 251 δίκαιον
772 223 816 261 ἦν,
833 225 943 257 πάντως

999 226 1072 261 cujus
1087 233 1152 261 ergo
1167 225 1235 260 ipse,
1254 231 1382 260 tanquam
1399 225 1508 252 sedulus
1526 232 1682 260 guavusqne
1697 225 1782 251 bono-

147 271 175 298 δὲ
191 273 246 303 τοῖς
269 270 405 307 βεϐήλοις,
421 272 469 298 καὶ
483 270 613 304 ἁνιέροις,
629 271 676 298 καὶ
694 273 751 304 τοῖς
766 271 942 308 ἀρνουμένοις

148 318 195 345 τὴν
209 317 355 353 ὁμολογίαν
370 317 490 352 ἐκείνην,
503 317 537 344 δι’
552 317 585 352 ἣν
597 317 690 349 αὐτὸς,
704 316 742 349 ὡς
757 317 873 353 ἀκριϐὴς
887 317 942 344 τῶν

154 366 321 402 Ἐκκλησιῶν
334 366 357 382 ⁸⁷
376 366 488 401 ἀγαθῶν
506 366 609 401 φύλαξ,
629 368 784 393 ἐπιστατεῖν
811 369 871 399 ταῖς
888 367 942 393 εἱσ-

147 412 217 444 όδοις
227 412 278 447 τῆς
290 411 428 447 βασιλείας
442 412 553 448 ἐτάχθη.
570 413 601 438 Ὢ
612 412 658 439 τοῦ
674 411 758 447 ζόφου
770 412 818 439 καὶ
833 412 941 448 ἀχλύος,

148 459 165 494 ἡ
177 458 263 493 πολλὴ
278 458 392 494 κέχυται
405 458 457 494 πρὸ
475 458 528 484 τῶν
547 458 729 494 ἀνθρωπικῶν
740 458 898 493 ὀφθαλμῶν,
909 458 942 484 δι’

148 504 182 539 ἠν
198 504 230 530 οὐ
249 504 392 539 βλέπουσιν
408 504 432 530 οἱ
449 504 583 539 αἱρετικοὶ
601 503 656 530 τῶν
675 504 805 539 Πατέρων
820 504 854 530 τά
869 504 941 540 ἴχνη,

149 550 210 576 οὐδὲ
226 549 343 585 βαδίζειν
361 549 477 585 ἐκείνην,
493 550 527 586 ἣν
545 549 658 585 ἔτριψαν
673 550 727 577 τῶν
749 549 906 576 ἀποστόλων
919 551 942 577 οἱ

150 596 246 628 πόδεςί
274 597 339 623 Ἰδοὺ
364 596 419 631 γὰρ
444 597 549 633 Πέτρος
572 597 586 623 ὁ
611 597 670 623 κατ’
696 596 811 631 ἐκλογὴν
834 597 944 631 γνήσιος

150 642 196 668 τοῦ
207 642 324 677 Χριστοῦ
338 643 472 678 μαθητὴς,
485 643 499 669 ὁ
514 642 653 678 πανταχοῦ
669 643 718 679 τὴν
731 642 842 679 πρώτην
855 642 944 678 ψῆφον

150 689 196 715 καὶ
219 688 273 715 τῶν
291 688 380 724 τιμῶν
405 690 451 716 καὶ
471 689 525 716 τῶν
547 689 768 726 κατορθωμάτων
785 689 943 724 δεξάμενος,

146 735 161 760 ό
179 734 265 770 μέγας
284 736 387 767 ἐκεῖνος
401 737 415 762 ὁ
432 736 513 768 πάνυ,
529 732 558 762 οὗ
576 736 606 762 τὸ
629 736 707 767 κλέος
731 736 822 762 πᾶσαν
843 736 892 771 τὴν
907 735 945 761 oi-

147 781 283 816 κουμένην
309 782 479 817 ἐπλήρωσεν,
504 782 660 814 κελευσθεὶς
687 782 784 813 εἰπεῖν,
806 781 880 813 ὅπως
901 781 945 808 δο-

148 826 223 859 ξάζει
240 827 303 862 περὶ
322 828 369 854 τοῦ
395 827 463 854 Θεοῦ
481 828 528 854 καὶ
551 827 679 863 Σωτῆρος
702 827 792 863 ἡμῶν,
816 828 866 854 οὐκ
893 826 946 853 ἀπὸ

120 899 125 903 .
149 875 257 909 μακρᾶς
276 882 350 905 τινος
372 874 473 910 ἤρξατο
497 875 647 910 περινοίας,
663 875 723 901 οὐδὲ
738 874 838 902 κύκλον
857 872 947 901 συλλο-

996 279 1054 298 rum
1068 271 1198 299 Ecclesia:
1219 276 1322 304 custos,
1338 272 1413 306 regni
1430 272 1507 299 ostiis
1521 272 1665 307 praefectus
1679 270 1737 298 fuit.
1760 269 1783 299 0

993 317 1119 345 nebulam
1134 325 1165 345 ac
1180 317 1323 352 caliginem
1336 317 1409 344 illam
1425 317 1567 352 plurimam
1578 317 1703 343 humanis
1715 315 1783 343 oﬂu-

994 371 1052 392 sam
1066 363 1163 395 oculis,
1176 371 1228 399 qua
1242 364 1420 398 prohibentur
1435 363 1554 390 haeretici
1568 362 1679 389 Patrum
1692 362 1784 389 videre

994 410 1122 445 vestigia;
1147 417 1178 436 ae
1200 417 1281 444 quam
1301 410 1482 444 apostolorum
1503 409 1584 444 pedes
1606 409 1675 436 viam
1702 409 1784 435 trive-

994 461 1067 489 rttnt,
1082 456 1217 483 incedere!
1233 456 1301 484 Ecce
1313 463 1430 490 namque
1442 456 1539 482 eximia
1550 456 1665 490 quadam
1680 456 1784 481 ratione

995 503 1119 530 sincerus
1135 503 1180 529 ille
1193 503 1294 530 Chriin
1308 502 1456 537 diseipnius
1467 501 1581 534 Petrus;
1597 501 1650 534 ille,
1663 501 1783 535 inquam,

995 549 1114 584 primum
1129 549 1239 582 ubique,
1258 553 1313 575 tum
1328 549 1398 582 quod
1416 548 1448 574 ad
1464 547 1581 574 honores
1596 552 1710 581 spectat,
1729 551 1784 572 tntn

995 596 1066 630 quod
1094 596 1126 622 ad
1157 595 1254 622 merita
1276 595 1366 622 ferens
1386 593 1559 629 sulfragium,
1580 593 1622 620 ille
1641 592 1784 619 admodmn

997 649 1130 675 magnus,
1146 641 1222 676 cujus
1241 641 1323 668 decus
1341 641 1496 667 universum
1515 639 1634 673 implevit
1651 643 1784 664 terrarum

995 689 1089 716 orbem
1103 709 1110 721 ,
1126 688 1219 723 jussus
1234 688 1341 714 edicere
1356 691 1384 713 ut
1399 686 1432 713 de
1450 685 1504 712 Deo
1520 693 1551 712 ac
1566 685 1706 712 Salvatore
1722 692 1782 710 sen-

997 734 1056 766 tiat,
1074 741 1152 760 nona
1170 734 1241 771 longi
1256 732 1396 767 cujusdam
1410 731 1556 759 commenti
1569 731 1676 757 val'ritie
1688 730 1783 764 erepit,

998 787 1048 807 nec
1068 780 1286 814 syllogismorum
1308 785 1454 812 rerumque
1471 778 1574 805 circulo
1594 777 1707 804 vallatus
1724 784 1785 812 per-

997 828 1117 854 contanti
1136 827 1288 862 respondit,
1307 827 1345 854 ιιιί
1363 834 1434 854 nunc
1452 826 1574 854 solemne
1598 826 1697 852 habent
1726 833 1787 859 gra-

997 881 1046 901 ves
1061 873 1098 901 illi
1112 874 1246 905 rhetores,
1262 874 1343 908 inque
1357 873 1445 901 verbis
1461 874 1565 908 posit-.c,
1583 873 1643 900 fidei
1656 873 1786 904 artiﬁces,

147 920 254 955 γισμῶν
279 920 327 947 καὶ
354 921 527 956 πραγμάτων
551 920 800 956 περιϐαλλόμενος,
829 921 944 956 ἀπεκρι-

999 921 1044 948 sed
1063 919 1145 947 corde
1162 920 1290 955 simplici,
1305 920 1472 947 succinctam
1486 919 1628 947 veritatem
1647 919 1787 953 exposuit;

147 975 212 992 νατο
227 966 295 1001 πρὸς
311 965 360 1002 τὴν
373 965 481 998 πεῦσιν,
498 965 592 1002 ὥσπερ
608 965 639 1001 δὴ
655 965 702 993 νῦν
715 967 800 993 ποιεῖν
818 965 944 992 εἰώθασιν

147 1011 171 1037 ei.
189 1011 418 1046 δεινοὶὊοιρισταὶ
435 1011 482 1037 καὶ
498 1011 652 1046 τεχνολόγοι
667 1011 717 1046 τῆς
734 1012 869 1042 πίστεως·
887 1011 944 1038 ἀλλ’

147 1058 176 1084 ὲν
189 1057 320 1092 ἁπλότητι
334 1057 458 1093 καρδίας,
471 1056 602 1092 σύντομον
615 1057 722 1089 ἐξέθετο
735 1058 784 1093 τὴν
798 1057 942 1092 ἀλήθειαν·

115 1125 123 1130 .
147 1103 177 1129 οὐ
203 1103 249 1129 τὸν
276 1102 424 1137 ἀγέννητον
450 1102 605 1134 διαστείλας
629 1103 667 1138 τῷ
692 1102 831 1138 γεννητῷ,
858 1103 888 1130 οὐ
911 1103 946 1130 τὰ

148 1149 213 1184 περὶ
229 1149 322 1183 όμοίου
339 1148 385 1175 καὶ
406 1149 533 1183 ἀνομοίου
548 1148 749 1184 λεπτολογήσας
764 1149 944 1185 ἐμπλήκτως,

148 1193 209 1221 οὐδὲ
225 1194 278 1221 τῶν
296 1195 366 1230 ὑπὲρ
385 1195 474 1221 πάντα
491 1194 590 1220 οὐσιῶν
606 1195 874 1230 πολυπραγμονήσας
889 1195 947 1221 δια-

149 1241 246 1276 φορὰν,
261 1240 321 1266 οὐδὲ
338 1240 386 1275 τὴν
411 1240 565 1276 ἀμέτρητον
589 1239 702 1275 θεότητα
729 1241 867 1276 μετρήσας
884 1241 947 1267 συλυ

149 1286 300 1322 λογισμοῖς,
319 1284 363 1313 οἷα
379 1286 411 1321 δὴ
433 1286 467 1312 τὰ
488 1286 590 1322 Ἀρείου
607 1287 731 1320 παίγνια,
748 1286 795 1312 καὶ
812 1286 846 1312 τὰ
862 1285 946 1312 Εὐνο-

152 1331 213 1367 μίου
236 1331 492 1368 παρεγχειρήματα.
517 1330 688 1366 Ζηλὼσωμεν
713 1331 812 1372 τοίνυν,
835 1328 857 1357 ὦ
878 1331 947 1366 Χρι-

151 1378 255 1405 στιανοὶ
271 1375 317 1412 (ὧν
338 1377 439 1408 πίστις,
458 1376 487 1403 οὺ
506 1376 651 1411 πολυλογία
669 1377 699 1403 τὸ
717 1377 885 1412 γνώρισμα).
900 1377 946 1403 τὸν

152 1424 240 1456 ἁλιέα,
264 1425 308 1451 τὸν
334 1423 508 1460 ἀπερίεργον,
524 1423 571 1450 τὸν
588 1425 619 1449 ὲκ
634 1423 786 1459 Βηθσαῗδᾶς
799 1423 926 1458 γένοντα¹
939 1445 946 1456 ,

152 1471 181 1497 τδ
195 1470 302 1506 πρῶτον
317 1471 443 1506 θήρευμα
459 1469 504 1496 τοῦ
524 1469 654 1505 Χριστοῦ.
678 1469 882 1504 Μελετήσωμεν
903 1469 948 1495 λέ-

151 1524 225 1550 γειν·
242 1515 284 1543 Σὺ
299 1514 328 1543 εἴ
342 1517 357 1542 ὁ
374 1516 501 1550 Χριστὸς
517 1515 534 1542 ὁ
553 1515 619 1547 Υἱὸς
640 1514 693 1541 τοῦ
716 1514 790 1541 Θεοῦ
806 1514 859 1541 τοῦ
880 1513 948 1545 ζῶν-

152 1570 221 1596 τος·
237 1562 271 1589 τὰ
286 1562 314 1589 δὲ
331 1562 442 1589 πλείονα
456 1561 559 1588 τούτων
574 1561 684 1596 ἀφιέναι
702 1563 757 1593 τοῖς
773 1561 946 1597 λογομὰχοις,

153 1605 190 1636 ὧν
202 1608 260 1643 ἔρις
274 1608 304 1634 τό
318 1608 407 1644 ἔργον,
424 1609 470 1634 καὶ
486 1607 515 1634 τὸ
531 1607 607 1639 τέλος
623 1606 754 1633 ἀπώλεια.

187 1652 262 1690 Ἀρα.
283 1652 328 1681 οὖν
348 1655 396 1689 μὲν
423 1655 502 1690 μέχρι
520 1654 574 1680 τῶν
597 1653 746 1689 λεχθέντων
768 1654 875 1681 ἵσταται
900 1655 948 1681 τοῦ

152 1700 302 1727 ἀποστόλου
328 1700 362 1726 τὰ
389 1700 534 1735 θαύματα;
568 1699 584 1734 ἦ
620 1700 672 1726 πᾶν
698 1700 864 1733 τούναντίον,
888 1700 949 1727 οὐδὲ

152 1745 255 1782 ἧρχθαι
279 1746 423 1782 δοκοῦμεν,
448 1747 474 1773 εἴ
495 1755 535 1778 τις
559 1747 613 1777 τοῖς
638 1746 794 1782 είρημὲνοις
821 1755 948 1783 παραμε-

152 1793 230 1828 τροίη
245 1792 279 1819 τὰ
301 1792 438 1819 λείποντα.
458 1792 527 1819 Ἀλλ’
542 1792 596 1826 ἐγὼ
617 1792 652 1818 τὰ
674 1792 759 1818 πολλά
774 1794 806 1828 τῇ
829 1793 951 1829 ὑμετέρᾳ.

153 1839 252 1873 γνώσει
283 1839 438 1865 καταλιπὼν
466 1839 534 1875 (ἴστε
560 1839 615 1875 γὰρ
642 1839 687 1865 τὸν
714 1833 817 1874 Πέτρον
843 1840 890 1865 καὶ
916 1839 950 1865 τὰ

153 1885 269 1917 ἐκείνου,
288 1885 339 1912 κᾶν
356 1886 449 1921 μηδεὶς
465 1886 586 1912 ἐπαινεῖν
606 1885 651 1911 τὸν
675 1885 759 1921 ἄνδρα
779 1885 950 1922 προέληται),

155 1930 241 1967 μικρά
257 1932 384 1968 περὶτῆς
399 1931 579 1963 ἀναπαύσεως
595 1932 676 1958 αὑτοῦ
695 1933 782 1958 εἰπεῖν
801 1932 942 1967 βούλομαι,

121 1996 126 1998 ~
155 1977 202 2004 καὶ
214 1977 287 2009 ὅπως
303 1978 335 2003 ἐκ
351 1978 401 2012 τῆς
419 1977 469 2013 γῆς
485 1979 524 2010 εἰς
541 1978 586 2005 τὸν
603 1978 717 2013 οὐρανὸν
736 1977 905 2014 μετῴκησεν,
918 1979 950 2005 ἵν’

154 2024 213 2050 ἐκεῖ
230 2023 277 2050 τοῦ
295 2024 383 2056 λέγειν
403 2024 560 2059 παύσωμαι,
576 2024 639 2050 ἔνθα
661 2025 788 2056 κακεῖνος
811 2025 857 2051 τὸν
883 2025 950 2060 βίον.

161 2069 189 2096 '0
209 2069 257 2105 μὲν
272 2067 318 2096 οὖν
333 2070 428 2106 Σωτὴρ
446 2070 526 2106 ἡμῶν
549 2070 631 2106 ἡνίκα
649 2070 760 2106 ἔμελλεν
776 2070 901 2104 ἁγιάζειν
914 2070 952 2106 τῷ

155 2115 311 2152 αὐθαιρέτῳ
333 2115 440 2152 θανάτῳ
451 2117 484 2148 9“,
506 2116 600 2152 ὥσπερ
619 2116 679 2143 τινὰ
701 2116 865 2153 παραθήκην
881 2116 953 2148 ἐξαί-

156 2171 245 2198 ρετον,
269 2162 319 2198 τὴν
349 2162 462 2189 καθόλου
491 2163 537 2188 καὶ
562 2164 755 2198 οίκουμενικὴν
788 2163 953 2199 Ἐκκλησίαν

155 2207 243 2243 τούτῳ
264 2207 303 2243 τῷ
327 2208 404 2243 ἀνδρὶ
429 2209 624 2244 παρατίθεται,
649 2209 740 2244 τρίτον
763 2208 845 2235 αὐτοῦ
872 2208 954 2235 πυθό-

157 2263 236 2290 μενος
259 2254 298 2287 τὺ,
315 2254 416 2286 Φιλεῖς
436 2263 488 2289 με;
514 2255 557 2286 Ὠς
572 2255 600 2282 δὲ
624 2256 684 2286 ταῖς
708 2255 857 2289 ἐρωτήσεσι
883 2254 954 2290 μάλα

157 2299 304 2336 προθύμως
323 2301 484 2336 ίσαρίθμους
503 2302 553 2333 τὰς
570 2301 716 2336 ὁμολογίας
739 2300 879 2336 προέθετο,
898 2300 955 2327 ἕλα-

157 2345 204 2372 633)
221 2346 267 2373 τὸν
289 2347 391 2382 κόσμον
408 2348 447 2379 εἰς
464 2347 633 2382 ἐπιμέλειαν,
655 2347 693 2379 ὡς
719 2347 781 2382 μίαν
799 2345 898 2382 ἀγέλην
915 2344 955 2379 εἷς

159 2392 262 2427 ποιμὴν
275 2413 281 2424 ,
297 2393 430 2424 ἀκούσας·
449 2393 548 2420 Βόσκε
566 2393 602 2420 τὰ
619 2394 708 2427 ἀρνία
726 2403 787 2428 μου
798 2402 804 2408 ·
822 2393 867 2420 καὶ
891 2402 954 2429 σχε-

157 2437 203 2464 δὸν
225 2437 282 2463 ἀνθ’
297 2438 392 2465 ἑαυτοῦ
418 2439 462 2465 τὸν
487 2439 648 2465 πιστότατον
674 2439 798 2474 μαθητὴν
817 2439 917 2466 ἔδωκεν
940 2440 954 2465 ὁ

158 2482 261 2518 Κύριος
286 2485 341 2515 τοῖς
360 2485 539 2520 προσηλύτοις
567 2485 687 2520 πατέρα,
713 2486 760 2512 καὶ
787 2485 881 2520 νομέα,
906 2486 954 2511 καὶ

159 2529 318 2564 παιδευτήν.
342 2530 449 2566 Ταύτης
465 2530 553 2557 τοίνυν
575 2530 694 2562 ἀκούσας
716 2531 764 2565 τῆς
782 2531 885 2566 φωνῆς,
902 2531 952 2557 οὐκ

158 2575 187 2602 ὲν
205 2576 325 2612 ῥᾳθυμία
339 2577 383 2604 τὸν
406 2578 462 2613 βίον
481 2577 588 2613 ἔζησεν,
608 2577 669 2604 οὐδὲ
693 2579 819 2613 ἠγάπησε
837 2578 884 2613 τὴν
903 2578 955 2610 ἔξω

159 2622 289 2649 κινδύνων
312 2622 399 2659 ζωήν·
418 2623 488 2650 ἀλλὰ
507 2624 597 2650 πᾶσαν
619 2623 668 2658 τὴν
692 2623 854 2659 οἰκουμένην
875 2633 954 2660 περι-

160 2668 272 2699 νοστῶν,
294 2667 339 2695 τὺν
368 2668 485 2705 Χριστὸν
508 2668 564 2699 τοῖς
587 2666 787 2702 τυφλώττουσιν
815 2667 954 2694 ἀπεκάλυ-

162 2720 237 2744 πτεν,
257 2715 321 2746 τοὺς
340 2714 390 2749 μὲν
413 2713 607 2749 πλανωμένους
630 2712 746 2747 ὁδηγῶν,
768 2714 831 2744 τοὺς
845 2713 873 2738 δὲ
891 2721 954 2747 γευ-

162 2759 293 2795 σαμένους
304 2760 353 2795 τῆς
370 2759 511 2792 εὐσεϐείας
524 2760 548 2776 "
558 2767 564 2774 ·
581 2760 637 2790 τοῖς
656 2758 762 2794 ἐχθροῖς
783 2759 934 2794 μαχόμενος
944 2781 951 2793 ,

195 2861 216 2877 ’⁷
238 2861 281 2887 ισ.
303 2860 357 2886 τ’ῖν
377 2860 429 2886 τῶν
443 2860 482 2885 τοι
502 2859 746 2895 ὲκκλησιαστικῶν.

161 2896 277 2930 vclqnid
295 2896 392 2922 simile.
432 2895 439 2910 ¹
461 2895 536 2923 Joan.
550 2894 606 2928 xxi,
623 2894 715 2923 l5-l7.
755 2896 764 2909 ’
783 2894 847 2921 ibid.
868 2894 909 2921 ιδ.

1000 968 1212 1002 haudquaquam
1247 967 1396 1001 ingenitum
1422 971 1516 994 contra
1544 966 1664 1001 genitum
1692 965 1788 992 distin-

997 1021 1084 1048 guens
1099 1023 1107 1041 :
1124 1014 1157 1041 de
1170 1013 1214 1046 iis,
1233 1020 1293 1047 quae
1306 1012 1339 1039 ad
1354 1013 1442 1039 simile
1461 1020 1492 1039 ac
1508 1012 1639 1039 dissimile
1654 1015 1787 1046 spectant,

997 1059 1182 1094 nequidquam
1202 1064 1292 1086 emota
1311 1063 1402 1086 mente
1428 1056 1523 1085 frivola
1550 1058 1691 1092 disputans
1709 1066 1716 1085 :
1741 1065 1790 1085 nec

996 1113 1063 1132 vero
1083 1105 1312 1136 substantiarnm,
1332 1110 1392 1138 quae
1412 1105 1502 1131 omnia
1524 1109 1672 1139 superant,
1694 1104 1790 1131 distin-

999 1151 1118 1177 ctionem
1131 1150 1266 1177 curiosius
1280 1150 1433 1185 indagans;
1448 1158 1496 1177 nec
1508 1151 1613 1177 deinnm
1630 1150 1790 1178 immensam

998 1196 1125 1223 deitatem
1143 1195 1307 1231 syllogismis
1331 1197 1467 1228 metiens,
1493 1196 1580 1230 qualia
1608 1196 1708 1222 habent
1733 1195 1789 1223 Arii

999 1242 1116 1275 ludicra,
1134 1243 1314 1278 Eunomiique
1338 1251 1419 1278 prava
1441 1244 1594 1270 conamina.
1620 1243 1791 1270 IEmnlemur
1830 1271 1836 1276 ,

998 1289 1099 1324 itaque,
1116 1297 1132 1316 0
1144 1288 1291 1316 Christiani
1315 1289 1447 1324 (quorum
1467 1289 1543 1321 fides,
1561 1295 1624 1317 nota
1648 1294 1689 1317 est
1704 1298 1734 1316 ac
1748 1290 1789 1316 in-

998 1335 1084 1369 signe,
1103 1342 1156 1362 non
1175 1335 1317 1361 verborum
1335 1333 1494 1370 eminentia),
1513 1335 1676 1368 piscatorem
1696 1334 1788 1367 illum,

1000 1379 1075 1406 illum
1095 1379 1264 1414 simplicem,
1288 1379 1363 1406 ilitttn
1380 1379 1524 1406 Bellisaida
1547 1385 1637 1406 ortum
1651 1401 1657 1412 ,
1675 1380 1790 1413 primatu

1000 1426 1073 1453 illam
1091 1426 1191 1453 Christi
1207 1426 1388 1453 venationem.
1404 1425 1567 1453 Studeamus
1581 1426 1671 1453 dicere
1685 1435 1691 1452 :
1711 1424 1749 1452 Tu
1764 1433 1791 1452 es

1002 1472 1125 1499 Christus
1146 1471 1234 1499 Filius
1254 1473 1301 1499 Dei
1322 1473 1390 1504 vivi;
1410 1472 1451 1499 his
1472 1477 1560 1499 autem
1580 1473 1674 1507 plttra,
1696 1479 1791 1506 pugna:

1000 1518 1144 1545 verborum
1159 1519 1329 1545 studentibus
1341 1518 1497 1551 dimittere;
1511 1526 1626 1553 quorum
1636 1526 1713 1553 opus,
1727 1525 1792 1545 con-

1001 1565 1101 1598 tentio;
1120 1564 1181 1592 linis
1197 1570 1298 1597 autent,
1315 1565 1450 1592 interitus.
1701 1568 1703 1570 '

989 1688 992 1691 ,
1035 1657 1142 1692 Ergone
1156 1657 1297 1690 hactenus,
1316 1658 1396 1692 inque
1410 1658 1489 1685 dictis
1509 1658 1588 1684 liuent
1603 1657 1705 1684 habent
1726 1663 1791 1691 apo—

1001 1705 1064 1730 stoli
1088 1703 1238 1731 miracula?
1257 1705 1320 1739 quin
1340 1704 1418 1738 plane
1437 1712 1525 1734 serus,
1541 1711 1574 1730 ne
1590 1703 1696 1738 quidem
1717 1703 1792 1729 vitle—

1002 1759 1063 1777 mur
1076 1751 1233 1784 incmpisse,
1244 1751 1343 1784 utqnis
1354 1758 1414 1777 cum
1430 1750 1520 1781 dictis,
1535 1758 1593 1784 qua).
1608 1749 1709 1783 reliqua
1720 1755 1792 1781 sunt,

1004 1801 1155 1830 comparet.
1168 1796 1223 1831 Ego
1236 1796 1412 1823 nihilominus
1422 1796 1551 1830 pleraque
1562 1800 1657 1822 vestra;
1673 1795 1794 1823 srienliaa

1002 1843 1161 1876 permittens
1178 1843 1272 1877 (scitis
1295 1843 1366 1869 enim
1384 1842 1505 1876 Petrum,
1534 1850 1565 1869 ac
1590 1850 1633 1869 res
1650 1841 1734 1872 Petri,
1753 1847 1794 1867 ta-

1003 1888 1081 1914 metsi
1100 1896 1178 1915 nemo
1190 1888 1276 1914 virum
1293 1888 1404 1915 laudare
1428 1888 1452 1914 ιιι
1474 1888 1594 1914 animum
1617 1885 1790 1921 induxerit),

1004 1941 1089 1968 pauca
1105 1934 1227 1968 quaedam
1246 1933 1306 1960 volo
1321 1933 1412 1960 dicere
1427 1933 1459 1959 de
1478 1933 1536 1967 ejus
1561 1933 1664 1967 requie,
1681 1936 1762 1966 utque
1779 1940 1794 1959 ο

1005 1983 1077 2005 terra
1095 1978 1121 2004 in
1140 1978 1238 2005 cceinm
1255 1978 1431 2012 migraverit,
1451 1983 1479 2005 ut
1499 1978 1552 2005 illic
1570 1978 1667 2005 faciam
1687 1978 1793 2005 dicendi

1006 2024 1099 2058 tinem,
1115 2024 1160 2051 ubi
1178 2024 1221 2051 ille
1236 2025 1298 2051 vitae
1312 2024 1391 2052 linem
1408 2025 1524 2058 accepit.
1539 2024 1605 2051 Cum
1622 2032 1686 2059 ergo
1701 2023 1796 2051 Salva-

1007 2075 1060 2101 tor,
1079 2077 1176 2105 sponte
1192 2076 1331 2105 assumpta
1356 2077 1442 2098 morte
1465 2071 1612 2098 humanum
1629 2079 1714 2106 genus
1729 2079 1794 2098 sau-

1005 2115 1172 2150 ctilicaturus
1186 2121 1267 2149 esset,
1280 2123 1328 2142 ceu
1346 2116 1479 2150 peculiare
1491 2117 1627 2151 quoddam
1644 2117 1794 2151 depositum

1005 2169 1037 2188 ac
1059 2161 1209 2195 peculium,
1233 2162 1413 2189 nuiversalem
1445 2170 1477 2189 ac
1501 2163 1567 2190 orbe
1593 2167 1648 2190 toto
1671 2163 1795 2190 dilfnsam

1006 2207 1063 2233 viro
1083 2207 1145 2234 huic
1164 2208 1339 2235 commendat
1362 2209 1524 2239 Ecclesiatu.
1544 2209 1588 2236 ubi
1607 2209 1687 2235 tertio
1712 2209 1797 2235 inter-

971 2272 992 2298 Ι)
1008 2258 1140 2287 rogasset,
1158 2254 1233 2285 illttd,
1253 2255 1333 2281 Amas
1357 2263 1397 2280 me
1412 2254 1436 2280 ‘27
1453 2254 1574 2288 Cumque
1591 2255 1622 2286 is,
1643 2255 1726 2282 ntnlta
1741 2254 1796 2280 ala-

1007 2299 1105 2326 critate
1121 2300 1235 2334 singulis
1246 2300 1509 2334 interrogationibus
1522 2302 1632 2328 totidem
1648 2301 1796 2335 professio—

1005 2352 1053 2370 nes
1071 2344 1229 2377 adjecisset,
1250 2346 1343 2372 tnundi
1365 2355 1457 2373 curam
1485 2346 1603 2379 accepit;
1623 2346 1695 2373 velut
1713 2341 1804 2372 unum.

1004 2398 1125 2425 gregem,
1144 2400 1213 2418 tmns
1230 2397 1345 2426 pastor;
1364 2393 1463 2426 quibus
1479 2393 1579 2418 audivit
1595 2401 1601 2418 :
1617 2391 1700 2418 Pasce
1714 2400 1795 2426 agnos

1003 2444 1073 2462 meos
1083 2436 1092 2452 ¹
1106 2444 1113 2468 ;
1131 2436 1240 2471 fereque
1251 2438 1291 2464 sui
1304 2439 1362 2464 loco
1374 2438 1448 2465 dedit
1461 2439 1588 2466 Dominus
1608 2439 1794 2465 fidelissimum

1004 2480 1178 2516 discipulum,
1199 2481 1225 2508 in
1241 2488 1358 2516 patrem,
1373 2488 1563 2518 pastoremque
1578 2491 1609 2510 ac
1624 2484 1794 2518 magistrum,

1005 2526 1048 2558 iis,
1066 2528 1111 2562 qtti
1128 2534 1219 2554 essent
1236 2529 1373 2556 tuccessuri
1388 2529 1420 2556 ad
1438 2530 1527 2557 fidem.
1544 2530 1610 2557 Cum
1630 2531 1721 2565 itaque
1735 2538 1794 2558 eam

1003 2581 1099 2600 vorem
1114 2575 1244 2607 audisset,
1260 2574 1468 2609 haudquaquam
1481 2577 1595 2610 segnitie
1607 2577 1688 2603 vitam
1705 2577 1796 2603 tradu-

1004 2618 1119 2645 cemlam
1133 2618 1228 2650 duxit;
1246 2626 1296 2646 nec
1311 2619 1404 2646 dilexit
1419 2620 1508 2647 vivere
1523 2625 1600 2648 extra
1614 2621 1796 2656 periculorum

1005 2664 1091 2691 aleam
1118 2674 1124 2690 :
1149 2666 1213 2700 quin
1251 2666 1406 2694 universum
1438 2668 1650 2703 circumquaque
1678 2669 1798 2696 lustrans

1009 2715 1144 2738 terrarum
1158 2711 1262 2744 orbem,
1279 2713 1358 2739 eatcis
1373 2712 1512 2741 Christum
1528 2715 1682 2748 revelahat;
1697 2715 1729 2742 iis
1744 2715 1796 2742 dux

1007 2757 1120 2785 cll‘eetns
1136 2758 1181 2793 qui
1197 2759 1371 2793 exerrabant,
1386 2768 1433 2788 eos
1445 2769 1597 2796 provocans
1609 2762 1655 2796 qui
1669 2761 1796 2797 pietatem

785 2859 808 2900 I'.“
814 2859 899 2900 ..ζείςητ
916 2859 945 2886 τὺ

999 2859 1135 2896 νθρωπον,
1148 2860 1187 2889 vel
1196 2861 1259 2896 quid
1273 2848 1388 2890 simile.
1410 2863 1431 2880 "
1453 2863 1546 2898 Suppl.
1565 2864 1607 2890 ἵσ.
1624 2864 1795 2900 προτρέπων,
