  <div class='ocr_page' id='page_1' title='image "/cluster/home/n/w/nwhite01/storage/ocr_20150623/40/njp.32101012273239/157.png"; bbox 0 0 2076 3155; ppageno 0'>
   <div class='ocr_carea' id='block_1_1' title="bbox 285 2371 292 2480">
    <p class='ocr_par' dir='ltr' id='par_1_1' title="bbox 285 2371 292 2480">
     <span class='ocr_line' id='line_1_1' title="bbox 285 2371 292 2480; baseline 0 0"><span class='ocrx_word' id='word_1_1' title='bbox 285 2371 292 2480; x_wconf 67' lang='grc' dir='ltr'>ἒ</span> 
     </span>
    </p>
   </div>
   <div class='ocr_carea' id='block_1_2' title="bbox 300 163 350 189">
    <p class='ocr_par' dir='ltr' id='par_1_2' title="bbox 300 163 350 189">
     <span class='ocr_line' id='line_1_2' title="bbox 300 163 350 189; baseline 0 0"><span class='ocrx_word' id='word_1_2' title='bbox 300 163 350 189; x_wconf 72' lang='lat'><strong>283</strong></span> 
     </span>
    </p>
   </div>
   <div class='ocr_carea' id='block_1_3' title="bbox 941 151 1299 197">
    <p class='ocr_par' dir='ltr' id='par_1_3' title="bbox 941 151 1299 197">
     <span class='ocr_line' id='line_1_3' title="bbox 941 151 1299 197; baseline 0 -2"><span class='ocrx_word' id='word_1_3' title='bbox 941 168 971 196; x_wconf 89' lang='lat' dir='ltr'><strong>s.</strong></span> <span class='ocrx_word' id='word_1_4' title='bbox 991 151 1129 197; x_wconf 65' lang='lat' dir='ltr'><strong>ssreﬁn</strong></span> <span class='ocrx_word' id='word_1_5' title='bbox 1147 167 1299 196; x_wconf 83' lang='lat' dir='ltr'><strong>AMASENI</strong></span> 
     </span>
    </p>
   </div>
   <div class='ocr_carea' id='block_1_4' title="bbox 1873 165 1926 192">
    <p class='ocr_par' dir='ltr' id='par_1_4' title="bbox 1873 165 1926 192">
     <span class='ocr_line' id='line_1_4' title="bbox 1873 165 1926 192; baseline 0 0"><span class='ocrx_word' id='word_1_6' title='bbox 1873 165 1926 192; x_wconf 65' lang='grc' dir='ltr'><strong>εει</strong></span> 
     </span>
    </p>
   </div>
   <div class='ocr_carea' id='block_1_5' title="bbox 299 223 1090 260">
    <p class='ocr_par' dir='ltr' id='par_1_5' title="bbox 299 224 1086 259">
     <span class='ocr_line' id='line_1_5' title="bbox 299 224 1086 259; baseline 0.009 -11"><span class='ocrx_word' id='word_1_7' title='bbox 299 227 470 256; x_wconf 65' lang='lat' dir='ltr'><strong>gustassent,</strong></span> <span class='ocrx_word' id='word_1_8' title='bbox 489 224 581 251; x_wconf 88' lang='lat' dir='ltr'><strong>hostes</strong></span> <span class='ocrx_word' id='word_1_9' title='bbox 600 224 770 259; x_wconf 81' lang='lat' dir='ltr'><strong>impugnans,</strong></span> <span class='ocrx_word' id='word_1_10' title='bbox 792 226 937 253; x_wconf 78' lang='lat' dir='ltr'><strong>consolans</strong></span> <span class='ocrx_word' id='word_1_11' title='bbox 958 227 1086 255; x_wconf 82' lang='lat' dir='ltr'><strong>domesti-</strong></span> 
     </span>
    </p>
   </div>
   <div class='ocr_carea' id='block_1_6' title="bbox 1141 223 1928 260">
    <p class='ocr_par' dir='ltr' id='par_1_6' title="bbox 1141 223 1928 260">
     <span class='ocr_line' id='line_1_6' title="bbox 1141 223 1928 260; baseline -0.004 -6"><span class='ocrx_word' id='word_1_12' title='bbox 1141 228 1201 259; x_wconf 78' lang='grc' dir='ltr'>τοὺς</span> <span class='ocrx_word' id='word_1_13' title='bbox 1217 226 1333 257; x_wconf 69' lang='grc' dir='ltr'>οἰκείους</span> <span class='ocrx_word' id='word_1_14' title='bbox 1348 224 1526 260; x_wconf 78' lang='grc' dir='ltr'><strong>παρακαλῶν,</strong></span> <span class='ocrx_word' id='word_1_15' title='bbox 1539 223 1665 259; x_wconf 84' lang='grc' dir='ltr'><strong>διωγμῶν</strong></span> <span class='ocrx_word' id='word_1_16' title='bbox 1689 223 1859 258; x_wconf 78' lang='grc' dir='ltr'>ἀνεχόμενος,</span> <span class='ocrx_word' id='word_1_17' title='bbox 1880 224 1928 258; x_wconf 78' lang='grc' dir='ltr'><strong>φέ-</strong></span> 
     </span>
    </p>
   </div>
   <div class='ocr_carea' id='block_1_7' title="bbox 300 270 1086 302">
    <p class='ocr_par' dir='ltr' id='par_1_7' title="bbox 300 270 1086 302">
     <span class='ocr_line' id='line_1_7' title="bbox 300 270 1086 302; baseline 0.008 -8"><span class='ocrx_word' id='word_1_18' title='bbox 300 276 360 300; x_wconf 86' lang='lat' dir='ltr'><strong>cos,</strong></span> <span class='ocrx_word' id='word_1_19' title='bbox 379 270 582 302; x_wconf 79' lang='lat' dir='ltr'><strong>persecn-ioncs</strong></span> <span class='ocrx_word' id='word_1_20' title='bbox 603 271 753 301; x_wconf 73' lang='lat' dir='ltr'><strong>sustinens.</strong></span> <span class='ocrx_word' id='word_1_21' title='bbox 774 279 914 299; x_wconf 80' lang='lat' dir='ltr'><strong>carcerum</strong></span> <span class='ocrx_word' id='word_1_22' title='bbox 935 273 1086 300; x_wconf 86' lang='lat' dir='ltr'><strong>molestiam</strong></span> 
     </span>
    </p>
   </div>
   <div class='ocr_carea' id='block_1_8' title="bbox 300 315 1085 351">
    <p class='ocr_par' dir='ltr' id='par_1_8' title="bbox 300 315 1085 351">
     <span class='ocr_line' id='line_1_8' title="bbox 300 315 1085 351; baseline 0.008 -12"><span class='ocrx_word' id='word_1_23' title='bbox 300 315 402 347; x_wconf 67' lang='lat' dir='ltr'><strong>furens,</strong></span> <span class='ocrx_word' id='word_1_24' title='bbox 412 315 505 342; x_wconf 86' lang='lat' dir='ltr'><strong>multis</strong></span> <span class='ocrx_word' id='word_1_25' title='bbox 517 316 603 351; x_wconf 79' lang='lat' dir='ltr'><strong>modis</strong></span> <span class='ocrx_word' id='word_1_26' title='bbox 613 315 750 350; x_wconf 73' lang='lat' dir='ltr'><strong>Evangelii</strong></span> <span class='ocrx_word' id='word_1_27' title='bbox 760 325 841 344; x_wconf 86' lang='lat' dir='ltr'><strong>causa</strong></span> <span class='ocrx_word' id='word_1_28' title='bbox 852 317 970 351; x_wconf 87' lang='lat' dir='ltr'><strong>pericula</strong></span> <span class='ocrx_word' id='word_1_29' title='bbox 980 318 1085 345; x_wconf 91' lang='lat' dir='ltr'><strong>adiens.</strong></span> 
     </span>
    </p>
   </div>
   <div class='ocr_carea' id='block_1_9' title="bbox 336 359 1086 396">
    <p class='ocr_par' dir='ltr' id='par_1_9' title="bbox 336 359 1086 396">
     <span class='ocr_line' id='line_1_9' title="bbox 336 359 1086 396; baseline 0.005 -11"><span class='ocrx_word' id='word_1_30' title='bbox 336 359 466 386; x_wconf 81' lang='lat' dir='ltr'><strong>Processu</strong></span> <span class='ocrx_word' id='word_1_31' title='bbox 481 359 578 386; x_wconf 88' lang='lat' dir='ltr'><strong>deinde</strong></span> <span class='ocrx_word' id='word_1_32' title='bbox 596 361 736 394; x_wconf 84' lang='lat' dir='ltr'><strong>temporis,</strong></span> <span class='ocrx_word' id='word_1_33' title='bbox 755 361 847 387; x_wconf 84' lang='lat' dir='ltr'><strong>urbem</strong></span> <span class='ocrx_word' id='word_1_34' title='bbox 862 362 964 396; x_wconf 79' lang='lat' dir='ltr'><strong>regiam</strong></span> <span class='ocrx_word' id='word_1_35' title='bbox 981 367 1086 396; x_wconf 84' lang='lat' dir='ltr'><strong>petens,</strong></span> 
     </span>
    </p>
   </div>
   <div class='ocr_carea' id='block_1_10' title="bbox 301 404 1087 441">
    <p class='ocr_par' dir='ltr' id='par_1_10' title="bbox 301 404 1087 441">
     <span class='ocr_line' id='line_1_10' title="bbox 301 404 1087 441; baseline 0.005 -11"><span class='ocrx_word' id='word_1_36' title='bbox 301 404 364 431; x_wconf 86' lang='lat' dir='ltr'><strong>inde</strong></span> <span class='ocrx_word' id='word_1_37' title='bbox 386 405 418 430; x_wconf 90' lang='lat' dir='ltr'><strong>ad</strong></span> <span class='ocrx_word' id='word_1_38' title='bbox 438 413 547 439; x_wconf 79' lang='lat' dir='ltr'><strong>regnum</strong></span> <span class='ocrx_word' id='word_1_39' title='bbox 572 406 703 432; x_wconf 78' lang='lat' dir='ltr'><strong>excurrit.</strong></span> <span class='ocrx_word' id='word_1_40' title='bbox 716 405 797 432; x_wconf 76' lang='lat' dir='ltr'><strong>.Nero</strong></span> <span class='ocrx_word' id='word_1_41' title='bbox 812 407 884 433; x_wconf 89' lang='lat' dir='ltr'><strong>enim</strong></span> <span class='ocrx_word' id='word_1_42' title='bbox 900 407 926 434; x_wconf 92' lang='lat' dir='ltr'><strong>in</strong></span> <span class='ocrx_word' id='word_1_43' title='bbox 943 408 1010 434; x_wconf 85' lang='lat' dir='ltr'><strong>iram</strong></span> <span class='ocrx_word' id='word_1_44' title='bbox 1026 415 1087 441; x_wconf 89' lang='lat' dir='ltr'><strong>pro-</strong></span> 
     </span>
    </p>
   </div>
   <div class='ocr_carea' id='block_1_11' title="bbox 300 450 1086 485">
    <p class='ocr_par' dir='ltr' id='par_1_11' title="bbox 300 450 1086 485">
     <span class='ocr_line' id='line_1_11' title="bbox 300 450 1086 485; baseline 0.005 -10"><span class='ocrx_word' id='word_1_45' title='bbox 300 455 422 482; x_wconf 78' lang='lat' dir='ltr'><strong>vocatus,</strong></span> <span class='ocrx_word' id='word_1_46' title='bbox 440 451 478 476; x_wconf 85' lang='lat' dir='ltr'><strong>uti</strong></span> <span class='ocrx_word' id='word_1_47' title='bbox 494 451 558 477; x_wconf 91' lang='lat' dir='ltr'><strong>olim</strong></span> <span class='ocrx_word' id='word_1_48' title='bbox 574 450 695 478; x_wconf 87' lang='lat' dir='ltr'><strong>llcrodes</strong></span> <span class='ocrx_word' id='word_1_49' title='bbox 712 452 737 478; x_wconf 89' lang='lat' dir='ltr'><strong>in</strong></span> <span class='ocrx_word' id='word_1_50' title='bbox 763 452 916 485; x_wconf 63' lang='lat' dir='ltr'><strong>Palaestina,</strong></span> <span class='ocrx_word' id='word_1_51' title='bbox 933 460 992 479; x_wconf 90' lang='lat' dir='ltr'><strong>cum</strong></span> <span class='ocrx_word' id='word_1_52' title='bbox 1007 452 1086 479; x_wconf 84' lang='lat' dir='ltr'><strong>Chri-</strong></span> 
     </span>
    </p>
   </div>
   <div class='ocr_carea' id='block_1_12' title="bbox 298 497 1086 533">
    <p class='ocr_par' dir='ltr' id='par_1_12' title="bbox 298 497 1086 533">
     <span class='ocr_line' id='line_1_12' title="bbox 298 497 1086 533; baseline 0.006 -12"><span class='ocrx_word' id='word_1_53' title='bbox 298 501 367 522; x_wconf 74' lang='lat' dir='ltr'><strong>stum</strong></span> <span class='ocrx_word' id='word_1_54' title='bbox 381 503 469 530; x_wconf 80' lang='lat' dir='ltr'><strong>regem</strong></span> <span class='ocrx_word' id='word_1_55' title='bbox 489 497 557 531; x_wconf 84' lang='lat' dir='ltr'><strong>magi</strong></span> <span class='ocrx_word' id='word_1_56' title='bbox 572 498 779 529; x_wconf 85' lang='lat' dir='ltr'><strong>annuntiarent;</strong></span> <span class='ocrx_word' id='word_1_57' title='bbox 793 498 854 524; x_wconf 76' lang='lat' dir='ltr'><strong>aliis</strong></span> <span class='ocrx_word' id='word_1_58' title='bbox 864 499 971 532; x_wconf 88' lang='lat' dir='ltr'><strong>qttidem</strong></span> <span class='ocrx_word' id='word_1_59' title='bbox 986 499 1086 533; x_wconf 76' lang='lat' dir='ltr'><strong>spretis</strong></span> 
     </span>
    </p>
   </div>
   <div class='ocr_carea' id='block_1_13' title="bbox 298 541 1086 577">
    <p class='ocr_par' dir='ltr' id='par_1_13' title="bbox 298 541 1086 577">
     <span class='ocr_line' id='line_1_13' title="bbox 298 541 1086 577; baseline 0.003 -9"><span class='ocrx_word' id='word_1_60' title='bbox 298 541 493 576; x_wconf 85' lang='lat' dir='ltr'><strong>suppliciorum</strong></span> <span class='ocrx_word' id='word_1_61' title='bbox 517 543 670 577; x_wconf 80' lang='lat' dir='ltr'><strong>generibus,</strong></span> <span class='ocrx_word' id='word_1_62' title='bbox 689 543 742 570; x_wconf 85' lang='lat' dir='ltr'><strong>lata</strong></span> <span class='ocrx_word' id='word_1_63' title='bbox 764 544 899 571; x_wconf 81' lang='lat' dir='ltr'><strong>sententia</strong></span> <span class='ocrx_word' id='word_1_64' title='bbox 919 548 961 571; x_wconf 86' lang='lat' dir='ltr'><strong>ter</strong></span> <span class='ocrx_word' id='word_1_65' title='bbox 978 545 1086 572; x_wconf 83' lang='lat' dir='ltr'><strong>beatum</strong></span> 
     </span>
    </p>
   </div>
   <div class='ocr_carea' id='block_1_14' title="bbox 299 588 1088 624">
    <p class='ocr_par' dir='ltr' id='par_1_14' title="bbox 299 588 1088 624">
     <span class='ocr_line' id='line_1_14' title="bbox 299 588 1088 624; baseline 0.004 -10"><span class='ocrx_word' id='word_1_66' title='bbox 299 588 450 621; x_wconf 89' lang='lat' dir='ltr'><strong>apostolmn</strong></span> <span class='ocrx_word' id='word_1_67' title='bbox 475 588 544 624; x_wconf 79' lang='lat' dir='ltr'><strong>alligi</strong></span> <span class='ocrx_word' id='word_1_68' title='bbox 571 589 647 616; x_wconf 89' lang='lat' dir='ltr'><strong>cruci</strong></span> <span class='ocrx_word' id='word_1_69' title='bbox 674 590 807 621; x_wconf 85' lang='lat' dir='ltr'><strong>decernit,</strong></span> <span class='ocrx_word' id='word_1_70' title='bbox 827 594 854 616; x_wconf 87' lang='lat' dir='ltr'><strong>ut</strong></span> <span class='ocrx_word' id='word_1_71' title='bbox 873 591 970 617; x_wconf 88' lang='lat' dir='ltr'><strong>nedutn</strong></span> <span class='ocrx_word' id='word_1_72' title='bbox 990 590 1088 618; x_wconf 81' lang='lat' dir='ltr'><strong>Petrus</strong></span> 
     </span>
    </p>
   </div>
   <div class='ocr_carea' id='block_1_15' title="bbox 299 634 1086 669">
    <p class='ocr_par' dir='ltr' id='par_1_15' title="bbox 299 634 1086 669">
     <span class='ocr_line' id='line_1_15' title="bbox 299 634 1086 669; baseline 0.003 -9"><span class='ocrx_word' id='word_1_73' title='bbox 299 641 374 660; x_wconf 88' lang='lat' dir='ltr'><strong>tnarc</strong></span> <span class='ocrx_word' id='word_1_74' title='bbox 390 634 516 669; x_wconf 84' lang='lat' dir='ltr'><strong>gradiens</strong></span> <span class='ocrx_word' id='word_1_75' title='bbox 537 635 679 661; x_wconf 91' lang='lat' dir='ltr'><strong>Dominum</strong></span> <span class='ocrx_word' id='word_1_76' title='bbox 705 635 876 668; x_wconf 83' lang='lat' dir='ltr'><strong>imitaretur,</strong></span> <span class='ocrx_word' id='word_1_77' title='bbox 895 643 987 662; x_wconf 84' lang='lat' dir='ltr'><strong>verum</strong></span> <span class='ocrx_word' id='word_1_78' title='bbox 1004 636 1086 663; x_wconf 88' lang='lat' dir='ltr'><strong>etiatn</strong></span> 
     </span>
    </p>
   </div>
   <div class='ocr_carea' id='block_1_16' title="bbox 300 679 1087 715">
    <p class='ocr_par' dir='ltr' id='par_1_16' title="bbox 300 679 1087 715">
     <span class='ocr_line' id='line_1_16' title="bbox 300 679 1087 715; baseline 0.006 -11"><span class='ocrx_word' id='word_1_79' title='bbox 300 679 326 705; x_wconf 94' lang='lat' dir='ltr'><strong>in</strong></span> <span class='ocrx_word' id='word_1_80' title='bbox 352 679 423 713; x_wconf 83' lang='lat' dir='ltr'><strong>ligno</strong></span> <span class='ocrx_word' id='word_1_81' title='bbox 442 687 596 713; x_wconf 84' lang='lat' dir='ltr'><strong>suspensus.</strong></span> <span class='ocrx_word' id='word_1_82' title='bbox 617 681 758 715; x_wconf 91' lang='lat' dir='ltr'><strong>Tanquam</strong></span> <span class='ocrx_word' id='word_1_83' title='bbox 787 681 960 708; x_wconf 69' lang='lat' dir='ltr'><strong>nihilominus</strong></span> <span class='ocrx_word' id='word_1_84' title='bbox 978 682 1087 709; x_wconf 84' lang='lat' dir='ltr'><strong>humilis</strong></span> 
     </span>
    </p>
   </div>
   <div class='ocr_carea' id='block_1_17' title="bbox 300 725 1086 761">
    <p class='ocr_par' dir='ltr' id='par_1_17' title="bbox 300 725 1086 761">
     <span class='ocr_line' id='line_1_17' title="bbox 300 725 1086 761; baseline 0.003 -9"><span class='ocrx_word' id='word_1_85' title='bbox 300 725 474 759; x_wconf 69' lang='lat' dir='ltr'><strong>Sapiensque,</strong></span> <span class='ocrx_word' id='word_1_86' title='bbox 492 726 533 752; x_wconf 87' lang='lat' dir='ltr'><strong>vel</strong></span> <span class='ocrx_word' id='word_1_87' title='bbox 547 726 573 752; x_wconf 92' lang='lat' dir='ltr'><strong>in</strong></span> <span class='ocrx_word' id='word_1_88' title='bbox 589 727 649 761; x_wconf 88' lang='lat' dir='ltr'><strong>ipso</strong></span> <span class='ocrx_word' id='word_1_89' title='bbox 665 727 823 754; x_wconf 81' lang='lat' dir='ltr'><strong>certaminis</strong></span> <span class='ocrx_word' id='word_1_90' title='bbox 836 732 956 761; x_wconf 88' lang='lat' dir='ltr'><strong>tempore</strong></span> <span class='ocrx_word' id='word_1_91' title='bbox 969 735 1000 754; x_wconf 87' lang='lat' dir='ltr'><strong>ac</strong></span> <span class='ocrx_word' id='word_1_92' title='bbox 1016 728 1086 754; x_wconf 85' lang='lat' dir='ltr'><strong>lucta</strong></span> 
     </span>
    </p>
   </div>
   <div class='ocr_carea' id='block_1_18' title="bbox 300 771 1087 807">
    <p class='ocr_par' dir='ltr' id='par_1_18' title="bbox 300 771 1087 807">
     <span class='ocr_line' id='line_1_18' title="bbox 300 771 1087 807; baseline 0.005 -11"><span class='ocrx_word' id='word_1_93' title='bbox 300 777 360 796; x_wconf 87' lang='lat' dir='ltr'><strong>cum</strong></span> <span class='ocrx_word' id='word_1_94' title='bbox 377 771 472 797; x_wconf 88' lang='lat' dir='ltr'><strong>mortis</strong></span> <span class='ocrx_word' id='word_1_95' title='bbox 487 778 596 804; x_wconf 87' lang='lat' dir='ltr'><strong>pavore,</strong></span> <span class='ocrx_word' id='word_1_96' title='bbox 613 778 782 807; x_wconf 87' lang='lat' dir='ltr'><strong>perspectum</strong></span> <span class='ocrx_word' id='word_1_97' title='bbox 800 773 902 800; x_wconf 78' lang='lat' dir='ltr'><strong>habens</strong></span> <span class='ocrx_word' id='word_1_98' title='bbox 915 774 977 807; x_wconf 86' lang='lat' dir='ltr'><strong>quid</strong></span> <span class='ocrx_word' id='word_1_99' title='bbox 997 774 1087 800; x_wconf 88' lang='lat' dir='ltr'><strong>Domi-</strong></span> 
     </span>
    </p>
   </div>
   <div class='ocr_carea' id='block_1_19' title="bbox 301 816 1084 853">
    <p class='ocr_par' dir='ltr' id='par_1_19' title="bbox 301 816 1084 853">
     <span class='ocr_line' id='line_1_19' title="bbox 301 816 1084 853; baseline 0.006 -12"><span class='ocrx_word' id='word_1_100' title='bbox 301 823 364 842; x_wconf 91' lang='lat' dir='ltr'><strong>num</strong></span> <span class='ocrx_word' id='word_1_101' title='bbox 381 816 451 843; x_wconf 86' lang='lat' dir='ltr'><strong>inter</strong></span> <span class='ocrx_word' id='word_1_102' title='bbox 467 824 499 844; x_wconf 84' lang='lat' dir='ltr'><strong>ac</strong></span> <span class='ocrx_word' id='word_1_103' title='bbox 516 825 622 844; x_wconf 85' lang='lat' dir='ltr'><strong>servum</strong></span> <span class='ocrx_word' id='word_1_104' title='bbox 641 817 799 851; x_wconf 85' lang='lat' dir='ltr'><strong>interesset,</strong></span> <span class='ocrx_word' id='word_1_105' title='bbox 816 826 899 845; x_wconf 89' lang='lat' dir='ltr'><strong>unum</strong></span> <span class='ocrx_word' id='word_1_106' title='bbox 917 819 982 853; x_wconf 90' lang='lat' dir='ltr'><strong>quid</strong></span> <span class='ocrx_word' id='word_1_107' title='bbox 1000 820 1084 846; x_wconf 87' lang='lat' dir='ltr'><strong>bene-</strong></span> 
     </span>
    </p>
   </div>
   <div class='ocr_carea' id='block_1_20' title="bbox 300 860 1086 898">
    <p class='ocr_par' dir='ltr' id='par_1_20' title="bbox 300 860 1086 898">
     <span class='ocr_line' id='line_1_20' title="bbox 300 860 1086 898; baseline 0.005 -11"><span class='ocrx_word' id='word_1_108' title='bbox 300 861 352 888; x_wconf 84' lang='lat' dir='ltr'><strong>ﬁcii</strong></span> <span class='ocrx_word' id='word_1_109' title='bbox 367 861 426 888; x_wconf 91' lang='lat' dir='ltr'><strong>loco</strong></span> <span class='ocrx_word' id='word_1_110' title='bbox 441 860 475 888; x_wconf 91' lang='lat' dir='ltr'><strong>ab</strong></span> <span class='ocrx_word' id='word_1_111' title='bbox 488 862 610 889; x_wconf 84' lang='lat' dir='ltr'><strong>hostibus</strong></span> <span class='ocrx_word' id='word_1_112' title='bbox 624 864 740 898; x_wconf 84' lang='lat' dir='ltr'><strong>rogavit,</strong></span> <span class='ocrx_word' id='word_1_113' title='bbox 753 871 786 890; x_wconf 90' lang='lat' dir='ltr'><strong>ne</strong></span> <span class='ocrx_word' id='word_1_114' title='bbox 801 864 906 891; x_wconf 84' lang='lat' dir='ltr'><strong>scilicet</strong></span> <span class='ocrx_word' id='word_1_115' title='bbox 919 865 1012 891; x_wconf 85' lang='lat' dir='ltr'><strong>eadem</strong></span> <span class='ocrx_word' id='word_1_116' title='bbox 1026 872 1086 891; x_wconf 91' lang='lat' dir='ltr'><strong>cum</strong></span> 
     </span>
    </p>
   </div>
   <div class='ocr_carea' id='block_1_21' title="bbox 300 899 1125 944">
    <p class='ocr_par' dir='ltr' id='par_1_21' title="bbox 300 899 1125 944">
     <span class='ocr_line' id='line_1_21' title="bbox 300 899 1125 944; baseline 0.004 -10"><span class='ocrx_word' id='word_1_117' title='bbox 300 907 414 934; x_wconf 82' lang='lat' dir='ltr'><strong>Domino</strong></span> <span class='ocrx_word' id='word_1_118' title='bbox 430 908 513 942; x_wconf 80' lang='lat' dir='ltr'><strong>figura</strong></span> <span class='ocrx_word' id='word_1_119' title='bbox 531 907 669 943; x_wconf 82' lang='lat' dir='ltr'><strong>afligerent</strong></span> <span class='ocrx_word' id='word_1_120' title='bbox 684 910 766 944; x_wconf 72' lang='lat' dir='ltr'><strong>ligno,</strong></span> <span class='ocrx_word' id='word_1_121' title='bbox 783 910 829 937; x_wconf 84' lang='lat' dir='ltr'><strong>sed</strong></span> <span class='ocrx_word' id='word_1_122' title='bbox 846 918 924 938; x_wconf 82' lang='lat' dir='ltr'><strong>verso</strong></span> <span class='ocrx_word' id='word_1_123' title='bbox 941 910 974 937; x_wconf 88' lang='lat' dir='ltr'><strong>ad</strong></span> <span class='ocrx_word' id='word_1_124' title='bbox 988 915 1086 938; x_wconf 90' lang='lat' dir='ltr'><strong>terram</strong></span> <span class='ocrx_word' id='word_1_125' title='bbox 1103 899 1125 929; x_wconf 79' lang='grc' dir='ltr'>Β</span> 
     </span>
    </p>
   </div>
   <div class='ocr_carea' id='block_1_22' title="bbox 300 953 1087 991">
    <p class='ocr_par' dir='ltr' id='par_1_22' title="bbox 300 953 1087 991">
     <span class='ocr_line' id='line_1_22' title="bbox 300 953 1087 991; baseline 0.005 -12"><span class='ocrx_word' id='word_1_126' title='bbox 300 954 388 988; x_wconf 84' lang='lat' dir='ltr'><strong>capite</strong></span> <span class='ocrx_word' id='word_1_127' title='bbox 405 953 607 989; x_wconf 82' lang='lat' dir='ltr'><strong>cruciﬁgerent.</strong></span> <span class='ocrx_word' id='word_1_128' title='bbox 627 954 704 982; x_wconf 90' lang='lat' dir='ltr'><strong>llaud</strong></span> <span class='ocrx_word' id='word_1_129' title='bbox 722 956 822 990; x_wconf 84' lang='lat' dir='ltr'><strong>quippe</strong></span> <span class='ocrx_word' id='word_1_130' title='bbox 842 964 891 991; x_wconf 90' lang='lat' dir='ltr'><strong>par</strong></span> <span class='ocrx_word' id='word_1_131' title='bbox 908 963 980 989; x_wconf 85' lang='lat' dir='ltr'><strong>esse,</strong></span> <span class='ocrx_word' id='word_1_132' title='bbox 1000 961 1029 983; x_wconf 94' lang='lat' dir='ltr'><strong>ut</strong></span> <span class='ocrx_word' id='word_1_133' title='bbox 1045 957 1087 983; x_wconf 87' lang='lat' dir='ltr'><strong>vel</strong></span> 
     </span>
    </p>
   </div>
   <div class='ocr_carea' id='block_1_23' title="bbox 300 1000 1085 1038">
    <p class='ocr_par' dir='ltr' id='par_1_23' title="bbox 300 1000 1085 1038">
     <span class='ocr_line' id='line_1_23' title="bbox 300 1000 1085 1038; baseline 0.005 -12"><span class='ocrx_word' id='word_1_134' title='bbox 300 1001 326 1026; x_wconf 93' lang='lat' dir='ltr'><strong>in</strong></span> <span class='ocrx_word' id='word_1_135' title='bbox 344 1005 445 1033; x_wconf 82' lang='lat' dir='ltr'><strong>morte,</strong></span> <span class='ocrx_word' id='word_1_136' title='bbox 467 1000 582 1035; x_wconf 63' lang='lat' dir='ltr'><strong>aequales</strong></span> <span class='ocrx_word' id='word_1_137' title='bbox 598 1003 669 1029; x_wconf 83' lang='lat' dir='ltr'><strong>servi</strong></span> <span class='ocrx_word' id='word_1_138' title='bbox 689 1002 855 1038; x_wconf 84' lang='lat' dir='ltr'><strong>Dominique</strong></span> <span class='ocrx_word' id='word_1_139' title='bbox 878 1009 968 1038; x_wconf 84' lang='lat' dir='ltr'><strong>partes</strong></span> <span class='ocrx_word' id='word_1_140' title='bbox 985 1009 1085 1031; x_wconf 76' lang='lat' dir='ltr'><strong>essent.</strong></span> 
     </span>
    </p>
   </div>
   <div class='ocr_carea' id='block_1_24' title="bbox 302 1046 1088 1085">
    <p class='ocr_par' dir='ltr' id='par_1_24' title="bbox 302 1046 1088 1085">
     <span class='ocr_line' id='line_1_24' title="bbox 302 1046 1088 1085; baseline 0.008 -13"><span class='ocrx_word' id='word_1_141' title='bbox 302 1046 384 1078; x_wconf 80' lang='lat' dir='ltr'><strong>Dixit,</strong></span> <span class='ocrx_word' id='word_1_142' title='bbox 400 1053 432 1073; x_wconf 87' lang='lat' dir='ltr'><strong>ac</strong></span> <span class='ocrx_word' id='word_1_143' title='bbox 446 1047 500 1073; x_wconf 86' lang='lat' dir='ltr'><strong>voti</strong></span> <span class='ocrx_word' id='word_1_144' title='bbox 519 1055 630 1082; x_wconf 90' lang='lat' dir='ltr'><strong>compos</strong></span> <span class='ocrx_word' id='word_1_145' title='bbox 645 1048 757 1076; x_wconf 73' lang='lat' dir='ltr'><strong>effectus</strong></span> <span class='ocrx_word' id='word_1_146' title='bbox 771 1054 822 1082; x_wconf 85' lang='lat' dir='ltr'><strong>est,</strong></span> <span class='ocrx_word' id='word_1_147' title='bbox 838 1051 981 1085; x_wconf 88' lang='lat' dir='ltr'><strong>crucisque</strong></span> <span class='ocrx_word' id='word_1_148' title='bbox 1000 1052 1088 1078; x_wconf 82' lang='lat' dir='ltr'><strong>medio</strong></span> 
     </span>
    </p>
   </div>
   <div class='ocr_carea' id='block_1_25' title="bbox 301 1092 1087 1132">
    <p class='ocr_par' dir='ltr' id='par_1_25' title="bbox 301 1092 1087 1132">
     <span class='ocr_line' id='line_1_25' title="bbox 301 1092 1087 1132; baseline 0.009 -15"><span class='ocrx_word' id='word_1_149' title='bbox 301 1092 333 1118; x_wconf 87' lang='lat' dir='ltr'><strong>ad</strong></span> <span class='ocrx_word' id='word_1_150' title='bbox 349 1099 409 1118; x_wconf 90' lang='lat' dir='ltr'><strong>eum</strong></span> <span class='ocrx_word' id='word_1_151' title='bbox 425 1092 501 1124; x_wconf 87' lang='lat' dir='ltr'><strong>abiit,</strong></span> <span class='ocrx_word' id='word_1_152' title='bbox 520 1093 564 1127; x_wconf 89' lang='lat' dir='ltr'><strong>qui</strong></span> <span class='ocrx_word' id='word_1_153' title='bbox 581 1094 744 1127; x_wconf 78' lang='lat' dir='ltr'><strong>crucifixus,</strong></span> <span class='ocrx_word' id='word_1_154' title='bbox 761 1096 911 1123; x_wconf 85' lang='lat' dir='ltr'><strong>resurrexit</strong></span> <span class='ocrx_word' id='word_1_155' title='bbox 929 1106 934 1123; x_wconf 93' lang='lat'>:</span> <span class='ocrx_word' id='word_1_156' title='bbox 955 1097 1011 1132; x_wconf 92' lang='lat' dir='ltr'><strong>ipse</strong></span> <span class='ocrx_word' id='word_1_157' title='bbox 1027 1098 1087 1131; x_wconf 86' lang='lat' dir='ltr'><strong>qui-</strong></span> 
     </span>
    </p>
   </div>
   <div class='ocr_carea' id='block_1_26' title="bbox 302 1137 1088 1173">
    <p class='ocr_par' dir='ltr' id='par_1_26' title="bbox 302 1137 1088 1173">
     <span class='ocr_line' id='line_1_26' title="bbox 302 1137 1088 1173; baseline 0.01 -11"><span class='ocrx_word' id='word_1_158' title='bbox 302 1137 364 1163; x_wconf 84' lang='lat' dir='ltr'><strong>dem</strong></span> <span class='ocrx_word' id='word_1_159' title='bbox 383 1137 505 1172; x_wconf 80' lang='lat' dir='ltr'><strong>martyrii</strong></span> <span class='ocrx_word' id='word_1_160' title='bbox 530 1146 629 1165; x_wconf 82' lang='lat' dir='ltr'><strong>corona</strong></span> <span class='ocrx_word' id='word_1_161' title='bbox 655 1140 789 1173; x_wconf 88' lang='lat' dir='ltr'><strong>donatus;</strong></span> <span class='ocrx_word' id='word_1_162' title='bbox 818 1141 896 1168; x_wconf 81' lang='lat' dir='ltr'><strong>nobis</strong></span> <span class='ocrx_word' id='word_1_163' title='bbox 921 1147 1009 1169; x_wconf 87' lang='lat' dir='ltr'><strong>autem</strong></span> <span class='ocrx_word' id='word_1_164' title='bbox 1038 1143 1088 1169; x_wconf 84' lang='lat' dir='ltr'><strong>ha-</strong></span> 
     </span>
    </p>
   </div>
   <div class='ocr_carea' id='block_1_27' title="bbox 302 1182 887 1220">
    <p class='ocr_par' dir='ltr' id='par_1_27' title="bbox 302 1182 887 1220">
     <span class='ocr_line' id='line_1_27' title="bbox 302 1182 887 1220; baseline 0.009 -12"><span class='ocrx_word' id='word_1_165' title='bbox 302 1189 394 1209; x_wconf 89' lang='lat' dir='ltr'><strong>rumce</strong></span> <span class='ocrx_word' id='word_1_166' title='bbox 412 1182 589 1210; x_wconf 74' lang='lat' dir='ltr'><strong>festivitatum</strong></span> <span class='ocrx_word' id='word_1_167' title='bbox 607 1185 703 1218; x_wconf 84' lang='lat' dir='ltr'><strong>gaudia</strong></span> <span class='ocrx_word' id='word_1_168' title='bbox 722 1186 887 1220; x_wconf 86' lang='lat' dir='ltr'><strong>relinquens.</strong></span> 
     </span>
    </p>
   </div>
   <div class='ocr_carea' id='block_1_28' title="bbox 336 1270 1087 1312">
    <p class='ocr_par' dir='ltr' id='par_1_28' title="bbox 336 1270 1087 1312">
     <span class='ocr_line' id='line_1_28' title="bbox 336 1270 1087 1312; baseline 0.007 -15"><span class='ocrx_word' id='word_1_169' title='bbox 336 1270 399 1298; x_wconf 81' lang='lat' dir='ltr'><strong>lhcc</strong></span> <span class='ocrx_word' id='word_1_170' title='bbox 415 1277 463 1298; x_wconf 78' lang='lat' dir='ltr'><strong>nos</strong></span> <span class='ocrx_word' id='word_1_171' title='bbox 479 1279 587 1306; x_wconf 87' lang='lat' dir='ltr'><strong>quoque</strong></span> <span class='ocrx_word' id='word_1_172' title='bbox 600 1273 660 1306; x_wconf 87' lang='lat' dir='ltr'><strong>tibi,</strong></span> <span class='ocrx_word' id='word_1_173' title='bbox 674 1281 690 1301; x_wconf 93' lang='grc' dir='ltr'><strong>ο</strong></span> <span class='ocrx_word' id='word_1_174' title='bbox 705 1274 817 1302; x_wconf 88' lang='lat' dir='ltr'><strong>charum</strong></span> <span class='ocrx_word' id='word_1_175' title='bbox 830 1283 861 1302; x_wconf 80' lang='lat' dir='ltr'><strong>ac</strong></span> <span class='ocrx_word' id='word_1_176' title='bbox 875 1283 981 1303; x_wconf 89' lang='lat' dir='ltr'><strong>sacrum</strong></span> <span class='ocrx_word' id='word_1_177' title='bbox 995 1281 1087 1312; x_wconf 86' lang='lat' dir='ltr'><strong>caput,</strong></span> 
     </span>
    </p>
   </div>
   <div class='ocr_carea' id='block_1_29' title="bbox 301 1317 1087 1356">
    <p class='ocr_par' dir='ltr' id='par_1_29' title="bbox 301 1317 1087 1356">
     <span class='ocr_line' id='line_1_29' title="bbox 301 1317 1087 1356; baseline 0.009 -14"><span class='ocrx_word' id='word_1_178' title='bbox 301 1323 350 1350; x_wconf 91' lang='lat' dir='ltr'><strong>pro</strong></span> <span class='ocrx_word' id='word_1_179' title='bbox 374 1323 466 1344; x_wconf 85' lang='lat' dir='ltr'><strong>nostra</strong></span> <span class='ocrx_word' id='word_1_180' title='bbox 491 1317 562 1344; x_wconf 83' lang='lat' dir='ltr'><strong>virili</strong></span> <span class='ocrx_word' id='word_1_181' title='bbox 591 1318 719 1346; x_wconf 75' lang='lat' dir='ltr'><strong>facultate</strong></span> <span class='ocrx_word' id='word_1_182' title='bbox 747 1320 891 1347; x_wconf 84' lang='lat' dir='ltr'><strong>multarum</strong></span> <span class='ocrx_word' id='word_1_183' title='bbox 911 1322 1087 1356; x_wconf 74' lang='lat' dir='ltr'><strong>gratulator-ia</strong></span> 
     </span>
    </p>
   </div>
   <div class='ocr_carea' id='block_1_30' title="bbox 300 1361 1088 1403">
    <p class='ocr_par' dir='ltr' id='par_1_30' title="bbox 300 1361 1088 1403">
     <span class='ocr_line' id='line_1_30' title="bbox 300 1361 1088 1403; baseline 0.009 -15"><span class='ocrx_word' id='word_1_184' title='bbox 300 1361 429 1389; x_wconf 90' lang='lat' dir='ltr'><strong>virtutum</strong></span> <span class='ocrx_word' id='word_1_185' title='bbox 444 1367 637 1398; x_wconf 76' lang='lat' dir='ltr'><strong>gestorumque</strong></span> <span class='ocrx_word' id='word_1_186' title='bbox 651 1365 785 1393; x_wconf 84' lang='lat' dir='ltr'><strong>reddenda</strong></span> <span class='ocrx_word' id='word_1_187' title='bbox 801 1367 954 1394; x_wconf 88' lang='lat' dir='ltr'><strong>habuimus.</strong></span> <span class='ocrx_word' id='word_1_188' title='bbox 971 1368 1088 1403; x_wconf 82' lang='lat' dir='ltr'><strong>Tempus</strong></span> 
     </span>
    </p>
   </div>
   <div class='ocr_carea' id='block_1_31' title="bbox 301 1411 1089 1446">
    <p class='ocr_par' dir='ltr' id='par_1_31' title="bbox 301 1411 1089 1446">
     <span class='ocr_line' id='line_1_31' title="bbox 301 1411 1089 1446; baseline 0.01 -12"><span class='ocrx_word' id='word_1_189' title='bbox 301 1416 366 1436; x_wconf 84' lang='lat' dir='ltr'><strong>vero</strong></span> <span class='ocrx_word' id='word_1_190' title='bbox 379 1414 433 1441; x_wconf 81' lang='lat' dir='ltr'><strong>est.</strong></span> <span class='ocrx_word' id='word_1_191' title='bbox 449 1415 477 1436; x_wconf 91' lang='lat' dir='ltr'><strong>ut</strong></span> <span class='ocrx_word' id='word_1_192' title='bbox 490 1411 522 1437; x_wconf 88' lang='lat' dir='ltr'><strong>ad</strong></span> <span class='ocrx_word' id='word_1_193' title='bbox 535 1411 650 1446; x_wconf 82' lang='lat' dir='ltr'><strong>pugilem</strong></span> <span class='ocrx_word' id='word_1_194' title='bbox 666 1411 780 1439; x_wconf 86' lang='lat' dir='ltr'><strong>alterum</strong></span> <span class='ocrx_word' id='word_1_195' title='bbox 806 1421 958 1441; x_wconf 85' lang='lat' dir='ltr'><strong>sermonem</strong></span> <span class='ocrx_word' id='word_1_196' title='bbox 974 1422 1089 1442; x_wconf 84' lang='lat' dir='ltr'><strong>conver—</strong></span> 
     </span>
    </p>
   </div>
   <div class='ocr_carea' id='block_1_32' title="bbox 303 1455 1088 1491">
    <p class='ocr_par' dir='ltr' id='par_1_32' title="bbox 303 1455 1088 1491">
     <span class='ocr_line' id='line_1_32' title="bbox 303 1455 1088 1491; baseline 0.01 -11"><span class='ocrx_word' id='word_1_197' title='bbox 303 1459 404 1488; x_wconf 90' lang='lat' dir='ltr'><strong>tanms,</strong></span> <span class='ocrx_word' id='word_1_198' title='bbox 422 1455 455 1482; x_wconf 86' lang='lat' dir='ltr'><strong>ad</strong></span> <span class='ocrx_word' id='word_1_199' title='bbox 472 1460 533 1488; x_wconf 62' lang='lat' dir='ltr'><strong>luat,</strong></span> <span class='ocrx_word' id='word_1_200' title='bbox 552 1456 673 1491; x_wconf 79' lang='lat' dir='ltr'><strong>inquam,</strong></span> <span class='ocrx_word' id='word_1_201' title='bbox 692 1458 799 1486; x_wconf 86' lang='lat' dir='ltr'><strong>virtutis</strong></span> <span class='ocrx_word' id='word_1_202' title='bbox 813 1460 914 1486; x_wconf 90' lang='lat' dir='ltr'><strong>socium</strong></span> <span class='ocrx_word' id='word_1_203' title='bbox 930 1460 1003 1487; x_wconf 89' lang='lat' dir='ltr'><strong>illum</strong></span> <span class='ocrx_word' id='word_1_204' title='bbox 1020 1460 1088 1488; x_wconf 84' lang='lat' dir='ltr'><strong>Tar—</strong></span> 
     </span>
    </p>
   </div>
   <div class='ocr_carea' id='block_1_33' title="bbox 300 1503 1086 1540">
    <p class='ocr_par' dir='ltr' id='par_1_33' title="bbox 300 1503 1086 1540">
     <span class='ocr_line' id='line_1_33' title="bbox 300 1503 1086 1540; baseline 0.009 -14"><span class='ocrx_word' id='word_1_205' title='bbox 300 1507 407 1527; x_wconf 84' lang='lat' dir='ltr'><strong>sensem</strong></span> <span class='ocrx_word' id='word_1_206' title='bbox 426 1510 432 1527; x_wconf 93' lang='lat'>:</span> <span class='ocrx_word' id='word_1_207' title='bbox 447 1509 519 1534; x_wconf 89' lang='lat' dir='ltr'><strong>eum,</strong></span> <span class='ocrx_word' id='word_1_208' title='bbox 534 1503 654 1536; x_wconf 78' lang='lat' dir='ltr'><strong>inquam,</strong></span> <span class='ocrx_word' id='word_1_209' title='bbox 678 1504 723 1538; x_wconf 92' lang='lat' dir='ltr'><strong>qui</strong></span> <span class='ocrx_word' id='word_1_210' title='bbox 739 1504 845 1532; x_wconf 76' lang='lat' dir='ltr'><strong>diverso</strong></span> <span class='ocrx_word' id='word_1_211' title='bbox 860 1505 969 1539; x_wconf 85' lang='lat' dir='ltr'><strong>quidem</strong></span> <span class='ocrx_word' id='word_1_212' title='bbox 984 1507 1086 1540; x_wconf 85' lang='lat' dir='ltr'><strong>suppli-</strong></span> 
     </span>
    </p>
   </div>
   <div class='ocr_carea' id='block_1_34' title="bbox 301 1547 1087 1585">
    <p class='ocr_par' dir='ltr' id='par_1_34' title="bbox 301 1547 1087 1585">
     <span class='ocr_line' id='line_1_34' title="bbox 301 1547 1087 1585; baseline 0.009 -13"><span class='ocrx_word' id='word_1_213' title='bbox 301 1547 336 1573; x_wconf 74' lang='lat' dir='ltr'><strong>cii</strong></span> <span class='ocrx_word' id='word_1_214' title='bbox 351 1554 450 1581; x_wconf 77' lang='lat' dir='ltr'><strong>genere</strong></span> <span class='ocrx_word' id='word_1_215' title='bbox 461 1567 468 1579; x_wconf 89' lang='lat'><strong>,</strong></span> <span class='ocrx_word' id='word_1_216' title='bbox 490 1555 583 1574; x_wconf 84' lang='lat' dir='ltr'><strong>verum</strong></span> <span class='ocrx_word' id='word_1_217' title='bbox 599 1556 653 1575; x_wconf 92' lang='lat' dir='ltr'><strong>uno</strong></span> <span class='ocrx_word' id='word_1_218' title='bbox 670 1549 818 1585; x_wconf 85' lang='lat' dir='ltr'><strong>eodemque</strong></span> <span class='ocrx_word' id='word_1_219' title='bbox 832 1551 939 1585; x_wconf 85' lang='lat' dir='ltr'><strong>pietatis</strong></span> <span class='ocrx_word' id='word_1_220' title='bbox 956 1552 1020 1585; x_wconf 84' lang='lat' dir='ltr'><strong>line,</strong></span> <span class='ocrx_word' id='word_1_221' title='bbox 1037 1561 1087 1579; x_wconf 88' lang='lat' dir='ltr'><strong>una</strong></span> 
     </span>
    </p>
   </div>
   <div class='ocr_carea' id='block_1_35' title="bbox 302 1595 813 1631">
    <p class='ocr_par' dir='ltr' id='par_1_35' title="bbox 302 1595 813 1631">
     <span class='ocr_line' id='line_1_35' title="bbox 302 1595 813 1631; baseline 0.006 -9"><span class='ocrx_word' id='word_1_222' title='bbox 302 1599 389 1622; x_wconf 86' lang='lat' dir='ltr'><strong>tecum</strong></span> <span class='ocrx_word' id='word_1_223' title='bbox 403 1596 435 1622; x_wconf 88' lang='lat' dir='ltr'><strong>ad</strong></span> <span class='ocrx_word' id='word_1_224' title='bbox 450 1595 590 1623; x_wconf 88' lang='lat' dir='ltr'><strong>Christum</strong></span> <span class='ocrx_word' id='word_1_225' title='bbox 608 1596 746 1631; x_wconf 87' lang='lat' dir='ltr'><strong>profectus</strong></span> <span class='ocrx_word' id='word_1_226' title='bbox 762 1603 813 1625; x_wconf 88' lang='lat' dir='ltr'><strong>est.</strong></span> 
     </span>
    </p>
   </div>
   <div class='ocr_carea' id='block_1_36' title="bbox 337 1640 1088 1680">
    <p class='ocr_par' dir='ltr' id='par_1_36' title="bbox 337 1640 1088 1680">
     <span class='ocr_line' id='line_1_36' title="bbox 337 1640 1088 1680; baseline 0.007 -13"><span class='ocrx_word' id='word_1_227' title='bbox 337 1640 436 1668; x_wconf 90' lang='lat' dir='ltr'><strong>Paulus</strong></span> <span class='ocrx_word' id='word_1_228' title='bbox 448 1641 492 1668; x_wconf 87' lang='lat' dir='ltr'><strong>ille</strong></span> <span class='ocrx_word' id='word_1_229' title='bbox 506 1641 683 1674; x_wconf 84' lang='lat' dir='ltr'><strong>admirabilis,</strong></span> <span class='ocrx_word' id='word_1_230' title='bbox 695 1650 796 1670; x_wconf 78' lang='lat' dir='ltr'><strong>canora</strong></span> <span class='ocrx_word' id='word_1_231' title='bbox 813 1644 857 1670; x_wconf 80' lang='lat' dir='ltr'><strong>illa</strong></span> <span class='ocrx_word' id='word_1_232' title='bbox 869 1644 1005 1680; x_wconf 82' lang='lat' dir='ltr'><strong>Evangelii</strong></span> <span class='ocrx_word' id='word_1_233' title='bbox 1016 1647 1088 1679; x_wconf 89' lang='lat' dir='ltr'><strong>tuba,</strong></span> 
     </span>
    </p>
   </div>
   <div class='ocr_carea' id='block_1_37' title="bbox 305 1686 1091 1726">
    <p class='ocr_par' dir='ltr' id='par_1_37' title="bbox 305 1686 1091 1726">
     <span class='ocr_line' id='line_1_37' title="bbox 305 1686 1091 1726; baseline 0.009 -14"><span class='ocrx_word' id='word_1_234' title='bbox 305 1686 380 1720; x_wconf 89' lang='lat' dir='ltr'><strong>prius</strong></span> <span class='ocrx_word' id='word_1_235' title='bbox 392 1687 500 1721; x_wconf 88' lang='lat' dir='ltr'><strong>quidem</strong></span> <span class='ocrx_word' id='word_1_236' title='bbox 513 1687 629 1714; x_wconf 83' lang='lat' dir='ltr'><strong>acerbus</strong></span> <span class='ocrx_word' id='word_1_237' title='bbox 645 1688 861 1717; x_wconf 87' lang='lat' dir='ltr'><strong>Christianorum</strong></span> <span class='ocrx_word' id='word_1_238' title='bbox 874 1691 972 1723; x_wconf 82' lang='lat' dir='ltr'><strong>hostis,</strong></span> <span class='ocrx_word' id='word_1_239' title='bbox 988 1697 1091 1726; x_wconf 85' lang='lat' dir='ltr'><strong>postre-</strong></span> 
     </span>
    </p>
   </div>
   <div class='ocr_carea' id='block_1_38' title="bbox 305 1730 1090 1771">
    <p class='ocr_par' dir='ltr' id='par_1_38' title="bbox 305 1730 1090 1771">
     <span class='ocr_line' id='line_1_38' title="bbox 305 1730 1090 1771; baseline 0.011 -16"><span class='ocrx_word' id='word_1_240' title='bbox 305 1738 378 1756; x_wconf 91' lang='lat' dir='ltr'><strong>mum</strong></span> <span class='ocrx_word' id='word_1_241' title='bbox 394 1737 459 1757; x_wconf 87' lang='lat' dir='ltr'><strong>vero</strong></span> <span class='ocrx_word' id='word_1_242' title='bbox 475 1730 638 1758; x_wconf 87' lang='lat' dir='ltr'><strong>fortissimus</strong></span> <span class='ocrx_word' id='word_1_243' title='bbox 654 1732 782 1760; x_wconf 67' lang='lat' dir='ltr'><strong>Ecclesia:</strong></span> <span class='ocrx_word' id='word_1_244' title='bbox 802 1740 943 1769; x_wconf 84' lang='lat' dir='ltr'><strong>patronus,</strong></span> <span class='ocrx_word' id='word_1_245' title='bbox 962 1737 1090 1771; x_wconf 87' lang='lat' dir='ltr'><strong>apostolis</strong></span> 
     </span>
    </p>
   </div>
   <div class='ocr_carea' id='block_1_39' title="bbox 303 1776 1091 1816">
    <p class='ocr_par' dir='ltr' id='par_1_39' title="bbox 303 1776 1091 1816">
     <span class='ocr_line' id='line_1_39' title="bbox 303 1776 1091 1816; baseline 0.009 -14"><span class='ocrx_word' id='word_1_246' title='bbox 303 1776 413 1810; x_wconf 87' lang='lat' dir='ltr'><strong>quidem</strong></span> <span class='ocrx_word' id='word_1_247' title='bbox 434 1777 572 1804; x_wconf 88' lang='lat' dir='ltr'><strong>recentior</strong></span> <span class='ocrx_word' id='word_1_248' title='bbox 589 1778 682 1813; x_wconf 62' lang='lat' dir='ltr'><strong>gratia:</strong></span> <span class='ocrx_word' id='word_1_249' title='bbox 697 1784 774 1813; x_wconf 91' lang='lat' dir='ltr'><strong>partu</strong></span> <span class='ocrx_word' id='word_1_250' title='bbox 789 1780 889 1812; x_wconf 87' lang='lat' dir='ltr'><strong>editus,</strong></span> <span class='ocrx_word' id='word_1_251' title='bbox 907 1788 939 1808; x_wconf 91' lang='lat' dir='ltr'><strong>ac</strong></span> <span class='ocrx_word' id='word_1_252' title='bbox 956 1783 1091 1816; x_wconf 89' lang='lat' dir='ltr'><strong>posterior</strong></span> 
     </span>
    </p>
   </div>
   <div class='ocr_carea' id='block_1_40' title="bbox 304 1822 1091 1860">
    <p class='ocr_par' dir='ltr' id='par_1_40' title="bbox 304 1822 1091 1860">
     <span class='ocr_line' id='line_1_40' title="bbox 304 1822 1091 1860; baseline 0.008 -12"><span class='ocrx_word' id='word_1_253' title='bbox 304 1826 426 1856; x_wconf 87' lang='lat' dir='ltr'><strong>tempore</strong></span> <span class='ocrx_word' id='word_1_254' title='bbox 439 1822 540 1850; x_wconf 82' lang='lat' dir='ltr'><strong>Christi</strong></span> <span class='ocrx_word' id='word_1_255' title='bbox 555 1823 694 1858; x_wconf 85' lang='lat' dir='ltr'><strong>discipulis</strong></span> <span class='ocrx_word' id='word_1_256' title='bbox 710 1831 852 1860; x_wconf 85' lang='lat' dir='ltr'><strong>accensus,</strong></span> <span class='ocrx_word' id='word_1_257' title='bbox 870 1826 940 1853; x_wconf 92' lang='lat' dir='ltr'><strong>idem</strong></span> <span class='ocrx_word' id='word_1_258' title='bbox 955 1827 1091 1854; x_wconf 91' lang='lat' dir='ltr'><strong>nihilomi-</strong></span> 
     </span>
    </p>
   </div>
   <div class='ocr_carea' id='block_1_41' title="bbox 304 1869 1092 1906">
    <p class='ocr_par' dir='ltr' id='par_1_41' title="bbox 304 1869 1092 1906">
     <span class='ocr_line' id='line_1_41' title="bbox 304 1869 1092 1906; baseline 0.006 -10"><span class='ocrx_word' id='word_1_259' title='bbox 304 1876 355 1896; x_wconf 86' lang='lat' dir='ltr'><strong>nus</strong></span> <span class='ocrx_word' id='word_1_260' title='bbox 371 1869 483 1903; x_wconf 89' lang='lat' dir='ltr'><strong>probata</strong></span> <span class='ocrx_word' id='word_1_261' title='bbox 503 1869 613 1903; x_wconf 87' lang='lat' dir='ltr'><strong>virtute,</strong></span> <span class='ocrx_word' id='word_1_262' title='bbox 634 1875 662 1898; x_wconf 83' lang='grc' dir='ltr'><strong>ιιι</strong></span> <span class='ocrx_word' id='word_1_263' title='bbox 677 1879 710 1898; x_wconf 82' lang='lat' dir='ltr'><strong>ne</strong></span> <span class='ocrx_word' id='word_1_264' title='bbox 725 1871 788 1906; x_wconf 88' lang='lat' dir='ltr'><strong>quid</strong></span> <span class='ocrx_word' id='word_1_265' title='bbox 807 1872 923 1906; x_wconf 84' lang='lat' dir='ltr'><strong>amplius</strong></span> <span class='ocrx_word' id='word_1_266' title='bbox 940 1873 1039 1906; x_wconf 82' lang='lat' dir='ltr'><strong>dicam,</strong></span> <span class='ocrx_word' id='word_1_267' title='bbox 1061 1882 1092 1901; x_wconf 88' lang='lat' dir='ltr'><strong>ac</strong></span> 
     </span>
    </p>
   </div>
   <div class='ocr_carea' id='block_1_42' title="bbox 304 1913 1092 1952">
    <p class='ocr_par' dir='ltr' id='par_1_42' title="bbox 304 1913 1092 1952">
     <span class='ocr_line' id='line_1_42' title="bbox 304 1913 1092 1952; baseline 0.006 -12"><span class='ocrx_word' id='word_1_268' title='bbox 304 1913 443 1941; x_wconf 85' lang='lat' dir='ltr'><strong>duodecim</strong></span> <span class='ocrx_word' id='word_1_269' title='bbox 472 1914 579 1941; x_wconf 89' lang='lat' dir='ltr'><strong>illorum</strong></span> <span class='ocrx_word' id='word_1_270' title='bbox 604 1923 688 1943; x_wconf 86' lang='lat' dir='ltr'><strong>canos</strong></span> <span class='ocrx_word' id='word_1_271' title='bbox 711 1917 810 1952; x_wconf 87' lang='lat' dir='ltr'><strong>pudore</strong></span> <span class='ocrx_word' id='word_1_272' title='bbox 835 1917 964 1951; x_wconf 85' lang='lat' dir='ltr'><strong>alliciam,</strong></span> <span class='ocrx_word' id='word_1_273' title='bbox 991 1917 1092 1952; x_wconf 83' lang='lat' dir='ltr'><strong>Moysis</strong></span> 
     </span>
    </p>
   </div>
   <div class='ocr_carea' id='block_1_43' title="bbox 303 1958 1091 1998">
    <p class='ocr_par' dir='ltr' id='par_1_43' title="bbox 303 1958 1091 1998">
     <span class='ocr_line' id='line_1_43' title="bbox 303 1958 1091 1998; baseline 0.009 -14"><span class='ocrx_word' id='word_1_274' title='bbox 303 1958 427 1993; x_wconf 72' lang='lat' dir='ltr'><strong>:rqualis,</strong></span> <span class='ocrx_word' id='word_1_275' title='bbox 443 1960 584 1987; x_wconf 76' lang='lat' dir='ltr'><strong>:emnlator</strong></span> <span class='ocrx_word' id='word_1_276' title='bbox 599 1961 717 1994; x_wconf 82' lang='lat' dir='ltr'><strong>fervens,</strong></span> <span class='ocrx_word' id='word_1_277' title='bbox 729 1968 756 1989; x_wconf 89' lang='lat' dir='ltr'><strong>ut</strong></span> <span class='ocrx_word' id='word_1_278' title='bbox 773 1964 834 1997; x_wconf 88' lang='lat' dir='ltr'><strong>quis</strong></span> <span class='ocrx_word' id='word_1_279' title='bbox 849 1963 929 1997; x_wconf 84' lang='lat' dir='ltr'><strong>alius,</strong></span> <span class='ocrx_word' id='word_1_280' title='bbox 946 1964 1014 1998; x_wconf 82' lang='lat' dir='ltr'><strong>legis</strong></span> <span class='ocrx_word' id='word_1_281' title='bbox 1027 1971 1091 1998; x_wconf 85' lang='lat' dir='ltr'><strong>pro—</strong></span> 
     </span>
    </p>
   </div>
   <div class='ocr_carea' id='block_1_44' title="bbox 303 2006 1093 2041">
    <p class='ocr_par' dir='ltr' id='par_1_44' title="bbox 303 2006 1093 2041">
     <span class='ocr_line' id='line_1_44' title="bbox 303 2006 1093 2041; baseline 0.005 -9"><span class='ocrx_word' id='word_1_282' title='bbox 303 2006 497 2041; x_wconf 79' lang='lat' dir='ltr'><strong>pugnaculum,</strong></span> <span class='ocrx_word' id='word_1_283' title='bbox 513 2007 618 2035; x_wconf 84' lang='lat' dir='ltr'><strong>Veteris</strong></span> <span class='ocrx_word' id='word_1_284' title='bbox 633 2008 799 2035; x_wconf 83' lang='lat' dir='ltr'><strong>Testamenti</strong></span> <span class='ocrx_word' id='word_1_285' title='bbox 817 2009 898 2036; x_wconf 86' lang='lat' dir='ltr'><strong>turris</strong></span> <span class='ocrx_word' id='word_1_286' title='bbox 913 2009 989 2036; x_wconf 86' lang='lat' dir='ltr'><strong>firma</strong></span> <span class='ocrx_word' id='word_1_287' title='bbox 1004 2017 1037 2036; x_wconf 89' lang='lat' dir='ltr'><strong>ac</strong></span> <span class='ocrx_word' id='word_1_288' title='bbox 1053 2010 1093 2036; x_wconf 92' lang='lat' dir='ltr'><strong>iu-</strong></span> 
     </span>
    </p>
   </div>
   <div class='ocr_carea' id='block_1_45' title="bbox 304 2052 1090 2089">
    <p class='ocr_par' dir='ltr' id='par_1_45' title="bbox 304 2052 1090 2089">
     <span class='ocr_line' id='line_1_45' title="bbox 304 2052 1090 2089; baseline 0.003 -11"><span class='ocrx_word' id='word_1_289' title='bbox 304 2059 454 2084; x_wconf 85' lang='lat' dir='ltr'><strong>concussa;</strong></span> <span class='ocrx_word' id='word_1_290' title='bbox 474 2052 559 2080; x_wconf 84' lang='lat' dir='ltr'><strong>donec</strong></span> <span class='ocrx_word' id='word_1_291' title='bbox 578 2055 690 2080; x_wconf 85' lang='lat' dir='ltr'><strong>mutavit</strong></span> <span class='ocrx_word' id='word_1_292' title='bbox 716 2053 848 2086; x_wconf 89' lang='lat' dir='ltr'><strong>animum,</strong></span> <span class='ocrx_word' id='word_1_293' title='bbox 873 2054 975 2089; x_wconf 81' lang='lat' dir='ltr'><strong>grande</strong></span> <span class='ocrx_word' id='word_1_294' title='bbox 997 2062 1090 2081; x_wconf 87' lang='lat' dir='ltr'><strong>eorum</strong></span> 
     </span>
    </p>
   </div>
   <div class='ocr_carea' id='block_1_46' title="bbox 304 2097 1093 2134">
    <p class='ocr_par' dir='ltr' id='par_1_46' title="bbox 304 2097 1093 2134">
     <span class='ocr_line' id='line_1_46' title="bbox 304 2097 1093 2134; baseline 0.006 -12"><span class='ocrx_word' id='word_1_295' title='bbox 304 2097 456 2131; x_wconf 82' lang='lat' dir='ltr'><strong>periculum</strong></span> <span class='ocrx_word' id='word_1_296' title='bbox 484 2098 530 2131; x_wconf 88' lang='lat' dir='ltr'><strong>qui</strong></span> <span class='ocrx_word' id='word_1_297' title='bbox 556 2097 694 2125; x_wconf 86' lang='lat' dir='ltr'><strong>Christum</strong></span> <span class='ocrx_word' id='word_1_298' title='bbox 720 2099 908 2134; x_wconf 81' lang='lat' dir='ltr'><strong>loquerentur;</strong></span> <span class='ocrx_word' id='word_1_299' title='bbox 932 2105 1093 2134; x_wconf 85' lang='lat' dir='ltr'><strong>nostrosque</strong></span> 
     </span>
    </p>
   </div>
   <div class='ocr_carea' id='block_1_47' title="bbox 306 2141 1090 2177">
    <p class='ocr_par' dir='ltr' id='par_1_47' title="bbox 306 2141 1090 2177">
     <span class='ocr_line' id='line_1_47' title="bbox 306 2141 1090 2177; baseline 0.005 -11"><span class='ocrx_word' id='word_1_300' title='bbox 306 2141 404 2174; x_wconf 83' lang='lat' dir='ltr'><strong>ubique</strong></span> <span class='ocrx_word' id='word_1_301' title='bbox 429 2142 547 2168; x_wconf 86' lang='lat' dir='ltr'><strong>terrebat</strong></span> <span class='ocrx_word' id='word_1_302' title='bbox 575 2149 607 2169; x_wconf 85' lang='lat' dir='ltr'><strong>ac</strong></span> <span class='ocrx_word' id='word_1_303' title='bbox 633 2143 658 2169; x_wconf 90' lang='lat' dir='ltr'><strong>in</strong></span> <span class='ocrx_word' id='word_1_304' title='bbox 686 2142 774 2177; x_wconf 78' lang='lat' dir='ltr'><strong>fugam</strong></span> <span class='ocrx_word' id='word_1_305' title='bbox 793 2143 906 2177; x_wconf 82' lang='lat' dir='ltr'><strong>agebat;</strong></span> <span class='ocrx_word' id='word_1_306' title='bbox 929 2151 992 2170; x_wconf 85' lang='lat' dir='ltr'><strong>verc</strong></span> <span class='ocrx_word' id='word_1_307' title='bbox 1014 2143 1090 2177; x_wconf 88' lang='lat' dir='ltr'><strong>juxta</strong></span> 
     </span>
    </p>
   </div>
   <div class='ocr_carea' id='block_1_48' title="bbox 306 2186 1092 2223">
    <p class='ocr_par' dir='ltr' id='par_1_48' title="bbox 306 2186 1092 2223">
     <span class='ocr_line' id='line_1_48' title="bbox 306 2186 1092 2223; baseline 0.003 -10"><span class='ocrx_word' id='word_1_308' title='bbox 306 2186 505 2220; x_wconf 66' lang='lat' dir='ltr'><strong>pratdictionem</strong></span> <span class='ocrx_word' id='word_1_309' title='bbox 519 2186 613 2219; x_wconf 83' lang='lat' dir='ltr'><strong>Jacob,</strong></span> <span class='ocrx_word' id='word_1_310' title='bbox 628 2187 767 2222; x_wconf 83' lang='lat' dir='ltr'><strong>Benjamin</strong></span> <span class='ocrx_word' id='word_1_311' title='bbox 783 2189 859 2222; x_wconf 74' lang='lat' dir='ltr'><strong>lupus</strong></span> <span class='ocrx_word' id='word_1_312' title='bbox 876 2196 959 2223; x_wconf 69' lang='lat' dir='ltr'><strong>rapax</strong></span> <span class='ocrx_word' id='word_1_313' title='bbox 976 2189 1001 2222; x_wconf 91' lang='grc'>³,</span> <span class='ocrx_word' id='word_1_314' title='bbox 1021 2189 1092 2223; x_wconf 90' lang='lat' dir='ltr'><strong>opti-</strong></span> 
     </span>
    </p>
   </div>
   <div class='ocr_carea' id='block_1_49' title="bbox 1141 269 1928 307">
    <p class='ocr_par' dir='ltr' id='par_1_49' title="bbox 1141 269 1928 307">
     <span class='ocr_line' id='line_1_49' title="bbox 1141 269 1928 307; baseline -0.003 -8"><span class='ocrx_word' id='word_1_315' title='bbox 1141 281 1193 307; x_wconf 89' lang='grc' dir='ltr'><strong>ρων</strong></span> <span class='ocrx_word' id='word_1_316' title='bbox 1207 271 1342 307; x_wconf 82' lang='grc' dir='ltr'><strong>ἀχθηδόνα</strong></span> <span class='ocrx_word' id='word_1_317' title='bbox 1358 270 1562 306; x_wconf 79' lang='grc' dir='ltr'>δεσμωτηρίων.</span> <span class='ocrx_word' id='word_1_318' title='bbox 1583 269 1758 304; x_wconf 78' lang='grc' dir='ltr'><strong>πολυτρόπως</strong></span> <span class='ocrx_word' id='word_1_319' title='bbox 1771 269 1818 295; x_wconf 83' lang='grc' dir='ltr'><strong>τοῦ</strong></span> <span class='ocrx_word' id='word_1_320' title='bbox 1839 270 1928 304; x_wconf 73' lang='grc' dir='ltr'>Εὐαγ-</span> 
     </span>
    </p>
   </div>
   <div class='ocr_carea' id='block_1_50' title="bbox 1139 315 1472 352">
    <p class='ocr_par' dir='ltr' id='par_1_50' title="bbox 1139 315 1472 352">
     <span class='ocr_line' id='line_1_50' title="bbox 1139 315 1472 352; baseline -0.003 -9"><span class='ocrx_word' id='word_1_321' title='bbox 1139 317 1230 351; x_wconf 85' lang='grc' dir='ltr'>γελίου</span> <span class='ocrx_word' id='word_1_322' title='bbox 1246 315 1472 352; x_wconf 85' lang='grc' dir='ltr'>προκινδυνεύων.</span> 
     </span>
    </p>
   </div>
   <div class='ocr_carea' id='block_1_51' title="bbox 1173 359 1927 397">
    <p class='ocr_par' dir='ltr' id='par_1_51' title="bbox 1173 359 1927 397">
     <span class='ocr_line' id='line_1_51' title="bbox 1173 359 1927 397; baseline -0.004 -9"><span class='ocrx_word' id='word_1_323' title='bbox 1173 362 1277 397; x_wconf 82' lang='grc' dir='ltr'><strong>Χρόνου</strong></span> <span class='ocrx_word' id='word_1_324' title='bbox 1291 361 1320 387; x_wconf 85' lang='grc' dir='ltr'>δὲ</span> <span class='ocrx_word' id='word_1_325' title='bbox 1336 361 1485 397; x_wconf 83' lang='grc' dir='ltr'>προϊόντος,</span> <span class='ocrx_word' id='word_1_326' title='bbox 1505 360 1555 396; x_wconf 80' lang='grc' dir='ltr'>τὴν</span> <span class='ocrx_word' id='word_1_327' title='bbox 1573 360 1764 396; x_wconf 80' lang='grc' dir='ltr'><strong>βασιλεύουσαν</strong></span> <span class='ocrx_word' id='word_1_328' title='bbox 1781 359 1858 386; x_wconf 83' lang='grc' dir='ltr'>πόλιν</span> <span class='ocrx_word' id='word_1_329' title='bbox 1872 359 1927 386; x_wconf 83' lang='grc' dir='ltr'><strong>τῶν</strong></span> 
     </span>
    </p>
   </div>
   <div class='ocr_carea' id='block_1_52' title="bbox 1138 405 1929 442">
    <p class='ocr_par' dir='ltr' id='par_1_52' title="bbox 1138 405 1929 442">
     <span class='ocr_line' id='line_1_52' title="bbox 1138 405 1929 442; baseline -0.004 -8"><span class='ocrx_word' id='word_1_330' title='bbox 1138 407 1288 442; x_wconf 82' lang='grc' dir='ltr'>ἀνθρώπων</span> <span class='ocrx_word' id='word_1_331' title='bbox 1302 405 1403 438; x_wconf 76' lang='grc' dir='ltr'>λαϐὼν,</span> <span class='ocrx_word' id='word_1_332' title='bbox 1417 405 1521 432; x_wconf 78' lang='grc' dir='ltr'>ἐκεῖθεν</span> <span class='ocrx_word' id='word_1_333' title='bbox 1536 406 1582 432; x_wconf 79' lang='grc' dir='ltr'><strong>ἐπὶ</strong></span> <span class='ocrx_word' id='word_1_334' title='bbox 1602 406 1650 441; x_wconf 87' lang='grc' dir='ltr'>τὴν</span> <span class='ocrx_word' id='word_1_335' title='bbox 1667 405 1802 440; x_wconf 86' lang='grc' dir='ltr'>βασιλείαν</span> <span class='ocrx_word' id='word_1_336' title='bbox 1815 405 1929 440; x_wconf 84' lang='grc' dir='ltr'>ἀνέδρα-</span> 
     </span>
    </p>
   </div>
   <div class='ocr_carea' id='block_1_53' title="bbox 1141 451 1928 488">
    <p class='ocr_par' dir='ltr' id='par_1_53' title="bbox 1141 451 1928 488">
     <span class='ocr_line' id='line_1_53' title="bbox 1141 451 1928 488; baseline -0.003 -9"><span class='ocrx_word' id='word_1_337' title='bbox 1141 461 1199 488; x_wconf 87' lang='grc' dir='ltr'>μεν.</span> <span class='ocrx_word' id='word_1_338' title='bbox 1226 452 1444 488; x_wconf 75' lang='grc' dir='ltr'>’Λναρριπισθεὶς</span> <span class='ocrx_word' id='word_1_339' title='bbox 1472 452 1527 488; x_wconf 84' lang='grc' dir='ltr'>γὰρ</span> <span class='ocrx_word' id='word_1_340' title='bbox 1552 453 1566 478; x_wconf 84' lang='grc' dir='ltr'><strong>ὁ</strong></span> <span class='ocrx_word' id='word_1_341' title='bbox 1588 451 1684 487; x_wconf 84' lang='grc' dir='ltr'><strong>Νέρων</strong></span> <span class='ocrx_word' id='word_1_342' title='bbox 1708 452 1748 482; x_wconf 83' lang='grc' dir='ltr'>εἰς</span> <span class='ocrx_word' id='word_1_343' title='bbox 1770 451 1864 486; x_wconf 74' lang='grc' dir='ltr'>ὀργὴν,</span> <span class='ocrx_word' id='word_1_344' title='bbox 1889 451 1928 482; x_wconf 74' lang='grc' dir='ltr'>ὣς</span> 
     </span>
    </p>
   </div>
   <div class='ocr_carea' id='block_1_54' title="bbox 1139 494 1930 534">
    <p class='ocr_par' dir='ltr' id='par_1_54' title="bbox 1139 494 1930 534">
     <span class='ocr_line' id='line_1_54' title="bbox 1139 494 1930 534; baseline -0.004 -9"><span class='ocrx_word' id='word_1_345' title='bbox 1139 507 1203 526; x_wconf 86' lang='grc' dir='ltr'>ποτε</span> <span class='ocrx_word' id='word_1_346' title='bbox 1219 494 1292 525; x_wconf 79' lang='grc' dir='ltr'>κατᾶ</span> <span class='ocrx_word' id='word_1_347' title='bbox 1305 499 1354 534; x_wconf 81' lang='grc' dir='ltr'><strong>τὴν</strong></span> <span class='ocrx_word' id='word_1_348' title='bbox 1366 499 1548 534; x_wconf 75' lang='grc' dir='ltr'><strong>Παλαιστίνην</strong></span> <span class='ocrx_word' id='word_1_349' title='bbox 1565 498 1698 534; x_wconf 79' lang='grc' dir='ltr'>Ἡρώδης,</span> <span class='ocrx_word' id='word_1_350' title='bbox 1714 497 1795 532; x_wconf 78' lang='grc' dir='ltr'>ἡνίκα</span> <span class='ocrx_word' id='word_1_351' title='bbox 1817 496 1930 531; x_wconf 76' lang='grc' dir='ltr'><strong>βασιλέα</strong></span> 
     </span>
    </p>
   </div>
   <div class='ocr_carea' id='block_1_55' title="bbox 1137 543 1929 580">
    <p class='ocr_par' dir='ltr' id='par_1_55' title="bbox 1137 543 1929 580">
     <span class='ocr_line' id='line_1_55' title="bbox 1137 543 1929 580; baseline -0.003 -9"><span class='ocrx_word' id='word_1_352' title='bbox 1137 545 1183 571; x_wconf 76' lang='grc' dir='ltr'>τὸν</span> <span class='ocrx_word' id='word_1_353' title='bbox 1208 545 1325 579; x_wconf 81' lang='grc' dir='ltr'>Χριστὸν</span> <span class='ocrx_word' id='word_1_354' title='bbox 1349 545 1374 570; x_wconf 79' lang='grc' dir='ltr'>οἱ</span> <span class='ocrx_word' id='word_1_355' title='bbox 1395 545 1477 580; x_wconf 86' lang='grc' dir='ltr'>μάγοι</span> <span class='ocrx_word' id='word_1_356' title='bbox 1503 544 1671 580; x_wconf 77' lang='grc' dir='ltr'>διήγγελλον,</span> <span class='ocrx_word' id='word_1_357' title='bbox 1696 543 1853 579; x_wconf 78' lang='grc' dir='ltr'>ὑπερϐαίνει</span> <span class='ocrx_word' id='word_1_358' title='bbox 1879 543 1929 578; x_wconf 78' lang='grc' dir='ltr'>μὲν</span> 
     </span>
    </p>
   </div>
   <div class='ocr_carea' id='block_1_56' title="bbox 1138 588 1929 625">
    <p class='ocr_par' dir='ltr' id='par_1_56' title="bbox 1138 588 1929 625">
     <span class='ocr_line' id='line_1_56' title="bbox 1138 588 1929 625; baseline -0.003 -9"><span class='ocrx_word' id='word_1_359' title='bbox 1138 591 1200 622; x_wconf 80' lang='grc' dir='ltr'>τοὺς</span> <span class='ocrx_word' id='word_1_360' title='bbox 1212 591 1315 621; x_wconf 63' lang='grc' dir='ltr'>ἄλλους</span> <span class='ocrx_word' id='word_1_361' title='bbox 1337 590 1391 616; x_wconf 84' lang='grc' dir='ltr'>τῶν</span> <span class='ocrx_word' id='word_1_362' title='bbox 1412 590 1549 617; x_wconf 82' lang='grc' dir='ltr'>κολάσεων</span> <span class='ocrx_word' id='word_1_363' title='bbox 1565 590 1693 625; x_wconf 79' lang='grc' dir='ltr'>τρόπους,</span> <span class='ocrx_word' id='word_1_364' title='bbox 1708 589 1820 624; x_wconf 78' lang='grc' dir='ltr'><strong>ψηφίζει</strong></span> <span class='ocrx_word' id='word_1_365' title='bbox 1835 589 1864 615; x_wconf 75' lang='grc' dir='ltr'>δὲ</span> <span class='ocrx_word' id='word_1_366' title='bbox 1881 588 1929 615; x_wconf 78' lang='grc' dir='ltr'>τὸν</span> 
     </span>
    </p>
   </div>
   <div class='ocr_carea' id='block_1_57' title="bbox 1138 634 1929 672">
    <p class='ocr_par' dir='ltr' id='par_1_57' title="bbox 1138 634 1929 672">
     <span class='ocr_line' id='line_1_57' title="bbox 1138 634 1929 672; baseline -0.003 -10"><span class='ocrx_word' id='word_1_367' title='bbox 1138 637 1337 672; x_wconf 68' lang='grc' dir='ltr'><strong>τρισμακάριον</strong></span> <span class='ocrx_word' id='word_1_368' title='bbox 1353 635 1562 671; x_wconf 77' lang='grc' dir='ltr'>προσηλωθῆναι</span> <span class='ocrx_word' id='word_1_369' title='bbox 1581 635 1700 671; x_wconf 81' lang='grc' dir='ltr'><strong>σταυρῷ,</strong></span> <span class='ocrx_word' id='word_1_370' title='bbox 1722 635 1766 661; x_wconf 78' lang='grc' dir='ltr'>ἵνα</span> <span class='ocrx_word' id='word_1_371' title='bbox 1789 635 1826 669; x_wconf 85' lang='grc' dir='ltr'>μὴ</span> <span class='ocrx_word' id='word_1_372' title='bbox 1848 634 1929 669; x_wconf 87' lang='grc' dir='ltr'>μόνον</span> 
     </span>
    </p>
   </div>
   <div class='ocr_carea' id='block_1_58' title="bbox 1139 681 1926 716">
    <p class='ocr_par' dir='ltr' id='par_1_58' title="bbox 1139 681 1926 716">
     <span class='ocr_line' id='line_1_58' title="bbox 1139 681 1926 716; baseline -0.003 -8"><span class='ocrx_word' id='word_1_373' title='bbox 1139 682 1261 714; x_wconf 76' lang='grc' dir='ltr'>πεζεὺων</span> <span class='ocrx_word' id='word_1_374' title='bbox 1277 682 1414 708; x_wconf 82' lang='grc' dir='ltr'>θάλασσαν</span> <span class='ocrx_word' id='word_1_375' title='bbox 1431 681 1535 716; x_wconf 77' lang='grc' dir='ltr'>Πέτρος</span> <span class='ocrx_word' id='word_1_376' title='bbox 1556 681 1601 708; x_wconf 83' lang='grc' dir='ltr'><strong>τὸν</strong></span> <span class='ocrx_word' id='word_1_377' title='bbox 1624 681 1762 715; x_wconf 85' lang='grc' dir='ltr'>Δεσπότην</span> <span class='ocrx_word' id='word_1_378' title='bbox 1787 682 1926 716; x_wconf 80' lang='grc' dir='ltr'>μιμεῖται,</span> 
     </span>
    </p>
   </div>
   <div class='ocr_carea' id='block_1_59' title="bbox 1138 727 1929 764">
    <p class='ocr_par' dir='ltr' id='par_1_59' title="bbox 1138 727 1929 764">
     <span class='ocr_line' id='line_1_59' title="bbox 1138 727 1929 764; baseline -0.004 -9"><span class='ocrx_word' id='word_1_379' title='bbox 1138 729 1205 756; x_wconf 84' lang='grc' dir='ltr'>ἀλλὰ</span> <span class='ocrx_word' id='word_1_380' title='bbox 1222 729 1268 755; x_wconf 77' lang='grc' dir='ltr'>καὶ</span> <span class='ocrx_word' id='word_1_381' title='bbox 1285 729 1331 754; x_wconf 79' lang='grc' dir='ltr'><strong>ἐπὶ</strong></span> <span class='ocrx_word' id='word_1_382' title='bbox 1347 728 1426 761; x_wconf 80' lang='grc' dir='ltr'>ξύλου</span> <span class='ocrx_word' id='word_1_383' title='bbox 1446 728 1628 764; x_wconf 86' lang='grc' dir='ltr'>κρεμάμενος.</span> <span class='ocrx_word' id='word_1_384' title='bbox 1644 728 1748 763; x_wconf 86' lang='grc' dir='ltr'>Ὅμως,</span> <span class='ocrx_word' id='word_1_385' title='bbox 1760 727 1797 759; x_wconf 81' lang='grc' dir='ltr'>ὡς</span> <span class='ocrx_word' id='word_1_386' title='bbox 1812 727 1929 762; x_wconf 77' lang='grc' dir='ltr'>εὐλαϐὴς</span> 
     </span>
    </p>
   </div>
   <div class='ocr_carea' id='block_1_60' title="bbox 1138 772 1930 808">
    <p class='ocr_par' dir='ltr' id='par_1_60' title="bbox 1138 772 1930 808">
     <span class='ocr_line' id='line_1_60' title="bbox 1138 772 1930 808; baseline -0.001 -9"><span class='ocrx_word' id='word_1_387' title='bbox 1138 773 1186 799; x_wconf 77' lang='grc' dir='ltr'>καὶ</span> <span class='ocrx_word' id='word_1_388' title='bbox 1194 773 1273 808; x_wconf 80' lang='grc' dir='ltr'>σοφὸς</span> <span class='ocrx_word' id='word_1_389' title='bbox 1282 773 1332 799; x_wconf 81' lang='grc' dir='ltr'><strong>κάν</strong></span> <span class='ocrx_word' id='word_1_390' title='bbox 1340 773 1378 808; x_wconf 85' lang='grc' dir='ltr'>τῷ</span> <span class='ocrx_word' id='word_1_391' title='bbox 1393 772 1481 808; x_wconf 81' lang='grc' dir='ltr'>καιρῷ</span> <span class='ocrx_word' id='word_1_392' title='bbox 1493 773 1542 807; x_wconf 82' lang='grc' dir='ltr'>τῆς</span> <span class='ocrx_word' id='word_1_393' title='bbox 1551 773 1680 807; x_wconf 84' lang='grc' dir='ltr'>ἀγωνίας,</span> <span class='ocrx_word' id='word_1_394' title='bbox 1689 772 1776 804; x_wconf 77' lang='grc' dir='ltr'>εἰδὼς,</span> <span class='ocrx_word' id='word_1_395' title='bbox 1785 772 1825 805; x_wconf 82' lang='grc' dir='ltr'><strong>τίς</strong></span> <span class='ocrx_word' id='word_1_396' title='bbox 1836 773 1930 806; x_wconf 74' lang='grc' dir='ltr'><strong>διαφο⁶</strong></span> 
     </span>
    </p>
   </div>
   <div class='ocr_carea' id='block_1_61' title="bbox 1139 817 1929 855">
    <p class='ocr_par' dir='ltr' id='par_1_61' title="bbox 1139 817 1929 855">
     <span class='ocr_line' id='line_1_61' title="bbox 1139 817 1929 855; baseline -0.003 -10"><span class='ocrx_word' id='word_1_397' title='bbox 1139 819 1175 854; x_wconf 84' lang='grc' dir='ltr'>ρὰ</span> <span class='ocrx_word' id='word_1_398' title='bbox 1186 819 1288 855; x_wconf 80' lang='grc' dir='ltr'>Κυρίου</span> <span class='ocrx_word' id='word_1_399' title='bbox 1299 818 1366 854; x_wconf 82' lang='grc' dir='ltr'>πρὸς</span> <span class='ocrx_word' id='word_1_400' title='bbox 1376 817 1478 851; x_wconf 78' lang='grc' dir='ltr'>δοῦλον,</span> <span class='ocrx_word' id='word_1_401' title='bbox 1499 818 1563 853; x_wconf 89' lang='grc' dir='ltr'>μίαν</span> <span class='ocrx_word' id='word_1_402' title='bbox 1579 818 1662 853; x_wconf 81' lang='grc' dir='ltr'>ᾔτησε</span> <span class='ocrx_word' id='word_1_403' title='bbox 1674 817 1809 853; x_wconf 83' lang='grc' dir='ltr'>παρὰτῶν</span> <span class='ocrx_word' id='word_1_404' title='bbox 1824 817 1929 853; x_wconf 79' lang='grc' dir='ltr'>ἐχθρῶν</span> 
     </span>
    </p>
   </div>
   <div class='ocr_carea' id='block_1_62' title="bbox 1139 863 1930 901">
    <p class='ocr_par' dir='ltr' id='par_1_62' title="bbox 1139 863 1930 901">
     <span class='ocr_line' id='line_1_62' title="bbox 1139 863 1930 901; baseline -0.003 -9"><span class='ocrx_word' id='word_1_405' title='bbox 1139 866 1227 901; x_wconf 79' lang='grc' dir='ltr'>χάριν,</span> <span class='ocrx_word' id='word_1_406' title='bbox 1242 866 1307 901; x_wconf 86' lang='grc' dir='ltr'>μήτι</span> <span class='ocrx_word' id='word_1_407' title='bbox 1321 874 1352 898; x_wconf 85' lang='grc' dir='ltr'><strong>γε</strong></span> <span class='ocrx_word' id='word_1_408' title='bbox 1368 866 1396 891; x_wconf 78' lang='grc' dir='ltr'>ὲν</span> <span class='ocrx_word' id='word_1_409' title='bbox 1411 865 1495 900; x_wconf 82' lang='grc' dir='ltr'>ὁμοίῳ</span> <span class='ocrx_word' id='word_1_410' title='bbox 1513 864 1551 899; x_wconf 85' lang='grc' dir='ltr'><strong>τῷ</strong></span> <span class='ocrx_word' id='word_1_411' title='bbox 1567 863 1683 900; x_wconf 76' lang='grc' dir='ltr'>σχήματι</span> <span class='ocrx_word' id='word_1_412' title='bbox 1700 864 1738 900; x_wconf 80' lang='grc' dir='ltr'>τῷ</span> <span class='ocrx_word' id='word_1_413' title='bbox 1753 864 1823 900; x_wconf 79' lang='grc' dir='ltr'>ξύλῳ</span> <span class='ocrx_word' id='word_1_414' title='bbox 1846 873 1930 899; x_wconf 85' lang='grc' dir='ltr'>προσ-</span> 
     </span>
    </p>
   </div>
   <div class='ocr_carea' id='block_1_63' title="bbox 1140 909 1929 945">
    <p class='ocr_par' dir='ltr' id='par_1_63' title="bbox 1140 909 1929 945">
     <span class='ocr_line' id='line_1_63' title="bbox 1140 909 1929 945; baseline -0.001 -9"><span class='ocrx_word' id='word_1_415' title='bbox 1140 912 1263 945; x_wconf 83' lang='grc' dir='ltr'>αγαγεῖν,</span> <span class='ocrx_word' id='word_1_416' title='bbox 1282 909 1350 937; x_wconf 82' lang='grc' dir='ltr'>ἀλλὰ</span> <span class='ocrx_word' id='word_1_417' title='bbox 1368 910 1416 945; x_wconf 79' lang='grc' dir='ltr'><strong>τὴν</strong></span> <span class='ocrx_word' id='word_1_418' title='bbox 1441 909 1562 945; x_wconf 83' lang='grc' dir='ltr'>κεφαλὴν</span> <span class='ocrx_word' id='word_1_419' title='bbox 1578 909 1617 944; x_wconf 86' lang='grc' dir='ltr'>τῷ</span> <span class='ocrx_word' id='word_1_420' title='bbox 1637 909 1773 944; x_wconf 86' lang='grc' dir='ltr'>προσγείῳ</span> <span class='ocrx_word' id='word_1_421' title='bbox 1790 909 1868 944; x_wconf 82' lang='grc' dir='ltr'>μέρει</span> <span class='ocrx_word' id='word_1_422' title='bbox 1882 909 1929 935; x_wconf 74' lang='grc' dir='ltr'><strong>τοῦ</strong></span> 
     </span>
    </p>
   </div>
   <div class='ocr_carea' id='block_1_64' title="bbox 1140 953 1929 992">
    <p class='ocr_par' dir='ltr' id='par_1_64' title="bbox 1140 953 1929 992">
     <span class='ocr_line' id='line_1_64' title="bbox 1140 953 1929 992; baseline -0.004 -10"><span class='ocrx_word' id='word_1_423' title='bbox 1140 955 1258 992; x_wconf 82' lang='grc' dir='ltr'>σταυροῦ</span> <span class='ocrx_word' id='word_1_424' title='bbox 1287 955 1529 991; x_wconf 81' lang='grc' dir='ltr'>προσηλώσαντας.</span> <span class='ocrx_word' id='word_1_425' title='bbox 1554 955 1592 981; x_wconf 76' lang='grc' dir='ltr'><strong>υὺ</strong></span> <span class='ocrx_word' id='word_1_426' title='bbox 1618 954 1672 989; x_wconf 78' lang='grc' dir='ltr'>γὰρ</span> <span class='ocrx_word' id='word_1_427' title='bbox 1705 954 1789 987; x_wconf 79' lang='grc' dir='ltr'>ἄξιον,</span> <span class='ocrx_word' id='word_1_428' title='bbox 1813 953 1874 980; x_wconf 79' lang='grc' dir='ltr'>οὐδὲ</span> <span class='ocrx_word' id='word_1_429' title='bbox 1901 954 1929 980; x_wconf 76' lang='grc' dir='ltr'><strong>ἐν</strong></span> 
     </span>
    </p>
   </div>
   <div class='ocr_carea' id='block_1_65' title="bbox 1139 996 1928 1036">
    <p class='ocr_par' dir='ltr' id='par_1_65' title="bbox 1139 996 1928 1036">
     <span class='ocr_line' id='line_1_65' title="bbox 1139 996 1928 1036; baseline -0.005 -8"><span class='ocrx_word' id='word_1_430' title='bbox 1139 1002 1219 1029; x_wconf 74' lang='grc' dir='ltr'>πάθει</span> <span class='ocrx_word' id='word_1_431' title='bbox 1237 1001 1290 1027; x_wconf 85' lang='grc' dir='ltr'>τῶν</span> <span class='ocrx_word' id='word_1_432' title='bbox 1312 1002 1376 1028; x_wconf 77' lang='grc' dir='ltr'>ἰσων</span> <span class='ocrx_word' id='word_1_433' title='bbox 1392 1002 1438 1028; x_wconf 80' lang='grc' dir='ltr'>τὸν</span> <span class='ocrx_word' id='word_1_434' title='bbox 1455 1001 1546 1028; x_wconf 79' lang='grc' dir='ltr'>δοῦλον</span> <span class='ocrx_word' id='word_1_435' title='bbox 1560 1000 1598 1036; x_wconf 83' lang='grc' dir='ltr'>τῷ</span> <span class='ocrx_word' id='word_1_436' title='bbox 1617 1000 1738 1035; x_wconf 81' lang='grc' dir='ltr'>Δεσπότῃ</span> <span class='ocrx_word' id='word_1_437' title='bbox 1759 1001 1860 1034; x_wconf 90' lang='grc' dir='ltr'>τυχεῖν.</span> <span class='ocrx_word' id='word_1_438' title='bbox 1880 996 1928 1025; x_wconf 84' lang='grc' dir='ltr'><strong>Εἷ-</strong></span> 
     </span>
    </p>
   </div>
   <div class='ocr_carea' id='block_1_66' title="bbox 1140 1044 1930 1082">
    <p class='ocr_par' dir='ltr' id='par_1_66' title="bbox 1140 1044 1930 1082">
     <span class='ocr_line' id='line_1_66' title="bbox 1140 1044 1930 1082; baseline -0.004 -8"><span class='ocrx_word' id='word_1_439' title='bbox 1140 1057 1199 1080; x_wconf 83' lang='grc' dir='ltr'>πεν,</span> <span class='ocrx_word' id='word_1_440' title='bbox 1222 1048 1268 1074; x_wconf 78' lang='grc' dir='ltr'><strong>καὶ</strong></span> <span class='ocrx_word' id='word_1_441' title='bbox 1291 1047 1388 1082; x_wconf 83' lang='grc' dir='ltr'>ἔτυχεν</span> <span class='ocrx_word' id='word_1_442' title='bbox 1403 1044 1441 1074; x_wconf 87' lang='grc' dir='ltr'>ὧν</span> <span class='ocrx_word' id='word_1_443' title='bbox 1465 1047 1601 1078; x_wconf 74' lang='grc' dir='ltr'>ἐϐούλετο,</span> <span class='ocrx_word' id='word_1_444' title='bbox 1618 1047 1664 1073; x_wconf 79' lang='grc' dir='ltr'>καὶ</span> <span class='ocrx_word' id='word_1_445' title='bbox 1680 1046 1723 1072; x_wconf 80' lang='grc' dir='ltr'>διὰ</span> <span class='ocrx_word' id='word_1_446' title='bbox 1743 1046 1788 1072; x_wconf 79' lang='grc' dir='ltr'><strong>τοῦ</strong></span> <span class='ocrx_word' id='word_1_447' title='bbox 1812 1045 1930 1081; x_wconf 82' lang='grc' dir='ltr'>σταυροῦ</span> 
     </span>
    </p>
   </div>
   <div class='ocr_carea' id='block_1_67' title="bbox 1140 1091 1931 1129">
    <p class='ocr_par' dir='ltr' id='par_1_67' title="bbox 1140 1091 1931 1129">
     <span class='ocr_line' id='line_1_67' title="bbox 1140 1091 1931 1129; baseline -0.003 -9"><span class='ocrx_word' id='word_1_448' title='bbox 1140 1094 1207 1129; x_wconf 78' lang='grc' dir='ltr'>πρὸς</span> <span class='ocrx_word' id='word_1_449' title='bbox 1220 1094 1266 1120; x_wconf 78' lang='grc' dir='ltr'>τὸν</span> <span class='ocrx_word' id='word_1_450' title='bbox 1288 1093 1481 1129; x_wconf 82' lang='grc' dir='ltr'>σταυρωθέντα</span> <span class='ocrx_word' id='word_1_451' title='bbox 1500 1093 1546 1120; x_wconf 85' lang='grc' dir='ltr'>καὶ</span> <span class='ocrx_word' id='word_1_452' title='bbox 1567 1093 1721 1119; x_wconf 78' lang='grc' dir='ltr'><strong>ἀναστάντα</strong></span> <span class='ocrx_word' id='word_1_453' title='bbox 1736 1091 1866 1127; x_wconf 79' lang='grc' dir='ltr'><strong>ἀπῆλθεν,</strong></span> <span class='ocrx_word' id='word_1_454' title='bbox 1881 1092 1931 1118; x_wconf 78' lang='grc' dir='ltr'><strong>αὺ-</strong></span> 
     </span>
    </p>
   </div>
   <div class='ocr_carea' id='block_1_68' title="bbox 1138 1137 1930 1175">
    <p class='ocr_par' dir='ltr' id='par_1_68' title="bbox 1138 1137 1930 1175">
     <span class='ocr_line' id='line_1_68' title="bbox 1138 1137 1930 1175; baseline -0.004 -9"><span class='ocrx_word' id='word_1_455' title='bbox 1138 1139 1184 1171; x_wconf 81' lang='grc' dir='ltr'>τὸς</span> <span class='ocrx_word' id='word_1_456' title='bbox 1208 1139 1256 1174; x_wconf 80' lang='grc' dir='ltr'>μὲν</span> <span class='ocrx_word' id='word_1_457' title='bbox 1280 1139 1325 1165; x_wconf 70' lang='grc' dir='ltr'><strong>τον</strong></span> <span class='ocrx_word' id='word_1_458' title='bbox 1349 1138 1397 1165; x_wconf 83' lang='grc' dir='ltr'><strong>τοῦ</strong></span> <span class='ocrx_word' id='word_1_459' title='bbox 1425 1139 1576 1175; x_wconf 80' lang='grc' dir='ltr'>μαρτυρίου</span> <span class='ocrx_word' id='word_1_460' title='bbox 1603 1138 1806 1173; x_wconf 72' lang='grc' dir='ltr'>ἀναδησάμενος</span> <span class='ocrx_word' id='word_1_461' title='bbox 1828 1137 1930 1171; x_wconf 73' lang='grc' dir='ltr'><strong>στέφα-⁸</strong></span> 
     </span>
    </p>
   </div>
   <div class='ocr_carea' id='block_1_69' title="bbox 1139 1179 1933 1221">
    <p class='ocr_par' dir='ltr' id='par_1_69' title="bbox 1139 1179 1933 1221">
     <span class='ocr_line' id='line_1_69' title="bbox 1139 1179 1933 1221; baseline -0.005 -9"><span class='ocrx_word' id='word_1_462' title='bbox 1139 1195 1194 1218; x_wconf 91' lang='grc' dir='ltr'>νον,</span> <span class='ocrx_word' id='word_1_463' title='bbox 1215 1186 1281 1221; x_wconf 84' lang='grc' dir='ltr'>ἡμῖν</span> <span class='ocrx_word' id='word_1_464' title='bbox 1299 1185 1327 1212; x_wconf 85' lang='grc' dir='ltr'>δὲ</span> <span class='ocrx_word' id='word_1_465' title='bbox 1341 1184 1444 1211; x_wconf 81' lang='grc' dir='ltr'>τούτων</span> <span class='ocrx_word' id='word_1_466' title='bbox 1459 1184 1514 1211; x_wconf 84' lang='grc' dir='ltr'>τῶν</span> <span class='ocrx_word' id='word_1_467' title='bbox 1534 1179 1639 1220; x_wconf 75' lang='grc' dir='ltr'>ἑορτῶν</span> <span class='ocrx_word' id='word_1_468' title='bbox 1649 1182 1806 1210; x_wconf 83' lang='grc' dir='ltr'>καταλιπὼν</span> <span class='ocrx_word' id='word_1_469' title='bbox 1828 1182 1876 1214; x_wconf 78' lang='grc' dir='ltr'><strong>τὰς</strong></span> <span class='ocrx_word' id='word_1_470' title='bbox 1892 1183 1933 1209; x_wconf 62' lang='grc' dir='ltr'><strong>αἱς</strong></span> 
     </span>
    </p>
   </div>
   <div class='ocr_carea' id='block_1_70' title="bbox 1139 1233 1209 1264">
    <p class='ocr_par' dir='ltr' id='par_1_70' title="bbox 1139 1233 1209 1264">
     <span class='ocr_line' id='line_1_70' title="bbox 1139 1233 1209 1264; baseline 0.014 -5"><span class='ocrx_word' id='word_1_471' title='bbox 1139 1233 1209 1264; x_wconf 77' lang='grc' dir='ltr'>τξας.</span> 
     </span>
    </p>
   </div>
   <div class='ocr_carea' id='block_1_71' title="bbox 1175 1269 1932 1312">
    <p class='ocr_par' dir='ltr' id='par_1_71' title="bbox 1175 1269 1932 1312">
     <span class='ocr_line' id='line_1_71' title="bbox 1175 1269 1932 1312; baseline -0.005 -8"><span class='ocrx_word' id='word_1_472' title='bbox 1175 1277 1268 1304; x_wconf 82' lang='grc' dir='ltr'>Ταῦτά</span> <span class='ocrx_word' id='word_1_473' title='bbox 1294 1269 1334 1304; x_wconf 74' lang='grc' dir='ltr'><strong>σοι</strong></span> <span class='ocrx_word' id='word_1_474' title='bbox 1351 1277 1397 1304; x_wconf 81' lang='grc' dir='ltr'>καὶ</span> <span class='ocrx_word' id='word_1_475' title='bbox 1424 1278 1505 1312; x_wconf 83' lang='grc' dir='ltr'>ἡμεῖς</span> <span class='ocrx_word' id='word_1_476' title='bbox 1527 1276 1597 1303; x_wconf 73' lang='grc' dir='ltr'>κατὰ</span> <span class='ocrx_word' id='word_1_477' title='bbox 1618 1276 1743 1311; x_wconf 75' lang='grc' dir='ltr'>δύναμιν,</span> <span class='ocrx_word' id='word_1_478' title='bbox 1759 1273 1782 1303; x_wconf 82' lang='grc' dir='ltr'><strong>ὦ</strong></span> <span class='ocrx_word' id='word_1_479' title='bbox 1796 1275 1860 1310; x_wconf 80' lang='grc' dir='ltr'>φίλη</span> <span class='ocrx_word' id='word_1_480' title='bbox 1883 1274 1932 1300; x_wconf 65' lang='grc' dir='ltr'><strong>καλ</strong></span> 
     </span>
    </p>
   </div>
   <div class='ocr_carea' id='block_1_72' title="bbox 1142 1321 1932 1360">
    <p class='ocr_par' dir='ltr' id='par_1_72' title="bbox 1142 1321 1932 1360">
     <span class='ocr_line' id='line_1_72' title="bbox 1142 1321 1932 1360; baseline -0.005 -9"><span class='ocrx_word' id='word_1_481' title='bbox 1142 1325 1201 1360; x_wconf 78' lang='grc' dir='ltr'>ίερὰ</span> <span class='ocrx_word' id='word_1_482' title='bbox 1219 1324 1337 1359; x_wconf 68' lang='grc' dir='ltr'>κεφαλὴ,</span> <span class='ocrx_word' id='word_1_483' title='bbox 1357 1323 1411 1350; x_wconf 87' lang='grc' dir='ltr'>τῶν</span> <span class='ocrx_word' id='word_1_484' title='bbox 1428 1322 1532 1349; x_wconf 81' lang='grc' dir='ltr'>πολλῶν</span> <span class='ocrx_word' id='word_1_485' title='bbox 1554 1322 1771 1357; x_wconf 78' lang='grc' dir='ltr'>κατορθωμάτων</span> <span class='ocrx_word' id='word_1_486' title='bbox 1789 1321 1932 1348; x_wconf 48' lang='lat' dir='ltr'><strong>emacem.</strong></span> 
     </span>
    </p>
   </div>
   <div class='ocr_carea' id='block_1_73' title="bbox 1141 1367 1928 1406">
    <p class='ocr_par' dir='ltr' id='par_1_73' title="bbox 1141 1367 1928 1406">
     <span class='ocr_line' id='line_1_73' title="bbox 1141 1367 1928 1406; baseline -0.006 -9"><span class='ocrx_word' id='word_1_487' title='bbox 1141 1379 1191 1406; x_wconf 91' lang='grc' dir='ltr'><strong>μεν</strong></span> <span class='ocrx_word' id='word_1_488' title='bbox 1212 1370 1393 1406; x_wconf 72' lang='grc' dir='ltr'>χαριστήρια·</span> <span class='ocrx_word' id='word_1_489' title='bbox 1411 1369 1470 1404; x_wconf 82' lang='grc' dir='ltr'><strong>ὥρα</strong></span> <span class='ocrx_word' id='word_1_490' title='bbox 1495 1368 1523 1394; x_wconf 80' lang='grc' dir='ltr'>δὲ</span> <span class='ocrx_word' id='word_1_491' title='bbox 1546 1367 1651 1399; x_wconf 77' lang='grc' dir='ltr'>λοιπὸν,</span> <span class='ocrx_word' id='word_1_492' title='bbox 1667 1367 1709 1393; x_wconf 78' lang='grc' dir='ltr'><strong>ἐπ’</strong></span> <span class='ocrx_word' id='word_1_493' title='bbox 1729 1367 1808 1394; x_wconf 83' lang='grc' dir='ltr'>ἀλλον</span> <span class='ocrx_word' id='word_1_494' title='bbox 1828 1367 1928 1400; x_wconf 77' lang='grc' dir='ltr'>ἀγωνι-</span> 
     </span>
    </p>
   </div>
   <div class='ocr_carea' id='block_1_74' title="bbox 1141 1412 1928 1452">
    <p class='ocr_par' dir='ltr' id='par_1_74' title="bbox 1141 1412 1928 1452">
     <span class='ocr_line' id='line_1_74' title="bbox 1141 1412 1928 1452; baseline -0.006 -10"><span class='ocrx_word' id='word_1_495' title='bbox 1141 1416 1205 1452; x_wconf 79' lang='grc' dir='ltr'>στὴν</span> <span class='ocrx_word' id='word_1_496' title='bbox 1219 1415 1318 1451; x_wconf 68' lang='grc' dir='ltr'>τρέψαι</span> <span class='ocrx_word' id='word_1_497' title='bbox 1338 1415 1382 1441; x_wconf 77' lang='grc' dir='ltr'>τὸν</span> <span class='ocrx_word' id='word_1_498' title='bbox 1397 1414 1484 1448; x_wconf 83' lang='grc' dir='ltr'>λόγον,</span> <span class='ocrx_word' id='word_1_499' title='bbox 1497 1414 1543 1441; x_wconf 72' lang='grc' dir='ltr'><strong>τὸν</strong></span> <span class='ocrx_word' id='word_1_500' title='bbox 1559 1415 1647 1441; x_wconf 77' lang='grc' dir='ltr'>κοινὸν</span> <span class='ocrx_word' id='word_1_501' title='bbox 1660 1414 1671 1429; x_wconf 68' lang='grc'><strong><em>³</em></strong></span> <span class='ocrx_word' id='word_1_502' title='bbox 1685 1414 1732 1449; x_wconf 83' lang='grc' dir='ltr'>τῆς</span> <span class='ocrx_word' id='word_1_503' title='bbox 1754 1413 1801 1449; x_wconf 83' lang='grc' dir='ltr'><strong>σῆς</strong></span> <span class='ocrx_word' id='word_1_504' title='bbox 1813 1412 1928 1447; x_wconf 80' lang='grc' dir='ltr'>ἀρετῆς,</span> 
     </span>
    </p>
   </div>
   <div class='ocr_carea' id='block_1_75' title="bbox 1139 1457 1929 1497">
    <p class='ocr_par' dir='ltr' id='par_1_75' title="bbox 1139 1457 1929 1497">
     <span class='ocr_line' id='line_1_75' title="bbox 1139 1457 1929 1497; baseline -0.006 -9"><span class='ocrx_word' id='word_1_505' title='bbox 1139 1461 1185 1488; x_wconf 73' lang='grc' dir='ltr'>τὸν</span> <span class='ocrx_word' id='word_1_506' title='bbox 1200 1461 1318 1497; x_wconf 83' lang='grc' dir='ltr'>Ταρσέα,</span> <span class='ocrx_word' id='word_1_507' title='bbox 1333 1460 1379 1487; x_wconf 76' lang='grc' dir='ltr'><strong>τὸν</strong></span> <span class='ocrx_word' id='word_1_508' title='bbox 1394 1460 1512 1495; x_wconf 70' lang='grc' dir='ltr'>διαφόρῳ</span> <span class='ocrx_word' id='word_1_509' title='bbox 1535 1459 1584 1494; x_wconf 77' lang='grc' dir='ltr'>μὲν</span> <span class='ocrx_word' id='word_1_510' title='bbox 1602 1459 1694 1494; x_wconf 85' lang='grc' dir='ltr'>τρόπῳ</span> <span class='ocrx_word' id='word_1_511' title='bbox 1710 1459 1759 1494; x_wconf 83' lang='grc' dir='ltr'>τῆς</span> <span class='ocrx_word' id='word_1_512' title='bbox 1779 1457 1929 1492; x_wconf 78' lang='grc' dir='ltr'>τιμωρίας,</span> 
     </span>
    </p>
   </div>
   <div class='ocr_carea' id='block_1_76' title="bbox 1140 1503 1930 1541">
    <p class='ocr_par' dir='ltr' id='par_1_76' title="bbox 1140 1503 1930 1541">
     <span class='ocr_line' id='line_1_76' title="bbox 1140 1503 1930 1541; baseline -0.006 -7"><span class='ocrx_word' id='word_1_513' title='bbox 1140 1508 1180 1535; x_wconf 74' lang='grc' dir='ltr'>ἐνὶ</span> <span class='ocrx_word' id='word_1_514' title='bbox 1193 1507 1221 1533; x_wconf 78' lang='grc' dir='ltr'>δὲ</span> <span class='ocrx_word' id='word_1_515' title='bbox 1239 1507 1331 1541; x_wconf 82' lang='grc' dir='ltr'>σκοπῷ</span> <span class='ocrx_word' id='word_1_516' title='bbox 1346 1507 1395 1541; x_wconf 77' lang='grc' dir='ltr'>τῆς</span> <span class='ocrx_word' id='word_1_517' title='bbox 1414 1506 1554 1537; x_wconf 76' lang='grc' dir='ltr'>εὐσεϐείας</span> <span class='ocrx_word' id='word_1_518' title='bbox 1574 1506 1642 1540; x_wconf 80' lang='grc' dir='ltr'>μετὰ</span> <span class='ocrx_word' id='word_1_519' title='bbox 1664 1505 1709 1532; x_wconf 88' lang='grc' dir='ltr'><strong>σοῦ</strong></span> <span class='ocrx_word' id='word_1_520' title='bbox 1731 1505 1799 1540; x_wconf 76' lang='grc' dir='ltr'>πρὸς</span> <span class='ocrx_word' id='word_1_521' title='bbox 1813 1503 1930 1539; x_wconf 78' lang='grc' dir='ltr'>Χριστὸν</span> 
     </span>
    </p>
   </div>
   <div class='ocr_carea' id='block_1_77' title="bbox 1141 1550 1320 1577">
    <p class='ocr_par' dir='ltr' id='par_1_77' title="bbox 1141 1550 1320 1577">
     <span class='ocr_line' id='line_1_77' title="bbox 1141 1550 1320 1577; baseline 0 -1"><span class='ocrx_word' id='word_1_522' title='bbox 1141 1550 1223 1577; x_wconf 74' lang='grc' dir='ltr'>ἀναλύ</span> <span class='ocrx_word' id='word_1_523' title='bbox 1228 1559 1320 1577; x_wconf 81' lang='grc' dir='ltr'>σαντα.</span> 
     </span>
    </p>
   </div>
   <div class='ocr_carea' id='block_1_78' title="bbox 1177 1637 1929 1675">
    <p class='ocr_par' dir='ltr' id='par_1_78' title="bbox 1177 1637 1929 1675">
     <span class='ocr_line' id='line_1_78' title="bbox 1177 1637 1929 1675; baseline -0.005 -8"><span class='ocrx_word' id='word_1_524' title='bbox 1177 1641 1282 1672; x_wconf 84' lang='grc' dir='ltr'>Παῦλος</span> <span class='ocrx_word' id='word_1_525' title='bbox 1303 1641 1317 1667; x_wconf 84' lang='grc' dir='ltr'><strong>ὁ</strong></span> <span class='ocrx_word' id='word_1_526' title='bbox 1332 1640 1484 1671; x_wconf 78' lang='grc' dir='ltr'>θεσπέσιος,</span> <span class='ocrx_word' id='word_1_527' title='bbox 1497 1640 1514 1675; x_wconf 83' lang='grc' dir='ltr'><strong>ἡ</strong></span> <span class='ocrx_word' id='word_1_528' title='bbox 1533 1639 1723 1675; x_wconf 76' lang='grc' dir='ltr'>μεγαλόφωνος</span> <span class='ocrx_word' id='word_1_529' title='bbox 1737 1638 1783 1664; x_wconf 74' lang='grc' dir='ltr'><strong>τοῦ</strong></span> <span class='ocrx_word' id='word_1_530' title='bbox 1806 1637 1929 1671; x_wconf 83' lang='grc' dir='ltr'>Εὑαγγε-</span> 
     </span>
    </p>
   </div>
   <div class='ocr_carea' id='block_1_79' title="bbox 1140 1682 1933 1722">
    <p class='ocr_par' dir='ltr' id='par_1_79' title="bbox 1140 1682 1933 1722">
     <span class='ocr_line' id='line_1_79' title="bbox 1140 1682 1933 1722; baseline -0.008 -7"><span class='ocrx_word' id='word_1_531' title='bbox 1140 1689 1197 1715; x_wconf 84' lang='grc' dir='ltr'>λίου</span> <span class='ocrx_word' id='word_1_532' title='bbox 1219 1687 1346 1720; x_wconf 76' lang='grc' dir='ltr'>σάλπιγξ,</span> <span class='ocrx_word' id='word_1_533' title='bbox 1362 1688 1375 1713; x_wconf 86' lang='grc' dir='ltr'><strong>ό</strong></span> <span class='ocrx_word' id='word_1_534' title='bbox 1392 1687 1524 1722; x_wconf 85' lang='grc' dir='ltr'>πρότερον</span> <span class='ocrx_word' id='word_1_535' title='bbox 1539 1686 1589 1721; x_wconf 79' lang='grc' dir='ltr'>μὲν</span> <span class='ocrx_word' id='word_1_536' title='bbox 1603 1685 1701 1722; x_wconf 69' lang='grc' dir='ltr'>πικρὸς</span> <span class='ocrx_word' id='word_1_537' title='bbox 1713 1683 1846 1719; x_wconf 79' lang='grc' dir='ltr'>δυσμενὴς</span> <span class='ocrx_word' id='word_1_538' title='bbox 1862 1682 1933 1718; x_wconf 75' lang='grc' dir='ltr'>Χριο</span> 
     </span>
    </p>
   </div>
   <div class='ocr_carea' id='block_1_80' title="bbox 1142 1728 1933 1769">
    <p class='ocr_par' dir='ltr' id='par_1_80' title="bbox 1142 1728 1933 1769">
     <span class='ocr_line' id='line_1_80' title="bbox 1142 1728 1933 1769; baseline -0.008 -9"><span class='ocrx_word' id='word_1_539' title='bbox 1142 1733 1266 1767; x_wconf 86' lang='grc' dir='ltr'>στιανῶν,</span> <span class='ocrx_word' id='word_1_540' title='bbox 1290 1733 1466 1769; x_wconf 69' lang='grc' dir='ltr'>ἰσχυρότατος</span> <span class='ocrx_word' id='word_1_541' title='bbox 1487 1732 1516 1758; x_wconf 82' lang='grc' dir='ltr'>δὲ</span> <span class='ocrx_word' id='word_1_542' title='bbox 1531 1732 1684 1758; x_wconf 85' lang='grc' dir='ltr'>τελευταῖον</span> <span class='ocrx_word' id='word_1_543' title='bbox 1700 1731 1749 1766; x_wconf 79' lang='grc' dir='ltr'>τῆς</span> <span class='ocrx_word' id='word_1_544' title='bbox 1769 1728 1933 1769; x_wconf 72' lang='grc' dir='ltr'>Ἐκκλησίας</span> 
     </span>
    </p>
   </div>
   <div class='ocr_carea' id='block_1_81' title="bbox 1143 1775 1933 1816">
    <p class='ocr_par' dir='ltr' id='par_1_81' title="bbox 1143 1775 1933 1816">
     <span class='ocr_line' id='line_1_81' title="bbox 1143 1775 1933 1816; baseline -0.008 -9"><span class='ocrx_word' id='word_1_545' title='bbox 1143 1781 1302 1816; x_wconf 84' lang='grc' dir='ltr'>συνήγορος,</span> <span class='ocrx_word' id='word_1_546' title='bbox 1318 1778 1451 1814; x_wconf 81' lang='grc' dir='ltr'>νεώτερος</span> <span class='ocrx_word' id='word_1_547' title='bbox 1476 1779 1524 1814; x_wconf 82' lang='grc' dir='ltr'>μὲν</span> <span class='ocrx_word' id='word_1_548' title='bbox 1545 1777 1677 1814; x_wconf 80' lang='grc' dir='ltr'>ὲπετέχθη</span> <span class='ocrx_word' id='word_1_549' title='bbox 1694 1779 1750 1808; x_wconf 85' lang='grc' dir='ltr'>τοῖς</span> <span class='ocrx_word' id='word_1_550' title='bbox 1773 1775 1933 1807; x_wconf 79' lang='grc' dir='ltr'>ἀποστόλοις</span> 
     </span>
    </p>
   </div>
   <div class='ocr_carea' id='block_1_82' title="bbox 1141 1820 1934 1861">
    <p class='ocr_par' dir='ltr' id='par_1_82' title="bbox 1141 1820 1934 1861">
     <span class='ocr_line' id='line_1_82' title="bbox 1141 1820 1934 1861; baseline -0.006 -9"><span class='ocrx_word' id='word_1_551' title='bbox 1141 1826 1217 1861; x_wconf 78' lang='grc' dir='ltr'>παρὰ</span> <span class='ocrx_word' id='word_1_552' title='bbox 1231 1825 1428 1860; x_wconf 66' lang='grc' dir='ltr'>τῆςιχάριτοςθ</span> <span class='ocrx_word' id='word_1_553' title='bbox 1451 1824 1498 1851; x_wconf 77' lang='grc' dir='ltr'>καὶ</span> <span class='ocrx_word' id='word_1_554' title='bbox 1519 1823 1559 1859; x_wconf 84' lang='grc' dir='ltr'><strong>τῷ</strong></span> <span class='ocrx_word' id='word_1_555' title='bbox 1580 1824 1668 1859; x_wconf 88' lang='grc' dir='ltr'>χρόνῳ</span> <span class='ocrx_word' id='word_1_556' title='bbox 1682 1822 1807 1858; x_wconf 82' lang='grc' dir='ltr'>δεύτερος</span> <span class='ocrx_word' id='word_1_557' title='bbox 1825 1820 1858 1857; x_wconf 86' lang='grc' dir='ltr'>ἦν</span> <span class='ocrx_word' id='word_1_558' title='bbox 1877 1820 1934 1847; x_wconf 75' lang='grc' dir='ltr'><strong>τῶν</strong></span> 
     </span>
    </p>
   </div>
   <div class='ocr_carea' id='block_1_83' title="bbox 1143 1866 1934 1905">
    <p class='ocr_par' dir='ltr' id='par_1_83' title="bbox 1143 1866 1934 1905">
     <span class='ocr_line' id='line_1_83' title="bbox 1143 1866 1934 1905; baseline -0.005 -9"><span class='ocrx_word' id='word_1_559' title='bbox 1143 1870 1271 1905; x_wconf 82' lang='grc' dir='ltr'>μαθητῶν</span> <span class='ocrx_word' id='word_1_560' title='bbox 1289 1869 1337 1895; x_wconf 77' lang='grc' dir='ltr'><strong>τοῦ</strong></span> <span class='ocrx_word' id='word_1_561' title='bbox 1352 1868 1481 1904; x_wconf 77' lang='grc' dir='ltr'>Χριστοῦ,</span> <span class='ocrx_word' id='word_1_562' title='bbox 1499 1868 1555 1899; x_wconf 75' lang='grc' dir='ltr'>ἴσος</span> <span class='ocrx_word' id='word_1_563' title='bbox 1571 1868 1598 1894; x_wconf 81' lang='grc' dir='ltr'>δὲ</span> <span class='ocrx_word' id='word_1_564' title='bbox 1617 1867 1688 1894; x_wconf 85' lang='grc' dir='ltr'>κατὰ</span> <span class='ocrx_word' id='word_1_565' title='bbox 1709 1868 1740 1893; x_wconf 78' lang='grc' dir='ltr'>τὸ</span> <span class='ocrx_word' id='word_1_566' title='bbox 1760 1867 1868 1902; x_wconf 82' lang='grc' dir='ltr'>δόκιμον</span> <span class='ocrx_word' id='word_1_567' title='bbox 1882 1866 1934 1900; x_wconf 72' lang='grc' dir='ltr'>τῆς</span> 
     </span>
    </p>
   </div>
   <div class='ocr_carea' id='block_1_84' title="bbox 1142 1913 1935 1951">
    <p class='ocr_par' dir='ltr' id='par_1_84' title="bbox 1142 1913 1935 1951">
     <span class='ocr_line' id='line_1_84' title="bbox 1142 1913 1935 1951; baseline -0.004 -9"><span class='ocrx_word' id='word_1_568' title='bbox 1142 1916 1253 1950; x_wconf 83' lang='grc' dir='ltr'>ἀρετῆς,</span> <span class='ocrx_word' id='word_1_569' title='bbox 1271 1916 1315 1942; x_wconf 82' lang='grc' dir='ltr'><strong>ἵνα</strong></span> <span class='ocrx_word' id='word_1_570' title='bbox 1329 1915 1411 1951; x_wconf 81' lang='grc' dir='ltr'>μηδὲν</span> <span class='ocrx_word' id='word_1_571' title='bbox 1426 1916 1494 1942; x_wconf 72' lang='grc' dir='ltr'>εἴπω</span> <span class='ocrx_word' id='word_1_572' title='bbox 1512 1915 1603 1948; x_wconf 82' lang='grc' dir='ltr'>πλέον,</span> <span class='ocrx_word' id='word_1_573' title='bbox 1629 1914 1675 1949; x_wconf 80' lang='grc' dir='ltr'>τὴν</span> <span class='ocrx_word' id='word_1_574' title='bbox 1693 1914 1790 1940; x_wconf 72' lang='grc' dir='ltr'>πολιὰν</span> <span class='ocrx_word' id='word_1_575' title='bbox 1807 1913 1935 1949; x_wconf 77' lang='grc' dir='ltr'>ἐρυθριά-</span> 
     </span>
    </p>
   </div>
   <div class='ocr_carea' id='block_1_85' title="bbox 1143 1956 1933 1995">
    <p class='ocr_par' dir='ltr' id='par_1_85' title="bbox 1143 1956 1933 1995">
     <span class='ocr_line' id='line_1_85' title="bbox 1143 1956 1933 1995; baseline -0.005 -9"><span class='ocrx_word' id='word_1_576' title='bbox 1143 1969 1194 1992; x_wconf 84' lang='grc' dir='ltr'><strong>σας</strong></span> <span class='ocrx_word' id='word_1_577' title='bbox 1211 1960 1264 1986; x_wconf 82' lang='grc' dir='ltr'>τῶν</span> <span class='ocrx_word' id='word_1_578' title='bbox 1278 1959 1392 1992; x_wconf 87' lang='grc' dir='ltr'>δώδεκα,</span> <span class='ocrx_word' id='word_1_579' title='bbox 1409 1959 1532 1995; x_wconf 76' lang='grc' dir='ltr'>ζηλωτὴς</span> <span class='ocrx_word' id='word_1_580' title='bbox 1552 1959 1581 1985; x_wconf 81' lang='grc' dir='ltr'>δὲ</span> <span class='ocrx_word' id='word_1_581' title='bbox 1602 1958 1702 1994; x_wconf 84' lang='grc' dir='ltr'>θερμὸς</span> <span class='ocrx_word' id='word_1_582' title='bbox 1718 1956 1765 1984; x_wconf 86' lang='grc' dir='ltr'><strong>τοῦ</strong></span> <span class='ocrx_word' id='word_1_583' title='bbox 1782 1957 1933 1989; x_wconf 81' lang='grc' dir='ltr'>Μωῡσέως,</span> 
     </span>
    </p>
   </div>
   <div class='ocr_carea' id='block_1_86' title="bbox 1142 1999 1933 2041">
    <p class='ocr_par' dir='ltr' id='par_1_86' title="bbox 1142 1999 1933 2041">
     <span class='ocr_line' id='line_1_86' title="bbox 1142 1999 1933 2041; baseline -0.005 -9"><span class='ocrx_word' id='word_1_584' title='bbox 1142 2006 1220 2041; x_wconf 77' lang='grc' dir='ltr'>εἴπερ</span> <span class='ocrx_word' id='word_1_585' title='bbox 1239 1999 1281 2037; x_wconf 79' lang='grc' dir='ltr'><strong>τις</strong></span> <span class='ocrx_word' id='word_1_586' title='bbox 1295 2006 1398 2041; x_wconf 73' lang='grc' dir='ltr'>ἕτερος,</span> <span class='ocrx_word' id='word_1_587' title='bbox 1412 2006 1498 2040; x_wconf 79' lang='grc' dir='ltr'>τεῖχος</span> <span class='ocrx_word' id='word_1_588' title='bbox 1522 2004 1564 2030; x_wconf 85' lang='grc' dir='ltr'><strong>τοῦ</strong></span> <span class='ocrx_word' id='word_1_589' title='bbox 1579 2003 1673 2039; x_wconf 82' lang='grc' dir='ltr'>νόμου,</span> <span class='ocrx_word' id='word_1_590' title='bbox 1692 2003 1797 2038; x_wconf 78' lang='grc' dir='ltr'>πύργος</span> <span class='ocrx_word' id='word_1_591' title='bbox 1812 2003 1860 2037; x_wconf 83' lang='grc' dir='ltr'>τῆς</span> <span class='ocrx_word' id='word_1_592' title='bbox 1874 2002 1933 2028; x_wconf 83' lang='grc' dir='ltr'>Πα-</span> 
     </span>
    </p>
   </div>
   <div class='ocr_carea' id='block_1_87' title="bbox 1142 2048 1935 2087">
    <p class='ocr_par' dir='ltr' id='par_1_87' title="bbox 1142 2048 1935 2087">
     <span class='ocr_line' id='line_1_87' title="bbox 1142 2048 1935 2087; baseline -0.006 -9"><span class='ocrx_word' id='word_1_593' title='bbox 1142 2052 1221 2083; x_wconf 84' lang='grc' dir='ltr'>λαιᾶς</span> <span class='ocrx_word' id='word_1_594' title='bbox 1241 2051 1380 2087; x_wconf 82' lang='grc' dir='ltr'>Διαθήκης</span> <span class='ocrx_word' id='word_1_595' title='bbox 1396 2051 1530 2087; x_wconf 73' lang='grc' dir='ltr'>καρτερὸς</span> <span class='ocrx_word' id='word_1_596' title='bbox 1547 2050 1594 2078; x_wconf 74' lang='grc' dir='ltr'>καὶ</span> <span class='ocrx_word' id='word_1_597' title='bbox 1610 2049 1751 2080; x_wconf 81' lang='grc' dir='ltr'>ἇσειστος·</span> <span class='ocrx_word' id='word_1_598' title='bbox 1768 2048 1814 2075; x_wconf 70' lang='grc' dir='ltr'>καὶ</span> <span class='ocrx_word' id='word_1_599' title='bbox 1837 2048 1935 2083; x_wconf 81' lang='grc' dir='ltr'>μέχρις</span> 
     </span>
    </p>
   </div>
   <div class='ocr_carea' id='block_1_88' title="bbox 1143 2093 1934 2133">
    <p class='ocr_par' dir='ltr' id='par_1_88' title="bbox 1143 2093 1934 2133">
     <span class='ocr_line' id='line_1_88' title="bbox 1143 2093 1934 2133; baseline -0.006 -8"><span class='ocrx_word' id='word_1_600' title='bbox 1143 2095 1172 2125; x_wconf 69' lang='grc' dir='ltr'>οὗ</span> <span class='ocrx_word' id='word_1_601' title='bbox 1197 2097 1247 2133; x_wconf 87' lang='grc' dir='ltr'>τὴν</span> <span class='ocrx_word' id='word_1_602' title='bbox 1275 2097 1387 2133; x_wconf 79' lang='grc' dir='ltr'>γνώμην</span> <span class='ocrx_word' id='word_1_603' title='bbox 1407 2097 1594 2132; x_wconf 75' lang='grc' dir='ltr'>ἀμετάϐλητον</span> <span class='ocrx_word' id='word_1_604' title='bbox 1613 2093 1694 2130; x_wconf 76' lang='grc' dir='ltr'>εἶχεν,</span> <span class='ocrx_word' id='word_1_605' title='bbox 1717 2095 1803 2130; x_wconf 80' lang='grc' dir='ltr'>μέγας</span> <span class='ocrx_word' id='word_1_606' title='bbox 1826 2094 1934 2128; x_wconf 84' lang='grc' dir='ltr'>ὑπῆρχε</span> 
     </span>
    </p>
   </div>
   <div class='ocr_carea' id='block_1_89' title="bbox 1143 2138 1934 2179">
    <p class='ocr_par' dir='ltr' id='par_1_89' title="bbox 1143 2138 1934 2179">
     <span class='ocr_line' id='line_1_89' title="bbox 1143 2138 1934 2179; baseline -0.008 -9"><span class='ocrx_word' id='word_1_607' title='bbox 1143 2144 1264 2175; x_wconf 84' lang='grc' dir='ltr'>κίνδυνος</span> <span class='ocrx_word' id='word_1_608' title='bbox 1286 2143 1340 2170; x_wconf 85' lang='grc' dir='ltr'>τῶν</span> <span class='ocrx_word' id='word_1_609' title='bbox 1359 2144 1404 2170; x_wconf 86' lang='grc' dir='ltr'>τὸν</span> <span class='ocrx_word' id='word_1_610' title='bbox 1420 2143 1536 2179; x_wconf 85' lang='grc' dir='ltr'>Χριστὸν</span> <span class='ocrx_word' id='word_1_611' title='bbox 1553 2142 1714 2174; x_wconf 82' lang='grc' dir='ltr'>λαλούντων,</span> <span class='ocrx_word' id='word_1_612' title='bbox 1729 2141 1775 2167; x_wconf 74' lang='grc' dir='ltr'>καὶ</span> <span class='ocrx_word' id='word_1_613' title='bbox 1795 2138 1934 2174; x_wconf 82' lang='grc' dir='ltr'>πανταχοῦ</span> 
     </span>
    </p>
   </div>
   <div class='ocr_carea' id='block_1_90' title="bbox 1143 2186 1935 2226">
    <p class='ocr_par' dir='ltr' id='par_1_90' title="bbox 1143 2186 1935 2226">
     <span class='ocr_line' id='line_1_90' title="bbox 1143 2186 1935 2226; baseline -0.008 -9"><span class='ocrx_word' id='word_1_614' title='bbox 1143 2191 1260 2217; x_wconf 80' lang='grc' dir='ltr'>διεπτόει</span> <span class='ocrx_word' id='word_1_615' title='bbox 1279 2191 1341 2222; x_wconf 82' lang='grc' dir='ltr'>τοὺς</span> <span class='ocrx_word' id='word_1_616' title='bbox 1365 2190 1513 2226; x_wconf 79' lang='grc' dir='ltr'>ἡμετέρους</span> <span class='ocrx_word' id='word_1_617' title='bbox 1530 2190 1576 2216; x_wconf 75' lang='grc' dir='ltr'>καὶ</span> <span class='ocrx_word' id='word_1_618' title='bbox 1597 2188 1816 2223; x_wconf 79' lang='grc' dir='ltr'>ὲφυγάδευσεν”’·</span> <span class='ocrx_word' id='word_1_619' title='bbox 1833 2186 1935 2217; x_wconf 66' lang='grc' dir='ltr'>ὅντως,</span> 
     </span>
    </p>
   </div>
   <div class='ocr_carea' id='block_1_91' title="bbox 307 2230 1090 2279">
    <p class='ocr_par' dir='ltr' id='par_1_91' title="bbox 307 2230 1090 2269">
     <span class='ocr_line' id='line_1_91' title="bbox 307 2230 1090 2269; baseline 0.004 -10"><span class='ocrx_word' id='word_1_620' title='bbox 307 2239 365 2260; x_wconf 88' lang='lat' dir='ltr'><strong>tuos</strong></span> <span class='ocrx_word' id='word_1_621' title='bbox 381 2239 502 2267; x_wconf 85' lang='lat' dir='ltr'><strong>quosque</strong></span> <span class='ocrx_word' id='word_1_622' title='bbox 525 2232 591 2260; x_wconf 88' lang='lat' dir='ltr'><strong>Novi</strong></span> <span class='ocrx_word' id='word_1_623' title='bbox 611 2230 783 2261; x_wconf 73' lang='lat' dir='ltr'><strong>‘i‘eslalnenti</strong></span> <span class='ocrx_word' id='word_1_624' title='bbox 806 2234 964 2269; x_wconf 85' lang='lat' dir='ltr'><strong>discerpcns</strong></span> <span class='ocrx_word' id='word_1_625' title='bbox 991 2243 1022 2262; x_wconf 90' lang='lat' dir='ltr'><strong>ac</strong></span> <span class='ocrx_word' id='word_1_626' title='bbox 1038 2235 1090 2262; x_wconf 84' lang='lat' dir='ltr'><strong>dis-</strong></span> 
     </span>
    </p>
   </div>
   <div class='ocr_carea' id='block_1_92' title="bbox 1141 2230 1935 2279">
    <p class='ocr_par' dir='ltr' id='par_1_92' title="bbox 1146 2232 1935 2279">
     <span class='ocr_line' id='line_1_92' title="bbox 1146 2232 1935 2279; baseline -0.006 -16"><span class='ocrx_word' id='word_1_627' title='bbox 1146 2237 1217 2263; x_wconf 85' lang='grc' dir='ltr'><strong>κατά</strong></span> <span class='ocrx_word' id='word_1_628' title='bbox 1234 2236 1285 2272; x_wconf 83' lang='grc' dir='ltr'>τὴν</span> <span class='ocrx_word' id='word_1_629' title='bbox 1307 2236 1458 2272; x_wconf 78' lang='grc' dir='ltr'>πρόρρησιν</span> <span class='ocrx_word' id='word_1_630' title='bbox 1474 2235 1521 2262; x_wconf 82' lang='grc' dir='ltr'><strong>τοῦ</strong></span> <span class='ocrx_word' id='word_1_631' title='bbox 1543 2234 1650 2265; x_wconf 81' lang='grc' dir='ltr'>Ἰακὼϐ,</span> <span class='ocrx_word' id='word_1_632' title='bbox 1669 2233 1819 2268; x_wconf 79' lang='grc' dir='ltr'>Βενιαμὴν</span> <span class='ocrx_word' id='word_1_633' title='bbox 1838 2232 1935 2279; x_wconf 70' lang='grc' dir='ltr'>,λύκος</span> 
     </span>
    </p>
   </div>
   <div class='ocr_carea' id='block_1_93' title="bbox 306 2284 540 2314">
    <p class='ocr_par' dir='ltr' id='par_1_93' title="bbox 306 2284 540 2314">
     <span class='ocr_line' id='line_1_93' title="bbox 306 2284 540 2314; baseline 0.009 -9"><span class='ocrx_word' id='word_1_634' title='bbox 306 2284 421 2313; x_wconf 80' lang='lat' dir='ltr'><strong>pergens</strong></span> <span class='ocrx_word' id='word_1_635' title='bbox 433 2286 540 2314; x_wconf 82' lang='lat' dir='ltr'><strong>greges.</strong></span> 
     </span>
    </p>
   </div>
   <div class='ocr_carea' id='block_1_94' title="bbox 341 2371 1084 2407">
    <p class='ocr_par' dir='ltr' id='par_1_94' title="bbox 341 2371 1084 2407">
     <span class='ocr_line' id='line_1_94' title="bbox 341 2371 1084 2407; baseline 0.003 -9"><span class='ocrx_word' id='word_1_636' title='bbox 341 2371 407 2405; x_wconf 86' lang='lat' dir='ltr'><strong>Quia</strong></span> <span class='ocrx_word' id='word_1_637' title='bbox 416 2379 478 2399; x_wconf 88' lang='lat' dir='ltr'><strong>vero</strong></span> <span class='ocrx_word' id='word_1_638' title='bbox 493 2372 575 2399; x_wconf 84' lang='lat' dir='ltr'><strong>etiam</strong></span> <span class='ocrx_word' id='word_1_639' title='bbox 592 2372 678 2399; x_wconf 80' lang='lat' dir='ltr'><strong>sancti</strong></span> <span class='ocrx_word' id='word_1_640' title='bbox 695 2372 824 2407; x_wconf 84' lang='lat' dir='ltr'><strong>Stephani</strong></span> <span class='ocrx_word' id='word_1_641' title='bbox 839 2372 956 2401; x_wconf 79' lang='lat' dir='ltr'><strong>fabulam</strong></span> <span class='ocrx_word' id='word_1_642' title='bbox 973 2374 1084 2407; x_wconf 86' lang='lat' dir='ltr'><strong>luserat,</strong></span> 
     </span>
    </p>
   </div>
   <div class='ocr_carea' id='block_1_95' title="bbox 308 2419 1094 2454">
    <p class='ocr_par' dir='ltr' id='par_1_95' title="bbox 308 2419 1094 2454">
     <span class='ocr_line' id='line_1_95' title="bbox 308 2419 1094 2454; baseline 0 -8"><span class='ocrx_word' id='word_1_643' title='bbox 308 2419 448 2454; x_wconf 85' lang='lat' dir='ltr'><strong>adhucque</strong></span> <span class='ocrx_word' id='word_1_644' title='bbox 464 2427 561 2448; x_wconf 87' lang='lat' dir='ltr'><strong>cruore</strong></span> <span class='ocrx_word' id='word_1_645' title='bbox 576 2420 684 2447; x_wconf 78' lang='lat' dir='ltr'><strong>foedatis</strong></span> <span class='ocrx_word' id='word_1_646' title='bbox 707 2420 831 2447; x_wconf 88' lang='lat' dir='ltr'><strong>manibus</strong></span> <span class='ocrx_word' id='word_1_647' title='bbox 853 2419 1013 2447; x_wconf 86' lang='lat' dir='ltr'><strong>Damascum</strong></span> <span class='ocrx_word' id='word_1_648' title='bbox 1033 2428 1094 2453; x_wconf 85' lang='lat' dir='ltr'><strong>per-</strong></span> 
     </span>
    </p>
   </div>
   <div class='ocr_carea' id='block_1_96' title="bbox 306 2465 1094 2501">
    <p class='ocr_par' dir='ltr' id='par_1_96' title="bbox 306 2465 1094 2501">
     <span class='ocr_line' id='line_1_96' title="bbox 306 2465 1094 2501; baseline -0.001 -8"><span class='ocrx_word' id='word_1_649' title='bbox 306 2466 403 2501; x_wconf 77' lang='lat' dir='ltr'><strong>gebat,</strong></span> <span class='ocrx_word' id='word_1_650' title='bbox 430 2466 699 2501; x_wconf 84' lang='lat' dir='ltr'><strong>persecutionemque</strong></span> <span class='ocrx_word' id='word_1_651' title='bbox 722 2465 920 2500; x_wconf 89' lang='lat' dir='ltr'><strong>persecutioni,</strong></span> <span class='ocrx_word' id='word_1_652' title='bbox 950 2473 982 2493; x_wconf 90' lang='lat' dir='ltr'><strong>ac</strong></span> <span class='ocrx_word' id='word_1_653' title='bbox 1007 2466 1094 2492; x_wconf 62' lang='lat' dir='ltr'><strong>caedes</strong></span> 
     </span>
    </p>
   </div>
   <div class='ocr_carea' id='block_1_97' title="bbox 307 2510 1095 2546">
    <p class='ocr_par' dir='ltr' id='par_1_97' title="bbox 307 2510 1095 2546">
     <span class='ocr_line' id='line_1_97' title="bbox 307 2510 1095 2546; baseline -0.001 -8"><span class='ocrx_word' id='word_1_654' title='bbox 307 2511 424 2538; x_wconf 62' lang='lat' dir='ltr'><strong>cazdibus</strong></span> <span class='ocrx_word' id='word_1_655' title='bbox 452 2516 573 2545; x_wconf 88' lang='lat' dir='ltr'><strong>nectere,</strong></span> <span class='ocrx_word' id='word_1_656' title='bbox 605 2517 743 2546; x_wconf 87' lang='lat' dir='ltr'><strong>totumque</strong></span> <span class='ocrx_word' id='word_1_657' title='bbox 772 2511 901 2538; x_wconf 84' lang='lat' dir='ltr'><strong>radicitus</strong></span> <span class='ocrx_word' id='word_1_658' title='bbox 933 2510 1095 2538; x_wconf 85' lang='lat' dir='ltr'><strong>Christiani-</strong></span> 
     </span>
    </p>
   </div>
   <div class='ocr_carea' id='block_1_98' title="bbox 307 2556 1094 2591">
    <p class='ocr_par' dir='ltr' id='par_1_98' title="bbox 307 2556 1094 2591">
     <span class='ocr_line' id='line_1_98' title="bbox 307 2556 1094 2591; baseline -0.001 -7"><span class='ocrx_word' id='word_1_659' title='bbox 307 2564 406 2589; x_wconf 88' lang='lat' dir='ltr'><strong>smum,</strong></span> <span class='ocrx_word' id='word_1_660' title='bbox 424 2557 540 2591; x_wconf 89' lang='lat' dir='ltr'><strong>primum</strong></span> <span class='ocrx_word' id='word_1_661' title='bbox 558 2558 689 2584; x_wconf 89' lang='lat' dir='ltr'><strong>hactenus</strong></span> <span class='ocrx_word' id='word_1_662' title='bbox 707 2556 847 2584; x_wconf 78' lang='lat' dir='ltr'><strong>ﬂorentem</strong></span> <span class='ocrx_word' id='word_1_663' title='bbox 864 2561 964 2589; x_wconf 79' lang='lat' dir='ltr'><strong>ortum,</strong></span> <span class='ocrx_word' id='word_1_664' title='bbox 979 2556 1094 2583; x_wconf 81' lang='lat' dir='ltr'><strong>evellere</strong></span> 
     </span>
    </p>
   </div>
   <div class='ocr_carea' id='block_1_99' title="bbox 309 2602 1092 2638">
    <p class='ocr_par' dir='ltr' id='par_1_99' title="bbox 309 2602 1092 2638">
     <span class='ocr_line' id='line_1_99' title="bbox 309 2602 1092 2638; baseline -0.001 -9"><span class='ocrx_word' id='word_1_665' title='bbox 309 2603 467 2638; x_wconf 78' lang='lat' dir='ltr'><strong>satagebat;</strong></span> <span class='ocrx_word' id='word_1_666' title='bbox 489 2611 545 2630; x_wconf 84' lang='lat' dir='ltr'><strong>rem</strong></span> <span class='ocrx_word' id='word_1_667' title='bbox 564 2603 634 2631; x_wconf 78' lang='lat' dir='ltr'><strong>Deus</strong></span> <span class='ocrx_word' id='word_1_668' title='bbox 655 2604 738 2638; x_wconf 88' lang='lat' dir='ltr'><strong>probe</strong></span> <span class='ocrx_word' id='word_1_669' title='bbox 760 2603 844 2636; x_wconf 78' lang='lat' dir='ltr'><strong>vidit,</strong></span> <span class='ocrx_word' id='word_1_670' title='bbox 863 2603 990 2629; x_wconf 89' lang='lat' dir='ltr'><strong>nimirutn</strong></span> <span class='ocrx_word' id='word_1_671' title='bbox 1016 2602 1092 2634; x_wconf 83' lang='lat' dir='ltr'><strong>fore,</strong></span> 
     </span>
    </p>
   </div>
   <div class='ocr_carea' id='block_1_100' title="bbox 307 2648 1095 2684">
    <p class='ocr_par' dir='ltr' id='par_1_100' title="bbox 307 2648 1095 2684">
     <span class='ocr_line' id='line_1_100' title="bbox 307 2648 1095 2684; baseline 0 -8"><span class='ocrx_word' id='word_1_672' title='bbox 307 2655 338 2676; x_wconf 92' lang='lat' dir='ltr'><strong>ut</strong></span> <span class='ocrx_word' id='word_1_673' title='bbox 353 2649 423 2677; x_wconf 85' lang='lat' dir='ltr'><strong>acris</strong></span> <span class='ocrx_word' id='word_1_674' title='bbox 440 2649 523 2676; x_wconf 91' lang='lat' dir='ltr'><strong>hostis</strong></span> <span class='ocrx_word' id='word_1_675' title='bbox 537 2657 568 2676; x_wconf 82' lang='lat' dir='ltr'><strong>ac</strong></span> <span class='ocrx_word' id='word_1_676' title='bbox 579 2650 692 2684; x_wconf 87' lang='lat' dir='ltr'><strong>validus,</strong></span> <span class='ocrx_word' id='word_1_677' title='bbox 707 2650 830 2681; x_wconf 83' lang='lat' dir='ltr'><strong>generosi</strong></span> <span class='ocrx_word' id='word_1_678' title='bbox 845 2649 962 2684; x_wconf 83' lang='lat' dir='ltr'><strong>pectoris</strong></span> <span class='ocrx_word' id='word_1_679' title='bbox 974 2657 1004 2676; x_wconf 89' lang='lat' dir='ltr'><strong>ac</strong></span> <span class='ocrx_word' id='word_1_680' title='bbox 1018 2648 1095 2676; x_wconf 88' lang='lat' dir='ltr'><strong>fortis</strong></span> 
     </span>
    </p>
   </div>
   <div class='ocr_carea' id='block_1_101' title="bbox 309 2694 1095 2732">
    <p class='ocr_par' dir='ltr' id='par_1_101' title="bbox 309 2694 1095 2732">
     <span class='ocr_line' id='line_1_101' title="bbox 309 2694 1095 2732; baseline -0.001 -9"><span class='ocrx_word' id='word_1_681' title='bbox 309 2696 390 2723; x_wconf 87' lang='lat' dir='ltr'><strong>animi</strong></span> <span class='ocrx_word' id='word_1_682' title='bbox 414 2694 565 2732; x_wconf 77' lang='lat' dir='ltr'><strong>efﬁceretur</strong></span> <span class='ocrx_word' id='word_1_683' title='bbox 580 2697 683 2724; x_wconf 85' lang='lat' dir='ltr'><strong>amicus</strong></span> <span class='ocrx_word' id='word_1_684' title='bbox 702 2706 708 2724; x_wconf 88' lang='lat'><strong>:</strong></span> <span class='ocrx_word' id='word_1_685' title='bbox 727 2697 869 2731; x_wconf 86' lang='lat' dir='ltr'><strong>subitoque</strong></span> <span class='ocrx_word' id='word_1_686' title='bbox 887 2695 1095 2730; x_wconf 77' lang='lat' dir='ltr'><strong>circumfulgens</strong></span> 
     </span>
    </p>
   </div>
   <div class='ocr_carea' id='block_1_102' title="bbox 309 2740 1095 2774">
    <p class='ocr_par' dir='ltr' id='par_1_102' title="bbox 309 2740 1095 2774">
     <span class='ocr_line' id='line_1_102' title="bbox 309 2740 1095 2774; baseline 0.001 -8"><span class='ocrx_word' id='word_1_687' title='bbox 309 2740 420 2773; x_wconf 87' lang='lat' dir='ltr'><strong>lumine,</strong></span> <span class='ocrx_word' id='word_1_688' title='bbox 438 2741 574 2774; x_wconf 84' lang='lat' dir='ltr'><strong>percellit,</strong></span> <span class='ocrx_word' id='word_1_689' title='bbox 591 2748 622 2767; x_wconf 90' lang='lat' dir='ltr'><strong>ac</strong></span> <span class='ocrx_word' id='word_1_690' title='bbox 639 2742 671 2767; x_wconf 87' lang='lat' dir='ltr'><strong>ad</strong></span> <span class='ocrx_word' id='word_1_691' title='bbox 691 2741 867 2768; x_wconf 84' lang='lat' dir='ltr'><strong>humilitatem</strong></span> <span class='ocrx_word' id='word_1_692' title='bbox 884 2743 1033 2773; x_wconf 81' lang='lat' dir='ltr'><strong>convertit,</strong></span> <span class='ocrx_word' id='word_1_693' title='bbox 1054 2742 1095 2768; x_wconf 86' lang='lat' dir='ltr'><strong>in—</strong></span> 
     </span>
    </p>
   </div>
   <div class='ocr_carea' id='block_1_103' title="bbox 310 2785 1094 2818">
    <p class='ocr_par' dir='ltr' id='par_1_103' title="bbox 310 2785 1094 2818">
     <span class='ocr_line' id='line_1_103' title="bbox 310 2785 1094 2818; baseline 0.003 -7"><span class='ocrx_word' id='word_1_694' title='bbox 310 2791 390 2811; x_wconf 86' lang='lat' dir='ltr'><strong>cusso</strong></span> <span class='ocrx_word' id='word_1_695' title='bbox 403 2785 509 2818; x_wconf 86' lang='lat' dir='ltr'><strong>quidem</strong></span> <span class='ocrx_word' id='word_1_696' title='bbox 528 2786 624 2813; x_wconf 88' lang='lat' dir='ltr'><strong>timore</strong></span> <span class='ocrx_word' id='word_1_697' title='bbox 640 2793 654 2812; x_wconf 89' lang='lat' dir='ltr'><strong>a</strong></span> <span class='ocrx_word' id='word_1_698' title='bbox 670 2793 751 2813; x_wconf 87' lang='lat' dir='ltr'><strong>cursu</strong></span> <span class='ocrx_word' id='word_1_699' title='bbox 768 2786 910 2817; x_wconf 83' lang='lat' dir='ltr'><strong>cohibens;</strong></span> <span class='ocrx_word' id='word_1_700' title='bbox 927 2785 1094 2813; x_wconf 85' lang='lat' dir='ltr'><strong>llammantcs</strong></span> 
     </span>
    </p>
   </div>
   <div class='ocr_carea' id='block_1_104' title="bbox 349 2884 594 2914">
    <p class='ocr_par' dir='ltr' id='par_1_104' title="bbox 349 2884 594 2914">
     <span class='ocr_line' id='line_1_104' title="bbox 349 2884 594 2914; baseline -0.008 -2"><span class='ocrx_word' id='word_1_701' title='bbox 349 2884 358 2900; x_wconf 83' lang='grc'><strong>³</strong></span> <span class='ocrx_word' id='word_1_702' title='bbox 378 2885 444 2912; x_wconf 79' lang='lat' dir='ltr'><strong>Gen.</strong></span> <span class='ocrx_word' id='word_1_703' title='bbox 460 2894 530 2914; x_wconf 81' lang='lat' dir='ltr'><strong>xmx.</strong></span> <span class='ocrx_word' id='word_1_704' title='bbox 546 2886 594 2911; x_wconf 71' lang='lat'><strong>27..</strong></span> 
     </span>
    </p>
   </div>
   <div class='ocr_carea' id='block_1_105' title="bbox 1145 2277 1935 2318">
    <p class='ocr_par' dir='ltr' id='par_1_105' title="bbox 1145 2277 1935 2318">
     <span class='ocr_line' id='line_1_105' title="bbox 1145 2277 1935 2318; baseline -0.008 -9"><span class='ocrx_word' id='word_1_705' title='bbox 1145 2281 1254 2316; x_wconf 77' lang='grc' dir='ltr'>ἅρπαξ,</span> <span class='ocrx_word' id='word_1_706' title='bbox 1274 2277 1440 2318; x_wconf 77' lang='grc' dir='ltr'>σπαράσσων</span> <span class='ocrx_word' id='word_1_707' title='bbox 1458 2282 1508 2316; x_wconf 79' lang='grc' dir='ltr'>τῆς</span> <span class='ocrx_word' id='word_1_708' title='bbox 1525 2281 1598 2311; x_wconf 76' lang='grc' dir='ltr'>Νέας</span> <span class='ocrx_word' id='word_1_709' title='bbox 1619 2280 1755 2316; x_wconf 85' lang='grc' dir='ltr'>Διαθήκης</span> <span class='ocrx_word' id='word_1_710' title='bbox 1777 2280 1838 2310; x_wconf 81' lang='grc' dir='ltr'>τοὺς</span> <span class='ocrx_word' id='word_1_711' title='bbox 1860 2277 1935 2312; x_wconf 83' lang='grc' dir='ltr'>ἀμεί-</span> 
     </span>
    </p>
   </div>
   <div class='ocr_carea' id='block_1_106' title="bbox 1145 2326 1640 2362">
    <p class='ocr_par' dir='ltr' id='par_1_106' title="bbox 1145 2326 1640 2362">
     <span class='ocr_line' id='line_1_106' title="bbox 1145 2326 1640 2362; baseline -0.006 -7"><span class='ocrx_word' id='word_1_712' title='bbox 1145 2336 1217 2360; x_wconf 85' lang='grc' dir='ltr'>νους,</span> <span class='ocrx_word' id='word_1_713' title='bbox 1233 2328 1282 2354; x_wconf 78' lang='grc' dir='ltr'>καὶ</span> <span class='ocrx_word' id='word_1_714' title='bbox 1300 2327 1455 2362; x_wconf 76' lang='grc' dir='ltr'>σκορπίζων</span> <span class='ocrx_word' id='word_1_715' title='bbox 1469 2326 1503 2353; x_wconf 78' lang='grc' dir='ltr'><strong>τὰ</strong></span> <span class='ocrx_word' id='word_1_716' title='bbox 1519 2327 1640 2361; x_wconf 87' lang='grc' dir='ltr'>ποίμνια.</span> 
     </span>
    </p>
   </div>
   <div class='ocr_carea' id='block_1_107' title="bbox 1188 2369 1938 2408">
    <p class='ocr_par' dir='ltr' id='par_1_107' title="bbox 1188 2369 1938 2408">
     <span class='ocr_line' id='line_1_107' title="bbox 1188 2369 1938 2408; baseline -0.005 -9"><span class='ocrx_word' id='word_1_717' title='bbox 1188 2373 1297 2408; x_wconf 84' lang='grc' dir='ltr'>Ἐπειδὴ</span> <span class='ocrx_word' id='word_1_718' title='bbox 1319 2373 1347 2399; x_wconf 77' lang='grc' dir='ltr'>δὲ</span> <span class='ocrx_word' id='word_1_719' title='bbox 1362 2373 1408 2398; x_wconf 74' lang='grc' dir='ltr'>καὶ</span> <span class='ocrx_word' id='word_1_720' title='bbox 1420 2372 1450 2398; x_wconf 82' lang='grc' dir='ltr'>τὸ</span> <span class='ocrx_word' id='word_1_721' title='bbox 1466 2372 1558 2408; x_wconf 78' lang='grc' dir='ltr'>δρᾶμα</span> <span class='ocrx_word' id='word_1_722' title='bbox 1576 2372 1605 2398; x_wconf 84' lang='grc' dir='ltr'><strong>τὺ</strong></span> <span class='ocrx_word' id='word_1_723' title='bbox 1626 2371 1697 2398; x_wconf 83' lang='grc' dir='ltr'><strong>κατά</strong></span> <span class='ocrx_word' id='word_1_724' title='bbox 1714 2370 1758 2397; x_wconf 75' lang='grc' dir='ltr'>τὸν</span> <span class='ocrx_word' id='word_1_725' title='bbox 1775 2369 1852 2404; x_wconf 72' lang='grc' dir='ltr'>ἅγιον</span> <span class='ocrx_word' id='word_1_726' title='bbox 1871 2369 1938 2395; x_wconf 80' lang='grc' dir='ltr'><strong>Στέ-</strong></span> 
     </span>
    </p>
   </div>
   <div class='ocr_carea' id='block_1_108' title="bbox 1146 2416 1940 2454">
    <p class='ocr_par' dir='ltr' id='par_1_108' title="bbox 1146 2416 1940 2454">
     <span class='ocr_line' id='line_1_108' title="bbox 1146 2416 1940 2454; baseline -0.004 -9"><span class='ocrx_word' id='word_1_727' title='bbox 1146 2427 1228 2454; x_wconf 75' lang='grc' dir='ltr'>φανον</span> <span class='ocrx_word' id='word_1_728' title='bbox 1245 2418 1435 2454; x_wconf 79' lang='grc' dir='ltr'>ἐξειργάσατο,</span> <span class='ocrx_word' id='word_1_729' title='bbox 1451 2419 1498 2444; x_wconf 72' lang='grc' dir='ltr'>καὶ</span> <span class='ocrx_word' id='word_1_730' title='bbox 1514 2418 1561 2450; x_wconf 83' lang='grc' dir='ltr'><strong>τὰς</strong></span> <span class='ocrx_word' id='word_1_731' title='bbox 1575 2419 1669 2454; x_wconf 83' lang='grc' dir='ltr'>χεῖρας</span> <span class='ocrx_word' id='word_1_732' title='bbox 1684 2417 1752 2453; x_wconf 77' lang='grc' dir='ltr'>ἔχων</span> <span class='ocrx_word' id='word_1_733' title='bbox 1769 2417 1808 2443; x_wconf 74' lang='grc' dir='ltr'>ἔτι</span> <span class='ocrx_word' id='word_1_734' title='bbox 1822 2416 1940 2452; x_wconf 83' lang='grc' dir='ltr'>μεμολυ-</span> 
     </span>
    </p>
   </div>
   <div class='ocr_carea' id='block_1_109' title="bbox 1147 2463 1938 2500">
    <p class='ocr_par' dir='ltr' id='par_1_109' title="bbox 1147 2463 1938 2500">
     <span class='ocr_line' id='line_1_109' title="bbox 1147 2463 1938 2500; baseline -0.003 -9"><span class='ocrx_word' id='word_1_735' title='bbox 1147 2465 1247 2500; x_wconf 75' lang='grc' dir='ltr'>σμένας</span> <span class='ocrx_word' id='word_1_736' title='bbox 1259 2464 1296 2500; x_wconf 84' lang='grc' dir='ltr'>τῷ</span> <span class='ocrx_word' id='word_1_737' title='bbox 1305 2465 1400 2499; x_wconf 76' lang='grc' dir='ltr'>αἵματι</span> <span class='ocrx_word' id='word_1_738' title='bbox 1410 2484 1417 2496; x_wconf 92' lang='grc'><strong>,</strong></span> <span class='ocrx_word' id='word_1_739' title='bbox 1427 2465 1476 2498; x_wconf 80' lang='grc' dir='ltr'>τὴν</span> <span class='ocrx_word' id='word_1_740' title='bbox 1486 2465 1532 2490; x_wconf 71' lang='grc' dir='ltr'><strong>ἐπὶ</strong></span> <span class='ocrx_word' id='word_1_741' title='bbox 1541 2465 1684 2499; x_wconf 83' lang='grc' dir='ltr'>Δαμασκὸν</span> <span class='ocrx_word' id='word_1_742' title='bbox 1694 2464 1814 2499; x_wconf 74' lang='grc' dir='ltr'>ἔτρεχεν,</span> <span class='ocrx_word' id='word_1_743' title='bbox 1823 2463 1938 2498; x_wconf 79' lang='grc' dir='ltr'>διωγμῷ</span> 
     </span>
    </p>
   </div>
   <div class='ocr_carea' id='block_1_110' title="bbox 1146 2510 1938 2545">
    <p class='ocr_par' dir='ltr' id='par_1_110' title="bbox 1146 2510 1938 2545">
     <span class='ocr_line' id='line_1_110' title="bbox 1146 2510 1938 2545; baseline -0.004 -8"><span class='ocrx_word' id='word_1_744' title='bbox 1146 2511 1265 2545; x_wconf 80' lang='grc' dir='ltr'>διωγμὸν</span> <span class='ocrx_word' id='word_1_745' title='bbox 1280 2511 1328 2537; x_wconf 75' lang='grc' dir='ltr'>καὶ</span> <span class='ocrx_word' id='word_1_746' title='bbox 1349 2510 1440 2544; x_wconf 77' lang='grc' dir='ltr'>φόνοις</span> <span class='ocrx_word' id='word_1_747' title='bbox 1452 2510 1555 2544; x_wconf 79' lang='grc' dir='ltr'>φόνους</span> <span class='ocrx_word' id='word_1_748' title='bbox 1577 2511 1692 2544; x_wconf 71' lang='grc' dir='ltr'>συνάψαι</span> <span class='ocrx_word' id='word_1_749' title='bbox 1704 2510 1876 2545; x_wconf 82' lang='grc' dir='ltr'>βουλόμενος,</span> <span class='ocrx_word' id='word_1_750' title='bbox 1889 2510 1938 2535; x_wconf 78' lang='grc' dir='ltr'><strong>καὶ</strong></span> 
     </span>
    </p>
   </div>
   <div class='ocr_carea' id='block_1_111' title="bbox 1147 2555 1939 2591">
    <p class='ocr_par' dir='ltr' id='par_1_111' title="bbox 1147 2555 1939 2591">
     <span class='ocr_line' id='line_1_111' title="bbox 1147 2555 1939 2591; baseline -0.003 -8"><span class='ocrx_word' id='word_1_751' title='bbox 1147 2557 1303 2583; x_wconf 85' lang='grc' dir='ltr'>ἀνασπάσαι</span> <span class='ocrx_word' id='word_1_752' title='bbox 1321 2556 1368 2583; x_wconf 78' lang='grc' dir='ltr'>τὸν</span> <span class='ocrx_word' id='word_1_753' title='bbox 1393 2555 1608 2591; x_wconf 85' lang='grc' dir='ltr'>Χριστιανισμὺν</span> <span class='ocrx_word' id='word_1_754' title='bbox 1623 2556 1779 2591; x_wconf 78' lang='grc' dir='ltr'>πρόρριζον,</span> <span class='ocrx_word' id='word_1_755' title='bbox 1802 2556 1863 2590; x_wconf 75' lang='grc' dir='ltr'>ἄρτι</span> <span class='ocrx_word' id='word_1_756' title='bbox 1886 2555 1939 2590; x_wconf 74' lang='grc' dir='ltr'>τὴν</span> 
     </span>
    </p>
   </div>
   <div class='ocr_carea' id='block_1_112' title="bbox 1148 2600 1940 2638">
    <p class='ocr_par' dir='ltr' id='par_1_112' title="bbox 1148 2600 1940 2638">
     <span class='ocr_line' id='line_1_112' title="bbox 1148 2600 1940 2638; baseline -0.004 -10"><span class='ocrx_word' id='word_1_757' title='bbox 1148 2601 1259 2637; x_wconf 83' lang='grc' dir='ltr'>πρώτην</span> <span class='ocrx_word' id='word_1_758' title='bbox 1275 2601 1407 2628; x_wconf 83' lang='grc' dir='ltr'>ἀνθοῦντα</span> <span class='ocrx_word' id='word_1_759' title='bbox 1424 2603 1510 2638; x_wconf 86' lang='grc' dir='ltr'>φυήν·</span> <span class='ocrx_word' id='word_1_760' title='bbox 1527 2600 1596 2629; x_wconf 77' lang='grc' dir='ltr'>εἶδεν</span> <span class='ocrx_word' id='word_1_761' title='bbox 1613 2601 1701 2633; x_wconf 82' lang='grc' dir='ltr'>καλῶς</span> <span class='ocrx_word' id='word_1_762' title='bbox 1717 2602 1731 2627; x_wconf 86' lang='grc'>6</span> <span class='ocrx_word' id='word_1_763' title='bbox 1748 2601 1814 2632; x_wconf 80' lang='grc' dir='ltr'>Θεὸς</span> <span class='ocrx_word' id='word_1_764' title='bbox 1829 2601 1910 2635; x_wconf 84' lang='grc' dir='ltr'>ἡμῶν</span> <span class='ocrx_word' id='word_1_765' title='bbox 1924 2601 1940 2625; x_wconf 79' lang='grc' dir='ltr'><strong>ὅ</strong></span> 
     </span>
    </p>
   </div>
   <div class='ocr_carea' id='block_1_113' title="bbox 1149 2646 1939 2684">
    <p class='ocr_par' dir='ltr' id='par_1_113' title="bbox 1149 2646 1939 2684">
     <span class='ocr_line' id='line_1_113' title="bbox 1149 2646 1939 2684; baseline -0.004 -10"><span class='ocrx_word' id='word_1_766' title='bbox 1149 2648 1311 2684; x_wconf 83' lang='grc' dir='ltr'>πεποίηκεν,</span> <span class='ocrx_word' id='word_1_767' title='bbox 1328 2648 1369 2674; x_wconf 86' lang='grc' dir='ltr'>ὅτι</span> <span class='ocrx_word' id='word_1_768' title='bbox 1383 2648 1396 2674; x_wconf 87' lang='grc' dir='ltr'><strong>ό</strong></span> <span class='ocrx_word' id='word_1_769' title='bbox 1412 2648 1520 2684; x_wconf 71' lang='grc' dir='ltr'>ἰσχυρὸς</span> <span class='ocrx_word' id='word_1_770' title='bbox 1534 2647 1628 2683; x_wconf 76' lang='grc' dir='ltr'>ἐχθρὸς</span> <span class='ocrx_word' id='word_1_771' title='bbox 1642 2647 1732 2683; x_wconf 81' lang='grc' dir='ltr'>γένητ’</span> <span class='ocrx_word' id='word_1_772' title='bbox 1750 2647 1783 2673; x_wconf 84' lang='grc' dir='ltr'>ἂν</span> <span class='ocrx_word' id='word_1_773' title='bbox 1798 2646 1844 2672; x_wconf 73' lang='grc' dir='ltr'>καὶ</span> <span class='ocrx_word' id='word_1_774' title='bbox 1860 2646 1939 2680; x_wconf 75' lang='grc' dir='ltr'>φίλος</span> 
     </span>
    </p>
   </div>
   <div class='ocr_carea' id='block_1_114' title="bbox 1148 2691 1938 2729">
    <p class='ocr_par' dir='ltr' id='par_1_114' title="bbox 1148 2691 1938 2729">
     <span class='ocr_line' id='line_1_114' title="bbox 1148 2691 1938 2729; baseline -0.003 -9"><span class='ocrx_word' id='word_1_775' title='bbox 1148 2692 1271 2728; x_wconf 60' lang='grc' dir='ltr'>γενναῖος</span> <span class='ocrx_word' id='word_1_776' title='bbox 1281 2703 1287 2710; x_wconf 88' lang='grc'><strong>·</strong></span> <span class='ocrx_word' id='word_1_777' title='bbox 1306 2695 1353 2720; x_wconf 73' lang='grc' dir='ltr'><strong>καὶ</strong></span> <span class='ocrx_word' id='word_1_778' title='bbox 1367 2694 1541 2729; x_wconf 76' lang='grc' dir='ltr'>περιλάμψας</span> <span class='ocrx_word' id='word_1_779' title='bbox 1557 2694 1637 2720; x_wconf 81' lang='grc' dir='ltr'>αὐτὸν</span> <span class='ocrx_word' id='word_1_780' title='bbox 1658 2693 1789 2727; x_wconf 78' lang='grc' dir='ltr'>αἰφνίδιον</span> <span class='ocrx_word' id='word_1_781' title='bbox 1799 2691 1837 2727; x_wconf 86' lang='grc' dir='ltr'>τῷ</span> <span class='ocrx_word' id='word_1_782' title='bbox 1854 2692 1938 2726; x_wconf 77' lang='grc' dir='ltr'>φωτὶ,</span> 
     </span>
    </p>
   </div>
   <div class='ocr_carea' id='block_1_115' title="bbox 1149 2738 1940 2775">
    <p class='ocr_par' dir='ltr' id='par_1_115' title="bbox 1149 2738 1940 2775">
     <span class='ocr_line' id='line_1_115' title="bbox 1149 2738 1940 2775; baseline -0.004 -10"><span class='ocrx_word' id='word_1_783' title='bbox 1149 2739 1332 2774; x_wconf 76' lang='grc' dir='ltr'>καταπλήττει</span> <span class='ocrx_word' id='word_1_784' title='bbox 1348 2739 1395 2765; x_wconf 79' lang='grc' dir='ltr'>καὶ</span> <span class='ocrx_word' id='word_1_785' title='bbox 1409 2739 1572 2774; x_wconf 72' lang='grc' dir='ltr'>μεταϐάλλει</span> <span class='ocrx_word' id='word_1_786' title='bbox 1584 2738 1652 2775; x_wconf 78' lang='grc' dir='ltr'>πρὸς</span> <span class='ocrx_word' id='word_1_787' title='bbox 1665 2738 1858 2773; x_wconf 81' lang='grc' dir='ltr'>ταπεινότητα,</span> <span class='ocrx_word' id='word_1_788' title='bbox 1872 2738 1940 2773; x_wconf 83' lang='grc' dir='ltr'>στή-</span> 
     </span>
    </p>
   </div>
   <div class='ocr_carea' id='block_1_116' title="bbox 1150 2782 1941 2820">
    <p class='ocr_par' dir='ltr' id='par_1_116' title="bbox 1150 2782 1941 2820">
     <span class='ocr_line' id='line_1_116' title="bbox 1150 2782 1941 2820; baseline -0.003 -10"><span class='ocrx_word' id='word_1_789' title='bbox 1150 2793 1198 2815; x_wconf 82' lang='grc' dir='ltr'><strong>σας</strong></span> <span class='ocrx_word' id='word_1_790' title='bbox 1219 2785 1266 2818; x_wconf 77' lang='grc' dir='ltr'>μὲν</span> <span class='ocrx_word' id='word_1_791' title='bbox 1286 2785 1332 2811; x_wconf 73' lang='grc' dir='ltr'><strong>τοῦ</strong></span> <span class='ocrx_word' id='word_1_792' title='bbox 1355 2785 1455 2820; x_wconf 77' lang='grc' dir='ltr'>δρόμου</span> <span class='ocrx_word' id='word_1_793' title='bbox 1472 2785 1515 2812; x_wconf 77' lang='grc' dir='ltr'>διὰ</span> <span class='ocrx_word' id='word_1_794' title='bbox 1534 2785 1580 2811; x_wconf 72' lang='grc' dir='ltr'><strong>τὸν</strong></span> <span class='ocrx_word' id='word_1_795' title='bbox 1597 2784 1689 2819; x_wconf 71' lang='grc' dir='ltr'>φόϐον,</span> <span class='ocrx_word' id='word_1_796' title='bbox 1713 2783 1776 2816; x_wconf 75' lang='grc' dir='ltr'>τοὺς</span> <span class='ocrx_word' id='word_1_797' title='bbox 1792 2782 1819 2809; x_wconf 84' lang='grc' dir='ltr'>δὲ</span> <span class='ocrx_word' id='word_1_798' title='bbox 1839 2782 1868 2809; x_wconf 84' lang='grc' dir='ltr'>τὸ</span> <span class='ocrx_word' id='word_1_799' title='bbox 1886 2791 1941 2809; x_wconf 80' lang='grc' dir='ltr'>πυ-</span> 
     </span>
    </p>
   </div>
   <div class='ocr_carea' id='block_1_117' title="bbox 630 2885 1179 2919">
    <p class='ocr_par' dir='ltr' id='par_1_117' title="bbox 630 2885 1179 2919">
     <span class='ocr_line' id='line_1_117' title="bbox 630 2885 1179 2919; baseline 0 -8"><span class='ocrx_word' id='word_1_800' title='bbox 630 2886 639 2900; x_wconf 72' lang='grc'>⁵</span> <span class='ocrx_word' id='word_1_801' title='bbox 661 2885 862 2918; x_wconf 50' lang='grc' dir='ltr'>[ψιμκοινιυνόν.</span> <span class='ocrx_word' id='word_1_802' title='bbox 890 2886 988 2919; x_wconf 63' lang='lat' dir='ltr'><strong>&quot;1mg.</strong></span> <span class='ocrx_word' id='word_1_803' title='bbox 1010 2885 1179 2919; x_wconf 57' lang='grc' dir='ltr'><strong>ὲςυγὲᾒευηί.</strong></span> 
     </span>
    </p>
   </div>
  </div>
