2076 3155
151 201 205 229 285

597 197 737 225 llOMlLlA
761 198 817 225 Vlll
851 198 883 225 IN
903 197 952 226 SS.
971 197 1113 225 PETRUM
1132 198 1174 225 ET
1195 197 1348 227 PAULUM.

1737 201 1789 228 286

155 259 240 295 ρῶδες
254 258 302 285 καὶ
321 257 464 293 θυμοειδὲς
481 257 629 292 βλέποντας
642 257 800 293 ὀφθαλμοὺς
815 257 949 293 σωφρονί-

1003 265 1066 286 vero
1085 265 1116 285 ac
1135 258 1202 284 iram
1224 258 1360 293 spirantes
1375 259 1483 291 oculos,
1497 259 1590 287 oll'usis
1613 258 1731 286 tenebris
1743 265 1790 286 ca—
1822 264 1826 268 '

155 313 206 336 σας
217 304 256 340 τῷ
270 304 370 339 σκότῳ,
385 302 590 339 Τιμωρεῖταιδὲ
600 303 692 335 αὑτὸν,
701 304 731 329 οὺ
747 303 818 339 μετὰ
831 304 947 339 σιωπῆς,

155 350 224 378 ἀλλὰ
245 350 293 377 καὶ
305 350 384 384 λόγον
402 350 442 385 τῷ
460 350 533 384 ἔργῳ
549 349 730 385 προσέθηκεν,
749 350 834 376 εἰπὼν
852 351 948 386 ἐκείνῳ

154 397 185 423 τὺ
205 395 418 431 γεγραμμένον·
440 395 548 427 Σαῦλε,
571 395 680 427 same,
708 396 736 422 τι
756 404 794 430 με
815 395 948 428 animam;

155 436 305 476 Σκληρὸν¹
317 450 367 469 σοι
388 441 462 476 πρὸς
477 441 586 475 κέντρα
603 441 754 471 λακτίζειν
764 448 770 455 ’
785 442 834 477 οὐχ
848 442 886 474 ὡς
900 443 948 468 αὺ-

155 488 201 520 τὸς
224 487 333 524 χρῄζων
354 487 404 522 τῆς
426 486 627 522 διαλέξεως(τι
640 479 701 524 γὰρῆ
711 487 764 514 ἔδει
783 487 880 522 λόγων,
894 488 948 514 τῶν

157 534 330 570 πραγμάτων
343 532 520 568 ἀρκούντων),
539 532 599 560 ἀλλ’
615 533 658 560 ἵνα
671 533 808 569 πρόφασιν
820 533 886 568 ὲνδῷ
900 533 947 560 τοῦ

157 581 295 616 ἐρωτῆσαι
307 580 352 607 καὶ
368 579 474 614 μαθεῖν,
493 580 534 606 ὅτι
547 581 561 606 ό
571 580 747 616 νομιζόμενος
758 580 887 607 τεθνάναι
902 581 948 607 κα)⁸

158 626 265 654 κεῖσθαι
287 620 415 662 Χριστὸς,
436 626 481 662 ζῇ.
499 627 547 654 καὶ
565 626 596 659 ἐξ
615 627 740 662 οὐρανῶν
761 627 946 662 ἐπιφαίνεται.

158 673 241 699 Οὐδὲν
255 673 283 699 δὲ
302 670 357 699 οἷον
380 673 451 701 αὐτὰ
465 673 500 700 τὰ
522 674 632 709 ῥήματα
654 673 837 709 παραθέσθαι,
850 674 884 700 τὰ
900 673 947 700 τοῦ

163 719 286 754 Ἐϐραίου
301 719 382 746 λύκου
399 719 448 755 τὴν
465 719 551 755 θήραν
568 720 633 755 ἡμῖν
650 719 830 755 ἐξηγούμενα.

197 765 224 790 '0
241 764 276 791 δὲ
295 764 414 798 Σαῦλος
426 765 467 792 ἕτι
481 765 619 800 ἐμπνέων
631 764 760 799 ἀπειλῆς
776 765 825 792 καὶ
840 766 947 800 φόνου.

160 811 331 847 ’Υπογράςρει
344 820 389 846 μοι
406 812 420 838 ὁ
446 811 524 846 λόγος
543 811 627 848 ἄνδρα
640 811 718 847 θυμῷ
731 811 901 847 ῥηγνύμενον
916 811 949 838 ὲκ

155 859 205 894 τῆς
222 857 414 894 προλαὸούσης
432 858 601 893 μιαιφονίας,
621 857 660 884 ἔτι
676 857 865 884 πνευστιῶντα
880 857 949 893 μετὰ

154 904 205 936 τὰς
216 904 270 931 τῶν
285 904 367 931 λίθων
383 904 474 939 βολὰς,
490 904 610 940 ὕφαιμον
625 904 674 931 καὶ
687 903 784 940 ἄγριον
802 903 945 940 βλέποντα,

155 947 211 977 οἷον
226 949 382 984 ἐπάναγκες
398 950 444 977 τὸν
459 950 555 985 φονέα,
570 949 692 982 σώζοντα
706 949 740 976 τὰ
755 949 785 975 ὲν
801 950 884 985 ἀρχῇ,
898 949 948 984 τῆς
964 943 984 970 Β

155 995 202 1022 τοῦ
227 996 399 1032 πατριάρχου
423 995 592 1032 προφητείας
607 995 642 1022 τὰ
667 994 799 1031 σύμεολα.
831 995 948 1026 Ἐκεῖνος

156 1042 222 1077 γὰρ,
235 1041 330 1078 ἐπειδὴ
350 1041 481 1077 τελευτᾷν
497 1041 619 1077 ἔμελλεν,
638 1041 771 1068 πάντοθεν
786 1041 849 1072 τοὺς
866 1039 947 1067 αὑτοῦ

156 1089 254 1120 παῖδας
272 1088 440 1124 περιστήσας
456 1089 489 1123 τῇ
506 1087 601 1124 κλίνῃ,
620 1086 757 1122 Πνεύματι
779 1087 947 1122 προηγόρευ-

157 1144 213 1162 σεν.
234 1134 313 1161 Οὕτω
339 1133 404 1169 γοῦν
426 1134 472 1160 τὸν
509 1133 608 1160 Ἰούδαν
632 1133 761 1167 εὐλογῶν,
782 1133 879 1168 ἐκεινῳ
900 1133 949 1168 μὲν

156 1182 303 1216 διελέγετο,
331 1181 519 1216 άλληγορικῶς
539 1180 568 1207 δὲ
587 1179 691 1216 ὕμνησε
707 1180 754 1206 τὸν
775 1179 822 1206 ἀπ’
844 1179 948 1206 ἐκείνου

156 1229 284 1264 Χριστόν.
307 1228 386 1263 Ἑξῆς
409 1227 438 1254 δὲ
456 1228 512 1259 τοῖς
532 1227 599 1254 πᾶσι
618 1226 894 1263 προμαντευσάμενος
915 1226 950 1252 τὰ

156 1276 197 1307 εἰς
213 1273 339 1310 ὓστερον,
357 1274 512 1300 τελευταῖον
528 1271 611 1309 ⁴ἢλθεν
624 1274 671 1300 ἐπὶ
686 1273 732 1299 τὸν
749 1272 897 1309 Βενιαμὴν,
912 1272 949 1304 ὡς

156 1322 204 1348 καὶ
218 1321 257 1356 τῷ
275 1320 365 1356 χρόνῳ
385 1319 530 1356 νεώτερον·
556 1319 636 1355 δῆθεν
663 1319 712 1354 μὲν
737 1319 805 1354 πρὸς
828 1318 873 1345 τὸν
893 1318 950 1344 υἱὸν

156 1367 318 1402 ἐφθέγγετο,
335 1366 374 1401 τῷ
388 1366 445 1393 ὄντι
459 1366 488 1393 δὲ
499 1365 545 1393 τὸν
561 1365 668 1392 Παῦλον
681 1366 838 1401 ἐσήμαινεν,
853 1366 886 1391 ὲκ
900 1365 950 1400 τῆς

157 1413 256 1448 φυλῆς,
272 1412 311 1444 ὡς
330 1412 465 1447 ἔγνωμεν,
480 1411 532 1446 τῆς
550 1411 655 1437 ἐκείνου
670 1411 833 1445 κατάγοντα.
852 1411 951 1436 Βενια-

155 1461 220 1496 μὴν
233 1460 330 1492 λύκος
341 1458 441 1493 ἅρπαξ
445 1478 452 1490 ,
466 1457 507 1491 τῷ
520 1458 596 1492 πρωῒ
615 1457 724 1488 ἔδεται,
741 1457 791 1483 καὶ
802 1457 846 1490 εὶς
865 1456 951 1483 ἑσπέ-

155 1515 214 1541 ραν
229 1505 369 1533 διαδώσει
390 1504 517 1540 τροφήν.
537 1504 569 1530 Τί
584 1505 642 1531 ἐστι
657 1504 687 1530 τὸ
700 1503 856 1539 λεγόμενον,
872 1503 950 1538 ἐρευ-

156 1552 321 1589 νησὼμεθα·
338 1552 355 1588 ἢ
379 1552 457 1579 τοῦτο
473 1551 592 1584 πάντως,
609 1552 651 1578 ὅτι
680 1550 715 1577 τὰ
736 1549 833 1586 πρῶτα
853 1549 950 1585 φαγών

1001 305 1114 340 stigans.
1132 304 1210 332 Puuit
1225 310 1314 332 autem
1327 313 1379 332 non
1393 305 1512 338 silentio,
1524 313 1617 333 verum
1626 306 1706 333 etiam
1719 305 1789 332 facto

1003 357 1157 378 sermonem
1173 350 1307 385 adjunxit.
1325 351 1419 378 dicens
1435 351 1472 378 illi
1486 351 1556 386 quod
1575 352 1705 385 scriptum
1722 355 1764 377 est
1780 359 1787 377 :

1001 395 1093 428 Saulc,
1109 395 1202 428 Sanle,
1227 396 1288 430 quid
1305 404 1345 422 me
1360 396 1545 431 persequeris?
1565 395 1666 422 Durum
1687 401 1723 422 eu
1740 395 1788 421 tibi

1001 447 1092 469 contra
1119 441 1254 468 stimulum
1276 442 1415 469 calcitrare
1435 443 1468 468 ':
1489 449 1540 469 non
1572 447 1698 477 tanquam
1721 448 1789 476 opus

1001 489 1112 516 haberet
1125 488 1250 515 conferre
1268 495 1432 515 sermonem.
1445 487 1514 521 Quid
1529 488 1600 514 enim
1617 487 1706 514 verbis
1721 495 1789 522 opus
1818 488 1820 494 '

1001 542 1061 562 cum
1081 542 1124 562 res
1135 533 1306 562 sufﬁcerent?
1319 541 1412 561 verum
1424 538 1452 560 ut
1466 534 1602 568 quatrendi
1618 533 1788 561 occasionem

1000 580 1134 615 praeberet
1156 585 1237 616 atque
1262 580 1401 610 discendi.
1426 581 1532 614 ipsum,
1550 580 1594 613 qui
1613 584 1735 606 mortuus
1757 585 1790 605 ac

1001 627 1083 654 humo
1096 627 1220 654 conditus
1234 627 1390 662 putabatur,
1405 626 1545 654 Christum
1562 626 1663 657 vivere.
1679 629 1760 659 atque
1774 632 1790 651 e

999 673 1076 701 caelis
1101 680 1242 708 apparere.
1260 673 1360 700 Verum
1386 675 1496 707 praestat
1516 671 1586 706 ipsa,
1614 670 1711 705 quibus
1735 669 1788 703 lupi

999 718 1103 746 Hebraei
1119 724 1230 753 captura
1247 723 1400 748 enarratur.
1419 717 1499 744 verba
1514 723 1674 751 proponere.

1037 765 1135 792 Saulus
1157 771 1244 792 autem
1258 764 1344 791 adhuc
1359 764 1462 798 spirans
1477 764 1608 790 minarum
1625 767 1649 789 ει
1669 761 1749 789 credis
1769 761 1789 787 ‘.

1001 812 1124 840 Delincat
1140 819 1240 844 sermo,
1260 811 1360 843 virum,
1385 811 1424 837 ira
1445 817 1476 837 se
1498 818 1512 836 a
1530 809 1691 844 praecedenti
1717 807 1791 834 caede

1002 864 1186 894 rumpentem;
1203 865 1274 894 agre
1285 859 1373 885 adhuc
1387 862 1447 892 post
1459 857 1548 892 jactus
1563 856 1680 890 lapidum
1689 855 1789 882 ducen-

1002 910 1056 933 tem
1079 905 1220 940 spiritum,
1249 911 1322 932 ειενο
1347 911 1380 931 ac
1404 903 1473 930 truci
1502 906 1611 937 aspectu
1633 900 1787 941 hominem,

1000 952 1106 987 qualem
1130 959 1191 980 cum
1214 951 1380 986 ‘oporlebat,
1396 950 1441 985 qui
1462 949 1547 985 prima
1569 947 1716 983 propltctire
1739 954 1788 981 pa-

1001 999 1126 1027 triarchae
1143 998 1264 1033 symbols
1282 997 1421 1025 retineret.
1438 995 1483 1023 Ille
1497 995 1569 1023 enim
1586 994 1664 1022 morti
1679 993 1788 1029 propin-

999 1053 1078 1081 quus,
1096 1053 1156 1072 cum
1177 1044 1245 1071 ﬁlios
1269 1044 1337 1071 lecto
1366 1043 1484 1078 undique
1499 1043 1677 1069 circumstare
1693 1039 1790 1074 jussis-

1000 1098 1052 1126 set,
1068 1092 1168 1126 Spiritu
1185 1089 1366 1126 prophelavit.
1387 1088 1433 1116 Sic
1453 1088 1544 1123 itaque
1565 1086 1727 1114 benedicens
1740 1083 1786 1111 Ju-

999 1140 1073 1173 dam,
1089 1138 1161 1166 illum
1180 1137 1288 1172 quidem
1308 1135 1504 1170 alloquebatur,
1522 1139 1626 1163 verum,
1649 1137 1676 1158 ut
1691 1130 1790 1165 allego-

1002 1186 1068 1213 riam
1083 1190 1200 1220 spectes,
1214 1183 1351 1210 Christum
1375 1181 1515 1212 laudabat,
1528 1175 1583 1213 ἰιιιὶ
1605 1185 1638 1205 ex
1658 1185 1690 1204 eo
1706 1176 1785 1204 foret.

1001 1231 1068 1258 Tum
1090 1238 1153 1258 vero
1172 1229 1285 1264 reliquis
1305 1227 1431 1256 omnibus
1446 1225 1607 1253 vaticinatus
1621 1223 1723 1256 futura,
1743 1229 1791 1256 po-

1001 1283 1103 1305 stremo
1117 1277 1151 1305 ad
1172 1276 1313 1310 Beniamin
1324 1296 1332 1308 ,
1351 1279 1479 1308 tanquam
1496 1276 1576 1299 aetate
1590 1269 1727 1304 iuniorem
1746 1276 1791 1295 ve-

1001 1323 1058 1355 nit,
1091 1330 1123 1350 ac
1138 1329 1203 1350 sane
1224 1321 1309 1348 ﬁlium
1333 1320 1440 1354 quidem
1464 1318 1669 1352 alloquebatur;
1697 1321 1790 1341 revera

1001 1374 1092 1397 autem
1118 1367 1279 1403 designabat
1296 1367 1408 1394 Paulum
1421 1386 1428 1397 ,
1444 1372 1524 1400 quem
1543 1363 1667 1390 novimus
1687 1368 1720 1388 ex
1733 1361 1792 1394 ejus

1003 1416 1073 1442 tribu
1091 1415 1310 1442 descendentem.
1335 1411 1476 1446 Benjamin
1499 1410 1576 1444 lupus
1594 1415 1695 1443 rapam,
1716 1414 1792 1433 mare

1001 1461 1113 1489 comedit
1131 1466 1155 1488 et
1171 1460 1206 1486 ad
1220 1467 1352 1494 uesperam
1373 1457 1513 1484 distribuat
1532 1463 1604 1482 escas
1618 1454 1640 1480 ".
1658 1452 1790 1486 Exquira-

1002 1515 1063 1535 ntus
1076 1507 1140 1542 quid
1156 1506 1220 1534 illud
1234 1506 1327 1539 utique
1340 1505 1413 1536 velit,
1428 1511 1504 1530 mane
1514 1501 1660 1532 comedens,
1676 1499 1726 1526 hoc
1739 1504 1791 1530 est,

1002 1558 1171 1589 persecutor,
1184 1553 1229 1587 qui
1242 1552 1269 1579 in
1279 1551 1494 1579 czedesintentus
1503 1553 1578 1581 erat;
1593 1545 1720 1574 fundebat
1731 1552 1792 1571 sau-

159 1599 312 1635 (τουτέστι,
332 1598 441 1632 διώξας,
459 1597 604 1633 φονεύσας,
624 1596 722 1632 ἐκχέας
738 1596 850 1631 αἵματα,
868 1603 951 1630 σκορ-

1003 1601 1110 1636 guinem
1122 1620 1130 1632 ,
1148 1599 1221 1627 velut
1236 1605 1342 1633 gregem
1356 1595 1504 1624 Ecclesiam
1528 1592 1629 1621 Christi
1653 1591 1792 1626 disperge-

157 1655 175 1672 η.
183 1646 241 1678 ίσας
253 1645 291 1677 ὡς
301 1645 402 1680 ἀγέλην
413 1643 462 1680 τὴν
481 1643 666 1679 Ἐκκλησίαν).
676 1643 830 1669 τελευταῖον
843 1642 951 1676 ἐγένετο

157 1692 258 1727 νομεὺς
271 1692 319 1718 καὶ
335 1691 438 1726 ποιμὴν
451 1690 564 1724 ἀγαθὸς,
579 1689 749 1724 ἀποθέμενος
764 1687 810 1715 τὸν
823 1687 950 1723 διώκτην,

158 1737 207 1764 καὶ
219 1736 402 1772 ἐνδυσάμενος
413 1735 460 1762 τὸν
477 1734 625 1761 ἀπόστολον
639 1742 645 1749 ’
662 1735 730 1760 πᾶσι
745 1733 774 1760 δὲ
792 1733 830 1765 ὡς
849 1732 951 1768 τροφὴν

157 1783 294 1818 διανέμων
319 1782 365 1809 τὸν
389 1782 481 1817 νόμον,
509 1781 557 1807 καὶ
579 1780 628 1816 τὴν
654 1776 735 1814 ἁγίαν
757 1781 823 1814 ἡμίν
850 1779 952 1814 ταύτην

159 1829 342 1865 ἱδρυσάμενος
356 1827 511 1864 τράπεζαν.
534 1827 567 1854 Ἦ
583 1826 637 1862 γὰρ
651 1825 698 1852 τοῦ
718 1825 821 1861 Κυρίου
837 1824 952 1860 δύναμις

158 1875 282 1910 τοιαύτη,
303 1874 490 1909 ἁφοπλίζουσα
509 1872 556 1899 τοῦ
573 1872 660 1908 θυμοῦ
680 1871 795 1898 καὶτῶν
813 1870 952 1898 δυσσεὸὦν

159 1921 303 1957 νοημάτων
315 1921 379 1952 τοὺς
395 1919 601 1952 στασιάζοντας,
616 1916 810 1952 προσαγομένη
822 1916 851 1943 δὲ
867 1915 953 1952 εὐμη-

158 1967 259 2002 χάνως,
280 1966 328 1993 καὶ
347 1965 557 1997 τιθασσεύουσα,
576 1965 623 1991 καὶ
644 1963 769 2000 πρόϐατα
785 1963 876 1998 ἥμερα
892 1962 953 1989 ἀντὶ

160 2012 263 2048 θηρίων
278 2011 431 2039 δακνόντων
444 2010 628 2046 ἐργαζομένη.
653 2010 715 2036 Ἐπὶ
730 2009 846 2040 τούτοις,
858 2008 885 2035 τί
899 2016 952 2043 φη-

161 2067 204 2085 σιν
222 2059 239 2094 ἡ
259 2058 371 2094 Γραφή;
399 2058 441 2084 ὅτι
475 2056 656 2091 "pom-2.10M
671 2055 711 2088 τῷ
731 2055 870 2090 ἀρχιερεῖ,
884 2054 954 2089 ᾐτή-

160 2113 237 2132 σατο
253 2105 322 2139 παρ’
343 2103 436 2131 αὐτοῦ
454 2103 618 2135 ἐπιστολὰς
635 2103 680 2135 εις
700 2102 861 2136 Δαμασκὸν
878 2101 954 2135 πρὸς

160 2151 215 2184 τὰς
234 2150 428 2189 ⁶οὐναγωγὰς,
446 2149 528 2182 ὅπως
544 2149 617 2182 τοὺς
639 2149 837 2183 Χριστιανοὺς
857 2149 953 2184 ἀγάγῃ

160 2197 196 2223 ἐν
215 2197 425 2231 Ἰερουσαλήμ.

199 2244 232 2269 ’Ὠ
251 2243 324 2278 μάχη
349 2242 531 2278 καῖδιαφορὰ
551 2241 710 2273 ἐπιστολῶν,
729 2241 784 2268 τῶν
801 2242 862 2268 τότε
879 2242 954 2278 παρὰ

1003 1649 1049 1676 bat
1068 1657 1074 1674 :
1094 1649 1181 1674 bonus
1198 1646 1306 1673 demum
1327 1644 1415 1671 factus
1438 1646 1480 1670 est
1504 1645 1612 1676 pastor,
1630 1637 1793 1673 abjectoquc

1006 1696 1077 1730 quod
1094 1699 1152 1721 erat
1167 1691 1361 1729 persecutoris,
1374 1689 1524 1725 apostolum
1538 1687 1641 1719 induit;
1660 1683 1794 1712 nnirersis

1003 1749 1067 1769 vero
1089 1746 1217 1776 tanquam
1233 1746 1312 1767 escas
1338 1738 1424 1771 legent
1445 1733 1602 1765 distribuit,
1626 1737 1707 1766 atquc
1725 1731 1794 1757 hanc

1003 1788 1082 1815 nobis
1097 1794 1203 1814 sacram
1219 1792 1343 1813 mensam
1357 1782 1456 1819 posuit.
1470 1781 1544 1808 Talis
1559 1778 1658 1814 quippe
1674 1784 1705 1804 ac
1721 1779 1793 1803 tanta

1005 1835 1113 1862 exsistit
1127 1834 1173 1861 Dei
1189 1834 1286 1865 virtus,
1302 1836 1331 1858 ut
1348 1831 1389 1858 ira
1404 1829 1550 1864 impiisque
1565 1824 1731 1860 cogitatibus
1744 1829 1793 1850 ceu

1004 1880 1090 1907 armis
1109 1878 1255 1917 seditiosos
1270 1875 1367 1907 nudet,
1382 1874 1513 1908 facileque
1528 1871 1643 1898 adducat
1659 1874 1740 1902 atque
1757 1867 1794 1893 ci—

1005 1930 1094 1957 curet,
1108 1913 1310 1951 ac-mansuetas
1324 1927 1388 1948 oves
1399 1939 1406 1951 ,
1421 1925 1470 1953 pro
1483 1916 1578 1944 bestiis
1594 1921 1684 1942 morsu
1700 1913 1788 1957 luden-

1007 1970 1089 2003 tibus,
1104 1968 1208 1996 reddat.
1220 1966 1290 2000 Quid
1305 1965 1337 1992 ad
1355 1965 1412 1991 haec
1425 1960 1584 1996 Scriptura?
1599 1957 1741 1990 Accedens,
1754 1956 1794 2003 in-

1005 2001 1126 2052 quit,-ad
1144 2014 1287 2050 principem
1299 2011 1477 2041 sacerdotum,
1492 2007 1564 2042 petiit
1581 2005 1612 2032 ab
1628 2012 1657 2031 co
1671 2001 1794 2037 epistolas
1844 2006 1846 2010 '

1004 2050 1030 2090 in
1049 2063 1209 2089 Damascum
1224 2060 1257 2087 ad
1272 2065 1436 2095 synagogas,
1457 2059 1486 2082 ut
1502 2053 1667 2089 Christianos
1689 2050 1794 2076 duceret

1004 2109 1031 2135 in
1054 2106 1232 2135 Hierusalem.

1041 2243 1063 2271 0
1080 2250 1167 2279 pugna
1183 2247 1265 2276 atque
1278 2240 1434 2270 discrimen,
1450 2229 1554 2268 earum,
1567 2241 1634 2269 quas
1648 2238 1711 2260 tunc
1728 2229 1794 2257 Pau-

162 2289 269 2317 Παύλου
278 2289 359 2324 ξητου
364 2288 463 2324 μένων,
472 2289 520 2315 καὶ
525 2288 579 2315 τῶν
587 2288 620 2320 ἃς
628 2288 674 2315 τὸν
682 2289 702 2314 Χ
708 2287 798 2323 ριστὸν
806 2287 951 2321 καταγγέλ-

1007 2290 1048 2317 lns
1071 2289 1202 2324 epistolas
1229 2285 1403 2321 requirebat,
1425 2289 1590 2316 earumque,
1610 2286 1677 2314 quas
1704 2281 1795 2312 postea

162 2336 216 2362 λων
229 2335 343 2371 ὕστερον
355 2334 473 2370 ἔγραψεν
484 2335 491 2361 l
506 2336 539 2361 Al
552 2335 601 2370 μὲν
618 2334 749 2370 ὲδέσμουν
760 2334 953 2369 Χριστιανοὺς,

163 2381 192 2407 αι
205 2381 234 2406 δὲ
248 2380 297 2412 τὰς
312 2379 423 2411 ἁλύσεις
439 2379 487 2412 τὰς
511 2381 582 2416 ὑπὲρ
597 2379 716 2417 Χριστοῦ
732 2379 901 2417 περιέθηκαν
916 2380 956 2416 τῷ

163 2426 266 2467 δγιὼκτῃ
283 2427 394 2459 πολλὰς,
411 2427 458 2454 καὶ
474 2415 597 2463 βαρείας,
617 2415 663 2454 καὶ
678 2415 799 2462 χαλεπάς
815 2415 954 2461 ἐνεγκεῖν)

167 2473 246 2500 κάκεῖ
269 2472 318 2507 μὲν
339 2472 509 2509 ἐγέγραπτο·
531 2473 637 2505 Παῦλος
661 2473 796 2509 Ἐὕραῖος,
812 2473 860 2499 τοῦ
874 2473 955 2508 νόμου

164 2518 333 2554 προστάτης,
351 2519 449 2555 ἐχθρὸς
463 2519 509 2546 τοῦ
526 2519 654 2555 σταυροῦ,
672 2519 719 2546 τοῦ
732 2519 898 2553 Εὑαγγελίου
910 2528 956 2546 πο-

163 2565 274 2600 λέμιοςε
299 2565 328 2591 ὲν
352 2565 379 2592 δὲ
409 2566 470 2597 ταῖς
493 2565 738 2601 μεταγενεστέραις
769 2565 954 2597 Ἐπιστολαῖς·

164 2610 286 2643 Παῦλος
295 2610 405 2644 δοῦλος
418 2610 514 2645 Ἰησοῦ
521 2611 658 2644 Χριστοῦ,
669 2611 748 2638 Ποίου
756 2619 763 2643 ;
771 2611 901 2646 Πρόσχεςο
909 2610 956 2637 τοῦ

164 2657 383 2699 ἐσταυρωμένου.
398 2658 430 2683 ’Ὠ
444 2658 491 2684 τοῦ
507 2657 658 2693 θαύματοςῐ
673 2659 706 2683 ’⁷0
720 2658 774 2693 πρὸ
784 2658 874 2691 ὀλίγου
886 2657 956 2684 ὕνει-

164 2704 216 2735 δος.
240 2703 288 2730 νῦν
310 2704 406 2738 γέγονε
433 2704 581 2740 καύχημα·
603 2704 651 2730 καὶ
664 2704 695 2730 τὸ
722 2704 954 2739 ὲξουθενούμενον,

164 2753 201 2785 ὡς
219 2754 282 2787 δόξα
299 2754 419 2789 σήμερον
443 2753 651 2790 μνημονεύεται.
669 2753 763 2784 Οὐδεὶς
782 2753 834 2789 γὰρ
848 2753 952 2786 δοξοκό-

164 2806 214 2829 πος
247 2799 296 2824 καὶ
313 2799 436 2834 γαυριῶν
459 2799 584 2835 βασιλεὺς
612 2798 697 2830 οὕτως
717 2799 902 2833 ἐνεπόμπευσε
921 2800 954 2833 τῇ

165 2844 329 2879 περιφανείᾳ
347 2844 396 2879 τῆς
414 2845 510 2880 ἀρχῆς,
528 2845 566 2877 ὡς
590 2845 695 2876 Παῦλος
717 2844 756 2880 τῷ
779 2845 887 2880 σταυρῷ
910 2846 955 2871 καὶ

202 2935 211 2950 ι
232 2934 281 2960 Att
311 2942 349 2962 ιι.
371 2935 392 2962 ί.
434 2935 442 2946 ί
464 2935 524 2962 ῙΙΜ.
547 2936 554 2961 l
574 2942 631 2966 sqq.

1005 2322 1142 2362 Christum
1157 2332 1338 2362 annuntians,
1357 2328 1482 2364 scripsit!
1499 2327 1551 2355 Illae
1569 2325 1677 2361 quidem
1696 2322 1796 2349 vincie-

1006 2382 1071 2408 bant
1095 2380 1284 2410 Christianos;
1312 2378 1353 2404 ba:
1376 2381 1477 2406 autem,
1497 2374 1607 2404 multas,
1635 2375 1794 2405 gravesque,

1006 2433 1088 2462 atque
1111 2426 1241 2453 molestas
1253 2429 1365 2452 catenas
1376 2421 1478 2450 Christi
1494 2428 1574 2447 causa
1586 2417 1721 2448 ferendas,
1736 2422 1798 2449 per-

1005 2473 1124 2500 secutori
1151 2472 1317 2508 injeceruut;
1342 2475 1423 2505 atque
1446 2469 1472 2495 in
1498 2467 1548 2494 illis
1572 2464 1700 2498 scriptum
1726 2465 1796 2493 erat,

1007 2520 1107 2547 Paulus
1130 2519 1260 2546 llebrzeus
1289 2517 1356 2552 legis
1379 2515 1524 2546 defensor,
1547 2511 1673 2540 inimicus
1696 2508 1796 2540 crucis,

1006 2565 1145 2600 Evangelii
1165 2565 1266 2597 bustis;
1284 2564 1310 2590 in
1335 2560 1533 2598 posterioribus
1549 2564 1638 2586 autem
1652 2555 1795 2590 Epistolis:

1006 2611 1201 2638 Paulusservus
1213 2610 1275 2637 Jun
1284 2608 1411 2637 Christi“.
1425 2605 1587 2640 Cuiusnam?
1600 2611 1675 2638 rogo.
1687 2601 1796 2636 Utique”,

1010 2656 1144 2683 cruciﬁxi.
1158 2655 1180 2683 0
1196 2655 1373 2682 miraculum!
1388 2653 1464 2686 Quod
1487 2652 1566 2687 paulo
1582 2656 1644 2677 ante
1666 2648 1797 2683 probrum

1010 2702 1072 2735 fuit,
1088 2710 1158 2730 nunc
1173 2702 1243 2729 facta
1259 2707 1299 2729 cst
1311 2701 1452 2736 gloriatio;
1471 2699 1595 2734 quodque
1608 2694 1797 2732 spernebatur,

1011 2750 1103 2784 gloria:
1119 2749 1199 2776 hodie
1217 2748 1293 2776 titulo
1317 2752 1494 2774 mctnoratur.
1510 2744 1602 2772 Nullus
1621 2743 1692 2770 enitn
1707 2741 1800 2777 gloria?

1012 2797 1107 2823 avidus
1122 2803 1153 2822 ac
1168 2795 1298 2830 superbus
1321 2801 1367 2820 rex
1378 2813 1385 2825 ,
1401 2792 1506 2827 imperii
1524 2792 1591 2818 adeo
1605 2797 1633 2816 se
1648 2786 1800 2824 splendori-

1013 2842 1061 2869 bns
1077 2842 1188 2876 jactavil
1208 2849 1239 2868 ac
1259 2841 1364 2872 extulit,
1387 2844 1467 2874 atque
1483 2837 1582 2864 Paulus
1598 2842 1677 2863 cruce
1700 2839 1726 2861 ct
1745 2832 1800 2860 cla-

673 2936 681 2949 ⁷
701 2934 765 2962 ϐινιι,
791 2942 862 2961 nm,
880 2934 924 2960 ΞΤ.
966 2935 974 2949 ⁸
997 2935 1073 2961 llam.
1094 2942 1111 2965 ι,
1132 2934 1156 2960 l.
