2076 3155
287 163 334 190 2:”

923 161 951 187 S.
973 162 993 187 Α
999 161 1112 189 STERll
1132 160 1283 188 AMASENI

1863 159 1918 186 232

288 218 332 245 ubi
350 226 474 252 processu
490 218 633 248 sermonis,
644 217 765 248 Sanlnm,
778 216 887 243 l‘aulnm
906 217 1072 249 invenerunt,

1129 215 1281 250 αμείψαντα
1298 217 1330 250 τῇ
1348 215 1441 250 κλήσει
1458 215 1506 250 τὴν
1522 215 1643 251 γνώμην,
1667 215 1713 242 καὶ
1734 215 1780 241 τοῦ
1799 215 1917 250 Χριστοῦ

287 270 332 297 qui
348 270 398 289 una
418 270 480 290 cum
496 261 673 296 appellatione
687 261 806 288 animum
829 265 971 293 mutasset,
993 260 1075 288 Chri-

289 309 376 342 slique
391 308 515 335 eﬂ'ectum
529 315 647 342 servum,
662 315 694 334 ac
716 307 848 342 apostolis
859 307 918 334 aliis
933 306 1076 334 ferventio-

288 361 346 380 rem
360 353 530 388 discipulum,
558 352 673 387 primum
691 352 800 386 quidem
818 352 909 386 jocum
922 359 955 379 ac
971 352 1075 379 irrisio-

289 408 350 427 nem
364 400 485 427 arbitrati
498 404 562 427 sunt
579 407 638 433 quae
656 399 811 426 diceremur
831 407 839 425 :
854 403 882 426 at
899 398 943 426 ubi
959 399 1075 432 proban-

288 450 328 472 tes
337 450 463 477 mentem,
473 445 638 472 invenissent
646 445 761 473 sermoni
774 449 975 482 congruentem,
991 452 1075 472 unum

288 489 340 516 sibi
368 491 420 517 hoc
435 491 541 517 consilii
572 490 708 525 reliquum
734 495 906 525 putaverunt,
929 494 958 516 ut
985 490 1076 517 adole-

287 540 406 562 scentem
427 535 579 568 perderent,
597 540 723 569 tanquam
742 535 798 563 fieri
814 544 866 563 non
880 541 980 570 posset,
995 541 1023 562 ut
1040 536 1075 562 vi-

287 587 366 608 vente
393 581 476 609 Paulo
505 587 586 616 atque
613 581 756 616 loquente,
777 581 949 609 llebrmorum
982 582 1075 616 religio

288 635 379 662 so.~pes
391 629 469 655 foret.
484 626 567 663 quue
579 627 664 662 palam
678 632 762 656 totum
777 634 850 655 retro
861 634 965 664 tempus
976 631 1073 664 proba-

287 674 335 700 vit.
369 683 371 685 ’

322 720 389 747 Cum
410 721 482 747 enim
517 721 593 748 multi
621 721 761 754 hactenus,
793 722 900 750 tametsi
926 722 1074 750 Christiani

287 770 374 797 erant,
403 765 473 792 haud
500 771 609 799 possent
635 774 702 801 pure
718 775 750 794 ex
766 767 904 798 Evangelii
926 775 1020 795 norma
1037 769 1076 794 vi-

287 818 361 842 vere,
378 811 424 838 sed
445 811 575 839 baberent
590 812 615 839 in
630 817 772 848 utramque
785 819 899 847 partem,
912 821 944 841 ae
960 814 1076 848 quando-

287 865 338 891 que
351 858 431 884 etiam
446 863 588 886 uterentur
602 859 821 892 circumcisione,
837 865 867 886 ut
892 861 981 895 aliqua
997 867 1075 895 parte

1125 262 1228 293 δοῦλον,
1247 262 1294 288 καὶ
1309 262 1364 288 τῶν
1378 261 1464 288 ἄλλων
1478 261 1634 288 ἀποστόλων
1650 261 1774 297 μαθητὴν
1790 261 1918 297 θερμότε-

1127 315 1173 342 ρον
1183 315 1189 321 ·
1206 306 1239 334 τὰ
1253 307 1303 342 μὲν
1317 307 1424 342 πρῶτα,
1440 307 1550 334 παιδιὰν
1568 307 1615 334 καὶ
1635 307 1733 342 χλεύην
1747 308 1863 342 ἡγοῦντο
1882 307 1914 335 τὰ

1125 353 1269 388 λεγόμενα·
1286 353 1347 380 ἐπεὶ
1369 353 1398 380 δὲ
1419 353 1616 388 δοκιμάσαντες
1634 350 1712 390 εὗρον
1731 352 1914 388 ὁμολογοῦσαν

1125 399 1157 434 τῇ
1174 400 1249 434 φωνῇ
1270 398 1320 434 τὴν
1335 398 1456 434 γνώμην,
1474 398 1503 424 ἓν
1521 398 1713 425 ὲὸουλεύσαντο
1737 397 1826 433 μόνον,
1842 397 1917 429 ὅπως

1125 446 1139 470 ὁ
1171 444 1310 476 νεανίσκος
1338 444 1482 471 ἀπόλοιτο·
1513 444 1551 475 ὡς
1581 444 1631 470 οὐκ
1666 444 1726 470 ἐνὸν
1763 441 1832 470 εἶναι
1866 443 1916 478 τὴν

1131 489 1265 526 Ἐϐραίων
1284 490 1434 526 θρησκείαν
1454 491 1501 517 καὶ
1521 490 1708 526 χρηματίζειν,
1725 490 1825 522 ζῶντος
1843 489 1918 516 Παύ-

1125 536 1170 562 λου
1185 536 1233 563 καὶ
1248 536 1442 571 φθεγγομένου.
1463 536 1518 563 Καὶ
1534 536 1612 563 τοῦτο
1628 536 1721 571 σαφῶς
1740 536 1824 569 ἔδειξε
1847 537 1917 571 σύμ-

1126 591 1180 615 πας
1190 583 1204 610 ό
1216 582 1326 618 ὕστερον
1340 582 1446 618 χρόνος.

1162 717 1222 743 Ἔτι
1237 716 1291 752 γὰρ
1305 715 1358 742 τῶν
1372 714 1488 745 πολλῶν,
1503 715 1528 740 εί
1549 715 1595 741 καὶ
1611 714 1733 749 ὑπῆρχον
1748 714 1916 749 Χριττιανοὶ,

1125 762 1176 788 οὐκ
1199 761 1357 797 ἀρκούντων
1382 759 1510 795 καθαρῶς
1533 758 1582 795 ζῇν
1597 759 1666 786 κατὰ
1685 759 1715 785 τὸ
1739 759 1916 793 Εὐαγγέλιον,

1126 807 1183 834 ἀλλ’
1214 806 1463 842 ἀμφοτεριζόντων,
1493 805 1540 832 καί
1567 814 1618 832 που
1648 805 1695 832 καὶ
1722 806 1754 841 τῇ
1781 806 1916 840 περιτομῇ

1127 852 1357 889 προσχρωμὲνων,
1392 852 1425 879 ἶν’
1451 853 1483 878 ὲκ
1510 852 1609 887 μέρους
1643 852 1829 887 κεχαρισμένα
1862 853 1917 883 τοῖς

286 910 346 936 qme
362 902 462 931 Judaiis
475 909 551 938 grata
576 911 667 932 essent
683 910 852 940 prazstnnles,
875 906 970 941 eisque
985 907 1072 934 in'dul-

1131 899 1269 934 Ἑϐραίοις
1283 898 1433 930 ποιοῦντες,
1442 898 1488 924 τὸν
1501 897 1587 933 θυμὸν
1600 897 1688 924 αὐτῶν
1700 897 1915 932 ἐκμειλίξωνται·

287 953 389 982 gentes,
405 956 498 976 eorum
511 950 653 978 delinirent
668 951 746 978 iram.
765 951 843 979 Solus
856 952 900 979 hic
915 953 1074 987 imperenlsa

286 1000 386 1027 mente,
416 995 482 1022 nihil
500 996 642 1024 remissurn
659 1005 691 1024 ac
717 1005 770 1025 non
785 1005 940 1026 accuratum
964 1000 1073 1032 docuit;

286 1044 333 1067 sed
346 1041 417 1067 clara
445 1049 511 1069 voce
527 1047 607 1076 atque
624 1043 725 1070 diserte
743 1051 757 1070 a
775 1044 907 1079 principio
922 1052 1074 1073 sermonem

287 1084 452 1116 praedicavit.
479 1085 571 1120 quue
598 1088 722 1120 provexit
750 1088 881 1116 libertatis
911 1096 1016 1122 sensus,
1047 1096 1076 1118 ut

285 1136 347 1155 cum
363 1129 504 1162 aliquando
528 1131 639 1163 Galatae,
666 1140 725 1158 cum
755 1134 860 1167 propria
888 1134 937 1169 ipsi
956 1135 1074 1168 levitate,

287 1180 342 1201 tum
357 1175 547 1209 magistrorum
564 1178 735 1212 negligentia,
752 1179 783 1205 ad
797 1179 863 1214 legis
873 1181 1074 1209 observantiam

286 1219 386 1246 reversi
401 1225 504 1253 essent,
522 1221 638 1249 mirabili
653 1224 686 1249 ad
701 1230 748 1250 eos
763 1225 862 1258 scripta
881 1226 1005 1260 epistola,
1022 1235 1075 1262 qua

287 1266 312 1292 in
329 1265 447 1294 novitate
460 1267 620 1295 Christiana:
635 1269 696 1295 vita:
718 1269 843 1304 pietatem
858 1272 957 1299 sectari
970 1281 1002 1300 ac
1014 1274 1076 1301 reli-

285 1312 390 1347 gionem
402 1313 491 1340 colere
504 1314 630 1348 doceret;
646 1322 706 1341 cum
724 1316 781 1351 ipso
797 1318 983 1351 apostolorum
998 1320 1074 1355 prin-

285 1359 344 1393 cipe
368 1360 462 1387 horum
492 1361 636 1388 occasione
653 1369 815 1395 congressus
840 1363 876 1391 sit
897 1374 904 1392 :
927 1373 960 1392 ac
977 1366 1075 1401 ubique

286 1404 392 1432 Petrum
409 1407 632 1440 reprehendebat,
647 1416 766 1444 cumque
785 1417 817 1436 eo
835 1410 1006 1444 velitabatur,
1024 1420 1073 1439 ceu

285 1458 328 1483 eo,
348 1451 392 1485 qui
408 1458 528 1478 veterum
544 1461 604 1484 usu,
626 1461 659 1481 ac
673 1462 764 1482 eorum
781 1462 841 1489 qua:
858 1456 955 1483 abolita
972 1463 1073 1490 essent,

286 1504 384 1523 novam
396 1497 610 1525 Christianorum
639 1501 760 1527 turbaret
778 1501 984 1535 institutionem,
1007 1504 1074 1531 nihil

1128 946 1207 980 μόνος
1221 943 1297 977 οὗτος
1309 944 1512 980 ἁκαταπλήκτῳ
1529 944 1692 979 φρονήματι,
1706 944 1782 971 οὐδὲν
1795 944 1917 979 ὑφειμέ-

1126 1001 1171 1019 νον
1187 992 1320 1025 ὲδίδαξεψ
1337 991 1405 1018 ἀλλὰ
1424 991 1533 1026 καθαρᾷ
1546 992 1579 1026 τῇ
1597 992 1672 1026 φωνῇ
1690 991 1792 1018 ἄνωθεν
1815 991 1862 1018 τὸν
1874 991 1918 1018 λύ-

1125 1046 1173 1072 γον
1189 1038 1351 1073 ἐκήρυσσεν,
1368 1038 1415 1064 καὶ
1428 1038 1468 1068 εἰς
1481 1036 1608 1063 τοσοῦτόν
1622 1045 1653 1070 γε
1664 1036 1770 1072 προῦϐη
1782 1037 1828 1063 τοῦ
1842 1037 1916 1064 ἐλευ-

1126 1084 1215 1119 Οερίου
1236 1085 1422 1120 φρονήματος,
1441 1083 1511 1110 ὥστε
1526 1083 1593 1109 ποτὲ
1611 1083 1660 1118 μὲν
1674 1083 1811 1115 Γαλατῶν,
1828 1084 1917 1120 οἰκείᾳ

1125 1131 1273 1165 κουφότητι
1284 1131 1330 1157 καὶ
1341 1130 1473 1167 ὀλιγωρίᾳ
1487 1130 1541 1156 τῶν
1552 1130 1741 1162 διδασκόντων,
1754 1131 1794 1162 είς
1805 1130 1853 1166 τὴν
1867 1140 1915 1157 κα-

1125 1175 1160 1202 τὰ
1175 1175 1256 1211 νόμον
1270 1175 1524 1210 παλινδρομούντων
1538 1174 1619 1211 ζωὴν,
1635 1175 1684 1210 τὴν
1697 1175 1855 1211 θαυμαστὴν
1872 1176 1914 1202 αὖε

1125 1222 1180 1253 τοῖς
1196 1221 1309 1257 γράφων
1320 1220 1464 1256 ἐπιστολὴν
1478 1221 1522 1255 (δι’
1536 1218 1570 1256 ἧς
1584 1222 1612 1247 ὲν
1625 1221 1764 1256 καινότητι
1780 1221 1829 1257 τῆς
1846 1222 1916 1248 κατὰ

1126 1266 1242 1302 Χριστὸν
1264 1266 1401 1299 πολιτείας
1426 1266 1546 1293 εὐσεϐεῖν
1568 1267 1665 1299 αὐτοὺς
1691 1267 1738 1293 καὶ
1755 1267 1916 1303 θρησκεύειν

1126 1313 1239 1346 ἐδίδαξε,
1259 1315 1357 1349 μηκέτι
1373 1313 1540 1349 προσχόντας
1549 1314 1607 1345 τοῖς
1616 1314 1778 1350 γράμμασιν
1791 1316 1847 1346 τοῖς
1862 1315 1916 1341 ἀπὸ

1125 1359 1179 1385 τῶν
1191 1359 1299 1386 λιθίνων
1314 1359 1447 1395 πλακῶν),
1466 1360 1621 1396 συνεπλάκη
1641 1361 1684 1388 διὰ
1695 1360 1750 1387 τῶν
1762 1360 1915 1395 λεγομένων

1125 1404 1200 1440 αὐτῷ
1223 1404 1262 1440 τῷ
1284 1405 1424 1441 κορυφαίῳ
1440 1404 1494 1431 τῶν
1514 1405 1680 1438 ἀποστόλων,
1706 1406 1752 1433 καὶ
1776 1406 1915 1441 πανταχοῦ

1126 1451 1332 1486 καθαπτόμενος
1350 1451 1483 1478 διετέλεσε
1497 1452 1544 1479 καὶ
1562 1452 1706 1488 ἁψιμαχιῖΝ
1721 1453 1789 1488 πρὸς
1803 1453 1847 1480 τὸν
1863 1454 1916 1480 Πέ-

1125 1504 1199 1532 τρον,
1215 1496 1252 1528 ὡς
1269 1497 1318 1532 τὴν
1338 1497 1402 1524 νέαν
1424 1496 1600 1525 ἑπιθολοῦντα
1618 1498 1766 1531 πολιτείαν,
1778 1499 1811 1533 τῇ
1833 1507 1915 1534 προσ-

286 1543 418 1569 revcritrrs
443 1543 517 1571 senis
531 1552 623 1576 cauos,
641 1551 720 1573 antve
735 1548 899 1580 apostolatus
917 1551 1072 1584 prmrogati-

1125 1543 1221 1578 χρήσει
1235 1542 1287 1569 τῶν
1302 1542 1424 1569 παλαιῶν
1440 1543 1487 1570 καὶ¹
1504 1543 1686 1578 πεπαυμένων
1700 1543 1852 1578 δογμάτων·
1868 1546 1915 1570 καὶ

286 1594 358 1620 vam,
375 1588 419 1615 ubi
445 1589 531 1615 creari
556 1589 703 1623 periculum
719 1592 823 1619 veritati
854 1594 966 1621 vidisset
982 1604 989 1621 :
1007 1595 1071 1629 quin

286 1633 387 1661 Calatis
401 1634 507 1668 quidem
525 1636 657 1663 acerrime
670 1637 786 1670 restitit;
803 1637 912 1665 Petrum
927 1646 990 1666 vero
1012 1647 1071 1667 cre-

286 1678 335 1705 bro
350 1679 448 1713 arguit,
466 1687 545 1714 quam
561 1680 660 1708 licebat
671 1683 797 1716 maxime,
814 1683 965 1711 libertatem
975 1685 1085 1713 decore'

285 1732 316 1751 ac
325 1725 453 1752 modestia
463 1731 624 1761 temperans.
634 1728 673 1756 Ac
688 1729 786 1764 ubique
801 1730 909 1764 quidem
922 1731 1071 1765 praedican-

286 1771 319 1797 do
335 1777 367 1797 ac
375 1771 511 1798 suadendo
519 1780 627 1807 operam
639 1775 754 1808 ponebat
764 1784 770 1801 :
779 1776 850 1810 quod
858 1777 881 1803 si
891 1783 954 1803 vero
966 1777 1073 1811 quando

285 1817 365 1844 etiam
385 1817 412 1844 in
432 1819 544 1852 perditis
562 1820 684 1848 moribus
700 1828 849 1856 pravosque
864 1822 987 1851 homines
1004 1824 1071 1851 inci-

286 1863 362 1896 dens,
373 1871 453 1898 grave
469 1864 568 1900 aliquid
578 1873 672 1900 passus
681 1872 762 1899 esset,
774 1867 815 1893 vel
829 1867 966 1902 conjectns
975 1869 1000 1895 in
1012 1877 1073 1896 car-

285 1915 387 1940 cerem,
398 1909 440 1936 vel
454 1909 611 1937 verberibus
629 1910 751 1944 affectus,
770 1913 810 1939 vel
829 1914 964 1947 appetitus
978 1914 1073 1948 lapidi-

284 1953 334 1980 bus
347 1954 563 1989 ,baudqnaquam
576 1964 650 1982 suam
665 1957 735 1983 illam
748 1957 913 1985 alacritatem
926 1960 960 1985 ob
972 1959 1078 1989 malum

284 2006 376 2025 casum
392 2000 481 2026 amisit
497 2009 504 2027 :
518 2003 581 2035 quin
597 2002 729 2029 modicum
744 2003 852 2035 cedens,
870 2012 965 2031 rursus
981 2005 1072 2032 hosuas

283 2044 389 2076 adibat;
405 2053 568 2080 versarisque
578 2054 716 2074 sermones
725 2056 798 2080 suos,
813 2049 927 2084 felixque
938 2051 1024 2078 modis
1036 2051 1073 2078 in-

283 2090 423 2118 veniendis
431 2092 528 2126 quibus
541 2092 702 2126 adoriretur,
715 2102 746 2121 ac
755 2102 784 2121 se
793 2095 870 2123 facile
880 2097 1024 2125 admodum
1035 2099 1073 2126 in-

282 2135 434 2163 cidentibus
445 2141 534 2170 aptmn
548 2145 716 2173 comparans,
728 2147 836 2174 prorsus
846 2141 946 2173 abibat,
961 2143 1001 2169 vel
1014 2153 1072 2170 om-

282 2181 371 2214 nibus,
384 2182 434 2216 I'vel
453 2183 573 2216 pluribus
588 2185 613 2211 in
635 2193 711 2212 suam
735 2187 896 2214 sententiam
917 2192 1069 2223 pertractis.

1123 1588 1185 1615 οὐδὲ
1205 1588 1253 1623 τὴν
1279 1588 1374 1615 πολιὰν
1400 1588 1499 1624 ᾐδέσθη
1514 1589 1561 1616 τοῦ
1579 1590 1714 1625 γέροντος,
1731 1589 1792 1616 οὔτε
1817 1589 1851 1616 τὰ
1865 1590 1914 1625 τῆς

1124 1635 1275 1670 ἀποστολῆς
1287 1635 1428 1670 πρεσϐεῖα,
1443 1636 1487 1662 ὅτε
1500 1634 1553 1663 εἶδε
1566 1637 1774 1663 κινδυνεύουσαν
1788 1637 1836 1672 τὴν
1851 1637 1915 1672 ἀλή-

1124 1681 1209 1708 Θειαν.
1237 1681 1317 1708 Ἀλλὰ
1344 1681 1398 1708 τῶν
1421 1683 1470 1717 μὲν
1492 1682 1619 1709 Γαλατῶν
1641 1683 1822 1718 κατεξανέστη
1846 1691 1915 1718 σφο-

1123 1727 1203 1762 δρῶς,
1230 1727 1284 1754 τῶν
1311 1728 1331 1743 ¹⁸
1355 1727 1384 1754 δὲ
1410 1728 1540 1760 πολλάκις
1564 1728 1690 1764 ἕπληξεν,
1706 1729 1744 1761 ὡς
1774 1729 1845 1765 ἐνῆν,
1863 1730 1915 1766 τὴν

1124 1773 1281 1810 παρρησίαν
1305 1774 1456 1810 εὐπρεπείᾳ
1481 1775 1610 1811 κεράσας.
1634 1775 1689 1802 Καὶ
1709 1774 1846 1810 πανταχοῦ
1864 1776 1914 1810 μὲν

1123 1820 1234 1847 διετέλει
1261 1820 1347 1854 λέγων
1367 1820 1415 1848 καὶ
1432 1820 1544 1847 πείθων·
1568 1822 1592 1847 εί
1612 1821 1640 1848 δέ
1658 1830 1708 1847 που
1723 1822 1769 1848 καὶ
1785 1824 1914 1857 πονηροῖς

1123 1867 1216 1902 ἤθεσιν
1235 1867 1354 1902 ἐντυχὼν
1371 1867 1472 1894 ἐπαθέν
1485 1877 1511 1894 τι
1523 1867 1618 1900 δεινὸν,
1638 1868 1654 1903 ἦ
1673 1868 1858 1903 δεσμωτήριον
1875 1869 1914 1894 οἰ-

1124 1912 1251 1948 κήσας,ἢ
1274 1913 1409 1948 μάστιγας
1421 1912 1550 1948 rasam)
1568 1913 1650 1945 λίθοις
1668 1913 1785 1949 βληθεὶς,
1801 1914 1830 1939 οὐ
1851 1921 1915 1940 κατ-

1124 1959 1217 1985 έλυσεν
1243 1959 1292 1993 τὴν
1315 1958 1470 1994 προθυμίαν
1494 1959 1559 1996 [διὰ]
1581 1960 1631 1995 τὴν
1647 1960 1795 1994 γενομένην
1813 1960 1914 1985 ἀποτυ-

1124 2005 1195 2038 χίαν·
1221 2003 1290 2031 ἀλλὰ
1322 2004 1418 2041 μικρὸν
1448 2005 1588 2036 διαλιπὼν,
1625 2005 1705 2031 πάλιν
1733 2005 1828 2040 ἤγγιζε
1855 2006 1913 2036 τοῖς

1123 2048 1239 2083 ἐχθροῖς,
1267 2049 1314 2075 καὶ
1336 2050 1399 2080 τοὺς
1425 2049 1514 2076 αὐτῶν
1541 2050 1718 2085 ἀναστρέψων
1738 2049 1841 2083 λόγους,
1865 2050 1913 2075 καὶ

1122 2093 1185 2126 τοὺς
1197 2094 1314 2129 τρόπους
1325 2095 1379 2121 τῶν
1394 2095 1590 2130 ἐπιχειρήσεων
1603 2095 1776 2130 ἐξευρίσκων,
1791 2095 1912 2129 εὐμηχά-

1123 2148 1175 2170 νως
1191 2139 1219 2165 δὲ
1233 2139 1292 2166 λίαν
1311 2140 1378 2174 πρὸς
1396 2140 1445 2171 τὰς
1456 2140 1644 2175 ἐμπιπτούσας
1661 2140 1755 2175 χρείας
1775 2139 1912 2175 μεθαρμοη

1124 2183 1247 2218 ζόμενος,
1272 2184 1382 2216 πάντως
1405 2185 1488 2220 ἀπῄει
1515 2186 1619 2218 πείσας,
1644 2185 1660 2221 ἢ
1683 2186 1796 2217 πάντας,
1816 2185 1832 2220 ἢ
1849 2185 1913 2217 τοὺς

283 2226 359 2262 δινρο
370 2228 441 2255 enim
453 2237 513 2256 cum
525 2231 705 2259 acerbissimis
721 2232 804 2266 plagis
818 2234 935 2268 acceptis
947 2235 1070 2264 inventus

1123 2230 1246 2261 πολλοὺς.
1264 2231 1396 2262 Πολλάκις
1408 2231 1461 2267 γὰρ
1475 2231 1596 2267 εὑρεθεὶς
1610 2231 1678 2266 μετὰ
1694 2231 1800 2266 πληγὰς
1816 2232 1913 2266 ἀνηκέ-

282 2277 353 2300 esset
367 2274 399 2306 ",
431 2274 511 2309 inque
529 2276 603 2303 urbis
618 2276 690 2303 illius
707 2278 842 2306 suburhiis
862 2279 974 2314 ejectus,
987 2289 1067 2315 quam

281 2319 420 2345 erudiebat
434 2321 466 2345 ad
483 2319 609 2353 pietatem
620 2342 627 2354 ,
643 2322 705 2356 quin
722 2327 748 2350 et
761 2331 809 2357 pro
825 2330 930 2351 mortuo
942 2333 996 2360 prae
1010 2335 1051 2353 ma
1063 2341 1068 2346 ο

282 2367 366 2390 lorum
383 2364 515 2399 gravitate
528 2366 646 2399 habitus,
660 2368 788 2402 postridie
809 2369 896 2397 forum
916 2377 1020 2406 petens.
1036 2380 1067 2399 ac

282 2409 419 2436 dexteram
435 2412 609 2444 protendens,
639 2419 686 2439 eos
713 2413 807 2440 iterum
828 2415 952 2449 docebat,
972 2418 1017 2451 qui
1033 2417 1065 2443 ad

282 2455 376 2481 mortis
393 2454 463 2488 ipsas
490 2455 581 2482 fauces
598 2456 773 2484 adduxissent
788 2466 796 2484 :
817 2458 856 2485 sic
872 2459 939 2486 nihil
952 2461 1066 2487 curabat

280 2507 389 2533 corpus,
405 2499 520 2534 furtique
539 2502 630 2528 animo
656 2503 682 2528 in
705 2510 828 2537 supernae
841 2505 991 2532 vocationis
1005 2513 1066 2533 sco-

281 2553 343 2578 pum
360 2545 509 2578 intendens,
537 2547 705 2580 decet-tabat,
717 2549 829 2576 subinde
843 2550 1005 2583 provincias,
1022 2560 1066 2578 nr-

281 2593 328 2617 bes
344 2590 457 2618 subinde
483 2597 598 2625 mutans,
615 2598 684 2620 terra
711 2594 845 2622 desudans
863 2595 967 2624 labores
981 2603 1066 2632 atque

281 2636 440 2669 certamina,
465 2637 602 2666 accinctus
626 2639 659 2665 ad
677 2640 760 2667 maris
790 2642 917 2674 pericula,
943 2643 1015 2669 clare
1035 2651 1066 2670 ac

281 2683 381 2710 diserte
392 2691 473 2712 orans
488 2685 521 2712 ad
535 2685 680 2714 frementes
702 2687 823 2722 populos,
836 2684 973 2721 judicibus
987 2689 1064 2716 iratis

281 2729 461 2763 satisfaciens,
476 2729 601 2759 Hebrzeos
614 2733 647 2759 ad
662 2733 762 2760 Christi
782 2734 946 2768 agnitionem
959 2743 974 2761 a
989 2734 1064 2762 Scri-

280 2774 368 2806 pturis
380 2775 518 2809 inducens,
532 2784 598 2811 quas
623 2777 658 2804 illi
675 2779 700 2805 in
723 2780 808 2812 pretio
827 2780 954 2808 haberent
971 2779 1064 2812 ;Gra:-

317 2880 339 2898 ¹²
349 2881 410 2908 Act.
428 2890 482 2916 va,
498 2882 533 2909 2?.
546 2891 605 2918 sqq.
646 2885 666 2901 ¹³
681 2885 742 2920 Leg.
759 2886 814 2914 τόν.

1124 2285 1213 2308 στους,
1231 2277 1277 2303 καὶ
1299 2277 1387 2312 pugni;
1408 2278 1437 2304 ὲν
1458 2277 1630 2312 προαστείοις
1652 2277 1701 2313 τῆς
1718 2278 1821 2309 πόλεως
1841 2277 1912 2303 ὲκεί-

1121 2332 1182 2358 νης,
1199 2323 1231 2358 ἣν
1247 2323 1436 2358 ἐμυσταγώγει
1452 2324 1520 2359 πρὸς
1536 2324 1584 2359 τὴν
1599 2324 1752 2355 εὺσέὁειαν,
1774 2324 1913 2359 νομισοεὶς

1120 2370 1148 2396 δὲ
1167 2371 1212 2397 καὶ
1224 2370 1349 2397 τεθνάναι
1369 2371 1411 2397 διὰ
1425 2371 1454 2397 τὺ
1472 2371 1586 2406 μέγεθος
1603 2371 1656 2398 τῶν
1671 2371 1775 2404 δεινῶν,
1787 2372 1819 2406 τῇ
1834 2371 1912 2397 ὑστε-

1121 2417 1186 2452 ραίᾳ
1198 2417 1247 2451 τὴν
1262 2417 1364 2452 ἀγορὰν
1380 2417 1551 2449 καταλαϐὼν,
1570 2417 1615 2443 καὶ
1633 2417 1681 2452 τὴν
1697 2417 1788 2449 δεξιὰν
1803 2417 1913 2451 προτεί-

1119 2470 1178 2493 νας,
1197 2462 1278 2488 πάλιν
1293 2462 1429 2489 ἐδίδασκεν
1441 2463 1502 2495 τοὺς
1518 2464 1601 2497 ἐγγὺς
1615 2464 1769 2496 ἀγαγόντας
1782 2463 1911 2488 θανάτου·

1118 2508 1204 2539 οὕτως
1221 2508 1297 2534 οὐδὲν
1310 2509 1383 2544 αὐτῷ
1399 2509 1446 2535 τοῦ
1465 2509 1590 2544 σώματος
1609 2509 1730 2544 ἕμελλεψ
1742 2509 1810 2543 πρὸς
1824 2508 1853 2534 δὲ
1863 2507 1912 2534 τὸν

1120 2554 1220 2580 σκοπὸν
1237 2553 1345 2588 βλέπων
1362 2554 1412 2589 τῆς
1428 2554 1484 2581 ἄνω
1505 2555 1637 2590 κλήσεως,
1660 2555 1792 2590 καρτερὸς
1809 2553 1912 2588 ἠγωνί-

1119 2600 1189 2631 ζετο,
1208 2599 1299 2634 χώραν
1323 2600 1355 2626 ἐκ
1379 2600 1470 2636 χώρας
1490 2601 1620 2634 ἀμείϐων,
1643 2600 1719 2626 πόλιν
1741 2601 1773 2626 ὲκ
1793 2599 1911 2631 πόλεως,

1118 2647 1174 2676 τοῖς
1190 2646 1259 2672 κατὰ
1282 2646 1334 2681 γῆν
1353 2647 1444 2678 πόνοις
1465 2646 1592 2678 ἐναθλῶν,
1608 2646 1676 2682 πρὸς
1692 2646 1754 2677 τοὺς
1771 2645 1912 2677 κινδύνους

1118 2692 1180 2722 τοὺς
1211 2692 1245 2728 ἐκ
1270 2691 1406 2727 θαλάττης
1432 2693 1680 2728 παραταττόμενος,
1714 2692 1782 2728 πρὸς
1807 2691 1912 2726 δήμους

1119 2737 1304 2771 φρεμένοντας
1317 2741 1323 2748 '
1338 2738 1492 2774 ῥητορεύων
1502 2737 1604 2771 σαφῶς,
1613 2737 1752 2768 δικασταῖς
1768 2737 1915 2772 ὀργιζομέ-

1117 2793 1171 2815 νοις
1188 2785 1415 2820 ἀπολογούμενος·
1439 2785 1581 2820 Ἐϐραίους
1599 2785 1703 2819 ἐνάγων
1722 2785 1761 2816 εἰς
1780 2783 1830 2816 τὴν
1847 2784 1911 2810 ἐπὶ-
