2076 3155
127 150 180 179 ξὲθό

560 151 701 179 IIONIILIA
721 152 787 180 VIII.
810 152 844 178 IN
862 151 912 180 SS.
935 151 1076 179 PETRUM
1098 151 1140 178 ET
1160 151 1276 179 PAULU
1285 152 1317 178 II.

1709 153 1761 180 ΞΜ

127 219 226 245 γνωσιν
238 211 284 238 τοῦ
296 212 425 247 Χριστοῦ,
440 213 484 239 διὰ
502 212 554 239 τῶν
571 213 634 248 παρ’
653 213 743 245 αὐτοῖς
756 213 917 248 τιμωμένων

970 220 1015 238 eos
1029 212 1148 238 externis
1163 219 1195 239 ac
1212 211 1331 246 profanis
1347 211 1476 238 doctrinis
1497 209 1649 241 inﬂectens,
1662 218 1693 237 ac
1709 218 1760 237 ua-

127 257 299 292 γραμμάτων
309 267 316 273 ·
332 259 467 293 ’Έλληνας
483 261 539 291 τοῖς
554 259 652 292 ἔξωθεν
669 259 801 286 δυσωπῶν
815 259 916 293 λόγοις,

127 304 173 329 καὶ
187 305 243 334 τοῖς
260 303 397 339 ἀγράφοις
413 304 506 339 νόμοις
527 305 577 339 τῆς
595 304 716 338 φύσεως·
740 305 918 340 Χριστιανοὺς

127 349 253 384 βεϐαιῶν·
269 350 459 385 προσηλύτους
480 350 638 385 οἱκοδομῶν,
660 350 708 377 καὶ
732 350 838 386 τρέφων
862 351 919 382 τοῖς

126 396 294 431 προσφόροις
307 397 480 432 διδάγμασιν,
494 397 532 429 ὡς
546 398 693 433 φυτουργοὶ
716 398 750 424 τὰ
766 398 850 434 νεαρὰ
865 397 919 424 τῶν

126 442 228 476 φυτῶν,
251 444 285 478 τῇ
308 443 456 479 συμμέτρῳ
483 444 529 470 καὶ
551 444 721 480 πεφεισμένῃ
739 445 792 471 τῶν
815 445 919 471 ὑδάτων

125 489 255 524 ἐπιρροῇ.
275 489 308 514 "U
328 488 357 515 δὲ
381 489 495 524 μάλιστα
515 489 652 516 δείκνυσιν
673 490 756 516 αὐτοῦ
773 490 822 525 τὴν
837 491 866 517 ὲν
879 490 920 517 λό-

125 542 185 567 γοις
202 534 289 569 ἰσχὺν,
306 534 519 569 καταμάθωμεν.

168 580 291 614 Ἀθῆναι,
308 580 384 611 πόλις
407 580 480 606 ἐστὶν
499 580 695 616 προκαθημένῃ
719 581 767 616 τῆς
796 582 916 617 Ἀχαΐας,

127 626 206 652 ἑστία
227 625 322 659 λόγων,
347 625 385 656 ὡς
411 626 541 660 προεῖπον
565 625 648 661 αὐτὴν
672 627 697 652 οἱ
719 627 915 662 εὐφημοῦντες,

127 665 217 705 σοφῶν
230 670 334 706 ἀνδρῶν
349 671 395 697 καὶ
407 671 462 697 τῶν
478 672 506 698 ὲν
520 671 609 706 λόγοις
625 671 733 704 ζώντων
747 672 861 699 παλαιὸν
872 674 917 709 ἐρ-

125 718 283 752 γαστήριον.
307 717 382 743 Ἐπεὶ
392 718 480 744 τοίνυν
491 719 505 744 ὁ
519 717 621 749 Παῦλος
636 718 667 744 τὸ
686 718 831 753 Ἰλλυρικὸν
843 719 917 745 ἅπαν

123 764 289 799 διαδραμὼν,
306 764 353 791 καὶ
368 765 506 800 πανταχοῦ
524 765 604 801 ῥίψας
617 765 681 797 τοὺς
695 766 847 801 σπινθῆρας
867 767 917 801 τῆς

125 810 252 842 πίστεως,
269 810 316 842 οὒς
336 811 366 837 τὺ
380 811 494 847 Πνεῦμα
512 811 679 846 παραλαϐὼν
696 812 856 848 ἀνερῤίπιζε
871 814 918 839 καὶ

124 855 278 888 ἀσϐέστους
291 857 393 892 ἐτήρει,
404 855 470 892 ἦλθε
485 857 555 884 κατὰ
568 858 618 893 τὴν
633 858 727 894 χρείαν
735 859 784 894 τῆς
792 859 916 895 περιόδου

124 901 172 928 καὶ
185 902 252 937 πρὸς
265 902 327 934 τοὺς
342 903 439 937 σοφοὺς
458 903 624 939 Ἀθηναίους.
639 905 759 940 Πρᾶγμα
771 903 805 941 ἦν
816 905 918 940 πολλῆς

125 947 261 983 μερίμνης
284 947 368 980 ἄξιον,
394 949 452 980 πῶς
472 948 505 975 ἂν
527 951 541 976 ὁ
565 951 753 986 σκηνορῤάφος
772 952 835 983 τοὺς
854 953 918 987 περὶ

124 993 192 1020 Θεοῦ
218 993 313 1028 λόγους
341 995 456 1026 ἐκείνοις
479 995 709 1031 δημηγορήσειεν,
732 998 789 1029 τοῖς
813 998 918 1031 ἀξιοῦσι

125 1039 197 1066 κατὰ
212 1040 335 1066 παιδείαν
349 1041 458 1067 πάντων
473 1040 531 1075 ἅμα
547 1041 698 1076 βασιλεύειν
711 1041 872 1078 ἀνθρώπων.
889 1043 919 1069 Ὀ

123 1085 153 1111 δὲ
173 1086 283 1120 μεγέθει
304 1085 424 1121 φύσεως,
447 1086 494 1112 καὶ
510 1086 616 1122 πλούτῳ
628 1087 678 1122 τῆς
694 1087 799 1114 ἄνωθεν
815 1088 918 1124 δωρεᾶς

124 1130 318 1166 ἐπαιρόμενος,
332 1131 382 1166 οὑχ
400 1132 448 1159 ἕνα
466 1132 520 1159 τῶν
533 1133 690 1167 ὑποστέγων
703 1134 792 1169 δόμων
804 1135 919 1161 κατέλα-

123 1176 183 1210 ϐεν,
210 1177 271 1203 οὐδὲ
298 1178 340 1212 ἐφ’
360 1178 418 1210 ἐνὸς
440 1179 623 1214 ἐργαστηρίου
647 1180 772 1213 καθίσας,
800 1180 918 1213 διάλεξιν

125 1224 284 1260 ἐποιήσατο,
304 1224 342 1256 ὡς
356 1225 486 1251 εἰώθεσαν
503 1225 550 1252 καὶ
564 1226 587 1252 οἰ
603 1226 706 1263 πρῶτοι
718 1227 771 1253 τῶν
785 1227 849 1263 παρ’
869 1228 918 1254 αὑ-

123 1271 182 1301 τοῖς
210 1270 362 1304 φιλοσόφων
392 1272 510 1298 συνεῖναι
533 1273 589 1304 τοῖς
611 1272 824 1308 πλησιάζουσιν
850 1273 918 1300 ἀλλὰ

125 1315 195 1351 πρὸς
215 1315 260 1342 τὸν
275 1316 384 1351 ’Ἄρειον
402 1316 489 1350 πάγον
510 1317 686 1353 ἀναδραμὼν,
701 1317 765 1344 ἔνθα
785 1315 820 1353 ἦν
837 1318 918 1354 βουλὴ

124 1360 232 1397 σκληρὰ
248 1361 295 1388 καὶ
312 1361 452 1396 ἐπίφοϐος,
467 1364 527 1394 ταῖς
541 1364 663 1397 φονικαῖς
680 1363 769 1395 δίκαις
793 1364 919 1396 δικάζου-

124 1415 169 1433 σα·
187 1407 274 1442 εὑρὼν
293 1407 321 1433 δὲ
340 1407 440 1443 πλῆθος
454 1409 513 1434 ἐκεῖ
530 1409 734 1443 συνειλεγμένον
754 1409 832 1441 πολὺ,
853 1409 918 1442 στὰς

123 1451 292 1487 ἐδημηγόρει
322 1452 392 1487 ὑπὲρ
416 1452 479 1482 τοὺς
500 1452 598 1484 ἐθάδας
621 1454 749 1488 ῥήτορας,
774 1453 836 1485 τοὺς
853 1453 918 1480 «καθ’

123 1498 232 1534 ἡμέραν
254 1498 319 1534 παρ’
338 1498 428 1530 αὐτοῖς
450 1498 677 1534 ἀγωνιζομένους.
696 1498 794 1526 Λαῦὼν
818 1499 847 1526 δὲ
869 1499 919 1534 τὴν

125 1543 214 1578 ἀρχὴν
240 1542 269 1575 ἐξ
290 1543 512 1578 ἐπιγράμματος,
539 1543 608 1578 ὅπερ
624 1541 658 1579 ἦν
681 1544 918 1580 ἐγκεκολαμμένον

126 1589 221 1625 βωμῷ,
252 1589 379 1616 κάκεῖθεν
408 1589 500 1620 αὐτοῖς
532 1589 696 1625 εὐαφόρμως
719 1590 765 1617 τὸν
782 1590 919 1624 ἄγνωστον

127 1635 310 1669 καταγγείλας
328 1634 405 1667 Θεὸν,
429 1635 476 1662 καὶ
494 1635 638 1670 σύμπαντα
665 1635 795 1670 τὸνλόγον
820 1644 920 1671 συμπε-

126 1681 296 1717 ρανάμενος,
315 1681 441 1708 τοσοῦτον
472 1682 576 1717 ἀπέσχε
605 1681 652 1708 τοῦ
685 1682 722 1714 ὡς
743 1681 850 1718 ἰδιώτης
869 1683 919 1718 τῆς

124 1725 225 1758 ἔξωθεν
243 1726 339 1761 σοφίας
356 1726 517 1762 διαμαρτεῖν
531 1734 556 1752 τι
570 1727 633 1762 περὶ
652 1727 714 1758 τοὺς
726 1726 831 1761 λόγους,
849 1727 919 1753 ὥστε

124 1772 171 1798 τὸν
184 1774 332 1808 κορυφαῖον
348 1772 402 1799 τῶν
424 1772 626 1808 Ἀρεοπαγιτῶν
639 1772 683 1799 τὸν
697 1772 844 1804 Διονύσιον,
862 1772 920 1807 ἃμα

127 1818 178 1853 μὲν
201 1819 234 1854 τῇ
254 1818 364 1853 γυναικὶ
378 1818 475 1850 πείσας
491 1818 651 1853 μετέστησε,
667 1819 713 1845 καὶ
731 1818 777 1844 τοῦ
801 1818 918 1854 Χριστοῦ

126 1864 274 1899 εἰργάσατο
291 1864 394 1896 δοῦλον,
415 1864 444 1898 ἐξ
466 1864 524 1896 ἑνὸς
546 1864 651 1900 βωμοῦ,
677 1865 723 1891 καὶ
745 1864 845 1901 μικροῦ
861 1865 920 1891 ἐπι-

127 1910 302 1946 γράμματος,
322 1910 426 1937 πολλῶν
440 1911 599 1946 ἀποστήσας
617 1910 726 1947 βωμῶν.

161 2041 305 2068 Κατελθὼν
336 2042 365 2068 δὲ
397 2042 510 2078 νικητὴς
545 2041 669 2074 ἐκεῖθεν,
705 2042 769 2069 ἔνθα
804 2042 920 2078 μάλιστα

126 2090 218 2123 ῐσχυεν
229 2088 243 2114 ὁ
256 2088 404 2123 πολεμικὸς
420 2087 475 2114 τῶν
498 2087 631 2124 Ἑλλήνων
645 2087 759 2123 δαίμων.
774 2089 878 2115 ἐκεῖθεν
892 2089 920 2115 δὲ

127 2135 248 2170 μεταῦὰς
261 2135 330 2170 πρὸς
342 2134 391 2170 τὴν
405 2134 515 2169 γείτονα
526 2134 603 2161 πόλιν
615 2134 664 2170 τὴν
678 2134 821 2170 Κόρινθον,
838 2133 920 2162 οὖσαν

125 2181 176 2216 τῆς
197 2181 307 2216 Ἀχαΐας
321 2180 496 2216 μητρόπολιν,
514 2180 562 2206 καὶ
587 2179 707 2215 λαλήσας
732 2181 761 2206 ὲν
782 2181 843 2212 ταῖς
857 2189 920 2207 συν-

972 262 1038 284 tura:
1053 257 1156 292 legibus
1173 265 1225 284 non
1245 257 1364 291 scriptis,
1391 257 1556 284 conﬁrmans
1580 255 1760 287 Christianos,

970 303 1121 338 proselytas
1145 309 1173 331 et
1201 303 1247 338 qui
1278 303 1339 330 ﬁdei
1367 302 1549 330 accessissent
1568 301 1714 333 adiﬁcans,
1730 309 1761 328 ac

969 349 1097 384 congruis
1111 349 1242 376 doctrinis
1258 348 1344 381 alens,
1359 348 1397 374 uti
1426 353 1531 375 satores
1557 347 1675 374 novellas
1687 348 1761 382 plan-

972 401 1023 429 tas,
1043 397 1183 424 moderato
1207 403 1238 422 ac
1256 395 1388 430 castigato
1405 402 1536 429 aquarum
1555 394 1655 421 inﬂuxu
1670 395 1762 421 fovent

970 451 1001 469 ac
1014 446 1146 469 recreant.
1175 441 1249 475 Quod
1271 449 1334 469 vero
1363 440 1420 474 ejus
1448 441 1564 468 maxime
1576 440 1631 467 vim
1655 440 1761 467 dicendi

970 487 1102 520 ostendit,
1115 486 1142 514 id
1159 494 1223 514 vero
1234 486 1429 521 perdiscamus.

1005 578 1128 611 Athenae,
1141 578 1207 605 urbs
1227 582 1271 605 est
1284 578 1394 605 Achaia:
1409 577 1550 613 primaria,
1576 577 1760 605 doctrinarum

969 625 1056 657 sedes,
1077 625 1114 651 uti
1141 624 1206 651 olim
1233 624 1401 652 laudatorum
1429 631 1477 651 ore
1499 624 1596 652 meruit
1620 623 1762 655 celebrari,

971 671 1090 697 virorum
1103 671 1267 704 sapientum,
1284 678 1316 697 ac
1328 670 1480 697 litterarum
1506 670 1650 697 colentium
1663 670 1760 698 studia.

969 718 1078 752 antiqua
1092 717 1210 744 oﬁicina.
1224 717 1296 750 Quia
1319 725 1385 752 ergo
1401 716 1500 744 Paulus
1520 722 1603 744 totum
1626 716 1760 754 Illyricum

969 769 1143 796 percurrens,
1171 770 1202 789 ac
1233 761 1334 796 ubique
1362 769 1493 796 spargens
1522 762 1658 789 scintillas
1688 762 1760 793 ﬁdei,

969 815 1038 843 quas
1058 816 1159 842 auspex
1175 807 1292 842 Spiritus
1313 808 1449 835 excitabat
1466 808 1498 841 “,
1515 809 1642 843 vivasque
1656 816 1763 843 semper

970 855 1116 887 servabat,
1143 854 1298 881 necessario
1315 854 1429 881 circuitu
1455 854 1488 880 ad
1505 854 1640 888 sapientes
1653 861 1763 888 quoque

935 891 956 920 Β
970 901 1150 928 Athenienses
1167 906 1296 928 venerat:
1311 908 1354 928 res
1368 906 1426 927 erat
1440 901 1522 928 multa
1540 901 1618 935 digna
1633 901 1762 928 sollicitu-

971 947 1032 974 dine
1051 956 1058 975 :
1077 955 1130 982 qua
1142 954 1206 974 vero
1220 947 1325 974 ratione
1341 947 1472 974 coriarius
1484 947 1574 980 homo,
1592 955 1640 982 pro
1649 948 1762 974 concio-

971 1000 1005 1019 ne
1027 993 1059 1019 de
1088 993 1142 1020 Deo
1170 993 1239 1027 apud
1259 1000 1306 1020 eos
1324 998 1451 1019 oraturus
1469 998 1551 1024 esset,
1575 993 1620 1027 qui
1634 993 1763 1021 universo

971 1038 1050 1065 simul
1068 1039 1186 1066 lmntano
1201 1039 1305 1074 generi,
1320 1044 1350 1066 ut
1380 1040 1560 1066 eruditionem
1576 1045 1691 1074 spectes,
1715 1040 1762 1066 do-

972 1085 1068 1112 minari
1086 1085 1188 1113 vellent
1202 1085 1213 1111 ?
1226 1085 1270 1112 Ille
1297 1085 1470 1113 nihilominus
1483 1085 1564 1113 animi
1580 1094 1611 1113 ac
1622 1086 1691 1121 genii
1706 1093 1763 1112 ma-

970 1131 1120 1166 guiludine,
1136 1132 1301 1167 supernique
1311 1132 1373 1159 doni
1388 1132 1474 1159 fretus
1487 1132 1601 1165 divitiis,
1613 1139 1665 1159 non
1680 1139 1760 1158 unam

970 1178 1088 1212 aliquam
1122 1179 1200 1213 petiit
1221 1179 1442 1213 sublegulaneam
1471 1179 1593 1210 domum,
1623 1183 1703 1204 autve
1734 1177 1761 1204 in

970 1225 1086 1259 quadam
1102 1224 1207 1252 olﬁcina
1227 1225 1334 1257 sedens,
1359 1224 1496 1258 disputare
1521 1224 1613 1258 cmpit,
1627 1223 1764 1258 quomodo

971 1272 1053 1298 etiam
1072 1271 1151 1306 primi
1169 1278 1200 1298 ac
1225 1271 1351 1305 prmcipui
1376 1272 1445 1305 apud
1458 1278 1504 1298 eos
1514 1270 1681 1304 philosophi,
1701 1277 1761 1297 cum

971 1317 1014 1349 iis,
1036 1318 1080 1352 qui
1095 1317 1238 1352 propiores
1269 1317 1389 1349 adibant,
1410 1323 1592 1343 consuescere
1622 1316 1761 1348 solebant;

970 1364 1016 1390 sed
1028 1363 1060 1390 ad
1078 1364 1165 1398 ipsum
1196 1363 1366 1397 Areopagum
1393 1369 1552 1393 excurrens,
1578 1362 1623 1388 ubi
1652 1369 1763 1388 severus

971 1410 1079 1443 quidam
1095 1417 1126 1436 ac
1140 1408 1318 1436 formidabilis
1333 1413 1453 1439 senatus,
1466 1408 1594 1442 capitales
1611 1415 1707 1434 causas
1720 1407 1762 1442 ju-

971 1456 1075 1488 dicans,
1090 1455 1212 1487 sedebat,
1238 1456 1402 1488 inventaque
1418 1454 1483 1488 ,illic
1512 1453 1625 1481 collecta
1654 1452 1762 1488 copiosa

971 1501 1143 1528 multitudine
1159 1505 1247 1532 stans,
1264 1500 1371 1535 publica
1395 1499 1527 1527 concione
1540 1503 1686 1525 consuetos
1701 1505 1759 1525 ora-

972 1553 1043 1574 tores
1061 1547 1197 1579 vincebat.
1208 1554 1323 1582 quorum
1341 1546 1410 1580 apud
1436 1553 1482 1573 eos
1497 1546 1657 1579 eloquentia:
1673 1545 1760 1572 éerta-

972 1594 1044 1620 mina
1071 1593 1191 1628 quotidie
1217 1597 1305 1620 erant.
1336 1591 1422 1619 Ducto
1438 1596 1527 1618 autent
1545 1591 1657 1618 exordio
1672 1591 1706 1617 ab
1720 1590 1760 1617 in-

970 1639 1130 1675 scriptione,
1146 1647 1205 1673 qute
1219 1639 1296 1666 altari
1315 1638 1448 1672 insculpta
1465 1642 1535 1670 erat,
1553 1637 1665 1671 ejusque
1682 1644 1761 1663 oeca—

971 1687 1048 1714 sione
1064 1687 1185 1720 ignotum
1201 1685 1242 1712 eis
1258 1685 1341 1712 Deum
1364 1689 1513 1719 opportune
1542 1683 1718 1715 anmmtians,
1732 1690 1762 1709 ac

971 1734 1078 1759 demum
1098 1737 1153 1759 tota
1185 1730 1307 1758 absoluta
1336 1730 1469 1763 oratione,
1497 1734 1601 1756 tantum
1631 1729 1706 1756 abest
1735 1733 1763 1754 at

971 1779 1052 1805 idiota
1068 1778 1113 1805 ille
1126 1786 1159 1805 ac
1174 1778 1258 1809 rudis,
1274 1778 1348 1812 quod
1375 1777 1409 1803 ad
1434 1781 1573 1804 externam
1601 1775 1761 1810 sapientiam

970 1828 1083 1857 spectat,
1096 1823 1196 1859 aliquid
1231 1823 1345 1850 dit-endo
1369 1822 1534 1856 peccaverit,
1552 1826 1579 1847 ut
1591 1822 1671 1848 etiam
1685 1829 1762 1848 sena-

972 1875 1013 1896 tus
1029 1869 1161 1904 ejusmodi
1172 1869 1321 1903 principem
1347 1868 1515 1902 Dionysium,
1537 1875 1589 1893 una
1606 1875 1667 1893 cum
1679 1874 1763 1894 uxore

974 1915 1056 1942 dictis
1069 1915 1287 1949 acquiescentem
1305 1914 1482 1944 converterit,
1498 1920 1529 1940 ac
1539 1912 1640 1940 Christi
1653 1921 1761 1940 servum

970 1960 1143 1994 cﬁecerit,jab
1157 1967 1209 1987 uno
1218 1959 1296 1987 altari
1310 1967 1342 1986 ac
1352 1966 1433 1994 parva
1446 1958 1562 1994 quadam
1578 1958 1762 1993 inscriptione,

972 2016 986 2034 a
1006 2007 1154 2034 multorum
1170 2006 1301 2040 religione
1314 2005 1440 2031 altarium
1453 2009 1588 2031 avertens.

1005 2053 1070 2080 lude
1085 2060 1150 2080 vero
1168 2053 1255 2080 victor
1281 2051 1398 2084 rediens,
1424 2050 1468 2078 ubi
1485 2051 1601 2077 maxime
1617 2050 1692 2077 fortis
1705 2054 1762 2077 erat

971 2099 1084 2126 bellicus
1112 2098 1252 2133 gentilium
1286 2099 1401 2128 daemon,
1416 2105 1447 2124 ac
1462 2097 1524 2124 inde
1538 2096 1570 2123 ad
1586 2097 1700 2124 vicinam
1717 2104 1762 2123 ur-

971 2145 1031 2172 bem
1044 2145 1203 2172 Corinthum
1234 2144 1380 2175 transiens,
1397 2143 1505 2170 Achaite
1524 2143 1702 2177 metropolim,
1724 2142 1762 2168 lo-

970 2199 1110 2226 qucnsque
1128 2192 1154 2218 in
1182 2191 1329 2226 synagogis
1349 2191 1500 2218 doctrinam
1524 2189 1681 2222 Salutarem,
1697 2189 1763 2216 abiit

125 2227 249 2260 αγωγαῖς
262 2225 292 2252 τὸ
308 2226 441 2262 σωτήριον
452 2225 580 2261 δίδαγμα,
593 2224 678 2260 ᾤχετο
693 2225 768 2260 ἄγων
782 2226 918 2261 προσήλυ-

972 2237 1098 2271 adjuncto
1118 2237 1189 2270 ﬁdei,
1222 2245 1274 2264 non
1290 2224 1347 2264 uno
1364 2236 1455 2270 aliquo
1476 2243 1491 2262 e
1509 2236 1610 2268 multis,
1628 2243 1676 2262 seu
1692 2236 1761 2270 vulgi

125 2280 181 2302 τον,
198 2271 247 2307 οὐχ
260 2271 308 2298 ἕνα
324 2271 379 2297 τῶν
395 2271 511 2303 πολλῶν,
524 2272 584 2298 οὐδὲ
601 2272 655 2299 τῶν
668 2272 860 2307 ἐπιτυχόντων,
873 2274 920 2300 ἀλ-

126 2316 160 2343 λὰ
176 2317 256 2344 αὑτὸν
268 2317 314 2343 τὸν
330 2318 563 2353 ἀρχισυνάγωγον,
580 2319 648 2354 μετᾶ
663 2319 710 2346 τοῦ
728 2319 830 2352 παντὸς
844 2320 920 2356 πλή-

126 2363 191 2395 θους
200 2363 250 2398 τῆς
261 2359 359 2396 οἱῖίίας·
374 2364 421 2391 καὶ
436 2366 551 2399 νικήσας
568 2365 622 2392 ἀπὸ
634 2366 756 2402 κορυφῆς
767 2366 812 2393 τὸν
825 2366 917 2401 νόμον,

126 2409 176 2435 ua).
192 2410 344 2443 μεγαλύνας
357 2410 402 2436 τὸν
417 2410 543 2446 σταυρὸν.
561 2411 598 2443 ὡς
613 2411 714 2446 ὑψηλὸν
724 2412 863 2448 τρόπαιον,
877 2413 919 2439 οὖ-

125 2464 166 2482 τω
185 2455 315 2491 κάκείνην
331 2456 422 2491 ἀφῆκε
435 2457 485 2492 τὴν
500 2457 587 2489 πόλιν,
604 2458 642 2493 τῷ
655 2459 765 2494 Χριστῷ
779 2459 918 2494 ὑποκύψα-

126 2511 188 2528 σαν.
203 2501 257 2527 Τοῦ
271 2502 298 2528 δὲ
312 2503 407 2537 χρόνον
422 2504 572 2539 προϊόντος,
588 2505 635 2531 καὶ
649 2505 696 2531 τοῦ
713 2505 793 2539 λόγου
808 2506 856 2541 τῆς
869 2507 922 2532 εὑ-

127 2548 238 2580 σεόείας
251 2549 479 2584 προσκόπτοντος,
495 2550 590 2586 ὥσπερ
606 2559 648 2582 τις
663 2552 816 2587 στρατηγὸς
834 2552 920 2578 διετέ-

125 2595 177 2621 λει⁸
195 2593 406 2630 προσκτώμενος
425 2595 464 2631 τῷ
490 2596 596 2630 βασιλεί
613 2597 674 2623 καθ’
690 2598 796 2633 ἡμέραν
817 2598 919 2632 πόλεις,

127 2640 235 2675 κώμας,
250 2641 362 2676 ἀγροὺς,
383 2641 545 2668 ὑποκόπτων
564 2642 599 2669 τὰ
616 2642 699 2679 νεῦρα
724 2644 770 2670 τοῦ
788 2645 921 2681 πρότερον

128 2687 292 2722 κρατοῦντος
305 2688 437 2722 τυράννου
443 2709 449 2715 .

162 2733 303 2769 Μετῆλθεν
318 2731 364 2760 οὖν
383 2735 414 2760 ἐκ
430 2734 562 2771 Κορίνθου
581 2735 648 2771 πρὸς
663 2735 711 2772 τὴν
734 2736 787 2764 τῶν
804 2737 920 2764 Πισίδων

127 2777 229 2814 χώραν,
247 2776 307 2805 εἶτα
319 2779 369 2814 τὴν
383 2779 534 2806 Λυκαονίαν
549 2780 656 2812 καὶτὰς
670 2781 720 2816 τῆς
735 2782 854 2817 Φρυγίας
869 2783 918 2810 πό-

162 2877 256 2906 “Act.
272 2886 338 2911 xvn,
354 2879 387 2906 16
401 2887 476 2915 seqq.
517 2881 538 2896 ¹⁸
549 2881 608 2909 Act.
626 2881 744 2915 x\-1|1,8.

973 2283 1098 2316 homine,
1114 2291 1208 2310 verum
1236 2283 1355 2318 principe
1386 2283 1443 2317 ipso
1459 2282 1608 2317 Synagogze
1629 2289 1690 2308 cum
1707 2286 1761 2307 tota

973 2329 1100 2360 domo”,
1130 2335 1211 2359 atque
1240 2335 1254 2354 a
1275 2328 1376 2354 vertice
1403 2327 1467 2362 legis
1496 2327 1599 2356 victor;
1628 2333 1762 2359 cruceque

972 2373 1090 2405 sublimi,
1111 2372 1197 2399 instar
1219 2372 1310 2406 πορωί
1332 2371 1476 2406 magniﬁce
1502 2371 1582 2401 elata,
1600 2370 1639 2397 sic
1656 2377 1762 2404 quoque

972 2419 1043 2446 illaut
1059 2419 1168 2453 reliquit.
1178 2418 1314 2445 civitatem
1327 2417 1434 2445 Christo
1445 2425 1475 2444 se
1487 2417 1670 2444 inclinantem.
1683 2414 1762 2442 Tem-

972 2466 1046 2500 poris
1065 2471 1154 2492 autent
1181 2472 1321 2500 processu,
1339 2472 1371 2492 ac
1383 2464 1492 2499 pietatis
1514 2471 1639 2490 sermone
1655 2469 1779 2497 promog

975 2517 1065 2545 vente,
1083 2513 1155 2540 velut
1172 2512 1225 2539 dux
1249 2511 1358 2546 quidam
1375 2510 1488 2537 effectus
1503 2514 1554 2540 est,
1581 2508 1637 2543 regi
1652 2508 1678 2535 in
1694 2507 1760 2539 dies,

974 2560 1065 2592 urbes,
1081 2559 1189 2594 oppida,
1213 2566 1293 2593 agros
1319 2557 1476 2594 acquirens;
1511 2563 1607 2584 nervos
1632 2563 1664 2583 ac
1682 2555 1762 2582 robur

973 2606 1048 2640 prius
1065 2605 1228 2632 dominantis
1242 2604 1349 2640 tyranni
1369 2603 1520 2631 succideus.

1006 2737 1074 2764 Tum
1099 2744 1164 2765 vero
1186 2736 1318 2765 Corintho
1344 2737 1453 2765 transiit
1479 2736 1628 2769 Pisidiam,
1648 2736 1761 2771 deinque

970 2783 1132 2818 Lycaoniam
1150 2791 1181 2810 ac
1202 2783 1324 2818 Phrygia:
1345 2783 1424 2810 urbes
1441 2788 1546 2818 petens,
1564 2789 1596 2810 ac
1611 2781 1672 2810 inde
1692 2782 1762 2809 invi-
