2076 3155
188 164 240 193 ξ97

639 163 780 191 ιιοιιιιιΑ
802 163 868 192 Vlll.
889 163 923 191 IN
945 165 995 192 SS.
1016 163 1160 193 PETRUM
1181 165 1224 194 ET
1246 166 1402 195 PAULUM.

1775 165 1829 194 398

188 225 236 253 τοῦ
254 225 329 257 Σινᾶ,
344 226 391 252 καὶ
410 225 486 257 ἐντὸς
508 225 617 260 ἐγένετο
638 224 685 252 τοῦ
703 225 803 259 γνόφου
817 226 931 253 καὶτῶν
944 235 986 253 νε-

1050 235 1090 262 me
1105 227 1139 255 ad
1156 228 1285 256 verticem
1311 228 1377 255 Sina
1401 227 1572 262 pervenerit,
1590 227 1716 262 intraque
1737 227 1829 262 caligi-

191 271 259 306 φῶν.
274 271 383 303 Παῦλος
400 273 449 308 μὲν
463 273 477 298 ὁ
493 272 569 307 ἐμὸς,
583 272 644 298 ἀντὶ
657 272 706 307 μὲν
719 272 809 307 ὅρους,
823 273 891 307 πρὸς
906 273 987 308 οὐρα-

191 319 235 345 νὸν
252 318 378 353 ἀνῆλθεψ
396 319 457 345 ἀντὶ
468 318 497 344 δὲ
514 317 638 352 νεφέλης,
656 317 783 344 ἐπέκεινα
796 319 843 345 τοῦ
859 319 930 354 ὑπὲρ
943 319 987 346 νέ-

192 373 258 399 φους
283 363 364 399 ἀέρος
391 363 501 398 ἤλασεν.
530 363 585 389 Καὶ
609 363 680 398 μάλα
695 363 818 396 εἰκότως.
840 365 913 392 Ἔδει
933 365 987 402 γὰρ

192 410 237 436 τὸν
270 409 342 436 κατὰ
378 409 495 445 Χριστὸν
529 408 684 444 ἄνθρωπον,
719 409 848 437 τοσοῦτον
877 411 988 446 νικῆσαι

192 456 323 490 Μωῢσέα,
350 457 412 483 ὅσον
439 456 468 482 τὸ
491 455 659 490 Εὐαγγέλιον
687 452 847 491 ὑπερϐαίνει
875 456 922 484 τὸν
945 457 988 483 νό-

195 510 254 537 μον.

236 548 281 574 Ἐν
291 547 320 575 δὲ
332 549 391 579 ταῖς
404 547 577 582 θεοφανείαις
591 548 638 575 καὶ
652 550 709 582 τοῖς
723 548 798 585 παρὰ
809 547 877 575 Θεοῦ
893 547 989 575 λαλου-

197 595 298 630 μένοις,
321 594 368 620 καὶ
392 593 465 626 ὅπως
491 593 633 629 δεδεμένος
660 595 766 626 ἐλύετο,
797 595 845 622 καὶ
875 594 989 630 ἀθυμῶν

195 638 393 676 ἑπερῤὠννυτο,
408 639 484 675 ὕπαρ
496 640 543 666 καὶ
559 640 627 676 δναρ
640 640 715 675 αὐτῷ
729 640 777 667 τοῦ
792 640 860 667 Θεοῦ
881 648 990 676 χρημα-

196 685 324 716 τίζοντος,
340 685 366 711 τί
383 685 423 711 δεῖ
435 685 482 711 καὶ
488 684 588 720 λέγειν,
601 686 681 712 ὁπότε
695 686 756 712 οὐδὲ
769 686 849 718 αὐτὸς
864 686 913 722 τὴν
928 687 990 713 ἑαυ-

196 728 240 756 τοῦ
253 729 332 765 χάριν
348 729 519 765 ἀπέκρυψεν,
538 730 606 757 ἀλλὰ
626 733 709 758 πᾶσιν
724 731 792 767 ὁμοῦ
823 731 917 766 σαφῶς
935 731 990 758 ἀπ-

194 775 339 810 εκάλυψεν,
354 775 440 802 εἰπών
450 783 457 790 °
474 777 510 803 Εἰ
530 776 660 811 δοκιμὴν
676 776 787 811 ζητεῖτε
809 777 863 805 τοῦ
871 777 906 804 ἐν
922 777 987 812 ἐμοὶ

196 822 214 848 1
220 820 364 854 ἰιυῦντος
369 821 510 855 Χριστοῦ;
516 822 546 849 Οἱ
557 822 607 858 μὲν
615 822 670 858 γὰρ
677 822 752 849 ἄλλοι
758 822 880 855 τῶν,εἰτε
889 831 992 859 προφη-

195 867 259 899 τῶν,
266 867 321 894 εἴτε
331 866 489 895 ἀποστόλων
506 867 717 904 ἐμπροθέσμους
726 867 799 904 εἶχον
810 869 991 905 καὶχρονικὰς

1038 281 1099 300 nem
1118 282 1149 301 ac
1165 275 1249 302 nubes
1260 275 1417 309 penetrarit.
1433 274 1508 302 Meus
1521 280 1587 301 sane
1600 273 1711 306 Paulus,
1729 274 1830 300 montis

1038 319 1144 354 quidem
1164 319 1232 352 loco,
1250 320 1282 346 ad
1307 320 1404 347 ctelnm
1423 319 1560 347 ascendit:
1588 319 1648 347 loco
1673 323 1763 346 autem
1783 327 1831 345 ιιν·

1039 364 1116 398 bnlze,
1139 372 1219 399 supra
1243 373 1334 392 aerem
1359 365 1479 393 nubibus
1501 365 1643 392 celsiorem
1668 365 1766 392 evasit.
1792 365 1830 390 Ac

1039 410 1119 444 plane
1140 410 1249 438 merito.
1267 410 1384 438 Decehat
1400 411 1470 438 enim
1489 410 1589 438 Christi
1615 410 1752 437 hominem
1770 414 1814 435 tan

1041 462 1096 483 tum
1119 455 1228 491 Moysen
1247 463 1388 492 superare,
1403 461 1506 492 quanto
1527 455 1699 491 Evangelium
1718 462 1827 490 praceu-

1039 501 1071 529 Iit
1089 501 1186 537 legem.

1079 546 1108 574 In
1123 547 1222 574 divinis
1237 552 1326 574 autem
1347 546 1561 582 apparitionibus
1573 567 1580 578 .
1599 546 1699 582 Deique
1718 546 1751 573 ad
1768 554 1830 574 eum

1040 592 1224 626 sermonibus,
1237 597 1319 627 utque
1338 593 1445 620 vinctus
1461 592 1622 626 solveretur,
1638 601 1669 621 ac
1684 593 1771 621 tristis
1785 594 1832 621 de-

1041 639 1165 674 iectoque
1195 639 1287 666 animo
1308 640 1532 666 corroboraretnr
1546 659 1554 671 ,
1580 640 1759 674 reSpondente
1778 639 1832 667 Deo

1041 692 1103 714 cum
1116 686 1142 713 in
1160 686 1263 721 vigilia,
1277 691 1332 713 tum
1350 686 1378 713 in
1394 686 1508 718 somnis,
1523 686 1586 720 quid
1598 687 1737 714 enimvero
1750 686 1832 714 etiam

1042 740 1108 768 opus
1127 732 1227 765 dicere,
1240 740 1301 760 cum
1318 739 1367 760 nec
1383 732 1428 760 ilie
1450 732 1506 767 ipse
1528 733 1642 768 gratiam
1665 732 1737 760 illam
1756 739 1833 759 suam

1042 779 1149 806 silentio
1167 778 1308 814 presserit,
1323 779 1371 806 sed
1387 778 1467 806 simul
1478 779 1606 806 omnibus
1619 778 1719 814 liquido
1730 778 1835 806 revela-

1042 825 1123 856 verit,
1148 824 1260 851 dicens:
1282 824 1323 851 An
1351 824 1556 857 experimentum
1581 823 1701 858 qutm'ii:
1714 823 1771 858 ejus
1787 823 1834 858 qui

1042 869 1159 904 loquitur
1178 869 1205 896 in
1217 877 1258 896 me
1276 869 1398 897 Christus
1416 869 1458 896 "?
1481 869 1533 896 Alii
1559 870 1666 904 quidem
1694 877 1756 896 cum
1772 877 1833 904 pro-

196 912 356 944 τὰςᾱνιυθεν
372 913 530 949 ἐνεργείας·
558 913 607 940 καὶ
633 914 699 940 ποτὲ
717 914 767 949 μὲν
784 914 876 946 αὐτοῖς
902 914 985 949 συνῆν

1050 915 1138 948 )hetaz,
1156 919 1211 942 tum
1236 914 1362 948 apostoli,
1387 914 1469 942 certis
1484 915 1643 949 quibusdam
1669 915 1834 949 temporibus

197 959 229 985 τὸ
238 959 326 992 Θεῖον,
339 959 404 986 ποτὲ
416 959 444 986 δὲ
461 959 545 986 καὶού
556 961 658 996 παρῆν.
673 960 701 986 '0
712 960 740 986 δὲ
749 959 892 992 Θεσπέσιος
901 956 988 993 οὗτος,

198 1005 294 1041 ὥσπερ
305 1003 379 1037 ἅπαξ
393 1004 456 1036 ναὸς
471 1004 509 1032 ὢν
525 1004 665 1040 ἐξαίρετος
680 1004 729 1031 τοῦ
746 1004 814 1032 Θεοῦ
829 1005 992 1041 ἀποκληρωι

197 1051 255 1083 θεὶς
274 1051 349 1086 αὐτῷ
371 1051 440 1087 πρὸς
459 1050 609 1087 ὲνοίκησιν,
635 1051 723 1083 οὕτως
746 1051 790 1078 ἀεὶ
814 1051 859 1078 τὸν
875 1051 992 1086 Χριστὸν

198 1096 266 1134 εἶχε,
279 1098 326 1124 καὶ
341 1097 438 1134 βουλῆς
450 1098 576 1134 εὑρετὴν,
593 1098 641 1125 καὶ
653 1097 740 1132 λόγων
758 1097 927 1130 διδάσκαλον,
946 1098 993 1124 καὶ

199 1144 328 1180 συνεργὸν
349 1143 403 1170 τῶν
426 1144 609 1180 πραγμάτων.
631 1143 686 1171 Καὶ
707 1144 832 1178 Ἰωάννης
847 1143 896 1178 μὲν
916 1144 930 1170 ό
945 1142 992 1170 τοῦ

199 1190 340 1218 Ζεϐεδαίου
361 1189 448 1226 μέγας
473 1190 573 1222 ἔδοξεν,
594 1191 635 1217 ὅτι
660 1189 737 1226 παρὰ
750 1190 814 1221 τοὺς
830 1189 926 1221 ἄλλους
942 1197 994 1224 μα-

199 1236 285 1272 θητὰς
299 1235 409 1272 θαρρῶν
420 1235 462 1271 τῷ
472 1235 578 1272 Κυρίῳ,
592 1236 638 1262 ἐπὶ
662 1235 709 1263 τοῦ
723 1235 839 1271 στήθους
852 1234 935 1262 αὐτοῦ
949 1235 995 1262 ἁν-

200 1282 337 1309 επαύετο·
356 1282 404 1309 καὶ
426 1282 471 1310 διὰ
489 1282 569 1309 τοῦτο
587 1281 706 1318 μᾶλιστα
722 1281 800 1318 παρὰ
812 1282 895 1309 πᾶσίν
919 1283 992 1309 ἐστιν

200 1328 333 1364 ἀοίδιμος.
347 1324 432 1360 οὗτος
445 1328 483 1360 δὲ,
502 1327 562 1360 πῶς
577 1328 628 1355 οὐκ
645 1328 679 1355 ἂν
693 1328 740 1355 καὶ
760 1327 831 1364 ὑπὲρ
852 1327 995 1364 ἄνθρωπον

200 1372 341 1410 νομισθείη
356 1373 481 1407 δικαίως,
497 1374 526 1406 ὃς
538 1382 581 1409 γε,
595 1374 625 1401 οὐ
639 1374 685 1400 τὸν
701 1375 731 1400 ὲν
745 1373 853 1409 σώματι
876 1371 994 1409 Ἰησοῦν,

201 1419 269 1447 ἀλλὰ
282 1420 328 1447 τὸν
341 1419 444 1456 γυμνὸν
454 1421 506 1456 τῆς
522 1420 624 1456 σαρκὸς
654 1420 741 1454 Λόγον
755 1419 816 1446 καθ’
829 1419 937 1455 ἡμέραν
949 1419 997 1446 ἁν-

201 1465 314 1499 ιπαυεν,
325 1466 421 1499 σκεῦος
433 1466 582 1502 εὔχρηστον
597 1467 644 1494 καὶ
655 1466 774 1502 καθαρὸν
786 1466 882 1494 ἑαυτὸν
892 1465 932 1502 τῷ
945 1467 998 1502 Δη-

203 1512 329 1548 μιουργῷ
348 1513 543 1549 καταστήσας;
561 1513 651 1548 Ἐχων
673 1513 701 1540 δὲ
719 1512 806 1540 πολλὰ
829 1512 876 1540 καὶ
899 1520 999 1539 παντο-

202 1558 276 1586 δαπὰ
291 1559 391 1593 λέγειν,
415 1559 465 1586 ὅσα
480 1559 494 1585 ὸ
513 1558 659 1590 θεσπέσιος
683 1556 760 1590 οὗτος
786 1558 876 1586 πάντα
892 1558 939 1585 τὸν
953 1558 999 1585 κόν

204 1613 272 1641 σμον
285 1605 420 1632 παιδεύων
437 1603 496 1631 εἷπε
513 1604 561 1632 καὶ
576 1604 703 1641 ἔπραξεν,
718 1604 764 1631 ἐπὶ
774 1604 827 1640 γῆς
841 1604 888 1631 καὶ
899 1602 998 1630 θαλάσ-

205 1659 266 1686 σης,
294 1652 323 1678 ἐν
353 1651 548 1687 δικαστηρίοις,
573 1652 602 1678 ὲν
629 1652 754 1686 ἀγοραῖς,
782 1652 811 1677 ὲν
833 1650 941 1686 δήμοις,
968 1651 998 1676 ἐν

204 1695 360 1732 ἀγορεῦσιν,
373 1697 402 1723 ὲν
413 1696 508 1728 αὐλαῖς
520 1696 662 1731 βασιλέων,
677 1695 748 1723 ἑκὼν
765 1695 922 1732 ὑπερϐαίνω
930 1694 998 1730 πρὸς

205 1741 236 1768 τὸ
250 1741 360 1777 πλῆθος.
376 1742 445 1769 Οὔτε
459 1742 514 1778 γὰρ
526 1743 688 1778 συγγραφὴν
702 1741 861 1778 προύθέμην
885 1740 1002 1776 πονῆσαι

206 1787 260 1814 τῶν
278 1788 375 1824 ἐκείνῳ
401 1787 639 1824 κατωρθωμένων,
660 1788 705 1815 ἵνα
725 1787 805 1824 λείπῃ
827 1787 920 1823 μηδὲν,
944 1785 1002 1813 ἀλλ’

207 1833 345 1869 εὐφημίαν
358 1834 571 1870 ὰνεργάσασθαι,
599 1834 647 1860 καὶ
660 1833 772 1869 ταύτην,
788 1832 831 1867 ἐφ’
845 1826 907 1859 ’ὅσον
919 1832 936 1868 ἡ
948 1831 1002 1866 ὲμὴ

207 1878 321 1916 δύναμις
340 1881 496 1914 ἐξικνεῖται.
519 1879 593 1912 Ἐνὸς
616 1880 645 1906 δὲ
666 1879 747 1915 μόνου
769 1878 817 1906 τοῦ
845 1877 1002 1905 τελευταίου

210 1926 350 1962 μνησθεὶς,
367 1926 535 1954 καταπαύσω
550 1926 596 1953 τὸν
611 1926 702 1961 λόγον.

1043 969 1074 989 ac
1091 961 1234 989 momentis
1261 961 1386 988 deﬂuitas
1400 961 1534 989 habebant
1547 968 1679 996 supernas
1698 961 1834 996 θρονοιίοη

1043 1013 1101 1039 ncs,
1118 1014 1150 1033 ac
1166 1006 1244 1033 modo
1275 1006 1326 1033 illis
1356 1006 1476 1033 divinum
1501 1006 1594 1033 aderat
1613 1005 1728 1038 Numen,
1755 1006 1835 1034 modo

1043 1051 1124 1080 etiam
1141 1052 1245 1079 aberat.
1269 1051 1318 1079 llic
1334 1057 1423 1078 autem
1440 1052 1480 1078 vir
1503 1051 1681 1083 admirabilis,
1707 1057 1834 1086 tanquam

1044 1096 1127 1124 semel
1150 1097 1195 1124 Dei
1211 1097 1348 1131 peculiare
1362 1096 1490 1131 templum
1506 1096 1555 1130 ipsi
1577 1096 1610 1122 ad
1631 1096 1834 1123 inhabitandum

1044 1143 1178 1170 delectum
1195 1143 1422 1178 destinatumque,
1438 1143 1478 1170 sic
1492 1150 1599 1178 semper
1618 1143 1734 1169 habebat
1757 1141 1837 1170 Chri-

1044 1193 1127 1221 stum,
1147 1196 1208 1216 cum
1222 1189 1326 1216 consilii
1343 1189 1521 1221 inventorem,
1536 1195 1591 1216 tum
1606 1196 1761 1216 sermonum
1779 1197 1837 1216 ma-

1045 1233 1177 1269 gistrum,
1203 1239 1258 1261 tum
1275 1235 1392 1270 denique
1414 1242 1524 1270 operum
1545 1235 1705 1270 adiutorem.
1723 1235 1761 1262 Ac
1774 1236 1837 1270 qui-

1047 1281 1107 1307 dem
1119 1279 1237 1308 Joannes
1250 1281 1374 1308 Zebedazl
1389 1280 1460 1308 ﬁlius
1475 1288 1588 1316 magnus
1610 1281 1683 1308 visus
1698 1286 1750 1312 est,
1765 1281 1838 1316 quod

1046 1325 1142 1360 majori
1172 1333 1229 1360 pne
1256 1326 1396 1360 discipulis
1427 1325 1486 1353 aliis
1505 1326 1539 1352 ad
1560 1326 1700 1353 Dominum
1729 1326 1838 1359 ﬁducia,

1047 1378 1130 1406 supra
1143 1371 1202 1406 ejus
1216 1377 1310 1406 pectus
1326 1371 1480 1399 recubuerit
1495 1371 1516 1389 ¹⁹
1529 1379 1536 1397 :
1556 1371 1732 1405 quamobrem
1748 1372 1837 1398 maxi-

1048 1426 1092 1448 me
1107 1418 1178 1452 apud
1192 1424 1287 1445 omnes
1304 1417 1392 1445 clarus
1408 1417 1522 1444 habetur
1545 1421 1626 1452 atque
1641 1416 1766 1445 celebris.
1790 1417 1839 1444 llic

1049 1469 1152 1496 autem,
1169 1463 1215 1498 qui
1230 1471 1284 1490 non
1298 1462 1360 1497 jure
1375 1462 1492 1490 humana
1511 1462 1598 1498 major
1610 1463 1766 1491 conditione
1788 1463 1838 1490 ha-

1048 1511 1155 1541 beatur,
1177 1509 1222 1545 qui
1237 1510 1364 1536 nimirum
1381 1517 1435 1536 non
1461 1509 1551 1537 Jesum
1577 1509 1604 1537 in
1631 1507 1762 1544 corpore,
1792 1510 1839 1538 sed

1050 1557 1150 1585 nudum
1163 1563 1244 1583 carne
1259 1555 1375 1583 Verbum
1390 1555 1510 1590 quotidie
1523 1555 1658 1587 reﬁceret,
1670 1563 1718 1583 vas
1732 1563 1761 1583 se
1775 1555 1842 1583 utile

1050 1610 1082 1630 ac
1095 1602 1222 1630 mundum
1235 1607 1365 1637 praestans
1377 1601 1532 1630 Conditori?
1545 1601 1678 1629 Czelernm
1693 1609 1753 1628 cum
1765 1602 1840 1636 plura

1052 1656 1084 1675 ac
1101 1648 1191 1675 omnis
1205 1649 1312 1683 generis
1327 1647 1400 1674 varia
1413 1647 1478 1675 mihi
1508 1647 1622 1675 dicenda
1641 1649 1739 1679 forent,
1768 1654 1842 1681 qua:-

1050 1701 1157 1728 cunque
1171 1693 1300 1720 nimirum
1312 1694 1352 1720 vir
1364 1693 1408 1721 hic
1419 1694 1526 1721 divinus
1542 1693 1670 1721 mundum
1684 1693 1842 1721 universum

1054 1739 1165 1772 ducens,
1178 1739 1246 1766 dixit
1259 1738 1386 1773 fecitque,
1402 1744 1472 1766 terra
1485 1739 1586 1774 pariter
1597 1747 1629 1766 ac
1655 1740 1739 1771 mari;
1756 1739 1784 1766 in
1798 1739 1844 1774 ju-

1054 1784 1132 1812 diciis
1147 1791 1179 1811 ac
1191 1783 1380 1815 tribunalibus,
1404 1783 1430 1810 in
1445 1782 1522 1816 foris,
1544 1783 1571 1810 in
1586 1776 1702 1819 populis,
1721 1784 1747 1810 in
1775 1791 1842 1811 cou-

1054 1830 1187 1861 cionibus,
1208 1829 1234 1856 in
1251 1837 1341 1864 regum
1354 1828 1434 1860 aulis.
1452 1833 1547 1864 sponte
1560 1834 1692 1864 praetereo
1713 1836 1768 1863 prie
1784 1829 1845 1856 illo-

1053 1883 1113 1903 rum
1129 1879 1201 1901 tanta
1213 1873 1394 1901 multitudine.
1406 1873 1461 1900 Nec
1470 1874 1542 1900 enim
1557 1874 1732 1901 constitutum
1745 1873 1844 1907 habeo,

1054 1925 1084 1947 ut
1101 1926 1190 1946 rerum
1208 1917 1242 1944 ab
1253 1925 1286 1945 eo
1297 1917 1425 1953 praeclare
1452 1922 1590 1952 gestarum
1617 1919 1844 1946 commentarium

208 1973 377 2005 elucubrem,
401 1974 436 2001 ita
450 1978 479 2000 ut
494 1972 561 2001 nihil
580 1972 720 2004 desit,sed
736 1976 764 2000 ut
778 1976 921 2000 contexam
945 1967 1146 1998 laudationem;
1176 1971 1301 1998 eamque,
1318 1970 1368 1998 pro
1395 1963 1465 1990 virili
1492 1966 1596 1990 tantum
1624 1970 1684 1990 mea
1704 1962 1843 1990 facultate.

209 2018 342 2052 Quocirca
355 2019 398 2046 ubi
411 2026 493 2045 unum
509 2019 640 2045 duntaxat
650 2023 816 2052 postremum
825 2022 998 2052 suggessero,
1019 2013 1117 2041 faciant
1128 2010 1234 2038 dicendi
1249 2009 1340 2036 linem.

252 2063 360 2100 Ἐπειδὴ
377 2063 432 2099 γὰρ
447 2064 538 2090 πᾶσαν
556 2061 739 2098 ἐκπεριελθὼν
753 2063 803 2097 τὴν
828 2060 1002 2096 οἰκουμένην.

210 2110 257 2138 καὶ
269 2110 326 2142 θεὶς
341 2109 388 2136 ἐπὶ
402 2109 452 2145 τῆς
465 2109 574 2144 λυχνίας
588 2108 634 2136 τὸν
647 2108 736 2143 λόγον,
757 2107 844 2143 μέγαν
855 2106 942 2142 ἀνῆψε
952 2105 1004 2140 τῆς

1089 2056 1233 2090 Postquam
1244 2053 1316 2082 enim
1332 2053 1486 2081 universum
1499 2053 1710 2088 circumquaque
1726 2053 1846 2080 lustrans

1051 2103 1156 2132 orbem.
1169 2108 1201 2128 ac
1215 2107 1367 2128 sermonem
1382 2107 1464 2134 super
1479 2099 1668 2126 candelabrum
1681 2107 1795 2134 ponens,
1810 2099 1847 2126 in-

211 2155 392 2191 εὐαγγελικῆς
417 2144 545 2190 γνώσεως
571 2154 618 2181 τὸν
644 2154 758 2189 πυρσὸν,
792 2153 907 2188 ἀφίκετο
934 2151 998 2187 πρὸς

1052 2152 1161 2184 gentem
1172 2145 1332 2181 evangelica:
1340 2145 1500 2176 cognitionis
1512 2144 1668 2171 acscientia:
1679 2144 1848 2172 accendisset

217 2190 379 2236 Ῥωμαίους,
392 2199 430 2231 ὡς
440 2199 636 2235 βασιλεύουσαν
649 2199 736 2232 πόλιν,
748 2198 792 2225 ἴνα
802 2199 865 2229 τοὺς
876 2196 998 2233 κρατοῦν-

1055 2193 1156 2228 ignem,
1173 2192 1298 2224 Romam,
1310 2191 1411 2226 regiam
1423 2191 1517 2217 urbem
1531 2190 1608 2224 petit,
1617 2194 1646 2217 ut
1656 2191 1846 2217 universorum

211 2254 261 2278 τας
292 2245 346 2272 τῶν
381 2245 490 2272 πάντων
524 2244 676 2281 ἀνθρώπων
704 2243 926 2280 μυσταγωγήσας
958 2241 1006 2268 καὶ

213 2291 320 2324 πείσας,
343 2291 390 2318 καὶ
410 2280 582 2327 κτησάμενος
600 2290 737 2326 μαθητὰς,
757 2290 788 2316 ὲκ
806 2289 853 2315 τοῦ
867 2287 1007 2323 περιόντος

213 2340 269 2370 τοῖς
278 2338 368 2369 ἄλλοις
381 2336 535 2373 ἀνθρώποις
551 2336 741 2372 προσομιλοίη.
752 2334 847 2371 Εὑρὼν
860 2334 889 2360 δὲ
904 2334 951 2360 καὶ
962 2332 1008 2359 τὸν

217 2384 318 2419 Πέτρον
331 2384 398 2414 ἐκεῖ,
414 2382 463 2417 τῆς
479 2383 563 2418 αὐτῆς
580 2382 700 2417 ἐργάτην
716 2381 844 2416 σπουδῆς,
864 2379 912 2406 καὶ
933 2378 1008 2415 ἱεράν

216 2437 276 2456 Ιιινιι
287 2430 334 2455 καὶ
349 2429 440 2456 ἔνθεον
461 2428 594 2464 ξυνωρίδα
614 2428 788 2463 ζευξάμενος,
800 2427 828 2453 ὲν
837 2425 1009 2459 συναγωγαῖς

217 2475 281 2506 τοὺς
294 2475 347 2502 ὑπὸ
359 2475 440 2511 νόμον
451 2475 619 2506 ἐπαίδευσεν,
635 2473 665 2501 ἐν
682 2473 796 2509 ἀγοραῖς
808 2472 871 2503 τοὺς
886 2471 1010 2502 ὲθνικοῦς

219 2521 403 2557 προσεκτᾶτο·
418 2521 465 2548 κα¹.
480 2520 600 2552 ποικίλος
613 2518 647 2555 ἦν
657 2519 711 2545 τῶν
723 2518 833 2553 ἀγαθῶν
841 2517 1010 2548 διδάσκαλος,

218 2565 287 2593 θεοῦ
299 2565 398 2600 γνῶσιν
415 2565 573 2601 ἐμφανίζων
584 2566 633 2600 τὴν
646 2564 769 2600 καθαρὰν
787 2562 834 2589 καὶ
854 2560 1010 2596 ἀκίϐδηλον,

217 2611 317 2648 ἠθικῆς
337 2612 439 2648 ἀρετῆς
460 2611 575 2642 κανόνας
602 2609 773 2645 θεσμοθετῶν
794 2608 937 2644 ἁκριόεἰς,
959 2607 1013 2633 ἀπο

219 2658 340 2685 ελαύνων
364 2658 459 2694 πόρρω
475 2657 529 2683 τῶν
546 2655 696 2691 ἀνθρώπων
715 2655 824 2691 χορείας
839 2654 884 2680 καὶ
903 2652 987 2688 μέθην
1000 2672 1008 2684 ,

220 2705 266 2733 καὶ
277 2706 367 2732 πᾶσαν
380 2705 430 2740 τὴν
443 2703 592 2731 ἀιώλαστον
606 2702 782 2738 ἡδυπάθειαν,
798 2698 815 2737 ᾖ
831 2700 947 2735 μάλιστα
963 2699 1010 2725 καὶ

219 2750 250 2778 τὺ
261 2750 363 2786 πλῆθος
380 2749 463 2782 ἅπαν,
481 2750 529 2776 καὶ
545 2750 559 2775 ό
574 2747 634 2774 τότε
650 2747 775 2782 βασιλεὺς
792 2746 920 2780 ἐνείχετο,
932 2744 1009 2771 Καο-

220 2796 308 2833 ἡψατο
320 2797 374 2832 γὰρ
387 2795 511 2831 σφοδρῶς
532 2793 579 2822 τοῦ
598 2793 723 2829 Νέρωνος
740 2793 756 2827 ὴ
774 2792 822 2827 τῆς
837 2791 951 2826 ἀρίστης
963 2789 1012 2816 καὶ

260 2896 282 2913 ³⁸
296 2896 316 2924 ll
334 2895 398 2924 Cor.
417 2903 475 2927 xm,
490 2895 517 2922 3.
557 2894 578 2910 "
593 2892 670 2921 Joan.
687 2899 746 2924 xm,
763 2889 809 2917 ‘23.

348 2942 486 2973 Ριτιιοι..
503 2941 562 2972 Gn.
589 2939 650 2972 XL.

1056 2238 1179 2265 dominos
1197 2238 1315 2268 docens,
1341 2243 1372 2263 ac
1399 2236 1425 2262 in
1441 2235 1602 2263 sententiam
1630 2243 1741 2269 cogens.
1767 2235 1849 2271 inque

1057 2283 1205 2317 discipulos
1228 2283 1363 2313 obtinens,
1390 2289 1423 2308 ex
1448 2281 1594 2308 abundanti
1617 2280 1771 2308 hominibus
1786 2281 1848 2308 reli—

1059 2330 1121 2363 quis
1135 2328 1358 2361 congrederetur.
1369 2327 1437 2353 Cum
1451 2331 1540 2352 autem
1560 2326 1615 2353 illic
1638 2333 1746 2360 quoque
1771 2334 1849 2360 repe-

1060 2375 1140 2402 risset
1163 2373 1285 2406 Petrum,
1307 2373 1332 2399 in
1359 2373 1430 2399 idem
1446 2371 1535 2399 studio
1555 2371 1753 2398 incumbentem
1769 2379 1849 2405 Opus.

1060 2427 1221 2454 sacramque
1246 2419 1390 2454 quamdam
1418 2426 1450 2445 ac
1465 2418 1582 2444 divinam
1598 2418 1686 2452 bigam
1707 2417 1850 2450 copulatis,

1059 2474 1107 2494 eos
1122 2465 1168 2500 qui
1189 2471 1267 2492 erant
1285 2466 1335 2491 sub
1356 2465 1425 2498 lege,
1439 2464 1465 2490 in
1486 2463 1630 2498 synagogis
1643 2463 1767 2495 docebat,
1782 2471 1850 2498 gen-

1062 2514 1122 2541 tiles
1140 2513 1165 2539 in
1182 2512 1248 2539 foris
1262 2511 1427 2542 lucrabatur,
1439 2518 1472 2537 ac
1487 2510 1579 2537 varius
1594 2510 1702 2544 quidam
1718 2510 1850 2536 bonorum

1062 2560 1158 2586 doctor
1171 2563 1239 2591 erat,
1257 2565 1351 2593 puram
1370 2557 1415 2583 Dei
1432 2557 1621 2591 sinceramque
1643 2557 1784 2583 scientiam
1805 2555 1852 2582 de-

1063 2606 1180 2636 clarans,
1196 2604 1305 2630 moralis
1317 2603 1425 2630 virtutis
1438 2608 1580 2630 accuratas
1591 2602 1696 2637 regulas
1713 2602 1849 2633 sanciens.

1064 2651 1179 2677 choreas
1195 2657 1227 2676 ac
1241 2649 1412 2681 ebrietatem,
1427 2656 1588 2683 omnemque
1601 2648 1733 2675 luxuriam
1750 2655 1782 2675 ac
1796 2652 1854 2674 tur-

1063 2703 1124 2731 pem
1146 2695 1319 2730 voluptatem,
1335 2695 1378 2721 cui
1397 2695 1523 2725 maxime,
1545 2702 1605 2721 cum
1627 2694 1702 2728 plebs
1715 2695 1851 2725 universa,

1065 2746 1120 2767 tmn
1138 2741 1160 2768 is
1178 2741 1223 2776 qui
1240 2747 1329 2767 rerum
1345 2740 1508 2775 potiebatur,
1525 2739 1607 2767 dediti
1625 2745 1713 2771 erant,
1738 2739 1771 2766 ab
1801 2739 1854 2766 lm-

1065 2795 1142 2815 mana
1154 2786 1248 2822 procul
1259 2785 1456 2814 consuetudine
1465 2785 1610 2820 depcllens.
1620 2784 1742 2813 Graviter
1756 2785 1854 2821 quippe

1679 2933 1715 2961 ιιι
