2076 3155
254 158 304 183 ῖυθ

891 155 921 182 S.
943 154 1080 183 ASTERH
1098 155 1250 184 AMASENI

1830 155 1885 185 300

253 217 387 246 Neronem
411 217 569 252 perstrinxit
593 217 700 252 optima:
718 220 853 249 castaque
868 216 912 243 illa
929 223 1034 244 conver-

1096 216 1233 253 σώφρονος
1256 216 1392 248 πολιτείας
1416 216 1572 252 εἰσαγωγὴ-
1598 217 1644 243 καὶ
1666 216 1747 244 πλέον
1762 217 1885 253 ἀλγήσας

254 263 366 290 sationis
380 263 537 295 lnsinuatio,
563 262 659 296 majori
676 270 690 288 a
720 260 880 288 labefactata
908 260 1044 295 voluptate

257 309 380 335 allectum
395 308 498 340 dolore.
514 315 595 341 quam
613 308 634 334 si
650 307 763 342 imperio
779 306 835 340 ipso
851 306 945 340 pulsus
957 310 1040 333 esset.

254 355 359 382 litenim
388 359 446 381 eral
476 358 504 380 ut
521 354 588 380 alius
611 353 672 387 quis
692 352 798 380 subtilis
824 351 988 385 voluptatum
1004 351 1044 377 itt-

256 407 347 428 vcutor
359 406 438 434 atque
453 400 562 431 artifex,
578 399 681 426 deliciis
695 403 801 432 captus,
819 405 851 424 ac
863 398 988 424 tibiarum
1014 404 1043 423 se

253 451 332 473 tautu
349 453 494 473 recreans:
511 446 622 480 ignavus
647 444 788 478 mollisque
803 451 834 470 ac
851 442 1041 475 clleminatus;

253 496 403 518 Scottorum
419 497 530 526 praises,
551 499 603 517 non
629 498 675 517 rex
690 491 820 516 virormn.
840 488 896 521 Qua
914 488 985 515 enim
1000 495 1040 514 ra—

254 536 325 563 tione
344 535 459 563 aliorum
477 536 672 566 dominaretur,
689 534 734 568 qui
747 542 780 560 ne
798 534 847 560 sibi
864 533 972 567 quidem
991 533 1043 559 itu-

251 589 346 616 perare
358 582 461 608 sciret?
477 581 505 608 ld
520 589 601 607 unum
617 581 728 607 curabat
741 588 772 606 ac
789 579 918 606 sollicitus
931 578 1038 613 agebat,

252 632 281 654 ut
297 627 403 661 pictatis
417 634 448 653 ac
465 626 599 654 caStitatis
629 627 765 653 doctorem
787 632 819 651 ex
837 625 903 651 urbe
932 625 1041 651 exscin-

252 673 337 699 tleret.
353 673 392 699 Ac
402 680 465 700 vero
479 672 591 699 llerodis
603 671 745 699 aemulatus
759 671 890 702 animum,
904 671 1041 705 apostolos

251 718 428 745 incarcerem
446 718 536 750 tradit,
548 718 586 744 uti
605 717 648 744 ille
660 717 804 748 Joannem.
821 717 977 751 habensque
997 717 1040 744 al-

251 764 336 790 terius
348 764 431 790 instar
446 763 615 795 llerodiadis,
630 763 791 798 impudicam
813 770 844 789 ac
858 763 949 789 veneri
964 770 1040 789 titan-

250 810 366 844 cipatam
391 810 566 842 voluntatem,
582 809 652 836 Petri
674 817 705 836 ac
722 808 797 835 Pauli
814 813 980 842 quturentem
996 817 1041 836 ca~

251 859 309 890 put,
336 856 466 890 martyrio
493 855 589 883 ambos
607 855 765 886 coronavit;
788 854 902 881 alterum
932 855 1039 889 quidem

1094 263 1144 298 τῆς
1160 263 1257 298 ἡδονῆς
1273 262 1484 297 καταλυόμενος,
1499 261 1515 297 ἢ
1533 262 1559 288 ei
1576 271 1617 294 τις
1642 261 1780 297 βασιλείας
1798 263 1885 298 αὐτῆς

1095 308 1265 342 ἐξεδάλλετο.
1294 309 1349 335 Καὶ
1365 308 1419 344 γὰρ
1430 306 1475 344 ἦν,
1490 308 1570 343 εἰπερ
1588 317 1630 340 τις
1645 308 1737 340 ἄλλος,
1755 309 1884 345 σοφιστὴς

1095 353 1206 388 ἡδονῶν,
1221 352 1331 389 τρυφῶν
1348 353 1394 379 καὶ
1408 352 1635 388 καταυλούμενος,
1659 352 1725 387 βλὰξ
1746 353 1793 380 καὶ
1806 353 1882 389 θηλυ-

1093 399 1180 434 δρίας,
1193 399 1299 435 πορνῶν
1314 399 1471 434 ἐπιστάτης,
1495 399 1525 425 οὐ
1538 398 1663 434 βασιλεὺς
1685 398 1800 433 ἀνδρῶν.
1821 399 1885 431 Πῶς

1094 445 1148 480 γὰρ
1161 445 1193 471 ἂν
1208 445 1310 480 ἑτέρων
1325 445 1475 480 ἐκράτησεν
1497 445 1511 470 ὁ
1526 444 1613 480 ἀρχὴν
1625 443 1707 471 αὑτοῦ
1721 444 1757 479 μὴ
1770 443 1862 478 μαθών
1874 453 1883 476 ;

1093 491 1165 517 Μίαν
1176 490 1249 516 ἔθετο
1263 490 1400 525 φροντίδα,
1415 490 1489 521 ὅπως
1505 489 1538 516 ἂν
1551 489 1665 524 ἐκκόψαι
1675 490 1706 515 ἐκ
1719 489 1769 524 τῆς
1781 489 1884 521 πόλεως

1092 535 1139 563 τὸν
1152 535 1202 570 τῆς
1215 535 1355 566 εὐσεϐείας
1376 535 1422 561 καὶ
1446 534 1623 570 σωφροσύνης
1639 534 1808 561 διδάσκαλον.
1828 535 1884 561 Καὶ

1093 581 1216 616 ζηλώσας
1242 581 1287 607 τὸν
1307 580 1430 616 Ἡρώδην
1454 581 1504 615 τῆς
1533 579 1657 615 γνώμης,
1689 580 1790 614 ἀπάγει
1819 581 1884 612 τοὺς

1092 628 1258 658 ἀποστόλους
1271 629 1310 659 εἰς
1318 627 1512 662 δεσμωτήριον,
1525 627 1562 658 ὡς
1573 626 1617 653 τὸν
1630 626 1756 661 Ἰωάννην
1766 627 1880 660 ἐκεῖνος,

1092 673 1160 708 ἔχων
1174 672 1202 699 δὲ
1218 672 1279 699 καθ’
1292 672 1440 707 ὁμοιότητα
1454 671 1538 706 ἄλλην
1561 670 1729 705 Ἡρωδιάδα,
1751 669 1799 706 τὴν
1818 670 1884 697 ἀκό-

1091 720 1188 747 λαστον
1203 720 1249 746 καὶ
1265 719 1407 754 φιλήδονον
1421 717 1544 753 γνώμην,
1562 717 1611 752 τὴν
1629 716 1763 752 ζητοῦσαν
1777 717 1883 752 Πέτρου

1091 766 1139 792 καὶ
1162 765 1267 792 Παύλου
1287 765 1336 801 τὴν
1359 764 1496 800 κεφαλὴν,
1519 763 1690 799 ἀμφοτέρους
1712 762 1825 798 ἀνέδησε
1840 762 1881 798 τῷ

1091 812 1217 847 στεφάνῳ
1236 811 1283 839 τοῦ
1303 812 1469 848 μαρτυρίου,
1492 811 1538 838 τὸν
1563 811 1612 846 μὲν
1641 809 1680 845 τῷ
1703 808 1772 844 ξύλῳ
1799 817 1882 844 προσ-

1093 858 1213 893 ηλώσας,
1228 857 1275 884 τοῦ
1295 857 1322 884 δὲ
1333 857 1440 884 Παύλου
1460 856 1508 893 τὴν
1534 855 1654 892 κεφαλὴν
1671 854 1803 891 ἐκτεμὼν,
1815 855 1881 889 ἡμῖν

251 901 360 937 alligens
378 902 449 935 ligno
461 921 469 932 ,
485 901 559 929 Pauli
574 909 638 928 vero
652 901 785 928 cervicem
800 900 972 932 abscindens,
988 909 1034 928 no-

1091 904 1137 930 καὶ
1150 903 1189 939 τῷ
1206 904 1300 938 κόσμῳ
1313 902 1471 930 καταλιπὼν
1484 902 1513 928 τὸ
1530 901 1584 928 τῶν
1607 901 1691 936 ἁγίων
1703 900 1798 933 πάθος,
1813 908 1881 926 παν·

250 947 345 982 bisque
359 955 391 975 ac
402 948 528 974 universo
544 947 654 979 mumlo,
671 947 765 974 festam
779 945 867 972 lucem
882 952 964 980 atque
976 954 1041 974 con-

250 996 371 1024 ventum,
390 999 422 1019 ac
441 997 521 1019 tanta:
533 997 722 1025 argumentum
753 990 945 1024 solemuitatis,
974 999 1038 1019 san-

250 1042 355 1064 ctomm
373 1037 525 1071 passionem
540 1037 707 1072 relinquens.

285 1081 348 1108 Haec
363 1081 450 1113 nobis,
467 1085 509 1109 ter
521 1088 568 1109 vos
579 1083 663 1115 beati,
676 1091 764 1110 anntta
780 1082 822 1110 lex
840 1089 983 1110 recurrens
999 1086 1041 1109 at-

251 1126 323 1158 tulit,
338 1133 384 1153 vos
396 1126 505 1160 quidem
517 1127 616 1161 ubique
632 1135 681 1155 ceu
694 1128 768 1155 orbis
779 1135 937 1155 communes
951 1127 1039 1154 athle»

250 1178 292 1199 tas
302 1173 452 1207 praedicans
466 1180 473 1198 :
495 1177 638 1208 vestroque
649 1174 763 1206 honore,
778 1174 917 1201 hominum
936 1178 1040 1201 mentes

250 1217 283 1245 ad
309 1218 418 1245 meliora
432 1224 607 1252 componens.
627 1217 741 1246 Virtutis
762 1219 859 1254 quippe
876 1219 961 1246 honor
983 1218 1040 1251 plu-

249 1265 318 1290 rium
341 1270 470 1300 provocat
493 1265 692 1292 armulationem
710 1274 718 1292 :
741 1266 767 1293 in
781 1266 889 1294 Christo
908 1265 970 1293 Jesu
987 1265 1038 1293 Do-

249 1309 322 1337 mino
343 1313 449 1342 nostro,
473 1309 516 1337 cui
549 1309 635 1344 gloria
660 1317 692 1337 ac
720 1310 860 1345 imperiuttt
879 1309 904 1336 in
925 1307 1034 1336 saecula.

248 1356 267 1383 Δ
272 1363 295 1382 ιιι
299 1362 342 1384 en.

620 1400 667 1428 lx.

353 1445 388 1473 In
406 1451 525 1473 sanctum
546 1451 690 1480 martyrem
701 1444 816 1472 Phocum
837 1445 906 1480 (42).

284 1527 397 1554 Pulchra
411 1531 453 1554 est
476 1534 507 1554 ac
529 1526 605 1554 utilis
621 1526 732 1554 honesta
755 1525 904 1553 colentibus
930 1530 1037 1554 sancto-

1091 950 1200 984 ἡγυριν,
1218 950 1265 976 καὶ
1287 949 1420 980 τοσαύτης
1437 949 1533 984 ἑορτῆς
1554 948 1692 983 ἀφορμήν.

1117 1081 1218 1108 ’Ταῦτα
1231 1081 1309 1116 ἡμῖν,
1328 1077 1350 1106 ὦ
1370 1080 1576 1116 τρισμακάριοι,
1596 1079 1710 1114 ἤνεγκεν
1734 1078 1749 1105 ὁ
1771 1077 1881 1113 ἐτήσιος

1091 1127 1182 1162 νόμος,
1198 1127 1270 1161 ὑμᾶς
1285 1126 1334 1161 μὲν
1354 1125 1550 1162 ἀνακηρύττων
1564 1124 1702 1159 πανταχοῦ
1715 1123 1753 1155 ὡς
1773 1122 1880 1154 κοινοὺς

1090 1173 1139 1208 τῆς
1155 1171 1317 1206 οικουμένης
1327 1171 1457 1207 ἀθλητὰς,
1477 1170 1589 1205 βελτιῶν
1606 1170 1695 1201 δὲτὰς
1709 1169 1763 1196 τῶν
1772 1167 1880 1204 ἀνθρώ-

1091 1226 1149 1244 πων
1171 1217 1283 1253 γνώμας
1301 1217 1346 1244 διὰ
1362 1218 1411 1253 τῆς
1435 1217 1571 1252 ὑμετέρας
1593 1215 1686 1251 τιμῆς.
1711 1215 1808 1251 Ἀρετὴ
1824 1214 1880 1250 γὰρ

1090 1263 1245 1298 τιμωμένη,
1262 1262 1375 1294 πολλοὺς
1399 1262 1500 1298 ἐγείρει
1520 1262 1587 1297 πρὸς
1609 1260 1706 1296 ζῆλονθ
1725 1261 1754 1286 ἐν
1769 1259 1879 1295 Χριστῷ

1096 1306 1183 1342 Ἰησοῦ
1200 1306 1238 1342 τῷ
1251 1307 1345 1342 Κυρίῳ
1361 1306 1438 1341 ἡμῶν
1448 1327 1454 1338 ,
1471 1303 1493 1339 ᾧ
1507 1307 1524 1341 ἡ
1537 1306 1611 1339 δέξα,
1626 1305 1673 1332 καὶ
1683 1305 1714 1331 εδ
1728 1304 1826 1340 κράτος
1838 1305 1880 1336 εἱς

1091 1353 1153 1384 τοὺς
1173 1352 1282 1384 αἰῶνας.
1307 1353 1402 1388 Ἀμήν.

1468 1399 1506 1426 Θ.

1166 1444 1323 1480 Ὲγιεώμιον
1335 1447 1379 1478 εἰς
1388 1445 1472 1480 ἅγιον
1485 1445 1680 1479 ἱερομάρτιῳα
1692 1443 1805 1471 Φωκᾶν.

1122 1523 1199 1559 Καλὴ
1216 1524 1264 1551 καὶ
1280 1524 1458 1560 συμφέρουσα
1476 1525 1532 1555 τοῖς
1545 1523 1725 1559 ἁσκουμένοις
1744 1524 1778 1550 τὰ
1791 1532 1876 1550 σπου-

249 1580 306 1599 rum
321 1572 459 1600 memoria.
475 1570 579 1599 Nedum
595 1572 667 1599 enim
683 1579 740 1604 eos,
753 1572 798 1606 qui
812 1570 919 1598 virtutis
932 1578 964 1598 ac
980 1571 1034 1606 pie-

1087 1569 1159 1604 δαῖα,
1181 1571 1235 1596 τῶν
1254 1571 1373 1606 ἁγεωνή
1395 1571 1498 1606 μνήμη.
1523 1570 1561 1597 Οὐ
1585 1570 1639 1606 γὰρ
1664 1570 1736 1606 λόγῳ
1755 1570 1878 1598 παιδεύει

283 1662 338 1698 (1.2)
354 1662 391 1689 Ex
424 1662 491 1698 Reg.
516 1663 575 1690 cod.
590 1662 697 1689 emend.
713 1669 745 1689 ex
762 1662 790 1689 P.
804 1661 887 1689 Sirm.
905 1666 1031 1698 autogra-

247 1696 311 1732 pho.
326 1713 362 1718 ——
375 1698 446 1724 Duos
461 1697 576 1728 Phocas,
594 1699 694 1733 ambos
704 1703 730 1723 et
746 1703 890 1733 martyres,
905 1696 1032 1733 etisiuo-

248 1741 281 1768 pe
305 1733 444 1765 oriundos,
471 1733 586 1759 alterum
610 1732 798 1768 hortulanum.
820 1732 904 1764 cujus
933 1732 1033 1759 festum

248 1767 316 1801 apud
333 1768 441 1795 Latinos
466 1773 561 1802 agatur
585 1775 613 1794 ιιι
629 1767 717 1794 Nonas
733 1767 855 1799 Martias,
870 1767 984 1802 alterum
1000 1775 1034 1794 ex

248 1805 383 1837 piscatore
402 1801 566 1838 episcopum.
597 1802 672 1836 cujus
688 1803 773 1838 pridie
799 1802 859 1829 ldus
880 1801 985 1834 Iulias;
1000 1810 1032 1830 ac

247 1839 293 1872 qui
320 1838 399 1865 amho
419 1836 494 1871 apud
521 1838 629 1865 Grmcos
655 1837 691 1864 ‘22
719 1836 870 1870 Septembr.
896 1838 1030 1870 colantur,

247 1871 368 1906 pluribus
384 1874 462 1899 tradit
481 1873 612 1900 Baronius
628 1873 653 1899 in
669 1877 724 1899 not.
746 1873 779 1899 ad
794 1872 931 1907 Martyrol.
947 1871 1027 1900 liotn.

247 1908 281 1935 M
292 1907 365 1935 Julii.
384 1908 482 1942 Sicque
504 1908 582 1942 plane
607 1908 721 1935 diversis
733 1908 827 1935 diebus
839 1909 907 1941 apud
919 1907 1030 1935 Latinos

247 1944 394 1978 consignati
421 1944 563 1974 habnntur,
584 1951 615 1969 ac
631 1943 798 1978 distinguunt
822 1943 908 1970 Graeci
934 1942 969 1969 2:).
985 1943 1028 1969 illa

245 1977 422 2013 Srpteiubris,
442 1979 593 2012 pecularitts
616 1978 783 2004 celebrantes
800 1978 897 2013 Phocm
910 1977 1029 2012 episcopi

245 2021 278 2040 ac
295 2015 420 2048 martyris
445 2014 550 2043 festum,
571 2014 597 2039 in
621 2013 697 2047 cujus
714 2013 842 2039 honorem
858 2012 975 2040 ofﬁcium
989 2017 1031 2040 to-

246 2053 302 2075 tum
317 2048 495 2082 compositum
514 2053 565 2079 est,
584 2049 717 2081 simulque
734 2049 891 2074 memoriam
916 2052 1028 2082 agentes

246 2083 343 2109 Phoca:
357 2084 467 2109 alterius
484 2090 515 2108 ex
535 2083 675 2109 horlttlano
691 2083 828 2117 martyris,
845 2090 958 2112 quorum
971 2091 1028 2109 atti-

247 2118 341 2144 lmrutn
356 2118 437 2144 resin
454 2118 606 2151 Synaxario
625 2117 736 2144 seorsiut
753 2117 982 2151 complectuntur;
996 2125 1027 2144 ac

247 2152 372 2185 pleraque
394 2152 438 2178 hic
461 2153 494 2178 ab
511 2152 616 2178 Asterio
639 2153 754 2185 ascﬂpta
773 2151 868 2178 Photh
884 2152 1028 2178 hortulano

246 2187 388 2219 miracula,
407 2187 527 2212 tribuunt
547 2187 588 2222 illi
602 2187 738 2220 episcopo,
755 2193 834 2222 quem
847 2187 907 2214 ideo
922 2186 1028 2222 θαυμα-

245 2222 360 2256 τουργόν
375 2227 488 2256 vocant,
507 2229 559 2248 noti
578 2221 693 2248 Phocum
710 2221 891 2252 hortulanum,
909 2227 935 2248 ut
949 2221 1029 2256 plane

245 2255 357 2283 necesse
372 2257 406 2283 sit
421 2255 503 2283 fuisse
526 2257 662 2283 Asterium
685 2256 799 2282 nominis
818 2257 1031 2291 :equivocatione
1049 2256 1070 2283 D

245 2292 397 2324 deceptum,
416 2298 447 2318 ac
464 2292 488 2318 ei
506 2291 645 2323 accidisse,
658 2291 728 2325 quod
748 2291 878 2324 Gregorio
892 2293 991 2318 accidit
1003 2293 1029 2318 iu

244 2326 391 2361 Cypriane,
412 2327 535 2354 eumdem
560 2326 667 2353 facienti
693 2326 854 2361 Cyprianum
878 2334 985 2361 magum
1004 2333 1031 2354 et

244 2362 407 2396 Cyprianum
432 2362 597 2396 episcopum.
616 2370 684 2396 quos
704 2368 793 2388 vetera
817 2369 848 2388 ac
874 2362 1029 2389 ﬁdelissima

245 2403 417 2425 monumenta
438 2399 557 2424 diversos
587 2404 646 2424 esse
667 2401 809 2424 testantur.
841 2396 929 2431 thue
955 2398 991 2424 ita
1015 2405 1029 2424 a

245 2432 311 2458 viris
328 2433 420 2464 tantis,
441 2440 490 2460 nec
511 2433 578 2459 adeo
599 2432 709 2462 dissitis.
730 2431 780 2458 ista
805 2437 911 2466 peccata
933 2432 988 2458 sint
1004 2439 1030 2458 tn

245 2473 400 2494 sanctorum
418 2467 541 2499 historia,
558 2468 621 2500 quid
641 2467 737 2493 mirum
759 2466 833 2498 plura
853 2466 979 2500 deincrps
993 2468 1029 2494 si-

245 2501 302 2528 mili
313 2510 406 2529 errore
418 2503 444 2529 in
457 2502 530 2532 aliis.
540 2510 571 2528 ac
581 2502 614 2528 ah
629 2502 689 2529 aliis
702 2502 889 2528 remotioribus
902 2509 993 2535 peccat
1002 2501 1030 2528 ιτ

246 2536 296 2568 Qui
321 2537 447 2572 :tsct'ips'tt
470 2537 575 2564 titulum
593 2535 676 2572 Regio
697 2537 757 2563 cod.
776 2543 809 2563 ex
825 2543 877 2572 quo
891 2536 1029 2572 peculiare

245 2571 397 2603 exordium,
413 2571 530 2605 illudque
552 2571 629 2606 plane
642 2571 784 2602 ornatum,
803 2571 919 2606 edimus,
937 2571 1031 2605 appel-

245 2606 326 2632 lando
341 2606 536 2642 ᾕερομάρτυρα,
557 2607 640 2633 videri
659 2605 944 2642 episcopuntPhocam
959 2607 1032 2633 indi-

245 2642 325 2668 cavit.
340 2641 428 2668 Potuit
442 2641 545 2668 Phocas
557 2641 713 2668 hortulanus
725 2641 824 2667 Asterii
834 2645 912 2668 aetate
925 2642 959 2668 ita
972 2642 1030 2668 cla-

247 2684 317 2707 rere,
334 2684 366 2703 ac
388 2676 486 2703 celebri
500 2677 567 2702 adeo
586 2677 713 2703 memoria
728 2676 754 2702 in
771 2675 855 2702 l’outo
869 2675 980 2708 habere,
1001 2681 1031 2703 ttt

245 2711 398 2745 episcopqu
415 2710 529 2738 l’hocam
543 2712 610 2744 apn.l
624 2711 713 2745 plures
725 2711 869 2743 Asiaticos,
887 2711 1030 2745 ipsumque

245 2747 313 2772 adeo
334 2745 482 2778 Asterium,
498 2745 636 2772 oﬂ‘uscarit
651 2754 658 2772 :
671 2745 740 2779 quod
763 2746 789 2772 in
815 2745 875 2772 aliis
895 2746 1030 2773 accidisse

244 2781 401 2816 scimtts,rut
420 2781 446 2808 in
461 2781 490 2807 S.
508 2780 536 2807 P.
551 2780 583 2807 Ν.
599 2780 750 2811 Dominico.
764 2781 874 2815 ejusque
887 2782 1030 2816 cognomi-

246 2823 278 2841 ne
295 2815 433 2850 Dominico
446 2823 460 2841 a
473 2816 528 2842 Silo
545 2822 577 2842 co
591 2815 747 2848 antiquiori,
769 2816 794 2842 in
811 2816 971 2850 quibusdam
989 2815 1031 2843 Io-

243 2850 283 2876 cis
299 2849 442 2884 llispanize.
457 2851 533 2884 Quod
550 2851 586 2877 ait
600 2850 740 2882 llaronius,
759 2849 865 2884 passum
881 2859 940 2878 esse
962 2850 1031 2878 l’ho-

243 2892 302 2912 caui
319 2883 488 2914 hurlulanum
503 2885 663 2917 Antiochiae,
688 2892 740 2913 non
759 2883 878 2921 Sinope;
899 2883 1030 2923 putatque

1082 1662 1220 1697 accepisse
1243 1668 1274 1688 ex
1301 1660 1379 1697 Rqom.
1401 1661 1590 1696 Martyrologio
1609 1669 1637 1689 nt
1659 1660 1751 1688 Nonas
1775 1661 1875 1694 Martii.

1085 1695 1158 1724 nullo
1177 1697 1257 1723 modo
1272 1696 1298 1722 in
1316 1695 1431 1722 Phocam
1454 1695 1636 1728 hortulanum,
1650 1705 1683 1724 ac
1695 1704 1775 1730 queui
1796 1697 1873 1726 Aste-

1085 1732 1142 1759 rius
1167 1731 1296 1763 celebrat,
1322 1735 1367 1757 aut
1384 1732 1464 1758 etia-n
1481 1731 1571 1758 Grmci
1590 1732 1681 1759 colunt
1695 1732 1730 1759 22
1751 1731 1874 1766 Septem.

1085 1767 1211 1802 quadrat.
1226 1769 1265 1793 Ac
1281 1766 1360 1802 plane
1375 1766 1443 1793 alius
1468 1768 1503 1793 sit
1523 1766 1608 1801 Syrus
1618 1767 1671 1802 jlle
1688 1772 1789 1802 martyr
1800 1767 1874 1794 Pho-

1082 1801 1132 1829 cas
1149 1802 1262 1828 Romani
1278 1801 1459 1836 Martyrologii
1477 1810 1507 1828 ac
1519 1801 1599 1837 Greg.
1615 1801 1765 1834 Turonen.,
1784 1809 1808 1830 c.
1828 1803 1874 1835 99.

1085 1846 1099 1864 a
1122 1837 1226 1864 duobus
1244 1837 1364 1863 Ponticis
1382 1844 1414 1863 ac
1430 1837 1566 1867 Asiaticis.
1581 1845 1650 1871 quos
1672 1842 1775 1864 tantum
1795 1837 1873 1865 (ἦνπ-

1084 1873 1135 1905 cia,
1150 1877 1178 1899 ut
1193 1873 1364 1907 peculiariter
1380 1879 1454 1902 suos.
1469 1879 1500 1898 ac
1517 1873 1542 1898 in
1561 1872 1670 1899 dimcesi
1692 1872 1873 1906 Constiuopo-

1085 1908 1166 1935 litana
1182 1915 1286 1941 passos.
1299 1907 1348 1933 sibi
1361 1907 1488 1934 colendos
1503 1908 1646 1941 acceperit.
1670 1907 1785 1941 Excepto
1799 1909 1872 1935 enim

1085 1943 1205 1975 nomine,
1224 1943 1288 1968 nihil
1305 1941 1401 1968 Phoce
1412 1941 1448 1968 illi
1465 1950 1524 1968 cum
1538 1943 1636 1977 duplici
1652 1942 1762 1969 Pontico
1778 1951 1808 1969 ac
1827 1942 1870 1970 Si-

1084 1978 1207 2011 nopensi,
1233 1977 1349 2003 maxime
1366 1985 1426 2003 cum
1445 1977 1586 2003 hortulauo
1609 1983 1709 2009 nostro,
1728 1985 1873 2005 commune

1085 2013 1217 2044 invenias,
1233 2020 1282 2039 nec
1298 2012 1395 2042 Ineunt,
1410 2019 1459 2038 nec
1471 2013 1579 2039 modum
1593 2013 1736 2047 passionis.
1747 2020 1796 2040 nec
1811 2014 1872 2041 vita

1084 2047 1250 2078 institutum,
1266 2055 1314 2074 nec
1334 2047 1475 2074 miracula.
1500 2046 1584 2073 Verba
1600 2048 1780 2082 Martyrologii
1796 2053 1870 2080 sunt,

1082 2089 1113 2109 ac
1130 2082 1352 2117 Gregot'iiicitati,
1367 2089 1429 2117 cap.
1440 2081 1486 2108 illo
1501 2082 1534 2109 99
1551 2082 1587 2108 De
1599 2083 1682 2116 gloria
1701 2081 1846 2117 martyrum
1859 2091 1869 2110 ξ

1081 2117 1226 2143 Antiochia:
1248 2116 1353 2143 Natalis
1367 2117 1396 2144 S.
1414 2116 1509 2143 P/tocw
1526 2118 1659 2152 martyris,
1672 2119 1716 2152 qui
1729 2124 1785 2150 post
1799 2118 1869 2144 mul-

1083 2157 1133 2183 tas,
1147 2161 1210 2185 quas
1222 2160 1267 2182 pro
1282 2153 1384 2178 nomine
1396 2152 1574 2185 Redemptoris
1590 2161 1681 2185 nauus
1695 2158 1733 2179 est
1745 2152 1868 2186 injurias,

1081 2188 1194 2222 qualiter
1208 2189 1240 2213 de
1254 2188 1363 2222 antiquo
1380 2188 1424 2214 illo
1439 2191 1556 2220 serpente
1570 2188 1777 2221 triumphaverit,
1792 2188 1869 2215 Itudic

1081 2231 1182 2256 quoque
1198 2222 1300 2256 populi:
1313 2231 1342 2248 eo
1356 2223 1483 2257 miraculo
1494 2222 1654 2252 declaratur.
1669 2223 1739 2256 quod
1761 2224 1785 2249 si
1797 2224 1870 2257 quis-

1082 2258 1152 2291 piam
1172 2266 1187 2284 (ι
1210 2263 1327 2291 serpente
1354 2265 1455 2284 morsus
1470 2256 1558 2290 fuerit.
1577 2263 1604 2283 ut
1618 2257 1729 2291 januum
1751 2256 1867 2285 basilica

1081 2293 1206 2327 martyris
1223 2292 1468 2327 credensiqttigerit,
1483 2293 1617 2326 confestim
1633 2297 1758 2319 evacuate
1773 2294 1867 2320 virtute

1081 2325 1170 2353 veneni
1192 2333 1313 2354 sanatur.
1331 2325 1403 2353 Nihil
1427 2326 1522 2353 horum
1537 2327 1578 2353 vel
1591 2328 1726 2358 Asterius.
1744 2328 1784 2354 vel
1799 2328 1870 2355 alius

1081 2363 1236 2396 quiSquam.
1253 2366 1365 2396 excepto
1387 2361 1501 2388 Baronio
1521 2362 1668 2392 divinante.
1686 2371 1717 2389 ac
1733 2363 1813 2390 Surio
1833 2371 1867 2390 ex

1082 2397 1127 2423 illo
1148 2397 1328 2429 exscribcnte,
1352 2396 1377 2422 in
1403 2396 1561 2423 alterutrum
1584 2397 1700 2424 l’hocatn
1726 2397 1868 2425 Ponticum

1082 2432 1156 2463 dicit,
1186 2439 1302 2464 cultique
1323 2431 1400 2465 pinva
1429 2432 1558 2459 miracula
1581 2433 1711 2464 referant,
1732 2434 1866 2467 quomodo

1081 2473 1129 2493 eos
1147 2471 1218 2493 tanta
1247 2467 1290 2493 illa
1317 2467 1404 2492 virtus
1425 2467 1539 2500 pellendi
1560 2475 1671 2499 venena,
1695 2468 1750 2495 sola
1776 2468 1864 2500 latuit,

1081 2509 1160 2539 quam
1174 2509 1252 2539 unam
1271 2501 1297 2527 iu
1318 2501 1386 2539 ξειιο
1405 2500 1494 2539 Phoea
1509 2501 1665 2539 Gregorius,
1683 2511 1714 2530 ac
1730 2503 1863 2539 Harter-

1081 2536 1179 2572 htgiutu
1198 2537 1310 2572 liotuan.
1326 2537 1362 2563 ita
1379 2536 1552 2570 pradicavit?
1568 2536 1634 2564 ’Mihi
1653 2545 1719 2572 ergo
1739 2536 1807 2565 alius
1824 2545 1865 2566 est

1083 2570 1186 2598 Phacus
1201 2571 1244 2598 ille
1260 2579 1274 2597 ιι
1293 2570 1422 2603 Ponticis,
1441 2579 1490 2599 nec
1505 2572 1527 2598 si
1543 2573 1606 2606 quid
1626 2570 1750 2600 Asterius
1769 2571 1865 2600 confu-

1081 2606 1130 2637 dit.
1149 2606 1176 2632 iu
1199 2614 1232 2633 eo
1260 2607 1394 2640 putandus
1407 2612 1448 2633 est
1464 2606 1627 2639 confudisse.
1642 2609 1689 2635 sed
1708 2608 1733 2635 itt
1749 2608 1805 2635 suis
1820 2608 1866 2634 5i-

1082 2641 1255 2675 nopeusibus.
1275 2640 1400 2676 Episcopi
1431 2641 1556 2676 reliquias
1572 2642 1653 2669 tradit
1667 2643 1725 2670 Ado
1739 2643 1764 2669 in
1781 2641 1866 2669 Claro-

1081 2676 1139 2702 nico
1156 2684 1200 2702 an.
1217 2675 1278 2708 101,
1297 2675 1427 2703 Viennam
1451 2675 1535 2704 fuisse
1554 2678 1708 2709 translatas,
1722 2685 1754 2704 ac
1772 2677 1797 2704 itt
1813 2679 1864 2705 55.

1079 2710 1268 2745 Apostolorum
1289 2711 1398 2738 basilica
1424 2712 1569 2739 collocatas
1583 2720 1590 2738 :
1604 2721 1655 2739 non
1670 2718 1760 2739 tamen
1775 2718 1867 2740 narrat

1081 2753 1135 2780 quo
1156 2746 1184 2782 id,
1201 2751 1320 2781 tempore
1338 2752 1442 2781 gestum
1456 2747 1502 2779 sit,
1517 2748 1564 2774 sed
1585 2752 1686 2774 tantum
1708 2748 1790 2775 refert
1804 2755 1865 2782 pas-

1081 2788 1140 2808 suut
1158 2781 1255 2808 illustri
1276 2783 1406 2816 martyrio
1423 2783 1588 2817 temporibus
1608 2782 1726 2817 'l'rajani.
1739 2783 1814 2815 Quod
1829 2785 1864 2810 de

1081 2822 1139 2843 arte
1158 2817 1216 2852 ejus
1236 2817 1424 2851 gubernatoria
1449 2825 1496 2852 seu
1515 2817 1621 2844 nautica
1645 2824 1707 2845 ante
1723 2818 1866 2852 episcopa-

1083 2855 1136 2877 tum
1165 2851 1265 2878 ltabent
1290 2853 1374 2886 ipsius
1404 2857 1463 2878 acta
1488 2851 1583 2878 Latina
1606 2854 1675 2886 apud
1698 2851 1822 2885 Petrum,
1837 2858 1867 2880 et

1082 2886 1159 2919 alios,
1183 2887 1217 2914 sit
1234 2887 1302 2914 forte
1320 2887 1447 2920 atiicttttn,
1461 2893 1494 2914 ex
1512 2887 1595 2916 multa
1617 2888 1662 2916 illa
1682 2893 1825 2916 nautarum
1837 2889 1865 2916 ι..
