2076 3155
543 144 561 157 ’ν

235 179 286 207 δ(ιὸ

870 177 900 205 S.
922 176 1059 206 ASTERII
1078 171 1230 205 AMASENI

1813 174 1865 204 5N

236 238 437 272 Isaac,’Jaeob;
456 245 487 266 ac
501 245 562 265 mm
580 237 698 265 virorum
720 230 1025 270 Areem-tlatione,'totius

1081 245 1122 264 νου
1135 235 1214 272 ῥίζης
1227 235 1486 272 ἀποδλαστήσαντας
1495 255 1502 268 ,
1514 235 1559 262 τὸν
1575 233 1677 267 Ἰσαὰκ,
1693 233 1738 260 τὸν
1757 232 1865 266 Ἰακὼΰ,

235 292 329 312 eorum
343 285 463 312 historia:
479 287 644 318 spectatores
669 282 734 309 ﬁunt
751 290 758 310 ι
775 282 814 308 sic
828 286 855 309 et
870 289 919 317 ego
930 281 1024 313 hodie.

238 337 278 358 It'l‘
288 331 358 358 beati
375 330 470 357 Phoca:
482 328 634 356 venerabile
652 328 791 355 delubrum
805 327 912 360 adiens,
926 335 958 355 ex
974 327 1024 355 loci

237 375 337 408 specie,
350 373 471 400 omnium
486 372 565 399 simul
589 380 649 407 qua
662 372 695 399 de
711 371 756 398 illo
779 377 853 406 gesta
869 377 1024 406 narrantur,

238 419 367 447 memoria
394 412 507 453 repleor.
538 417 621 444 Video
639 414 806 453 professione
837 417 1023 449 hortulanum,

238 465 329 492 animo
358 463 518 498 simplicem,
537 463 696 497 hospitalem
710 484 718 496 ,
747 463 891 490 maritimm
908 463 1026 498 regionis

236 507 364 534 exiiuium
380 507 471 538 decus,
489 507 515 533 in
540 507 764 534 mediterraneam
784 507 945 539 beneficum,
962 515 1024 534 san-

237 557 309 580 etum
339 553 415 581 illum
434 558 607 585 sanctorum;
636 561 668 581 ac
685 553 728 585 iis,
746 554 792 588 qui
819 553 920 581 Christi
945 561 1024 581 causa

236 599 374 628 consecuti
388 604 452 626 sunt
467 599 590 632 gloriam,
608 599 691 634 gloria
712 599 807 634 potiori
824 604 943 627 auctum.

274 689 330 726 (l3)
346 688 433 717 Sacer
452 689 558 724 quidem
575 693 617 716 est
627 696 658 716 ac
668 689 776 716 divinus
790 690 929 716 tiniversus
946 695 1027 723 gene-

238 743 362 763 rosorum
383 742 414 762 ae
426 735 535 762 fortium
560 739 709 770 martyrum
726 734 874 770 catalogus,
890 734 1025 769 passione,

237 781 355 809 debitam
370 787 418 815 pro
430 779 556 814 passione
568 779 686 807 referens
698 780 821 815 gratiam,
841 788 873 807 ae
884 780 1026 815 sanguine,

239 825 431 862 prosauguine
449 825 566 852 debitam
582 826 702 852 onmium
718 825 854 857 Salvatori,
863 825 970 852 solvens
984 832 1026 852 re-

237 873 466 900 muneratiouem.
492 870 592 898 Verum
626 871 652 898 in
681 871 723 898 his
753 871 828 906 ipsis,
845 879 899 898 non
921 879 971 898 una
987 875 1028 898 est

1076 283 1123 310 καὶ
1137 283 1204 318 μετὰ
1217 283 1266 318 τῆς
1285 282 1394 318 μνήμης
1409 281 1463 308 τῶν
1475 280 1590 317 ἀνδρῶν,
1610 280 1674 316 ὅλης
1691 279 1743 315 τῆς
1757 279 1800 306 ἐπ’
1818 279 1866 306 αὖ·

1075 329 1138 360 τοὺς
1154 328 1275 364 ἱστορίας
1291 327 1410 362 γίνονται
1427 327 1538 354 θεαταί·
1554 326 1626 353 οὕτω
1643 325 1721 360 κάγὼ
1735 325 1866 361 σήμερον,

1076 375 1122 402 τὸν
1132 374 1222 409 τίμιον
1236 373 1317 409 σηκὸν
1329 373 1376 400 τοῦ
1387 372 1586 409 τρισμακαρίου
1599 372 1681 398 Φωκᾶ
1693 371 1865 402 καταλαϐὼν.

1076 421 1109 447 ἐκ
1125 419 1172 447 τοῦ
1186 419 1269 446 τόπου
1286 419 1443 455 πληροῦμαι
1461 419 1511 454 τῆς
1536 419 1647 454 μνήμης
1669 418 1780 444 πάντων
1797 417 1867 453 όμοῦ

1076 465 1131 492 τῶν
1155 466 1199 492 ἐπ’
1219 464 1293 500 αὺτῷ
1318 465 1472 500 λεγομένων
1495 463 1690 499 διηγημάτων·
1711 463 1802 498 βλέπω
1821 463 1868 489 τον

1077 511 1217 548 κηπουρὸν
1230 511 1260 537 τὸ
1281 511 1460 548 ἐπιτήδευμα.
1477 510 1523 536 τὸν
1545 510 1683 537 ἄπλαστον
1701 509 1750 544 τὴν
1765 509 1866 544 ψυχὴν,

1077 556 1123 583 τὸν
1143 556 1297 591 φιλόξενον,
1313 555 1358 581 τὸν
1372 555 1423 590 τῆς
1438 553 1575 590 παραλίας
1591 554 1742 590 ἐξαίρετον,
1758 553 1803 581 τὸν
1818 553 1869 588 τῆς

1079 600 1221 637 μεσογείου
1235 599 1393 635 εὐεργέτην.
1407 599 1462 626 τῶν
1478 599 1564 633 ἁγίων
1579 599 1625 626 τὸν
1643 600 1719 634 ἅγιον
1729 619 1737 632 ,
1751 599 1799 626 καὶ
1813 598 1869 625 τῶν

1077 640 1280 680 δεδοξασμένων
1298 643 1342 670 διὰ
1359 643 1475 678 Χριστὸν
1491 642 1672 678 ἐνδοξότερον.

1119 692 1201 728 Ἰερὺς
1228 691 1277 726 μὲν
1296 690 1350 726 γὰρ
1370 691 1418 717 καὶ
1441 689 1584 721 θεσπέσιος
1609 690 1718 723 arato
1737 689 1790 715 τῶν
1808 697 1866 723 γεν-

1078 739 1160 766 ναίων
1177 737 1323 774 μαρτύρων
1339 736 1505 771 κατάλογος,
1522 736 1603 763 πάθει
1618 736 1668 770 τὴν
1680 735 1751 771 ὑπὲρ
1765 734 1869 766 πάθους

1078 784 1196 815 ἀποδοὺς
1212 782 1302 818 χάριν,
1320 782 1416 817 αἵματι
1433 781 1462 808 δέ
1476 781 1524 817 τὴν
1540 781 1610 817 ὑπὲρ
1624 781 1738 817 αἵματος
1752 780 1791 816 τῷ
1811 781 1870 807 Σω-

1078 829 1142 865 τῆρι
1155 829 1209 856 τῶν
1222 829 1290 855 ὅλων
1303 828 1420 864 ἀμοιὸὴν
1435 827 1627 864 ἐκπληρώσας.
1643 827 1716 864 Πλὴν
1734 828 1763 855 ἐν
1776 827 1870 858 αὐτοῖς

1078 876 1198 908 τούτοις,
1216 875 1247 901 οὗ
1267 875 1316 909 μία
1336 874 1390 901 τῶν
1413 874 1523 902 πάντων
1539 875 1556 910 ἡ
1573 874 1648 906 δόξα,
1675 873 1736 900 οὑδέ
1759 873 1827 908 πρὸς
1840 872 1870 899 ἒν

237 919 359 946 omnium
379 918 475 953 gloria,
503 925 553 945 nec
574 925 626 944 una
649 925 775 945 mensura
792 919 896 945 cunctis
914 918 1028 952 :equalia

1081 921 1180 957 μέτρον
1196 920 1241 947 ἴσα
1254 919 1288 947 τὰ
1305 919 1375 955 γέρα
1389 921 1444 951 τοῖς
1456 920 1528 951 ὅλοις
1542 919 1786 955 ἀποκεκλήρωται-
1802 918 1871 946 ἀλλὰ

238 965 366 993 attributa
382 969 445 992 sunt
459 964 568 999 praamia
585 973 592 992 :
606 963 671 999 quin
691 965 806 999 primum
825 971 851 992 et
869 964 1028 996 secundum,

238 1018 273 1038 ne
283 1015 436 1038 sanctorum
451 1010 559 1045 quidem
573 1009 665 1046 effugit
679 1011 827 1046 catalogus.
842 1010 928 1045 Hujus
941 1016 1029 1037 alitem

239 1057 291 1090 rei,
303 1061 332 1083 ut
344 1056 472 1088 arbitror,
489 1063 569 1083 eausa
583 1060 636 1088 est,
647 1057 719 1091 quod
736 1056 770 1082 sit
782 1056 861 1091 iudex
875 1061 1028 1088 accuratus,

239 1110 289 1130 nec
301 1103 449 1138 quidquam
465 1102 490 1129 in
510 1106 613 1137 partem
631 1102 744 1129 alteram
761 1101 859 1128 innecti
876 1105 968 1136 queat.
982 1100 1031 1128 in-

240 1154 332 1175 tuetur
346 1148 418 1175 eiiim
434 1151 459 1174 et
476 1147 669 1182 suppliciorum
683 1147 907 1182 magnitudinem,
925 1151 952 1173 et
964 1145 1031 1173 tole—

240 1194 335 1221 rantiae
350 1194 531 1221 constantiam
545 1201 553 1226 ;
574 1193 789 1227 examinansque
806 1192 964 1225 certamina,
982 1199 1030 1227 pro

239 1240 397 1267 meritorum
409 1239 516 1267 ratione
533 1238 642 1266 athletis
655 1238 792 1266 distribuit
806 1238 925 1273 prauuia.
939 1237 1030 1272 Neque

239 1293 304 1313 vero
317 1285 470 1312 mirandum
494 1290 546 1317 est,
566 1285 602 1312 ita
625 1292 639 1311 a
665 1284 720 1312 Deo
738 1284 866 1312 honorari
889 1283 1024 1319 justitiam

239 1341 300 1359 cum
318 1339 351 1359 ne
373 1331 399 1359 in
415 1331 541 1359 humanis
556 1331 664 1366 quidem
685 1330 864 1365 imperatores
876 1338 908 1357 ac
930 1337 1031 1364 ageno—

241 1379 333 1410 theta.
352 1377 425 1405 viros
442 1376 537 1409 fortes,
560 1381 606 1404 aut
625 1377 739 1412 pugiles,
761 1376 904 1411 a'quuliter
923 1376 1031 1403 univer-

238 1431 284 1452 sos
300 1423 435 1456 habeant;
459 1423 507 1451 sed
527 1423 636 1458 cuique,
666 1430 716 1457 pro
744 1422 782 1450 rei
805 1422 934 1458 praeclare
950 1427 1032 1458 gestae

239 1469 330 1500 modo.
347 1469 418 1496 dona
433 1476 554 1502 rongrua
571 1469 728 1496 decernant.

275 1513 338 1541 Nate
365 1518 457 1541 autem
487 1513 623 1546 disserui,
650 1521 706 1549 quo
720 1513 818 1547 \‘irum,
846 1515 891 1550 qui
909 1514 1031 1542 hodierni

240 1564 391 1586 mnvcntus
406 1558 483 1586 nobis
497 1559 613 1593 prtebuit
628 1565 751 1590 causam,
767 1559 859 1592 sociis,
885 1567 918 1586 ac
935 1559 1031 1595 pugili-

241 1606 301 1639 hus,
322 1605 367 1641 qui
388 1604 496 1633 eosdem
524 1604 690 1632 desudarunt
717 1613 833 1641 agones,
859 1605 1030 1633 illustriorem

239 1652 398 1685 ostendam;
424 1658 487 1678 nam
516 1649 562 1678 alii
594 1650 714 1685 quidem,
731 1658 819 1687 neque
845 1659 941 1679 omnes
963 1651 1032 1687 apud

241 1705 336 1725 omnes
352 1702 414 1725 sunt
431 1697 497 1732 uoti,
510 1705 597 1733 neque
608 1698 748 1725 hominum
763 1705 890 1725 sermone
904 1698 1032 1725 virtutem

241 1744 406 1771 celebratam
422 1743 522 1770 habent
539 1751 546 1770 :
562 1743 686 1771 'Phoeam
713 1748 803 1770 autem
831 1750 909 1770 nemo
926 1747 968 1770 est
987 1742 1032 1778 qui

243 1791 369 1826 ignoret:
391 1790 438 1817 sed
461 1790 597 1824 qttomodo
625 1789 690 1817 solis
719 1789 811 1816 radius
843 1789 1032 1816 universorum

241 1837 327 1864 oculis
350 1836 500 1871 explicatus
527 1840 592 1864 est:
624 1835 661 1863 ita
691 1836 773 1863 etiam
802 1834 880 1870 hujus
905 1836 1033 1871 martyris

243 1883 314 1909 fama
342 1882 462 1909 omnium
477 1889 557 1910 aures
571 1882 783 1916 circumsonuit;
799 1887 880 1917 atque
892 1887 919 1910 ut
939 1883 1040 1918 paucis

242 1929 341 1962 dicam,
351 1933 481 1964 quotquot
496 1929 636 1956 Dominum
648 1928 786 1957 Christum
795 1935 937 1964 noverunt,
953 1930 1034 1957 iideut

241 1983 348 2012 quoque
363 1976 420 2009 ejus
434 1976 685 2003 noreruntﬁdelem
699 1984 819 2004 servum.
832 1975 932 2004 Verum
948 1977 1034 2004 enitu-

243 2031 308 2051 vero
324 2023 435 2056 relictis,
456 2023 479 2050 si
495 2023 609 2055 videtur,
625 2030 683 2057 qua;
698 2023 742 2050 ille
758 2030 818 2051 eum
829 2023 891 2050 aliis
909 2023 1034 2051 encoutia

243 2069 325 2096 habet
338 2068 502 2101 communia,
519 2069 634 2096 eximias
650 2069 779 2104 martyris
805 2069 916 2102 laudes,
933 2074 1035 2106 marty-

243 2122 302 2142 rum
320 2115 474 2142 amantibus
492 2114 566 2141 vobis
580 2114 737 2142 recensebo.
891 2108 893 2110 ’

281 2160 354 2188 Tulit
369 2161 459 2195 itaque
474 2166 599 2187 sanctum
618 2160 688 2187 hunc
711 2161 809 2194 virum,
840 2168 976 2195 magnum,
992 2161 1034 2188 in~

244 2215 341 2242 quam,
357 2206 421 2233 illud
447 2205 666 2234 Christianorum
683 2206 867 2240 commodum,
878 2207 967 2234 vicina
991 2206 1034 2234 Si-

1080 964 1110 991 τδ
1121 964 1229 1000 πρῶτον
1250 964 1297 990 καὶ
1311 963 1446 999 δεύτερον,
1461 964 1521 990 οὐδὲ
1537 965 1552 991 ὁ
1565 963 1620 991 τῶν
1638 964 1722 999 ἁγίων
1741 963 1870 998 ἐκφεύγει

1081 1011 1240 1045 κατάλογος.
1256 1011 1346 1037 Αἴτιον
1359 1010 1387 1036 δὲ
1404 1008 1480 1046 οἶμαι
1502 1010 1609 1042 τούτου,
1625 1011 1657 1038 τὸ
1670 1010 1730 1037 λίαν
1748 1011 1869 1046 ἀπηκρι-

1081 1055 1203 1090 ϐωμένον
1213 1054 1259 1082 τοῦ
1271 1055 1364 1091 κριτοῦ
1377 1056 1423 1082 καὶ
1434 1055 1626 1092 ἀπρόακλιτον.
1646 1055 1747 1092 Ἐφορᾷ
1756 1056 1810 1092 γὰρ
1824 1056 1872 1083 καὶ

1081 1101 1220 1137 τιμωριῶν
1236 1102 1348 1137 μεγέθη,
1367 1102 1416 1128 καὶ
1434 1103 1582 1138 καρτερίας
1596 1103 1745 1135 ἐνστάσεις,
1760 1104 1806 1129 καὶ
1821 1102 1869 1138 βα-

1083 1146 1199 1178 σανίζων
1222 1147 1256 1173 τὰ
1278 1147 1476 1182 ἀγωνίσματα,
1500 1147 1549 1179 τὰς
1568 1147 1635 1183 πρὸς
1659 1147 1738 1180 ἀξίαν
1754 1147 1871 1183 ἀμοιϐὰς

1081 1192 1204 1227 διανέμει
1218 1193 1274 1224 τοῖς
1289 1191 1428 1228 ἀθληταῖς.
1447 1193 1502 1220 Καὶ
1524 1192 1675 1228 παράδοξον
1689 1193 1825 1228 οὐδαμῶς,
1847 1193 1872 1220 ει

1082 1238 1158 1274 παρὰ
1176 1238 1243 1265 Θεοῦ
1260 1238 1331 1265 οὕτω
1342 1240 1455 1275 τιμᾶται
1468 1239 1497 1266 τὸ
1511 1239 1627 1270 δίκαιον,
1638 1239 1719 1266 ὁπότε
1741 1240 1788 1266 καὶ
1806 1238 1872 1274 παρ’

1081 1285 1148 1320 ἡμῖν
1173 1285 1321 1320 στρατηγοὶ
1337 1286 1384 1311 καὶ
1407 1285 1574 1320 ἀγωνοθέται
1598 1285 1647 1312 οὐκ
1676 1285 1728 1312 ἴσοι
1752 1285 1871 1319 γίνονται

1081 1332 1137 1362 τοῖς
1156 1330 1323 1366 ἀριστεῦσιν.
1339 1331 1355 1367 ἦ
1371 1332 1428 1363 τοῖς
1441 1332 1621 1365 ἀγωνισταῖς·
1637 1331 1707 1359 αλλὰ
1718 1332 1751 1368 δὴ
1764 1332 1872 1368 ἑκάστῳ

1083 1376 1153 1404 κατὰ
1164 1376 1195 1403 τὸ
1207 1376 1308 1413 μέτρον
1320 1377 1367 1404 τοῦ
1382 1377 1606 1414 κατορθώματος,
1624 1377 1673 1409 τὰς
1689 1377 1794 1413 δωρεὰς
1808 1378 1872 1404 ἀνα-

1082 1422 1212 1457 λογούσας
1226 1423 1430 1459 ἐπιψηφίζουσι.

1119 1510 1211 1538 Ταῦτα
1227 1511 1255 1538 δὲ
1276 1511 1393 1547 διῆλθον,
1407 1512 1451 1538 ἵνα
1468 1511 1559 1544 δείξω,
1584 1511 1623 1544 ὡς
1644 1511 1658 1538 ὁ
1672 1512 1791 1548 σήμερον
1808 1512 1875 1547 ἡμῖν

1058 1589 1068 1601 ν
1083 1557 1231 1593 παρασχὼν
1250 1557 1296 1585 τοῦ
1312 1557 1442 1592 συλλόγου
1460 1560 1509 1593 τὴν
1530 1558 1668 1594 ἀφορμὴν,
1690 1557 1743 1584 τῶν
1759 1558 1875 1595 ἑταίρων

1084 1604 1132 1631 καὶ
1151 1603 1358 1638 σνναγωνιστῶν
1371 1605 1428 1631 ἐστι
1443 1604 1682 1640 περιφανέστερος.
1699 1604 1731 1631 οι
1753 1604 1803 1639 μὲν
1819 1603 1875 1640 γὰρ

1084 1649 1170 1682 ἄλλοι,
1184 1650 1213 1676 οὔ
1233 1649 1333 1682 πάντες
1351 1650 1426 1686 παρὰ
1442 1651 1510 1677 πᾶσι
1530 1649 1723 1686 γνωρίζονται,
1741 1650 1806 1677 οὐδὲ
1827 1649 1876 1685 ﬁse

1084 1696 1221 1732 ϐοημένην
1228 1696 1318 1732 έχουσι
1331 1696 1379 1732 τὴν
1387 1695 1572 1732 ἀνδραγαθίαν
1585 1705 1591 1712 ·
1599 1697 1698 1724 Φωκᾶν
1706 1697 1729 1712 ³⁸
1741 1697 1791 1723 οὐκ
1802 1695 1877 1723 ἐστιν

1083 1742 1113 1774 ὃς
1126 1743 1229 1777 ἀγνοεῖ·
1239 1742 1296 1769 ἀλλ’
1308 1742 1402 1778 ὥσπερ
1415 1743 1494 1775 ἀκτὶς
1506 1743 1523 1779 ή
1534 1742 1580 1769 τοῦ
1592 1742 1668 1778 ἡλίου
1681 1743 1763 1770 πᾶσιν
1774 1741 1876 1778 ὀφθαλ-

1086 1790 1146 1825 μοῖς
1162 1789 1340 1824 ἐφήπλωται,
1361 1789 1430 1817 οὕτω
1451 1789 1498 1816 καὶ
1515 1790 1532 1824 ἡ
1552 1788 1599 1815 τοῦ
1618 1789 1757 1826 μάρτυρος
1779 1788 1875 1816 τούτου

1085 1835 1164 1870 φήμη
1197 1836 1288 1862 πᾶσαν
1315 1835 1401 1871 ἀκοὴν
1428 1835 1597 1871 περιήχησε·
1617 1836 1667 1875 ικαὶ
1685 1835 1731 1863 ἴνα
1758 1834 1878 1863 συνελὼν

1085 1881 1156 1908 εἴπω
1167 1902 1174 1912 ,
1189 1882 1246 1907 ὅσοι
1258 1881 1303 1908 τὸν
1325 1882 1463 1916 Δεσπότην
1484 1881 1637 1918 ἐγνώρισαν
1651 1881 1770 1918 Χριστὸν
1780 1901 1788 1915 ,
1803 1877 1877 1909 οὖτοι

1085 1927 1132 1953 καὶ
1148 1926 1194 1953 τὸν
1210 1927 1306 1954 πιστὸν
1321 1926 1413 1954 δοῦλον
1429 1925 1582 1962 ἐγνώρισαν
1593 1936 1600 1944 ·
1623 1926 1723 1963 μᾶλλον
1739 1927 1778 1960 δὲ,
1793 1927 1818 1954 εί
1831 1927 1877 1954 δο-

1085 1974 1138 2005 κεῖ,
1154 1973 1208 2000 τῶν
1223 1973 1320 2000 κοινῶν
1339 1973 1409 2008 πρὸς
1427 1973 1489 2005 τοὺς
1505 1973 1601 2005 ἄλλους
1616 1973 1761 2009 ἐγκωμίων
1773 1974 1878 2010 ἀφέμε-

1085 2027 1140 2052 νος,
1152 2018 1187 2045 τὰ
1196 2018 1323 2054 ἐξαίρετα
1336 2018 1383 2045 τοῦ
1400 2018 1538 2055 μάρτυρος
1563 2019 1721 2056 διηγήματα
1743 2019 1806 2056 ὑμῖν
1820 2021 1877 2051 τοις

1085 2064 1266 2100 φιλομάρτυσι
1283 2063 1461 2100 διηγήσομαι.

1123 2163 1242 2198 Ἦνεγκε
1260 2163 1349 2191 τοίνυν
1370 2163 1416 2191 τὸν
1431 2164 1511 2198 ἅγιον
1532 2164 1616 2200 ἄνδρα
1633 2164 1743 2197 τοῦτον,
1762 2165 1789 2192 τὸ
1807 2165 1878 2201 μέγα

1087 2210 1258 2246 Χριστιανῶν
1277 2210 1383 2245 ὃφελος,
1398 2212 1415 2246 ή
1429 2211 1527 2245 γείτων
1540 2211 1659 2246 Σινώπη,
1683 2211 1760 2243 πόλις
1775 2212 1878 2248 ἀρχαία

244 2259 326 2288 nope,
351 2253 461 2288 antiqua
476 2253 571 2280 civitas
584 2259 616 2279 ac
631 2257 702 2285 nota,
730 2251 840 2280 fortium
865 2254 986 2281 virorum
1001 2261 1030 2281 ac

1087 2257 1135 2284 καὶ
1153 2256 1308 2293 γνώριμος,
1330 2256 1446 2294 εὔπορος
1464 2257 1606 2294 καρτερῶν
1619 2258 1640 2274 ¹⁷
1663 2259 1709 2285 καὶ⁸
1724 2258 1878 2294 φιλοσόφων

244 2299 465 2334 philosnphorum
483 2298 569 2326 ferax.
599 2297 638 2326 Ne
662 2298 722 2333 quis
736 2299 808 2326 enim
832 2299 897 2327 mihi
918 2300 945 2327 in
965 2307 1036 2336 prce-

244 2346 393 2374 seuliartun
408 2345 545 2374 diversam
558 2345 715 2379 religionem
730 2350 854 2380 reputet;
870 2347 918 2374 sed
934 2346 960 2374 id
978 2352 1036 2374 tan-

245 2399 313 2424 tum,
330 2400 393 2419 num
412 2392 523 2419 omnino
537 2392 720 2419 studiosorum
738 2392 857 2419 virorum
873 2393 963 2420 nutrix
978 2392 1036 2420 fue-

244 2440 279 2466 rit
294 2447 325 2466 ac
341 2446 448 2473 parens.
466 2437 532 2467 Vita:
544 2443 633 2465 autem
644 2438 763 2466 studium
784 2439 808 2466 ei
821 2443 879 2466 erat
894 2439 963 2466 horti
979 2439 1036 2466 cul-

246 2491 316 2518 tura,
334 2492 414 2519 quem
430 2483 465 2511 ibi
482 2489 545 2511 ante
561 2489 668 2519 portam
684 2483 803 2511 civitatis
819 2483 845 2510 in
856 2483 952 2511 lsthmi
965 2485 1034 2512 ostio

245 2531 397 2566 possidens,
407 2530 551 2566 diligenter
564 2530 682 2562 colebat,
698 2535 727 2556 ut
740 2529 792 2557 sibi
805 2536 837 2556 ae
851 2529 1035 2564 indigentibus

245 2579 316 2602 esset
329 2575 390 2602 vitae
404 2575 538 2602 solatium.
557 2574 611 2602 Sed
623 2580 649 2601 et
666 2574 829 2608 hospitibus,
857 2579 982 2609 prompto
1003 2581 1035 2602 ac

246 2621 328 2648 alacri
340 2621 440 2652 animo,
458 2628 566 2655 parvam
580 2628 612 2647 ae
627 2627 771 2655 pauperem
783 2619 894 2647 domum
912 2624 1033 2654 apertam

246 2666 363 2694 volebat.
377 2667 445 2694 Cum
458 2671 548 2694 autem
564 2667 700 2694 habitaret
721 2667 748 2694 in
764 2667 805 2693 via
830 2667 946 2700 publica,
971 2674 1033 2702 qua:

247 2711 435 2746 suppetebant,
460 2711 666 2739 adventantibus
695 2712 847 2739 communia
868 2712 1029 2747 promebat;

248 2765 279 2785 ac
293 2757 339 2786 Lot
360 2758 468 2792 quidam
483 2758 599 2792 medius,
614 2766 666 2786 non
677 2759 877 2787 Sodomitarum
893 2759 940 2787 sed
952 2759 1031 2786 Sino-

1087 2303 1201 2340 ἀνδρῶν.
1219 2303 1266 2339 Μὴ
1283 2303 1337 2340 γάρ
1354 2303 1401 2339 μοί
1421 2312 1463 2336 τις
1479 2303 1628 2338 λογιζέσθω
1641 2304 1690 2331 νῦν
1702 2305 1733 2331 τὸ
1744 2304 1795 2340 τῆς
1811 2304 1879 2341 θρη-

1086 2349 1179 2381 σκείας
1191 2348 1329 2385 διάφορον,
1341 2349 1400 2376 ἀλλ’
1412 2350 1437 2376 εἰ
1453 2350 1606 2377 σπουδαίων
1616 2351 1684 2382 ὅλως
1697 2351 1803 2387 ἀνδρῶν
1817 2360 1879 2388 τρο-

1086 2394 1135 2429 φὸς
1146 2395 1193 2421 καὶ
1205 2396 1297 2431 μήτηρ
1306 2395 1424 2431 ἐδείχθη.
1442 2395 1584 2431 Ἐπιτήδευ
1589 2404 1626 2431 μα
1633 2396 1660 2422 δὲ
1670 2395 1745 2431 αὺτῷ
1752 2396 1798 2423 τοῦ
1808 2396 1879 2432 βίον,

1087 2442 1175 2476 κήπου
1190 2441 1313 2477 γεωργία
1327 2441 1374 2468 καὶ
1389 2442 1550 2477 ἐπιμέλεια,
1563 2443 1647 2478 ὅνπερ
1657 2443 1740 2469 αὑτοῦ
1755 2451 1807 2470 που
1825 2443 1879 2479 πρὸ

1085 2486 1136 2522 τῆς
1152 2486 1241 2522 πύλης
1256 2486 1304 2514 τοῦ
1318 2487 1415 2519 ἄστεος
1435 2488 1482 2514 ἐπὶ
1492 2487 1539 2515 τοῦ
1555 2488 1689 2524 στόματος
1701 2488 1748 2515 τοῦ
1768 2488 1877 2524 Ἰσθμοῦ

1083 2541 1168 2568 κεκτη
1172 2532 1261 2568 μένος,
1268 2534 1348 2570 ἦσκει
1357 2533 1508 2568 φιλοπόνως
1513 2556 1519 2563 ,
1527 2534 1616 2569 ἐαυτῷ
1622 2534 1732 2566 καὶτοῖς
1740 2534 1878 2570 δεομένοις

1084 2578 1260 2614 παραμυθίαν
1272 2579 1319 2606 τοῦ
1332 2579 1402 2615 βίον.
1413 2579 1524 2614 Ἥνοιγε
1536 2580 1565 2607 δὲ
1577 2580 1625 2606 καὶ
1639 2581 1694 2612 τοῖς
1708 2580 1796 2614 ξένοις
1807 2580 1880 2616 μάλα

1084 2623 1232 2660 προθύμως
1256 2625 1305 2660 τὴν
1329 2625 1429 2661 μικρὰν
1447 2625 1495 2652 καὶ
1509 2625 1660 2661 πενομένην
1683 2625 1786 2652 ἑστίαν.
1813 2625 1880 2652 Ἐπ-

1083 2669 1166 2697 οικῶν
1179 2669 1207 2696 δὲ
1223 2671 1255 2705 τῇ
1270 2669 1410 2705 λεωφόρῳ,
1429 2669 1507 2697 κοινὰ
1521 2671 1578 2701 τοῖς
1588 2669 1751 2706 ἐπιδημοῦσι
1768 2669 1881 2705 προετί-

1087 2715 1127 2743 θει
1143 2716 1178 2743 τὰ
1196 2716 1279 2744 ὄντα·
1305 2717 1353 2744 καὶ
1368 2717 1450 2752 μέσος
1469 2717 1491 2733 ⁸⁸
1516 2715 1550 2752 ἦν
1568 2716 1639 2744 Λὼτ.
1664 2716 1695 2743 οὐ
1714 2715 1879 2751 Σοδομιτῶν,

1086 2760 1154 2787 ἀλλὰ
1170 2760 1326 2789 Σινωπέων.
1343 2761 1396 2788 Τοῦ
1413 2762 1442 2788 δὲ
1455 2761 1552 2797 χρόνον
1568 2761 1755 2798 προελθόντος,
1771 2761 1818 2798 τὴν
1832 2761 1879 2790 ὲν.

283 2827 306 2844 "
328 2828 403 2856 Deest
420 2833 510 2864 negat.
527 2830 552 2856 in
575 2828 654 2856 Siriu.
679 2829 781 2857 codice.
822 2830 844 2846 ’⁷
863 2829 944 2857 Sirm.
962 2837 1028 2864 γενα

1082 2851 1088 2858 .
1127 2830 1149 2846 ’⁸
1162 2829 1245 2858 Sirm.
1256 2828 1326 2861 νέος.

285 2897 340 2934 (45)
362 2897 460 2926 Desunt
471 2898 560 2926 omnia
573 2897 714 2932 superiora
737 2898 762 2923 in
778 2898 943 2933 autographo
958 2898 988 2926 ιι.
1003 2897 1033 2925 P.
1048 2898 1195 2930 Sirmundi,
1217 2905 1242 2926 et
1260 2897 1329 2933 apud
1350 2897 1472 2925 Surium.
