2076 3155
233 192 288 220 513

769 197 911 227 HOMILIA
930 201 964 228 x.
987 201 1018 228 IN
1041 201 1090 230 SS.
1111 203 1311 233 MAli'lYRES.

1804 208 1857 238 5H

232 245 311 299 οὗτος
327 248 341 275 6
472 251 523 287 τῆς
534 250 684 287 ἀγορασίας
700 254 814 289 περιϊὼν
833 256 968 290 ἅπαντας,
984 258 1022 284 δί-

1075 260 1215 295 cmptionjs
1232 263 1372 290 universos
1387 263 1491 296 obiens,
1502 262 1585 298 partis
1604 267 1753 298 emptorem
1765 264 1856 299 quoti~

233 294 298 322 δωσι
317 295 479 332 καὴμέραν
498 297 546 332 τῆς
566 298 675 334 μερίδος
697 300 742 327 τὸν
760 301 878 338 ὠνητήν.
898 303 1021 332 Ἐπειδὰν

231 340 261 368 δὲ
273 341 358 377 ὅρμος
372 342 471 374 αὐτοὺς
485 343 659 380 ὐποδέξηται,
674 346 721 372 καὶ
733 347 773 378 εἰς
790 348 842 382 γῆν
857 349 1020 383 ἀφίκωνται,

233 385 376 422 μερίζεται
390 387 420 414 τὸ
439 388 570 424 ἀργύριον
588 391 643 422 τοῖς
660 392 788 419 πεινῶσι·
814 393 921 431 τοῦτοή
942 396 1021 432 μερὶς

231 431 279 458 τοῦ
290 433 383 465 Φωκᾶ,
397 434 520 470 πενήτων
533 436 689 471 εὐεργεσία.

269 476 410 514 Τεθήπασι
426 480 520 507 τοῦτον
531 483 578 508 καί
592 482 712 518 βασιλεῖς
725 483 769 511 τὸν
785 486 1021 521 καρτερικώτατον

233 524 281 552 καὶ
296 525 428 560 φιλόθεον,
437 527 483 554 καὶ
496 527 648 564 φιλοτίμοις
656 530 807 566 κειμηλίοις
818 533 1020 568 κατακοσμοῦσι

233 570 280 597 τοῦ
297 572 476 607 περιϐλέπτου
497 574 614 610 πένητος
628 576 674 602 τὸν
692 577 766 604 ναόν.
788 577 972 605 Φιλονεικοῦσι
990 579 1020 605 δὲ

232 617 257 643 οί
285 617 467 654 ὲπιγινόμενοι
484 620 548 661 τοὺς
577 621 780 658 πρεσϐυτέρους
807 624 1018 660 ὑπερϐαλέσθαι.

232 661 286 690 Καὶ
312 663 389 691 οὔπω
412 665 580 702 θαυμαστὸν,
604 669 628 695 si
649 669 700 704 τῆς
718 669 861 706 Ῥωμαίων
873 672 1021 707 ἡγεμονίας

230 709 326 746 ἄνδρες
346 711 528 745 φιλευσεὸεἰς,
548 713 660 750 θεσμοῖς
679 716 727 743 καὶ
749 717 842 752 νόμοις
864 717 1017 753 σύντροφοι,

229 755 316 789 οὕτως
330 756 454 790 εὐλαϐῶς
466 759 556 795 έχουσι
573 761 637 796 περὶ
651 762 697 789 τὸν
712 761 865 799 θεράποντα
887 763 935 790 106
950 764 971 790 Χ
977 772 1018 799 ρι-

231 802 304 837 στοῦ,
320 804 402 831 ὁπότε
421 806 472 832 καὶ
492 807 532 838 είς
550 805 707 843 βαρϐάρους
720 808 790 844 ἔφθη
804 809 835 836 τὺ
851 809 958 844 θαῦμα·
972 809 1019 836 καὶ

230 850 330 882 πάντες
344 852 368 877 οἱ
381 851 545 887 ἀγριώτατοι
559 853 672 888 Σκύθαι,
692 854 748 881 ὅσοι
760 855 792 891 δὴ
805 855 856 891 τὴν
869 855 1019 890 ἀντιπέρας

229 896 276 923 τοῦ
299 896 426 929 Εὐξείνου
443 897 544 925 Πόντου
566 899 680 935 ἦπειρον
697 900 842 936 νέμονται,
867 899 1019 931 Μαιώτιδος

1072 306 1116 334 die
1131 307 1261 343 sttggerit.
1279 307 1424 343 Postquam
1437 313 1526 336 autem
1542 317 1589 337 eos
1601 314 1695 344 portus
1706 310 1854 345 exceperit,

1072 353 1243 381 distribttitur
1262 353 1393 383 famelicis
1409 355 1522 383 collecta
1540 356 1652 391 pecunia
1671 364 1678 382 :
1696 356 1777 392 idque
1795 364 1859 391 pars

1070 399 1168 429 Pltoca:
1192 405 1243 434 est,
1263 409 1411 437 pauperum
1425 402 1613 430 beneﬁcentia.

1109 488 1175 515 Eum
1193 496 1300 524 quoque
1324 497 1401 525 reges
1424 491 1603 523 admirantur,
1624 491 1669 526 qui
1695 490 1857 518 fortissimus

1071 533 1266 569 religiosusque
1295 535 1451 568 exstiterit,
1498 536 1716 570 suspiciendique
1733 535 1856 572 pauperis

1070 579 1154 607 adem
1165 587 1282 614 sacram,
1300 580 1435 615 praeclaris
1448 588 1480 608 ac
1494 581 1646 616 magniﬁcis
1660 587 1792 609 exornant
1807 582 1856 610 do-

1071 624 1164 652 nariis.
1183 623 1365 657 Contendunt,
1379 625 1554 660 quijuniores
1565 626 1706 659 accedunt.
1722 633 1852 660 superare

1070 675 1184 698 veteres.
1205 670 1259 698 Nec
1270 671 1326 705 jam
1339 672 1447 705 mirum,
1461 675 1491 699 ut
1506 671 1618 699 Romani
1647 672 1752 707 imperii
1770 672 1856 700 homi-

1071 723 1120 744 nes
1138 717 1185 752 pii,
1200 724 1314 752 quorum
1343 718 1398 745 vita
1428 718 1532 754 regitur
1547 718 1667 746 moribus
1687 724 1768 754 atque
1792 718 1858 754 legi-

1070 763 1131 795 bus,
1144 770 1229 798 usque
1242 763 1310 791 adeo
1323 763 1425 791 Christi
1449 763 1578 791 famulum
1601 769 1777 797 venerentur,
1794 763 1856 792 cum

1070 809 1104 836 ad
1124 816 1209 844 usque
1225 809 1355 837 barbaros
1365 810 1520 846 pervenerit
1536 810 1697 843 admiratio;
1712 809 1854 837 fcrissimi-

1070 862 1125 889 que
1137 862 1232 882 omnes
1259 855 1377 891 Scythas,
1406 860 1548 890 quotquot,
1582 856 1709 890 inquam,
1735 856 1857 884 habitant

1071 900 1251 927 continentem
1267 907 1298 927 ex
1311 900 1423 927 adverso
1439 900 1532 927 Ponlis
1541 900 1637 928 Euxini
1650 909 1657 934 ;
1672 901 1770 928 accola:
1782 901 1858 928 lacus

229 941 338 978 λίμνης,
352 943 400 969 καὶ
415 943 538 979 ποταμοῦ
551 945 682 977 Τανάϊδος
695 946 847 982 πρόσοικοι,
863 946 920 972 ὅσοι
935 954 964 972 τε
974 945 1020 972 τὸν

1075 944 1213 978 Mmotidis,
1228 953 1260 973 ac
1274 945 1346 973 ﬂuvii
1361 945 1500 978 Tanaidis,
1520 953 1551 973 ac
1573 947 1726 981 quicunque
1738 945 1858 974 incolunt

230 989 367 1025 Βόσπορον
382 989 498 1023 οίκοῦσι,
516 991 563 1018 καὶ
582 992 645 1028 ἄχρι
661 992 774 1024 Φάσιδος
790 992 914 1028 ποταμοῦ
931 1001 1020 1028 παρα-

229 1034 373 1068 τείνονται,
388 1036 488 1069 πάντες
511 1035 584 1064 οὗτοι
607 1037 785 1074 δορυφοροῦσι
810 1039 848 1074 τῷ
871 1038 1020 1073 κηπουρῷ·

207 1079 288 1112 ’τοῖς
317 1080 346 1107 δὲ
371 1081 454 1108 πᾶσιν
481 1082 555 1110 ἔθεσι
580 1083 628 1109 καὶ
653 1083 851 1119 ἐπιτηδεύμασι
878 1083 1045 1114 διεστῶτες-

229 1127 319 1162 ήμῶν,
343 1127 383 1158 είς
405 1127 484 1154 τοῦτο
503 1128 584 1163 μόνον
604 1128 797 1164 ὁμογνώμονες
816 1129 946 1164 γίνονται,
971 1129 1021 1165 τὴν

229 1172 381 1208 ἀγριότητα
393 1173 448 1200 τῶν
461 1174 570 1210 τρόπων
582 1175 634 1201 ὑπὸ
649 1175 700 1210 τῆς
719 1175 849 1211 ἀληθείας
872 1174 1023 1211 ἐςημερού-

232 1227 316 1254 μενοι.
344 1216 391 1251 Εἷς
423 1219 489 1254 γοῦν
504 1220 596 1256 ἄρχων
622 1220 671 1248 καὶ
701 1221 828 1256 βασιλεὺς
853 1221 957 1248 ἐκεῖθεν
975 1221 1021 1247 τὸν

231 1265 362 1298 στέφανον
378 1266 429 1301 τῆς
456 1266 577 1302 κεφαλῆς
591 1266 770 1302 ἀποθέμενος,
789 1267 882 1303 χρυσῷ
901 1268 948 1294 καὶ
973 1268 1021 1294 ἄν-

230 1310 289 1337 θεσι
303 1311 386 1338 λίθων
403 1312 654 1349 περιλαμπόμενον,
666 1314 714 1340 καὶ
727 1314 774 1341 τὸν
789 1313 901 1350 θώρακα
915 1314 961 1341 τδν
973 1323 1022 1341 πο-

229 1355 342 1391 λεμικὸν
357 1357 470 1390 ἀποδὺς,
507 1357 574 1390 ὕλας
597 1359 694 1394 ἔχοντα
722 1359 838 1386 πλούτου
865 1358 1021 1394 (ἁλαζονικὴ

228 1403 284 1439 γὰρ
304 1405 352 1431 καὶ
377 1403 550 1440 θρυπτομένη
575 1404 629 1431 τῶν
659 1404 805 1440 βαρὸάρων
829 1406 846 1439 ή
861 1405 1020 1440 πανοπλία)-

229 1450 351 1485 ἔπεμψεν
372 1450 516 1486 ἀμφότερα
536 1450 716 1486 ἀναθήματα,
740 1449 784 1477 διὰ
808 1450 856 1476 τοῦ
883 1450 1022 1486 μάρτυρος

228 1496 268 1532 τῷ
282 1496 342 1532 Θεῷ
357 1497 404 1523 καὶ
416 1496 557 1532 δυνάμεως
566 1497 612 1523 καὶ
622 1495 776 1531 ἀξιώματος
787 1495 958 1532 καθιερώσας
972 1496 1023 1529 τὰς

230 1543 366 1578 ἀφορμάς.
386 1543 521 1578 Πρόδηλον
540 1542 606 1579 γὰρ,
628 1541 665 1574 ὡς
683 1543 697 1570 6
725 1543 773 1578 μὲν
807 1543 941 1578 στέφανος
967 1543 1018 1578 τῆς

231 1589 370 1624 βασιλείας
384 1587 419 1625 ἦν
447 1589 639 1625 χαριστήριον·
661 1589 676 1615 6
697 1588 726 1616 δὲ
743 1588 845 1624 θώραξ,
873 1589 924 1625 τῆς
950 1589 1021 1616 κατὰ

231 1635 367 1671 πολέμους
382 1635 482 1671 ἰσχύος.

267 1682 322 1714 Τὰς
346 1682 375 1709 δὲ
401 1681 522 1718 συνεχῶς
539 1681 585 1709 ἐπὶ
604 1681 711 1714 τούτοις
726 1681 928 1718 συμῦαινούσας
944 1681 1023 1717 εὐερ-

230 1735 262 1762 7:
268 1728 326 1759 σίας
339 1727 384 1754 διὰ
397 1727 451 1753 τῶν
465 1728 494 1753 ὲν
510 1728 648 1763 ὀνείρασιν
661 1727 760 1762 ὄψεων,
782 1728 830 1754 καὶ
849 1727 893 1755 διὰ
906 1727 961 1754 τῶν
979 1728 1023 1754 θε-

232 1773 364 1809 ραπειῶν,
382 1770 419 1800 ὧν
434 1773 459 1800 οί
477 1773 627 1809 κάμνοντες
654 1773 831 1806 ἀπολαύουσι,
846 1773 904 1805 πῶς
926 1773 959 1800 ἄν
980 1782 1022 1805 τις

232 1819 278 1846 καὶ
293 1819 463 1855 διηγήσαιτο,
478 1819 611 1846 ἀδυνάτου
627 1819 801 1852 καθεστῶτος
819 1822 879 1852 ταῖς
902 1820 1023 1848 καθέκα-

233 1874 295 1893 στον
309 1866 462 1902 ἐνεργείαις
479 1867 626 1901 ἐπαφεῖναι
645 1866 691 1892 τὸν
704 1866 800 1900 λόγον;
824 1866 919 1902 Ἡμεῖς
933 1865 1023 1893 τοίνυν

232 1912 350 1939 ἐνταῦθα
365 1912 507 1948 λήξαντες,
525 1912 603 1944 δόξαν
617 1912 656 1948 τῷ
677 1912 785 1948 Σωτῆρι
814 1911 1005 1948 προσοίσωμεν
1015 1932 1023 1945 ,

231 1956 262 1985 οὗ
278 1958 366 1986 δοῦλοι
379 1958 470 1985 πιστοὶ
483 1959 618 1995 τοσαύτης
632 1959 788 1995 ⁴ῐειξιώθησαν
803 1959 914 1995 χάριτος
924 1980 932 1991 ,
953 1958 1024 1985 ὥστε

233 2006 303 2041 πρὸς
319 2007 408 2032 πᾶσαν
423 2006 517 2041 χρείαν
532 2007 579 2032 καὶ
594 2007 757 2042 περίστασιν
767 2025 774 2038 ,
794 2006 867 2032 κατὰ
882 2005 931 2041 τὴν
941 2005 1025 2032 δοθεῖ-

235 2060 285 2078 σαν
300 2052 392 2082 αὐτοῖς
404 2051 518 2088 δωρεὰν,
538 2052 601 2085 τοὺς
612 2052 775 2088 ὁμοδούλους
793 2052 947 2088 εὐεργετεῖν
958 2060 964 2066 ·
978 2051 1025 2077 καὶ

234 2098 322 2126 ταῦτα
341 2098 410 2134 μετὰ
422 2098 471 2134 τὴν
484 2099 588 2126 ἐνθένδε
603 2099 706 2134 ἄφιξιν,
723 2099 770 2125 καὶ
781 2099 825 2125 τὸν
836 2098 883 2125 τοῦ
899 2097 1026 2134 σώματος

235 2145 390 2181 χωρισμόν·
411 2141 447 2171 ὧν
461 2146 478 2181 ἡ
495 2145 589 2180 μνήμη
607 2144 676 2180 μετὰ
689 2144 737 2171 τοῦ
754 2144 835 2180 ἔργου
847 2143 907 2170 καθ’
919 2143 1026 2179 ἡμέραν

234 2190 370 2227 διατρέχει
386 2191 477 2222 πόλεις
489 2191 536 2218 καὶ
549 2190 656 2226 κώμας.
671 2189 809 2225 πανταχοῦ
819 2189 865 2216 τὸν
880 2189 1026 2225 εὐεργέτην

236 2237 412 2273 κηρύσσουσα
429 2236 545 2273 Κύριον’
573 2233 595 2270 ᾧ
620 2236 720 2272 πρέπει
736 2236 812 2262 πᾶσα
834 2233 928 2270 [δόξα,
955 2233 1025 2270 καὶ]

1073 989 1252 1024 Bosphorum,
1270 994 1297 1018 et
1321 990 1354 1017 ad
1369 989 1511 1018 Pbasidem
1528 998 1613 1026 usque
1632 990 1741 1018 ﬂuvium
1764 996 1858 1019 exten-

1072 1037 1194 1069 duntur;
1223 1043 1328 1070 omnes,
1356 1036 1476 1070 inquam,
1507 1037 1546 1069 hi,
1572 1037 1732 1072 obsequium
1767 1037 1857 1065 olitori

1071 1087 1200 1117 pra:stent
1216 1091 1223 1109 :
1241 1090 1357 1118 cumque
1385 1083 1506 1110 moribus
1530 1084 1656 1110 omnibus
1675 1091 1707 1110 ac
1729 1084 1828 1111 studiis
1843 1092 1857 1111 ιι

1072 1129 1149 1156 nobis
1163 1128 1301 1161 differant,
1315 1128 1366 1155 hac
1387 1135 1439 1155 una
1460 1135 1490 1155 re
1505 1128 1561 1156 sola
1585 1128 1661 1156 nobis
1675 1129 1858 1161 consentiunt,

1072 1178 1100 1201 ιιι
1114 1181 1208 1202 eorum
1237 1174 1331 1201 feritas
1358 1181 1463 1201 tuorum
1490 1181 1506 1201 a
1532 1174 1646 1202 veritate
1673 1181 1851 1202 mansuescat.

1073 1220 1149 1248 Unus
1161 1224 1235 1248 certe
1251 1220 1325 1247 illinc
1337 1220 1462 1254 princeps
1489 1227 1600 1254 rexque,
1613 1228 1741 1248 coronam
1764 1222 1859 1256 capitis

1072 1266 1220 1300 deponens,
1249 1273 1316 1293 auro
1339 1273 1371 1293 ac
1394 1273 1561 1301 gemmarum
1579 1265 1690 1294 ﬂoribus
1717 1267 1859 1302 magniﬁce

1071 1310 1265 1345 splendentem,
1278 1318 1434 1345 exueusque
1449 1311 1575 1346 pretiosa:
1588 1312 1708 1339 materiae
1737 1312 1858 1340 bellicam

1071 1354 1182 1383 loricam
1193 1355 1304 1390 (quippe
1311 1355 1425 1390 superba
1439 1352 1482 1382 Est
1493 1363 1523 1382 ac
1532 1355 1669 1383 luxuriosa
1682 1356 1857 1384 barbarorum

1071 1402 1233 1436 armatura),
1249 1406 1362 1435 utraque
1375 1401 1576 1433 misitdonaria,
1590 1402 1643 1429 Deo
1655 1408 1702 1435 per
1714 1407 1858 1438 martyrem

1072 1447 1198 1482 potentia:
1213 1455 1245 1474 ac
1259 1447 1399 1481 dignitatis
1417 1454 1580 1474 consecrant-1
1597 1453 1767 1482 argumenta.
1795 1449 1858 1476 Cla-

1072 1501 1132 1521 rum
1144 1494 1216 1521 enim
1227 1499 1280 1526 est,
1296 1493 1401 1522 misisse
1417 1501 1558 1527 coronam,
1586 1499 1614 1521 ut
1640 1501 1688 1528 pro
1702 1501 1783 1528 regno
1798 1502 1861 1529 gra-

1073 1538 1125 1566 tias
1135 1544 1229 1574 ageret
1242 1547 1249 1566 :
1269 1539 1379 1567 loricam
1396 1546 1471 1572 vero,
1487 1542 1515 1567 ut.
1527 1546 1575 1574 pro
1588 1539 1687 1567 virtute
1701 1539 1806 1566 bellica.

1109 1685 1174 1719 Quae
1187 1689 1276 1711 autem
1290 1687 1398 1719 propter
1409 1683 1464 1711 haec
1482 1682 1609 1711 continue
1625 1682 1751 1710 eveniunt
1777 1682 1858 1709 benc-

1074 1731 1134 1759 ficia
1151 1738 1199 1766 per
1217 1730 1336 1757 visiones
1361 1729 1387 1756 in
1415 1728 1529 1761 somnis,
1557 1736 1589 1755 ac
1614 1729 1779 1760 curationes,
1795 1735 1863 1762 quas

1073 1776 1169 1812 παι-οιὶ
1183 1780 1397 1811 consequuntur,
1413 1782 1467 1810 quo
1495 1774 1556 1808 quis
1586 1774 1666 1801 modo
1693 1774 1862 1806 narraverit,

1074 1830 1134 1851 cum
1151 1829 1240 1850 sermo
1255 1821 1290 1848 ad
1315 1821 1418 1856 singula
1446 1821 1576 1848 accedere
1600 1828 1652 1847 non
1679 1819 1784 1854 poSsiti
1810 1819 1863 1847 Nos

1074 1876 1139 1903 ergo
1163 1868 1206 1896 hic
1222 1867 1375 1894 desinentes
1386 1886 1393 1898 ,
1410 1866 1543 1895 Salvatori
1571 1866 1683 1900 gloriam
1700 1865 1862 1896 offerentes,

1075 1913 1151 1948 cujus
1162 1913 1232 1941 servi
1249 1913 1341 1941 ﬁdeles
1354 1918 1456 1940 tantam
1470 1912 1582 1948 gratiam
1596 1915 1659 1939 sunt
1670 1911 1819 1942 consecuti,
1835 1917 1863 1937 ut

1077 1960 1102 1987 in
1116 1959 1188 1987 ornni
1207 1958 1368 1986 necessitate
1383 1965 1414 1985 ac
1428 1965 1502 1990 casu,
1516 1964 1565 1990 pro
1590 1963 1720 1984 concesso
1741 1955 1780 1982 eis
1794 1955 1864 1982 dono

1076 2006 1214 2035 conservis
1231 2005 1287 2033 suis
1295 2004 1465 2032 benefaeiant
1482 2010 1490 2029 ε
1510 2003 1589 2037 idque
1599 2006 1739 2037 postquam
1756 2001 1789 2028 ab
1815 2001 1864 2027 ltu-

1076 2053 1163 2081 ntanis
1184 2051 1365 2084 excesserint,
1385 2049 1541 2085 fueritttque
1568 2049 1684 2084 separati
1702 2057 1716 2076 a
1738 2055 1863 2083 corpore.

1076 2100 1196 2134 Quorum
1214 2097 1344 2126 memoria
1357 2097 1464 2130 efﬁcax,
1491 2096 1612 2131 quotidie
1636 2094 1787 2130 pervadens
1798 2094 1864 2135 civi-

1078 2151 1146 2174 tates
1172 2153 1204 2173 ac
1231 2145 1327 2176 vicos,
1359 2143 1460 2178 ubique
1489 2142 1691 2170 benefactorem
1721 2140 1864 2168 Dominum

1077 2192 1224 2228 praedicat:
1240 2198 1320 2227 quem
1332 2190 1410 2218 decet
1426 2189 1515 2217 omnis
1535 2188 1631 2224 gloria,
1650 2187 1747 2220 ltonor,
1768 2191 1796 2214 et
1816 2194 1866 2221 po-

1079 2243 1175 2270 testas,
1191 2245 1222 2265 ac
1237 2235 1447 2272 magniﬁcentia,
1461 2242 1533 2262 nunc
1547 2239 1575 2262 et
1601 2234 1627 2262 in
1642 2233 1739 2261 saecula
1754 2233 1866 2261 smculo~

236 2283 313 2320 τιμὴ,
332 2283 380 2310 καὶ
394 2283 504 2319 κράτος.
524 2283 570 2310 καὶ
592 2282 824 2318 μεγαλοπρέπεια,
847 2280 896 2308 νῦν
921 2281 969 2307 καὶ
985 2281 1025 2312 εἰς
1043 2291 1064 2318 ι)
1079 2293 1148 2312 ιιιιηι,
1165 2284 1261 2312 Amen,

237 2331 299 2363 τοὺς
315 2330 416 2363 αἰῶνας
428 2329 481 2356 τῶν
497 2329 613 2357 αἰώνων.
636 2329 734 2365 Ἀμήν.

620 2386 646 2413 Ι’.

339 2444 502 2479 Ἐἴ-κώμιον
517 2445 560 2477 εἰς
573 2443 643 2477 τοὺς
656 2443 760 2478 ἁγίους
767 2442 932 2477 μάρτυρας.

278 2489 379 2523 Ἔστιν,
394 2491 431 2522 ὼς
444 2490 541 2521 ἔοικεν,
554 2490 601 2516 καὶ
618 2489 694 2526 παρὰ
710 2489 764 2516 τῶν
775 2488 876 2524 σφόδρα
889 2487 1029 2524 δυσμενῶν

276 2607 330 2642 (49)
351 2607 388 2635 Ex
419 2606 542 2633 bibliotlt.
573 2604 720 2642 cardinala
737 2604 906 2642 Clllllillnm_9'
929 2613 956 2631 ιι.
984 2604 1026 2642 172,

241 2639 411 2670 exscribente
426 2650 457 2668 ac
475 2641 692 2668 eomtnuuicante
706 2640 737 2667 ll.
752 2641 782 2666 P.
796 2639 854 2666 Jac.
869 2639 1024 2666 Sirmumlo.

241 2693 272 2698 —
284 2678 440 2714 Opportune
458 2677 563 2714 tandem
584 2675 729 2714 delectam,
741 2683 786 2714 _ac_
807 2675 1026 2714 humanissime}

242 2709 398 2741 doctissimo
428 2712 549 2745 perinde,
578 2718 610 2737 ac
639 2710 834 2737 lttunanissinto
857 2709 916 2737 viro
941 2710 972 2736 ιι.
997 2709 1026 2736 Ρ.

241 2747 342 2776 Iacobo
358 2747 505 2775 Sirmnndo
521 2753 690 2773 t‘omtuuuem
712 2745 818 2776 factam,
841 2752 901 2771 cum
917 2745 958 2772 vix
974 2753 1026 2772 non

243 2784 353 2819 prelum
371 2783 473 2819 Asturii.
486 2782 587 2819 reliqua
600 2781 765 2819 excudissgt.
779 2786 832 2814 quo
848 2780 954 2819 tandem
969 2779 1029 2807 loco

245 2814 362 2846 maxime
377 2814 575 2849 desiderabam,
599 2824 630 2844 ac
646 2821 707 2849 post
726 2814 822 2850 Pltoeaa
839 2815 964 2850 martyris
983 2823 1031 2841 ett-

243 2855 374 2884 comium,
390 2860 490 2886 ponere
513 2852 597 2879 licuit.
626 2851 731 2878 Titulus
753 2849 860 2886 quidetn
882 2849 1034 2876 communis

243 2894 302 2926 est;
318 2884 479 2926 velut'dicta
498 2887 534 2915 sit
556 2887 582 2914 in
606 2891 739 2926 martyres
751 2884 879 2926 absolute
892 2892 1033 2926 ,Iquorum.

246 2919 334 2952 Graeci
349 2927 410 2958 post
425 2921 610 2951 Peutcrostcm
632 2919 854 2958 dieiuvcelcbrem
871 2919 981 2950 habent.
995 2919 1033 2947 uti

1461 2381 1489 2410 Χ,

1213 2440 1365 2468 Eucomium
1383 2441 1409 2466 iu
1426 2444 1530 2466 srmclos
1541 2443 1669 2473 martyres
1685 2436 1751 2472 (49).

1117 2489 1202 2519 Licet,
1218 2494 1246 2515 ut
1263 2489 1380 2520 videtur,
1396 2488 1476 2514 etiam
1495 2494 1509 2512 a
1531 2486 1704 2513 vehementer
1719 2484 1829 2512 infensis
1842 2489 1866 2510 el

1083 2604 1138 2632 fere
1152 2611 1200 2631 nos
1212 2610 1238 2629 tn
1253 2602 1341 2636 capite
1353 2601 1533 2629 Kalendarum
1551 2599 1752 2636 Novembrium.
1772 2599 1868 2636 festum

1081 2639 1207 2668 Omnium
1235 2634 1396 2665 Sanctorum
1416 2646 1423 2664 :
1441 2644 1469 2664 re
1489 2641 1578 2664 tamen
1602 2643 1665 2663 vera
1687 2635 1758 2661 dicta
1773 2639 1824 2665 est,
1843 2634 1869 2660 in

1082 2679 1170 2702 certos
1188 2674 1318 2708 quosdam
1340 2678 1485 2706 martyres,
1503 2680 1534 2699 ac
1554 2671 1626 2698 velut
1640 2670 1714 2708 urbis
1731 2669 1869 2708 tutelares.

1083 2709 1109 2736 in
1130 2717 1181 2744 qua
1198 2705 1268 2735 'tuuc
1286 2707 1410 2744 Asterius
1430 2713 1519 2742 egeret
1536 2715 1542 2734 :
1559 2713 1627 2741 quos
1650 2705 1694 2732 ille
1720 2705 1871 2744 prfecipttos

1082 2739 1154 2772 inter
1172 2749 1303 2778 martyres
1320 2742 1431 2774 indicat,
1448 2739 1518 2769 ἰιιιιη
1535 2739 1627 2769 eorum
1641 2739 1871 2778 κρυφαίους)ιαὶ

1083 2775 1249 2815 προστάτας,
1263 2778 1321 2812 ipso
1332 2777 1550 2815 Statim‘exordio
1565 2781 1653 2803 vorat.
1666 2775 1747 2815 Forte.
1762 2775 1871 2801 excide-

1083 2810 1145 2841 rtiut
1163 2810 1282 2850 immitia:
1292 2813 1399 2850 propria
1413 2813 1522 2850 illorum
1539 2817 1700 2850 martyrum,
1716 2810 1742 2850 i_n
1756 2817 1870 2850 quorum

1083 2850 1140 2877 haec
1164 2845 1310 2885 Natalitiis
1330 2845 1452 2876 Asterius
1467 2852 1590 2885 oraverat
1601 2845 1618 2879 ;“
1634 2845 1674 2885 vel
1696 2845 1775 2872 etiam
1800 2848 1871 2885 muta

1084 2889 1148 2923 sunt
1159 2885 1194 2912 ab
1208 2892 1251 2917 eo,
1266 2884 1311 2923 qui
1326 2888 1477 2923 tractatum
1495 2883 1545 2910 sibi
1563 2881 1683 2923 reposuit
1698 2879 1869 2923 acnsutculiai-

1084 2920 1185 2952 etesiae,
1202 2915 1250 2955 pro
1266 2915 1310 2948 die
1323 2918 1393 2948 festo
1405 2919 1526 2948 omnium
1549 2915 1711 2952 martyrum.
1728 2915 1870 2942 Continen-
