2076 3155
230 160 283 190 M5

869 160 900 187 S.
920 159 1058 188 ASTERII
1077 159 1231 187 ΑιιΑειειςι

1809 156 1863 183 3M

231 219 447 254 implacabilibus
471 219 601 253 inimicis,
618 219 724 247 lucrum
742 219 850 254 aliquod
876 218 917 245 vel
933 220 1018 245 maxi-

1085 219 1119 246 ιαὶ
1134 217 1318 245 ἀδιαλλάκτων
1333 216 1438 252 ὲχθρῶν
1453 214 1668 251 ὠφεληθῆναι-ιὰ
1681 213 1805 249 μέγιστα·
1817 215 1863 240 καὶ

233 273 306 292 ιηυιιι
322 273 419 300 capere
434 274 441 293 :
456 273 488 292 ac
499 273 559 292 cum
576 264 678 299 reliqua
696 265 757 291 vitae
775 264 944 298 experientia
960 271 1023 297 pro-

234 310 289 342 bat,
305 315 361 337 tum
375 318 434 345 qua:
447 312 526 338 modo
540 316 602 338 sunt
614 311 759 338 celebrata.
775 309 830 337 Nisi
845 310 916 337 enim
933 309 1025 336 diabo-

233 353 276 380 lus
288 354 457 381 Cbristianos
470 360 628 389 persecutus
642 360 726 386 esset.
741 362 772 382 ac
785 355 916 381 adversus
933 354 1025 381 Eccle-

234 397 301 424 siam
328 398 427 425 bellum
445 400 620 434 suscepisset,
640 399 726 426 nullos
741 399 903 426 haberemus
920 403 1027 434 marty-

236 443 349 470 resziis
377 449 466 471 autem
485 452 537 471 non
568 445 748 477 exstantibus,
778 450 874 472 intesta
902 451 934 470 ac
961 443 1026 470 nihil

236 486 329 515 hilaris
364 488 486 522 festaque
511 489 566 515 vita
591 489 668 515 nobis
692 494 829 523 ageretur.
856 488 927 521 Quid
953 488 1025 515 enini

235 532 401 561 solemnibus
423 535 497 562 hisce
526 535 705 562 conventibus
734 534 886 569 comparari
919 533 1028 568 queat?

236 578 339 612 Quidve
365 580 432 607 adeo
456 580 610 607 venerabile
635 588 666 607 ac
695 580 867 614 praeclarum,
887 588 968 614 quam
997 585 1027 607 ut

237 625 329 651 urbem
341 630 424 652 totam
441 626 576 654 mceuibus
593 626 693 654 eﬂ'undi
709 626 812 658 videas,
832 631 915 660 atque
933 626 966 652 ad
978 633 1024 652 sa-

238 677 314 696 erum
347 670 434 698 locum
467 672 634 705 procedere,
661 680 726 706 pura
757 672 811 699 illic
838 672 1030 699 sincerissime

236 715 344 748 pietatis
357 718 484 751 mysteria
502 718 720 745 celebrati-ram?
749 718 833 745 Porro
861 725 922 745 vera
942 718 1028 752 pietas

236 765 290 794 est,
304 767 333 788 ut
350 770 395 790 eos
411 765 587 791 veneratione
602 772 633 790 ac
649 765 798 792 honoribus
814 771 1023 799 prosequamur,

238 807 282 840 qui
314 807 375 835 forti
395 817 442 843 pro
460 810 572 837 Domino
601 811 690 837 animo
711 815 845 838 tormenta
862 809 932 844 passi
955 813 1027 840 sunt,

238 860 269 879 ac
291 855 433 882 adversum
452 857 547 883 mortis
574 865 729 891 supremum
748 856 893 883 discrimen
909 855 1030 882 decerta-

1075 264 1154 291 τοῦτο
1177 264 1321 294 δείκνυσιν,
1335 263 1352 297 ἦ
1368 271 1398 288 τε
1411 262 1477 297 ἄλλη
1495 261 1542 288 τοῦ
1559 260 1616 296 βίου
1641 261 1738 294 πεῖρα,
1760 258 1807 284 καὶ
1832 258 1867 284 τὰ

1076 310 1178 346 ἀρτίως
1192 308 1353 344 τελούμενα.
1365 308 1397 334 Et
1410 307 1446 343 μὴ
1464 307 1518 343 γὰρ
1534 306 1642 339 ἐδίωξεν
1659 304 1837 339 Χριστιανοὺς
1852 303 1865 329 ὁ

1076 355 1211 387 διάόολος,
1230 354 1277 381 καὶ
1291 354 1336 380 τὸν
1350 352 1421 380 κατὰ
1433 353 1482 388 τῆς
1503 350 1665 387 Ἐκκλησίας
1677 350 1761 385 ἤρατο
1789 348 1867 375 πολε⁴

1079 411 1138 436 μον,
1168 402 1218 428 οὑκ
1241 401 1273 427 ἂν
1291 401 1400 436 εἴχομεν
1430 399 1591 435 μάρτυρας·
1618 396 1765 433 μαρτύρων
1785 395 1813 422 δὲ
1829 394 1867 430 μὴ

1076 448 1171 479 ὄντων,
1190 447 1350 482 σκυθρωπὸς
1363 446 1442 481 ἡμῶν
1456 447 1470 472 δ
1481 445 1538 480 βίος
1553 444 1658 479 ἐγίνετο
1667 443 1713 469 καὶ
1731 442 1866 477 ἀνέορτος.

1077 494 1111 520 Τί
1121 493 1175 528 γὰρ
1192 493 1318 525 ἀντάξιον
1332 492 1434 519 τούτων
1450 491 1504 518 τῶν
1519 490 1718 525 πανηγύρεωνς
1742 489 1769 515 τί
1784 488 1811 514 δὲ
1822 486 1868 514 οὖ-

1076 547 1131 570 τως
1150 538 1251 573 σεμνὸν
1271 538 1317 564 καὶ
1333 537 1473 572 πάγκαλον
1484 556 1491 568 ,
1512 536 1551 568 ὡς
1568 536 1599 562 τὸ
1616 535 1693 561 πόλιν
1708 534 1771 570 ὃλην
1793 533 1867 564 ἰδεῖν,

1080 583 1205 618 παγγενῆ
1224 583 1393 618 ὲκφοιτῶσαν
1405 582 1452 609 τοῦ
1466 582 1571 613 ἄστεος,
1589 580 1661 616 ἱερὸν
1674 580 1702 606 δὲ
1720 579 1802 605 τόπον
1817 587 1869 605 κα-

1078 629 1315 664 ταλαμϐάνουσαν,
1332 628 1474 658 εὐσεϐείας
1498 626 1687 663 ἀληθεστάτης
1708 626 1794 652 τελεῖν
1821 634 1870 651 κα-

1078 673 1151 710 θαρὰ
1163 674 1302 709 μυστήρια
1315 682 1321 704 ;
1339 673 1474 700 Εὑσέὄεια
1486 672 1514 699 δὲ
1531 671 1644 707 ἀληθὴς,
1659 671 1690 697 τὸ
1703 671 1870 706 προσκυνεῖν

1078 728 1109 746 τε
1121 720 1169 746 καὶ
1180 721 1264 755 τιμᾷν
1275 720 1337 751 τοὺς
1346 719 1380 745 δι’
1394 720 1499 746 ἐκεῖνον
1507 719 1580 754 πάθη
1595 717 1737 753 καρτερῶς
1749 716 1870 751 ἐνεγκόν-

1078 774 1139 797 τας,
1164 765 1212 791 καὶ
1234 765 1493 800 παρατεταγμένους
1518 764 1587 799 πρὸς
1603 764 1649 789 τὸν
1678 763 1792 797 ἔσχατον
1822 761 1870 788 τοῦ

1081 810 1201 842 θανάτου
1215 810 1336 837 κίνδυνον
1345 820 1351 825 ·
1364 807 1402 837 ὧν
1415 812 1557 846 κορυφαῖοι
1578 810 1623 836 καὶ
1643 808 1793 845 προστάται
1807 816 1867 841 τυγ-

1081 856 1207 891 χάνουσιν
1234 856 1259 882 οἱ
1278 857 1397 892 σήμερον
1409 857 1482 892 ἡμᾶς
1497 856 1758 892 δημαγωγήσαντες-
1775 854 1871 890 ἄνδρες

238 905 350 932 verunt;
379 909 493 935 quorum
516 902 651 936 principes
667 906 739 933 sunt.
761 909 793 928 ac
807 901 899 934 ducesI
917 900 962 934 qui
979 908 1027 927 nos

1085 902 1124 929 5ιὰ
1140 902 1222 929 καλὸν
1246 902 1371 932 θάνατον,
1397 902 1541 929 ἀθάνατοι·
1558 901 1602 928 διὰ
1623 901 1652 927 τὸ
1667 900 1871 934 καταφρονῆσαι

238 942 317 969 hodie
333 944 357 970 in
376 946 533 972 concionem
548 951 700 977 vocarunt;
728 946 777 972 viri
795 945 932 977 nimirum,
959 952 1028 979 pra:-

238 989 317 1015 clarm
347 991 440 1018 mortis
468 992 546 1018 titulo
572 992 755 1023 immortales;
781 992 842 1018 vitae
859 996 1026 1024 contemptu.

239 1040 369 1068 perpetuo
385 1036 521 1069 viventes;
541 1038 642 1071 quique
668 1045 778 1072 regnum
806 1037 938 1072 sanguine
951 1044 1027 1063 com-

240 1081 379 1112 Inutarint,
411 1089 443 1108 ac
469 1084 561 1109 carnis
588 1083 701 1110 insidias
718 1083 744 1109 in
761 1082 920 1109 beneﬁcium
937 1087 1027 1109 verte-

240 1125 304 1152 rint.
323 1126 369 1154 Sic
396 1127 484 1161 plane,
502 1136 563 1155 cum
577 1129 646 1156 bona
668 1129 792 1156 voluntas
819 1129 921 1163 aurigte
946 1128 1030 1155 instar

240 1172 396 1204 prtesedcrit
407 1172 508 1200 homini
521 1181 529 1207 ;
545 1174 650 1208 sibique
665 1173 724 1208 ejus
739 1173 873 1208 appetitus
891 1180 986 1200 omnes
999 1180 1031 1200 ac

240 1216 402 1250 agitationes
426 1218 620 1254 subjugaverit,
640 1227 671 1247 ac
696 1219 769 1246 velut
797 1219 929 1249 habenas,
947 1218 1030 1245 animi

241 1262 375 1296 cogitatus
407 1268 511 1291 attente
545 1265 690 1300 sobriequ
710 1263 1033 1299 pertenderit,exstimu-

242 1306 323 1333 laudo
341 1308 486 1342 ignaviam,
501 1317 532 1348 ac
544 1311 655 1337 nimiam
669 1310 854 1338 incitationem
869 1309 1032 1343 cohibenda,

241 1353 399 1387 coniunctus
409 1356 533 1382 exsistat.

276 1400 371 1434 Itaque
388 1400 517 1427 habemus
538 1406 682 1436 martyres,
698 1402 742 1436 qui
761 1402 858 1429 nedum
876 1403 936 1429 vitae
952 1403 1035 1437 probe

242 1446 413 1473 instituenda:
443 1447 565 1482 magistri
594 1448 659 1481 sint,
686 1449 732 1475 sed
759 1449 804 1482 qui
825 1449 907 1475 etiam
932 1448 1033 1483 peccati

1080 949 1161 984 ζωῆς,
1176 949 1276 981 ζῶντες
1285 949 1328 975 ἀεί
1337 958 1343 964 ·
1359 949 1405 975 τοῦ
1416 949 1531 983 αἵματος
1547 949 1594 983 τὴν
1605 947 1743 982 βασιλείαν
1757 946 1874 977 ἀλλαξά-

1081 1002 1167 1029 μενοι,
1180 994 1227 1020 καὶ
1237 994 1286 1029 τὴν
1298 993 1439 1020 ἐπίϐουλον
1451 994 1540 1029 σάρκα
1555 992 1702 1028 εὐεργέτην
1718 991 1768 1026 τῆς
1785 991 1874 1026 ψυχῆς

1080 1039 1278 1074 ἀποφήναντες.
1294 1039 1387 1071 οὕτως
1403 1040 1562 1075 προαίρεσις
1577 1038 1675 1073 ἀγαθὴ,
1685 1039 1749 1064 ὅταν
1765 1037 1874 1072 ἡνιόχου

1081 1084 1159 1119 δίκην
1174 1084 1315 1118 ἐφεστῶσαι
1354 1084 1392 1120 τῷ
1400 1084 1535 1120 ἀνθρώπῳ
1544 1093 1551 1100 ·
1568 1084 1702 1119 ὑποζεύξῃ
1713 1084 1740 1110 δε
1749 1083 1816 1118 αὐτῇ
1825 1082 1876 1114 τὰς

1081 1128 1170 1163 ὁρμὰς
1180 1129 1269 1161 πάσας
1280 1130 1327 1155 καὶ
1338 1130 1372 1156 τὰ
1389 1130 1528 1165 κινήματα
1537 1150 1544 1162 ,
1565 1130 1612 1156 καὶ
1635 1128 1822 1165 προσεχόντως
1835 1128 1874 1159 ὡς

1083 1174 1160 1209 ἡνίας
1177 1175 1296 1211 διατείνῃ
1312 1176 1374 1208 τοὺς
1389 1176 1546 1211 λογισμοὺς,
1561 1177 1659 1211 ἀργίαν
1672 1175 1813 1205 νύττουσα,
1828 1173 1877 1200 καὶ

1083 1220 1201 1255 ὀξύτητα
1214 1221 1331 1258 ἄμετρον
1339 1222 1549 1249 ἀναστέλλουσα·
1565 1222 1613 1257 οὺχ
1630 1219 1685 1248 οἶόν
1697 1230 1725 1247 τε
1736 1218 1875 1254 ἄτακτονῆ

1088 1267 1257 1295 ἐπικίνδυνον
1271 1268 1399 1302 γενέσθαι
1412 1269 1459 1295 τοῦ
1475 1269 1530 1303 βίου
1548 1268 1593 1295 τδν
1606 1268 1715 1304 δρόμον.

1053 1313 1146 1347 nequit
1161 1313 1218 1341 lieri
1234 1320 1263 1341 ut
1289 1316 1352 1342 vita:
1378 1323 1474 1343 cursus
1500 1314 1704 1349 incompositus,
1717 1321 1748 1340 ac
1760 1312 1879 1347 periculo

1129 1402 1247 1438 Ἔχομεν
1271 1402 1361 1429 τοίνυν
1385 1403 1447 1434 τοὺς
1472 1403 1624 1438 μάρτυρας,
1648 1402 1678 1428 οὐ
1701 1401 1878 1428 διδασκάλους

1091 1447 1169 1482 μόνον
1193 1447 1299 1483 ἀγαθῆς
1316 1447 1463 1480 πολιτείας,
1488 1446 1555 1473 ἀλλὰ
1575 1446 1622 1472 καὶ
1643 1445 1814 1481 κατηγόρους
1828 1444 1878 1480 τῆς

243 1496 425 1519 accusatores.
456 1491 513 1525 Qua
539 1498 626 1519 autem
652 1497 755 1528 martyr
775 1493 878 1521 ratione
908 1498 1032 1526 accuset,

1089 1494 1236 1529 ἁμαρτίας.
1264 1494 1326 1525 Πῶς
1351 1494 1373 1520 δ’
1400 1493 1433 1519 ἂν
1460 1493 1565 1527 γένοιτο
1588 1492 1692 1527 μάρτυς
1715 1491 1878 1525 κατήγορος,

243 1543 276 1563 ac
289 1542 366 1563 vocet
378 1537 403 1563 in
415 1537 528 1570 crimen,
543 1538 579 1564 ita
591 1538 697 1573 accipe:
710 1538 776 1565 Cum
789 1539 833 1565 ille
845 1547 893 1572 per
906 1545 1035 1567 constan-

245 1581 310 1608 tiam
325 1581 439 1608 llammat
453 1583 523 1617 ignis
540 1583 625 1610 victor
640 1585 785 1617 exstiterit,
797 1586 890 1620 quidni
914 1591 940 1612 tn
959 1586 1036 1612 luxn-

245 1627 314 1655 riam
330 1628 455 1655 castitate
476 1628 587 1655 domas?
599 1629 666 1656 Cum
688 1635 792 1666 martyr
818 1631 919 1658 nullam
933 1631 1036 1658 divitia-

245 1681 304 1702 rum
319 1681 350 1701 ac
364 1674 552 1708 pecuniarum,
579 1683 646 1709 quas
660 1676 824 1708 dimittebat,
841 1677 972 1704 rationem
989 1678 1036 1703 ha-

245 1719 350 1752 buerit,
375 1719 467 1754 quidni
495 1725 522 1747 tu
544 1720 657 1754 iustitia)
686 1729 767 1748 causa
796 1730 896 1756 paucos
913 1730 1037 1750 nummos

246 1765 492 1792 contemnis'!Cum
508 1771 609 1802 martyr
625 1766 834 1802 nolueritgeuus
849 1776 882 1795 ac
907 1767 1037 1794 familiam

247 1812 387 1845 prtelatnm
411 1813 477 1844 Deo,
496 1813 542 1840 sed
558 1813 590 1840 ab
614 1821 709 1846 uxore,
735 1814 838 1847 liberis,
860 1815 1037 1842 charissimus

246 1858 389 1892 abiunctus
407 1858 460 1891 sit;
482 1859 573 1893 quidni
591 1864 618 1885 tu
634 1859 824 1893 impensiorem
843 1861 958 1895 castigas
973 1861 1038 1887 alic-

247 1910 321 1932 ctum
337 1914 343 1932 :
359 1906 492 1940 quinimo,
508 1913 618 1941 propter
637 1906 724 1942 aliqua
739 1907 785 1934 tibi
802 1907 871 1934 forte
887 1907 1038 1934 necessitu-

247 1953 310 1980 dine
324 1952 485 1988 conjunctas
509 1960 647 1988 personas,
665 1953 796 1986 justitiam
819 1954 974 1984 conculcas,
991 1960 1040 1980 nec

248 1999 294 2025 Dei
315 1999 439 2026 timorem
462 1999 590 2033 reputas?
616 1999 682 2026 Cum
701 2005 804 2034 martyr
818 1998 940 2025 Numinis
954 2006 1037 2025 causa

248 2045 335 2079 ipsum
351 2045 456 2072 exuerit
473 2052 587 2079 corpus,
605 2045 698 2079 quidni
717 2049 743 2071 tu
758 2045 799 2072 vel
821 2045 952 2071 modicam
971 2045 1040 2071 tuni-

249 2098 389 2124 c:am,qna
418 2090 519 2117 nudum
551 2096 635 2125 tegas,
666 2091 834 2118 contemnis?
851 2091 913 2118 lltec
929 2091 978 2118 sibi
1006 2098 1038 2117 ex

250 2136 365 2163 adverso
378 2136 537 2170 composita,
559 2141 679 2163 nostram
695 2141 812 2171 arguunt
827 2144 932 2162 morum
951 2136 1040 2170 pravi—

252 2187 347 2209 tatem.
368 2181 413 2208 Vel
429 2189 492 2217 ergo
503 2186 622 2215 sanctos,
636 2187 665 2209 ut
679 2183 824 2216 magistros
841 2190 1014 2209 revereantur
1029 2190 1037 2214 ;

252 2228 294 2254 vel
314 2232 342 2255 ut
357 2233 530 2256 accusatores
548 2229 705 2261 timeamus;
725 2229 812 2263 iisque
829 2228 879 2264 ipsi
898 2234 1044 2256 consenta-

252 2281 331 2301 neam
360 2273 536 2301 exltibcamns
552 2274 656 2301 vivendi
680 2275 825 2307 rationem,
851 2283 920 2309 quos
941 2275 1045 2302 honore

252 2319 442 2354 prosequimur
456 2327 463 2345 :
480 2325 560 2354 atque
576 2319 602 2347 in
620 2326 681 2347 eum
694 2319 774 2346 etiam
787 2320 896 2347 modum
912 2320 965 2347 Deo
977 2320 1045 2347 obe-

252 2366 369 2399 diamus,
383 2366 408 2392 in
421 2373 501 2400 quem
518 2365 555 2393 illi
573 2365 833 2400 obtemperaverunt
851 2366 998 2397 mandatis,
1012 2374 1043 2393 ac

254 2413 385 2447 promissa
400 2412 515 2439 ﬁrmiter
535 2417 722 2445 speraverunt.
943 2413 947 2419 ‘

289 2458 357 2492 Spes
382 2464 499 2492 namque
525 2457 687 2492 spiritalium
703 2457 846 2489 bonorum,
857 2458 942 2491 proba
955 2457 1048 2484 admo-

254 2503 317 2530 dum
332 2502 499 2531 fortitudinis
514 2510 546 2530 ac
564 2503 715 2531 tolerantia:
728 2504 834 2531 exsistit
848 2503 970 2535 doctrix;
988 2511 1047 2538 quae

255 2549 394 2581 nimirum,
412 2549 486 2576 velut
501 2549 627 2576 idoneum
654 2550 762 2584 pignus,
783 2554 911 2583 certaque
925 2549 1045 2576 arrbabo

255 2595 353 2622 animis
383 2595 521 2628 insidens,
558 2596 708 2629 periculum
739 2602 820 2622 omne
870 2595 1047 2629 imperculsos

253 2640 332 2675 jubet
344 2641 478 2675 aspicere,
493 2648 525 2667 ac
540 2641 628 2675 t-eipsa
654 2641 726 2667 ferre
752 2645 872 2667 strenue.
898 2641 988 2674 Atque
1006 2641 1043 2672 id,

256 2691 439 2713 consentanea
459 2687 576 2713 maxime
589 2687 703 2714 ratione.
734 2685 780 2713 Sic
797 2687 869 2713 enim
887 2686 943 2713 fere
957 2687 1045 2713 horni-

256 2731 337 2759 nibus
349 2736 444 2759 natura
456 2737 647 2768 comparatum
666 2738 716 2766 est,
731 2738 758 2759 ut
772 2732 803 2760 iis
824 2732 973 2764 laboribus.
991 2732 1048 2767 qui-

258 2844 305 2870 dat
322 2842 434 2871 Vossius
450 2844 521 2871 hanc
542 2845 615 2872 bom.
634 2844 660 2871 in
675 2849 731 2871 not.
751 2844 814 2871 adn
835 2843 863 2870 S.
885 2843 1007 2877 Epitrle
1023 2844 1049 2870 in

261 2878 402 2914 Marium,
415 2879 443 2907 in
460 2879 517 2915 ipsa
532 2885 665 2916 repertam
685 2879 847 2908 bibiiothcca
865 2878 1051 2911 Columneusi,

1035 2994 1048 3010 ο

1089 1540 1222 1567 ἄκουσον·
1238 1540 1269 1566 Εί
1288 1541 1391 1571 ἐκεῖνος
1408 1540 1517 1574 ἐνίκησε
1534 1538 1620 1573 φλόγα
1632 1537 1716 1573 πυῷς
1733 1539 1765 1573 τῇ
1782 1545 1881 1572 καρτε-

1092 1586 1148 1621 ρίᾳ,
1165 1587 1197 1612 σὺ
1220 1585 1278 1617 πῶς
1299 1586 1428 1621 πορνείαν
1444 1584 1474 1610 οὐ
1494 1583 1626 1618 δαμάζεις
1650 1583 1682 1618 τῇ
1701 1582 1878 1617 σιυφροσὺνῃ;

1090 1632 1121 1658 Ei
1132 1633 1145 1657 ὁ
1161 1631 1266 1667 μάρτυς
1277 1631 1326 1657 οὐκ
1342 1630 1436 1665 ἐλέησε
1461 1629 1576 1656 πλοῦτον
1592 1629 1622 1655 ὃν
1644 1628 1718 1663 ἠφίει
1738 1628 1785 1654 καὶ
1810 1628 1880 1663 χρή-

1092 1686 1174 1712 ματα,
1188 1677 1231 1704 διὰ
1240 1677 1267 1704 τί
1280 1678 1312 1704 σὺ
1324 1677 1414 1712 ὀλίγου
1427 1677 1456 1703 οὐ
1468 1677 1648 1711 καταφρονεῖς
1661 1676 1792 1711 ἀργυρίου
1810 1675 1882 1711 ὑπὲρ

1054 1755 1058 1763 1
1090 1723 1279 1758 δικαιοσύνης;
1292 1723 1323 1749 Εἰ
1336 1720 1352 1749 ὀί
1364 1723 1467 1758 μάρτυς
1478 1722 1555 1756 γένος
1568 1721 1634 1748 Θεοῦ
1645 1722 1674 1748 οὐ
1688 1721 1882 1757 προετίμησεν,

1092 1769 1148 1796 ἀλλ’
1171 1769 1323 1804 ἀπεξεύχθη
1345 1769 1483 1803 γυναικὸς,
1505 1768 1622 1799 παίδων,
1643 1767 1794 1802 φιλτάτων·
1824 1766 1884 1798 πῶς

1093 1815 1125 1841 σὺ
1140 1816 1170 1841 οὐ
1186 1815 1309 1847 κολάζεις
1328 1815 1377 1850 τὴν
1391 1814 1578 1850 προσπάθειαν
1591 1835 1597 1845 ,
1615 1814 1658 1841 διὰ
1682 1814 1710 1840 δὲ
1736 1813 1883 1849 πρόσωπα,

1093 1859 1173 1894 τυχὸν
1189 1860 1280 1894 σχέσιν
1296 1859 1363 1895 πρὸς
1378 1860 1407 1886 σὲ
1421 1859 1587 1895 οἰκειότητος
1598 1859 1703 1894 ἔχοντα,
1721 1858 1882 1894 ὑπερπηδᾷς

1093 1906 1122 1931 τὺ
1142 1905 1255 1938 δίκαιον,
1273 1905 1319 1932 καὶ
1333 1905 1379 1932 τοῦ
1403 1905 1470 1932 Θεοῦ
1486 1906 1530 1932 τὸν
1545 1905 1626 1940 φόϐον
1647 1905 1836 1941 tragulam-ﬂ;
1852 1904 1883 1930 El

1092 1951 1107 1976 ὀ
1126 1951 1230 1986 μάρτυς
1245 1950 1275 1977 τὸ
1292 1951 1370 1986 σῶμα
1393 1951 1437 1978 διὰ
1460 1951 1526 1977 Θεὸν
1542 1950 1695 1983 ὲξεδύσατο,
1722 1950 1780 1982 πῶς
1803 1949 1886 1980 αὐτὸς

1093 1997 1151 2028 ἑνὸς
1168 1997 1197 2023 οὖ
1214 1998 1398 2033 καταφρονεῖς
1412 1997 1574 2032 χιτωνίσκου
1588 1997 1628 2028 εἰς
1645 1996 1749 2029 σκέπην
1758 1994 1862 2030 γυμνοῦ
1874 2001 1883 2026 ;

1094 2042 1187 2069 Ταῦτα
1199 2043 1323 2078 ἀλλήλοις
1339 2042 1575 2078 ἁντεξεταζόμενα
1594 2042 1643 2078 τὴν
1665 2041 1803 2077 ἡμετέραν
1820 2040 1885 2066 δυσ-

1093 2088 1207 2124 τροπίαν
1233 2089 1347 2124 ἐλέγχει.
1371 2089 1406 2115 ’Ἡ
1429 2089 1517 2115 τοίνυν
1544 2090 1581 2120 ὡς
1610 2087 1788 2118 διδασκάλους
1822 2085 1886 2116 τοὺς

1095 2135 1191 2169 ἁγίους
1207 2135 1388 2171 αἰδεσθῶμεν,
1413 2136 1429 2171 ἢ
1452 2136 1489 2167 ὡς
1507 2135 1676 2170 κατηγόρους
1699 2132 1862 2168 φοϐηθῶμεν
1878 2139 1885 2146 ·

1059 2191 1080 2218 ι)
1095 2181 1226 2217 δείξωμεν
1241 2182 1269 2208 δὲ
1282 2182 1328 2209 τὸν
1349 2182 1452 2209 ἑαυτῶν
1477 2182 1533 2217 βίον
1557 2182 1612 2212 τοῖς
1637 2179 1802 2215 τιμωμένοις
1820 2176 1887 2204 ἀκό-

1096 2225 1190 2253 λουθον
1202 2235 1209 2242 ’
1228 2227 1385 2262 πεισθῶμεν
1408 2227 1436 2253 δὲ
1460 2227 1508 2253 καὶ
1529 2226 1609 2261 ἡμεῖς
1624 2225 1710 2256 οὕτως
1726 2223 1795 2259 Θεῷ,
1810 2223 1847 2254 ὡς
1863 2223 1888 2249 οἱ

1095 2273 1167 2307 ἆγιοι
1178 2275 1237 2304 ταῖς
1248 2273 1368 2306 ἐντολαῖς
1377 2273 1591 2309 ὲπειθάρχησαν,
1604 2273 1651 2299 καὶ
1664 2272 1713 2303 τὰς
1722 2269 1888 2305 ἐπαγγελίας

1096 2319 1211 2354 βεϐαίως
1228 2320 1355 2355 ἤλπισαν.

1138 2451 1238 2487 ’Ᾱγαθὴ
1255 2451 1309 2487 γὰρ
1324 2451 1427 2486 σφόδρα
1443 2447 1604 2481 διδάσκαλος
1620 2448 1745 2484 ἀνδρείας
1761 2447 1808 2473 καὶ
1823 2454 1892 2480 καρ-

1095 2499 1188 2535 τερίας
1202 2500 1218 2534 ὴ
1234 2497 1288 2524 τῶν
1314 2496 1424 2531 ἀγαθῶν
1453 2496 1507 2522 τῶν
1533 2494 1637 2530 νοητῶν
1653 2494 1745 2525 ἐλπίς·
1774 2493 1834 2527 ἥτις
1854 2491 1894 2522 ὡς

1097 2546 1224 2580 ἐνέχυρον
1236 2544 1391 2577 ἀξιόπιστον
1402 2543 1448 2569 καὶ
1461 2540 1590 2577 ἀρραϐὼν
1605 2539 1728 2575 ἀσφαλὴς
1744 2537 1894 2573 ἐγκειμένη

1099 2593 1156 2623 τοῖς
1173 2591 1322 2625 λογισμοῖς,
1343 2589 1433 2616 πάντα
1446 2588 1587 2615 κελεύεται
1607 2587 1728 2614 κίνδυνον
1746 2585 1811 2621 ὀρᾷν
1823 2585 1894 2611 ἀκα-

1100 2638 1272 2673 ταπλήκτως,
1293 2637 1340 2663 καὶ
1365 2631 1459 2671 φέρειν
1475 2636 1503 2662 ὲν
1518 2636 1551 2670 τῇ
1576 2634 1659 2669 πείρα
1681 2631 1813 2667 γενναίοις
1824 2637 1830 2643 ·
1846 2629 1894 2655 καὶ

1101 2684 1180 2711 τοῦτο
1194 2683 1348 2715 ἀκολούθως
1366 2682 1519 2717 συμϐαίνει.
1539 2680 1621 2707 Φύσει
1638 2679 1692 2714 γάρ
1718 2686 1776 2708 πως
1796 2676 1893 2710 ἐλάχο-

1104 2738 1153 2766 μεν
1194 2729 1332 2765 ᾶνθρωποι
1369 2727 1566 2763 μαλακίζεσθαι
1591 2726 1623 2752 ἂν
1649 2725 1696 2751 καὶ
1729 2720 1895 2760 χαυνοῦσθαι

1105 2850 1137 2869 cx
1151 2849 1204 2875 qua
1223 2841 1274 2870 sibi
1297 2840 1375 2867 Pater
1392 2838 1556 2875 Sirmundus
1576 2836 1770 2871 exscripserat,
1796 2832 1895 2869 quibus

1106 2874 1210 2912 primus
1224 2876 1303 2906 annis
1323 2876 1415 2904 Roma
1430 2874 1536 2909 agebat.
