2076 3155
191 197 242 224 517

729 193 870 222 ilOMiLlA
890 193 923 222 Χ.
946 193 980 221 ΙΝ
996 193 1048 222 SS.
1066 192 1262 221 MARTYRES.

1762 183 1816 219 sis

192 254 261 290 πρὸς
274 254 338 286 τοὺς
354 253 525 289 ἀγεράστους
549 253 603 279 τῶν
631 252 737 279 πόνων·
769 253 932 289 ἐρρωμένως
956 253 984 279 δὲ

1040 253 1091 280 bus
1107 252 1174 279 nihil
1186 251 1290 287 pnemii
1305 251 1471 286 propositum
1485 251 1532 284 sit,
1551 250 1646 278 molles
1657 258 1688 277 ac
1707 252 1816 278 resoluti

191 299 346 328 τούναντίον
366 299 478 326 ἐκείνων
503 298 763 334 ἀντιλαμϐάνεσθαι,
787 296 824 325 ὧν
849 297 918 326 ἆθλα
937 299 984 326 καὶ

194 347 272 382 τιμαὶ
286 346 362 378 τέλος
382 345 461 373 εἰσίν.
481 344 526 371 Διὸ
538 344 639 376 πάντες
658 344 795 380 μάρτυρες
812 344 851 380 τῷ
866 345 983 379 εὐαγγε-

194 392 262 428 λικῷ
278 392 423 428 γράμματι
445 390 624 426 προσέχοντες
636 390 682 416 τὸν
699 390 771 422 νοῦν,
791 391 819 417 ὲν
831 387 853 424 ᾧ
865 390 982 426 προτρέ-

192 447 251 466 πων
275 439 340 470 τοὺς
366 437 454 474 ἱεροὺς
475 436 594 472 ἀθλητὰς
612 436 660 462 καὶ
687 436 826 471 φιλοθέους
851 437 865 463 ὁ
882 435 983 472 Κύριος

191 484 277 519 λέγει·
296 483 364 510 Ἐάν
373 492 416 516 τις
428 482 606 518 ὁμολογήσει
618 490 657 516 με
669 482 840 516 ἔμπροσθεν
853 481 913 508 τῶν
929 482 982 509 ἀν-

193 529 326 564 θρώπων,
338 528 513 563 ὁμολογήσω
524 529 618 555 αὐτὸν
627 527 796 562 ἔμπροσθεν
805 527 858 555 τοῦ
868 528 983 561 Πατρός

191 584 261 611 μου.
276 575 361 610 ’Υπὲρ
381 574 484 609 ταύτης
496 574 546 609 τῆς
560 573 703 609 ὁμολογίας
711 574 829 609 ἤνεγκαν
838 573 982 609 ἀτρέπτοις

192 623 249 653 τοῖς
265 621 403 656 λογισμοῖς
427 619 536 656 σίδηρον
561 619 738 654 τεθηγμένον,
771 620 818 646 καὶ
842 620 981 655 πυρκαϊᾶς

192 666 338 702 ἐπέϐησαν,
366 666 412 693 καὶ
437 665 540 702 Θηρίων
564 666 695 700 στόμασιν
719 665 826 692 ἔκδοτον
848 666 878 692 τὸ
902 665 983 701 σῶμα

191 712 340 748 παρέσχον,
355 711 402 738 καὶ
411 711 474 743 τοὺς
483 711 572 743 νῶτας
582 711 695 742 ἕκαστος
709 710 851 745 ὑπέθηκαν
861 710 980 745 μάστιξι,

190 758 237 784 καὶ
252 759 311 790 ταῖς
326 757 429 792 ἀκμαῖς
442 757 496 784 τῶν
513 757 616 792 ὀνύχων
631 757 680 788 τὰς
693 756 812 792 πλευρὰς
824 756 981 792 ἐταράχθη-

190 813 238 831 σαν
254 803 288 836 ³⁷,
306 803 414 839 δεσμῶν
437 802 492 830 τῶν
519 802 564 829 διὰ
585 802 695 838 σιδήρου
707 802 860 837 ἠνέσχοντο,
878 803 924 828 καὶ
940 801 981 828 δε-

190 848 355 884 σμωτηρίων
370 849 489 884 ἧνεγκαν
500 848 624 875 σκοτεινὰ
634 847 802 882 καταγώγια·
817 847 981 882 ἐπιέσθησαν

189 895 216 922 δὲ
230 894 313 930 λιμῷ.
336 895 383 922 καὶ
399 895 471 930 δίψει
498 894 742 931 κατεξηράνθησαν
755 903 762 910 ·
774 895 933 931 παρέθηκαν
951 895 980 921 δὲ

189 938 206 978 ᾗ
221 941 243 957 ³⁵
256 941 349 973 λίθους
374 941 408 968 τὰ
435 941 571 977 πρόσωπα
585 942 641 972 τοῖς
664 940 824 977 ῥαπίζουσιν
835 949 842 957 σ
861 941 981 976 ἤκουσαν

188 987 243 1014 τῶν
255 987 360 1023 ὕϐρεων
379 987 416 1019 ὡς
427 988 532 1022 κωφοί·
550 987 708 1023 ἐσιώπησαν
724 986 792 1023 πρὸς
807 988 870 1019 τοὺς
885 987 980 1014 ὀνειδί-

189 1033 286 1066 ζοντας
302 1033 350 1060 καὶ
372 1033 596 1068 λοιδορουμένους
623 1033 661 1064 ὼς
673 1032 783 1059 ἄλαλον
813 1032 908 1068 δήμοις
935 1033 982 1059 καὶ

189 1078 315 1115 θεάτροις
330 1078 575 1114 ὲνεπομπεύθησαν
587 1086 594 1092 ’
620 1078 807 1114 περιήχθησαν
823 1079 910 1115 ἀγορᾷ
934 1079 982 1106 καὶ

189 1125 322 1161 ἀμφόδοις
344 1126 372 1152 ὲν
391 1125 552 1161 ὸλογύμνοις
572 1127 628 1157 τοῖς
649 1125 774 1160 σώμασιν
786 1133 792 1140 ·
811 1125 862 1152 οὐκ
886 1125 982 1161 ἄνδρες

192 1172 282 1206 μόνον,
297 1171 364 1198 ἀλλὰ
379 1172 427 1198 καὶ
449 1173 598 1206 γυναῖκες,
616 1172 646 1198 τὺ
665 1170 867 1207 σχετλιώτατον.
891 1172 982 1199 ’Ἄλλοι

190 1227 227 1244 πυ
231 1218 258 1254 ρὶ
273 1218 498 1254 κατεφλέχθησαν
508 1227 515 1233 ·
530 1219 572 1245 Et:
578 1227 618 1254 ροι
628 1218 672 1245 διὰ
684 1218 818 1254 χειμῶνος
827 1219 980 1254 ἐπάγησαψ

191 1263 324 1296 ποικίλοις
339 1264 451 1300 τρόποις
465 1265 514 1296 τὰς
523 1265 663 1300 ἀριστείας
672 1265 740 1300 ἡμῖν
756 1263 982 1300 κατεμερίσαντο,

191 1308 234 1335 ἵνα
254 1309 382 1341 πεσόντες
399 1309 460 1345 νική
465 1317 556 1337 σωσιν.

226 1353 276 1380 Διὰ
303 1353 382 1381 τοῦτο
402 1353 436 1381 τά
458 1354 557 1390 εὐσεϐῆ
583 1354 696 1390 σώματα
713 1354 818 1390 σεμνῶς
845 1354 983 1390 περιστεί-

191 1400 301 1433 λαντες,
318 1400 353 1427 τὰ
376 1399 462 1436 σκεύη
486 1400 536 1436 τῆς
553 1400 683 1436 ἐκλογῆς,
702 1401 736 1427 τὰ
761 1401 814 1427 τῶν
839 1401 983 1436 μακαρίων

190 1446 283 1482 ψυχῶν
300 1446 419 1483 ὄργανα,
443 1446 493 1478 τὰς
509 1446 598 1478 οἰκίας
614 1446 668 1472 τῶν
691 1446 843 1481 φιλοσόφων
860 1446 981 1478 ἐνοίκων,

191 1493 230 1524 ὡς
245 1492 375 1528 κειμήλια
391 1490 561 1527 πολυτίμητα
576 1491 616 1527 τῷ
632 1493 711 1518 παντὶ
734 1491 785 1527 βίῳ
799 1491 982 1527 φυλάσσομεν,

193 1538 367 1574 φρουροῦμεν
377 1539 406 1565 δὲ
418 1539 510 1570 αὐτοῖς
523 1538 561 1570 ὡς
575 1538 719 1574 ἡμετέροις
736 1538 981 1574 πλεονεκτήμασιν,

1033 299 1192 331 eiliciamur',
1200 305 1299 333 eosque
1309 298 1425 325 vicissim
1433 297 1516 332 segeti
1526 304 1558 324 ac
1571 297 1673 324 alacres
1680 297 1819 329 adeamus,

1034 346 1080 380 qui
1096 345 1205 379 praemia
1221 351 1252 371 ac
1269 344 1384 371 honores
1396 343 1475 371 finem
1502 343 1613 370 habent.
1637 343 1818 376 Quamobrem

1034 390 1150 418 universi
1165 395 1310 424 martyres,
1318 389 1480 425 evangelicae
1498 388 1535 416 illi
1546 388 1692 422 Scriptura:
1699 389 1818 415 animum

1033 435 1202 466 adhibentes,
1222 441 1273 468 qua
1302 434 1430 461 Dominus
1461 441 1554 461 sacros
1582 433 1684 469 pugiles
1710 441 1742 461 ac
1772 433 1818 461 Dei

1033 487 1154 508 amantes
1171 481 1305 514 hortatur.
1320 481 1431 508 dicens:
1453 480 1483 508 Si
1498 481 1556 516 quis
1583 480 1751 514 conﬁtebitur
1778 488 1819 507 me

1033 535 1120 555 coram
1134 527 1291 559 hominibus,
1304 527 1448 561 conﬁtebor
1461 535 1519 553 eum
1528 535 1615 553 caram
1628 526 1708 553 Pam
1717 534 1773 553 meo
1785 526 1818 559 ³¹,

1032 582 1082 610 pro
1093 581 1123 601 ea
1137 573 1317 606 confessione,
1338 574 1458 600 immotis
1471 573 1569 600 animis
1595 579 1702 600 acutum
1719 573 1818 600 ferrum

1033 620 1192 653 tolerarunt,
1207 627 1239 646 ac
1254 627 1332 654 rogos
1345 618 1571 651 conscenderunt,
1587 626 1739 654 corpusque
1750 619 1820 646 fera-

1032 676 1091 695 rum
1119 667 1244 695 faucibus
1273 668 1426 694 vorandum
1452 666 1639 702 praebuerunt,
1657 673 1689 693 ac
1718 666 1819 700 quique

1032 713 1110 742 dorsa
1124 713 1207 748 virgis
1222 713 1406 748 subjecerunt,
1419 713 1559 747 lateraque
1577 706 1738 748 ungularum
1753 720 1821 740 acu-

1032 759 1081 787 lcis
1105 760 1196 787 laniati
1223 760 1351 794 fuerunt;
1386 759 1475 786 ferrea
1502 759 1609 786 vincula
1639 756 1823 794 pertulerunt,

1032 806 1270 841 tenebricososque
1305 813 1429 834 carceres
1452 805 1614 834 domicilium
1642 805 1819 837 habuerunt;

1037 852 1116 880 t'ainis
1144 852 1308 880 necessitate
1340 852 1463 887 oppressi
1500 856 1580 884 sunt,
1611 859 1643 878 ac
1671 851 1715 878 siti
1744 855 1819 877 exta-

1033 899 1169 931 lmerunt;
1190 898 1275 926 instar
1297 898 1425 932 lapidum.
1456 897 1538 924 facies
1555 896 1720 924 credentibus
1736 903 1820 930 expo-

1033 948 1162 976 suerunt;
1180 943 1303 978 injurias,
1325 948 1353 970 ut.
1370 943 1443 971 surdi
1462 943 1614 975 audierunt;
1641 941 1714 968 velut
1741 942 1819 972 muti,

1032 989 1065 1016 ad
1083 996 1130 1016 eos
1147 988 1191 1024 qui
1206 988 1312 1023 probris
1324 996 1355 1016 ac
1365 988 1458 1015 sannis
1474 987 1640 1021 exciperent,
1664 987 1796 1013 siluerunt
1810 994 1818 1018 ς

1032 1035 1127 1062 mediis
1139 1035 1244 1070 populis
1258 1043 1289 1062 ac
1303 1034 1416 1062 theatris
1433 1034 1578 1069 ignominia
1591 1034 1713 1067 producti
1734 1038 1797 1060 sunt
1811 1042 1820 1065 ;

1034 1085 1089 1110 toto
1105 1081 1205 1108 nudato
1226 1088 1342 1116 corpore
1369 1088 1416 1115 per
1439 1080 1527 1106 forum
1547 1087 1579 1106 ac
1599 1079 1700 1114 plateas
1713 1079 1821 1106 fuerunt

1032 1127 1229 1160 circumducti;
1259 1134 1310 1154 nec
1331 1126 1381 1152 viri
1395 1131 1510 1158 tantum,
1527 1125 1574 1152 sed
1603 1125 1684 1152 etiam
1703 1124 1822 1156 leminte,

1033 1173 1104 1208 quod
1126 1172 1266 1200 miseriam
1284 1179 1391 1198 omnem
1408 1171 1516 1198 vincere
1534 1169 1668 1196 videatur.
1684 1169 1734 1197 Alii
1761 1169 1823 1204 igne

1034 1220 1141 1246 fuerunt
1156 1217 1301 1250 combusti,
1315 1217 1359 1244 alii
1373 1217 1471 1244 hiemis
1494 1216 1554 1252 gelu
1566 1216 1755 1251 obriguerunt,
1773 1224 1821 1242 va-

1033 1265 1082 1293 riis
1097 1265 1184 1292 modis
1197 1264 1326 1300 przeciara
1341 1264 1418 1290 nobis
1430 1263 1548 1290 facinora
1570 1262 1662 1296 partiti
1680 1267 1751 1294 sunt.
1768 1270 1822 1297 quo

1034 1312 1173 1343 cadentes,
1190 1318 1222 1337 ac
1235 1315 1333 1342 morte,
1348 1310 1464 1336 victores
1476 1308 1660 1336 efﬁcerentur.

1068 1357 1172 1384 idcirco
1186 1357 1228 1391 pia
1250 1363 1363 1390 corpora
1388 1354 1492 1381 decenti
1506 1359 1602 1382 ornatu
1613 1359 1803 1388 componentes
1813 1372 1822 1386 ,

1034 1402 1229 1431 benedictionis
1241 1409 1304 1428 vasa
1319 1401 1373 1432 illa,
1384 1401 1523 1427 beatorum
1534 1400 1686 1426 animorum
1699 1406 1800 1432 organa
1813 1418 1821 1429 .
1852 1398 1855 1401 ’

1034 1449 1252 1483 philosophorum
1276 1447 1409 1481 hospitum
1426 1446 1535 1478 domos,
1557 1452 1605 1472 ceu
1623 1445 1821 1479 pretiosissima

1035 1495 1146 1530 pignora
1173 1493 1198 1520 in
1226 1500 1305 1520 omne
1329 1491 1457 1519 saeculum
1478 1499 1690 1523 conservamns,
1717 1491 1822 1525 iisque.

1036 1545 1162 1575 tanquam
1181 1538 1322 1574 praecipuis
1339 1538 1415 1565 donis
1435 1537 1535 1565 nostris
1550 1537 1686 1564 muuinmr
1698 1557 1705 1569 ,
1724 1544 1756 1564 ac
1772 1536 1820 1564 Ec-

193 1584 240 1610 καὶ
257 1585 314 1615 τοῖς
329 1584 462 1620 μάρτυσιν
474 1585 491 1620 ὴ
509 1583 657 1619 Ἐκκλησία
672 1584 836 1620 τετείχισται
850 1585 888 1616 ὡς
907 1585 983 1617 πόλις

1034 1586 1127 1618 clesia,
1144 1590 1293 1621 martyrum
1316 1584 1453 1616 satellitio,
1473 1583 1545 1611 haud
1562 1591 1640 1610 secus
1657 1589 1738 1618 atque
1755 1583 1822 1610 civi-

193 1629 315 1661 ὀπλίταις
327 1629 471 1664 γενναίοις,
487 1629 533 1656 καὶ
548 1629 683 1665 πάνδημοι
701 1631 870 1666 πανηγύρεις
891 1631 984 1666 ἁθροί-

194 1674 296 1707 ζονται,
313 1675 360 1701 καὶ
379 1676 429 1710 τῆς
444 1674 591 1710 θυμηδείας
606 1675 660 1702 τῶν
676 1676 778 1711 ἑορτῶν
798 1676 982 1713 ἀπολαύομεν.

193 1720 224 1746 0i
240 1722 268 1747 δὲ
283 1722 343 1753 ταῖς
365 1721 552 1757 ἀνθρωπικαῖς
572 1722 763 1757 περιστάσεσιν
787 1723 803 1758 ἢ
830 1725 983 1759 συμφοραῖς

194 1767 361 1804 πιεζόμενοι,
378 1768 416 1801 ὡς
433 1768 479 1795 ὲπί
498 1777 525 1795 τι
542 1768 733 1805 κρησφύγετον
749 1769 798 1800 τὰς
815 1769 984 1800 ἀναπαύσεις

192 1813 247 1840 τῶν
279 1813 488 1849 τρισμακαρίων
525 1813 695 1840 σπεύδουσιν.
733 1812 907 1849 Πρεσϐευτάς
933 1811 983 1838 αύ-

192 1859 254 1889 τοὺς
281 1859 336 1885 τῶν
358 1859 446 1894 εὐχῶν
458 1858 506 1886 καὶ
517 1859 687 1894 αἰτημάτων,
705 1858 750 1897 διὰ
771 1858 800 1884 τδ
816 1857 984 1894 ὑπερϐάλλον

193 1903 248 1938 τῆςη
260 1903 426 1939 παρρησίας,
439 1903 579 1939 ποιοῦμεν.
601 1904 740 1930 Ἐντεῦθεν
756 1903 847 1930 πενίαι
861 1901 982 1934 λύονται,

193 1950 241 1976 καὶ
260 1949 430 1986 ἰατρεύονται
445 1949 529 1982 νόσοι,
547 1950 594 1977 καὶ
611 1950 749 1986 ἀρχόντων
768 1948 879 1976 ἀπειλαὶ
895 1948 984 1983 κοιμί-

194 1994 302 2028 ζουται·
319 1995 412 2022 πασῶν
433 1995 461 2022 δὲ
485 1996 539 2022 τῶν
560 1996 687 2031 ταραχῶν
710 1996 757 2022 καὶ
780 1995 921 2031 χειμώνων
936 1995 984 2022 τοῦ

194 2041 252 2078 βίου
273 2041 381 2077 λιμένες
405 2042 474 2069 είσὶν
499 2042 601 2074 εὔδιοι,
625 2043 650 2069 oi
670 2043 738 2078 ἱεροὶ
760 2041 815 2067 τῶν
839 2041 984 2077 μαρτύρων

194 2088 282 2124 σηκοί.

228 2179 322 2212 οὕτως
339 2180 449 2215 πατὴρ,
475 2179 491 2215 ἦ
521 2160 612 2215 μήτηρ
634 2179 760 2215 ἀραμένη
784 2179 828 2206 τὸν
843 2179 984 2215 ἄρρωστον

194 2225 285 2258 παῖδα,
306 2225 354 2252 καὶ
369 2225 564 2260 περιστείλασα
579 2227 639 2257 ταῖς
653 2225 797 2260 ἀγκάλαις,
815 2225 981 2261 παρατρέχει

195 2271 244 2306 μὲν
256 2273 361 2308 ἰατρεῖα
377 2272 424 2299 καὶ
444 2272 563 2307 ἰατροὺς,
582 2271 629 2298 ἐπὶ
643 2271 672 2298 δὲ
690 2271 801 2306 ἄτεχνον
816 2271 983 2306 καταφεύγει
1000 2265 1022 2292 Ῑ)

194 2318 337 2354 βοήθειαν·
353 2319 401 2344 καὶ
425 2317 494 2352 προς
508 2318 556 2344 ἕνα
570 2318 624 2344 τῶν
640 2317 786 2354 μαρτύρων
803 2317 934 2350 ἐλθοῦσα,
951 2318 985 2344 δι’
1013 2326 1016 2330 ’

193 2364 298 2390 ἐκείνου
310 2363 349 2398 τῷ
362 2363 486 2400 Δεσπότῃ
501 2363 634 2400 προσάγει
648 2363 696 2399 τὴν
712 2364 831 2399 αἴτησιν,
847 2363 985 2396 τοιαύταις

195 2409 352 2445 κεχρημένη
372 2409 441 2444 πρὸς
459 2409 504 2436 τὸν
521 2410 636 2445 μεσίτην
662 2411 780 2444 φωναῖς·
801 2419 810 2435 t
830 2409 928 2437 Παθὼν
941 2410 985 2436 διὰ

195 2455 320 2491 Χριστὸν,
337 2456 503 2491 πρέσϐευσον
520 2456 589 2491 ὑπὲρ
607 2456 709 2488 πάθους
725 2457 772 2483 καὶ
787 2456 878 2483 νόσον.
895 2456 985 2491 Ἔχων

195 2500 362 2536 παρρησίαν,
377 2502 478 2537 χρῆσον
495 2501 574 2536 λόγον
585 2503 641 2534 τοῖς
654 2502 818 2537 ὁμοδούλοις.
835 2503 866 2529 Ei
882 2503 985 2529 καὶτὸν

195 2546 328 2581 ἡμέτερον
344 2546 400 2581 βίον
417 2547 549 2579 ἀπέλιπες
560 2566 567 2578 ,
591 2547 659 2574 ἀλλὰ
681 2547 746 2581 γοῦν
768 2546 840 2580 οἶδας
856 2548 890 2574 τὰ
910 2548 983 2584 πάθη

192 2592 244 2627 τῆς
257 2592 466 2628 ἁνθρωπότητος
478 2601 485 2608 υ
512 2594 702 2629 παρεκάλεσας
718 2595 764 2621 καὶ
777 2594 809 2620 σύ
831 2603 896 2621 ποτε
913 2595 984 2630 μάρ-

193 2646 277 2674 τυρας
301 2640 365 2675 πρὶν
376 2639 502 2674 γενέσθαι
516 2640 630 2676 μάρτυς.
645 2641 710 2667 Τότε
723 2641 812 2677 ζητῶν
822 2642 982 2676 ἐλάμϐανες,

193 2683 240 2710 νῦν
255 2684 324 2719 ἔχων
338 2685 461 2720 χάρισαι.
480 2685 526 2716 Εἰς
548 2684 579 2711 τὸ
595 2686 678 2720 γέρας
694 2686 724 2712 τὺ
747 2686 803 2718 σὺν,
826 2687 938 2723 αἴτησον
954 2688 984 2714 τὸ

195 2729 288 2766 κέρδος
304 2731 381 2766 ἡμῖν.
404 2731 502 2768 Ίαθείη
507 2740 556 2768 μεν
569 2731 607 2767 τῷ
630 2731 668 2766 σῷ
690 2731 804 2767 μώλωπι
813 2753 819 2764 ,
833 2733 871 2765 ὡς
885 2734 925 2769 τῷ
936 2734 983 2760 τοῦ

195 2775 312 2812 Χριστοῦ
335 2777 349 2803 ό
373 2776 484 2812 κόσμος.
511 2787 520 2803 ι
554 2777 651 2809 ’Ἄλλος
674 2778 721 2804 ἐπὶ
741 2777 829 2813 γάμον
852 2779 984 2812 σπεύδων,

196 2821 339 2857 προοίμιον
353 2824 472 2850 ποιεῖται
489 2823 543 2850 τῶν
562 2823 691 2860 θαλάμων
711 2823 759 2859 τὴν
774 2824 802 2850 ἐν
826 2825 985 2860 μαρτυρίοις

241 2919 261 2933 ”
275 2919 338 2956 Lrg.
363 2921 513 2957 ἐσπαράχο-

553 2923 573 2938 ³⁶
593 2924 629 2951 ἴα.
658 2923 704 2956 ὡς.
747 2924 773 2939 δ’
789 2923 881 2952 Matth.
903 2932 929 2957 ι,
945 2924 988 2951 5:2.

1035 1638 1075 1660 tas
1089 1636 1253 1660 armatorum
1270 1639 1348 1658 manu
1360 1651 1367 1663 ,
1383 1631 1552 1666 protegitur,
1575 1635 1762 1664 cogunturque
1779 1637 1823 1656 ce-

1034 1679 1123 1707 lebres
1149 1678 1239 1713 populi
1266 1678 1348 1705 totius
1372 1682 1537 1708 conventus,
1564 1683 1597 1703 ac
1621 1676 1823 1703 solemnitatum

1031 1725 1223 1760 jucunditatem
1249 1723 1431 1758 percipimus.
1458 1730 1488 1750 ac
1523 1722 1555 1749 iis
1580 1729 1745 1749 recreamur.
1772 1722 1822 1754 Qui

1034 1771 1158 1797 humana:
1188 1769 1250 1797 vita:
1283 1769 1403 1796 adversis
1440 1769 1547 1796 casibus
1570 1775 1601 1795 ac
1625 1767 1823 1795 calamitatibus

1033 1822 1175 1849 vexantur,
1194 1816 1266 1843 velut
1285 1816 1318 1842 ad
1336 1815 1440 1851 asylum
1457 1814 1592 1849 quoddam
1611 1821 1643 1841 ac
1658 1813 1820 1848 perfugium,

1034 1863 1067 1890 ad
1085 1867 1126 1889 ter
1144 1863 1282 1889 beatorum
1304 1863 1423 1896 requiem
1444 1869 1476 1888 ac
1496 1861 1607 1892 solatia,
1627 1860 1723 1888 festiue
1742 1868 1821 1888 acce-

1034 1909 1112 1936 dtmt.
1132 1907 1245 1935 Precum
1263 1907 1322 1933 illos
1343 1915 1375 1934 ac
1389 1907 1541 1933 orationum
1564 1906 1757 1933 intercessores
1772 1906 1821 1932 ad-

1035 1955 1175 1985 hibemus,
1195 1957 1305 1987 propter
1326 1952 1512 1984 Plit'elietllellt,
1540 1959 1591 1986 qua
1617 1951 1733 1986 pollent,
1752 1951 1822 1978 litiu-

1034 2001 1114 2029 ciam.
1129 2000 1163 2027 iis
1179 1999 1312 2034 pra-sidiis
1324 1999 1450 2026 levantur
1462 1998 1629 2033 paupertatis
1641 1998 1823 2029 incommoda,

1033 2050 1163 2076 curantur
1189 2045 1293 2078 morbi,
1320 2052 1352 2072 ac
1386 2045 1538 2080 principum
1568 2044 1648 2071 utilia;
1677 2043 1822 2074 sedantur,

1034 2094 1212 2127 omniutnque
1225 2091 1315 2119 saculi
1334 2091 1470 2118 turbinum
1491 2098 1522 2118 ac
1547 2094 1736 2124 tempestatum
1754 2094 1823 2116 tran-

1035 2138 1110 2174 quilli
1131 2143 1235 2173 portus,
1248 2145 1327 2165 sacra
1347 2141 1497 2172 martyrum
1515 2136 1625 2173 delubra
1640 2136 1785 2163 exsistunt.

1072 2184 1102 2212 in
1117 2185 1190 2212 hunc
1205 2183 1313 2210 modum
1329 2187 1416 2217 pater,
1432 2190 1479 2210 seu
1498 2189 1595 2216 parens
1615 2182 1700 2208 altera
1711 2201 1719 2215 ,
1746 2181 1823 2208 inlir-

1040 2237 1111 2257 mam
1130 2229 1230 2264 prolem
1248 2229 1357 2263 tollens,
1368 2234 1450 2264 atque
1462 2229 1487 2255 in
1500 2228 1578 2255 uiuas
1592 2228 1741 2261 suscipiens
1753 2235 1824 2254 cotu-

1037 2276 1228 2310 plecteusque.
1248 2276 1367 2302 medicas
1384 2275 1492 2309 quidem
1508 2274 1640 2307 ofﬁcinas,
1659 2281 1691 2301 ac
1706 2274 1827 2301 medicos

1037 2322 1209 2354 transcurrit,
1224 2321 1256 2348 ad
1269 2322 1399 2348 auxilium
1415 2329 1480 2349 vero
1498 2322 1566 2348 artis
1581 2328 1679 2354 expers
1692 2320 1826 2354 confugit,

1037 2374 1116 2403 atque
1131 2367 1166 2395 ad
1184 2375 1265 2394 unum
1285 2367 1401 2401 aliquem
1423 2371 1570 2401 martyrum
1587 2366 1690 2398 adiens,
1704 2372 1751 2399 per
1762 2368 1826 2391 eutn

1036 2414 1150 2441 Domino
1171 2414 1321 2440 orationem
1344 2412 1433 2443 offert,
1461 2412 1549 2439 verbis
1565 2411 1729 2446 (‘jIISCCXIIOtii
1751 2418 1827 2437 com-

1036 2461 1139 2495 pellans
1152 2467 1224 2492 eum,
1235 2467 1314 2494 quem
1332 2459 1509 2486 mediatorem
1525 2458 1633 2485 asciscit
1648 2466 1655 2484 :
1671 2467 1679 2483 I
1698 2457 1748 2491 Qui
1765 2466 1825 2493 pm-

1038 2512 1098 2542 pter
1124 2506 1261 2534 Christum
1277 2513 1307 2532 es
1330 2512 1443 2539 passus,
1468 2504 1605 2532 interccde
1628 2511 1677 2538 pro
1701 2504 1824 2538 passione

1039 2552 1196 2587 morboque.
1215 2552 1264 2584 Qui
1282 2551 1380 2579 ﬁducia
1404 2551 1488 2586 polles
1503 2570 1510 2583 ,
1529 2550 1666 2578 conservis
1685 2551 1826 2578 conuuotla

1038 2605 1200 2626 sermonem.
1221 2597 1340 2625 Tametsi
1367 2597 1471 2624 desiiin
1497 2597 1522 2624 in
1545 2597 1670 2623 immanis
1695 2604 1770 2630 esse,
1799 2603 1826 2624 at

1038 2644 1107 2671 nosti
1124 2652 1184 2678 qua:
1198 2643 1260 2670 'siut
1274 2643 1415 2678 passiones
1436 2650 1468 2669 ac
1485 2642 1569 2669 morbi
1585 2641 1693 2669 humani
1708 2643 1825 2677 generis.

1039 2690 1078 2717 Tu
1091 2697 1197 2724 quoque
1207 2690 1344 2724 quondam
1355 2694 1486 2723 martyres
1494 2688 1654 2720 obserrasti,
1669 2690 1826 2724 priusquam

1038 2737 1094 2771 ipse
1104 2741 1206 2770 martyr
1216 2735 1369 2763 exsisteres.
1378 2734 1510 2769 Aceepisti
1523 2739 1585 2762 tunc
1596 2742 1735 2769 quarens;
1748 2735 1827 2762 modo

1039 2791 1099 2810 cum
1119 2782 1220 2810 habeas
1232 2802 1241 2815 ,
1259 2782 1369 2817 largire.
1387 2781 1438 2809 Tui
1461 2781 1562 2816 pra‘mii
1580 2781 1688 2808 cumulo
1705 2781 1827 2816 pustula,

1040 2828 1110 2862 quod
1129 2833 1221 2856 nostro
1236 2828 1315 2856 cedat
1341 2827 1494 2856 commodo.
1514 2824 1571 2855 Tuo
1587 2834 1716 2856 sauemur
1732 2827 1827 2859 livore.
