2076 3155
255 170 286 199 δι
291 170 309 198 ’9

900 173 929 201 S.
950 172 1086 201 ASTER’H
1109 172 1266 202 ᾹΧΙᾹΞΕΝΓ

1838 174 1891 202 320

259 230 296 257 uti
314 229 428 256 mundus
442 229 527 257 livore
548 228 660 257 Christi.
680 239 689 256 ι
712 231 786 259 Alius
808 232 841 258 ad
859 231 968 266 nuptias
987 238 1046 266 per-

1105 234 1198 269 ιὺχήν·
1219 231 1264 260 καί
1283 239 1324 264 τις
1339 232 1378 264 εἰς
1401 230 1483 258 πλοῦν
1499 231 1689 267 ἐπειγόμενος,
1705 232 1735 258 οὐ
1759 231 1891 267 πρότερον

257 283 333 310 gens,
346 274 456 302 thalami
469 275 608 302 exordium
621 274 695 306 facit,
705 284 771 311 quas
779 277 804 304 iu
815 277 951 313 martyriis
959 285 1051 312 preces

260 321 355 348 inuidit.
366 320 432 354 Quis
445 321 507 348 item
519 321 544 347 iu
555 321 693 355 procinctu
707 323 902 358 navigationis,
914 330 967 350 non
977 323 1050 357 prius

259 369 335 395 navis
355 369 483 395 rudentes
497 367 597 398 solvit,
619 376 700 402 quam
729 369 812 396 maris
833 369 975 396 Dominum
1003 377 1051 404 per

258 419 393 448 martyres
407 412 582 446 iuvocaverit;
596 414 781 440 meudicorum
803 422 884 449 porro
896 415 1004 450 populi,
1019 423 1051 443 ac

259 467 406 494 pauperum
419 464 524 491 turmae,
537 465 687 495 martyrum
697 460 818 494 requiem
833 468 864 487 ac
877 460 1050 488 refectionem

260 506 331 533 lares
342 513 499 532 communes
512 506 622 533 habent.
638 505 743 539 Ubique
758 511 846 534 autem
867 512 1000 534 terrarum
1016 515 1048 534 ac

260 551 343 578 maris
354 551 531 578 decantantur
545 556 689 587 martyres.
702 551 729 578 ld
747 552 826 586 plane
838 559 957 586 congrue
970 557 1051 586 atque

259 591 367 624 merito.
389 606 396 625 :
425 605 477 624 non
504 597 574 624 enim
605 598 742 625 communi
776 598 881 625 ratione
908 603 1051 633 gesserunt

257 644 403 678 justitiam,
421 645 467 672 sed
486 645 543 679 ipso
559 653 674 679 corpore
689 644 840 679 baiularuut
853 652 980 677 crucem;
998 653 1051 673 non

261 690 449 726 disperserunt
476 692 616 726 pecunias,
634 691 680 718 sed
700 692 859 726 sanguinem
878 691 1050 725 elfuderuul;

262 745 315 764 uou
331 737 450 765 miserati
468 743 533 765 sunt
548 746 693 773 pauperem
708 759 716 771 ,
733 739 780 766 sed
804 746 854 766 nec
870 738 911 766 sui
930 739 1050 774 ipsorum

261 789 323 811 sunt
342 785 460 817 tuiserti;
483 793 536 812 non
563 786 714 813 iuvisrrunt
734 785 861 812 aﬂlictum
879 786 904 813 iu
921 793 1050 818 carcere,

261 831 308 857 sed
339 831 389 865 ipsi
416 836 526 858 catenas
560 836 744 866 portavernrtt.
777 832 961 865 Quamobrem
990 839 1050 858 eam

261 878 375 912 gloriam
391 886 422 905 ac
434 879 564 906 honorem
581 879 718 906 consecuti
734 884 806 912 sunt,
820 887 880 914 quze
891 880 975 914 requis
991 887 1049 906 mo-

261 925 303 950 dis
321 925 457 958 patientia:
472 925 607 959 ejusmodi
622 933 652 952 ac
666 925 743 952 malis
759 926 945 960 responderet.

299 969 325 996 In
344 970 415 997 hunc
431 971 522 1005 itaque
543 971 650 997 modum
673 976 828 1007 martyres:
850 971 935 1005 at_ubi
957 978 1052 998 eorum

262 1016 367 1050 tyranni
392 1024 424 1043 ac
444 1018 597 1050 occisnres,
626 1016 671 1051 qui
694 1017 751 1043 alta-
768 1017 927 1051 sapiebaut,
954 1024 985 1044 ac
1008 1024 1053 1044 su-

262 1062 346 1095 perba
363 1062 613 1094 commiualmttur;
631 1062 676 1096 qui
699 1070 781 1097 super
797 1062 920 1090 excelsos
940 1063 1052 1089 thronos

262 1108 403 1140 sederunt,
416 1115 466 1135 nec
481 1115 558 1135 suum
576 1108 724 1142 principem
743 1108 935 1143 agnoverunt?
952 1107 1052 1143 Rugie-

264 1159 327 1181 runt
345 1154 450 1181 leonum
472 1154 578 1182 instar:
600 1155 692 1189 pardis
718 1154 837 1181 velocius
853 1158 1052 1188 cucurrerunt,

263 1200 334 1226 ursis
348 1200 464 1226 ferocius
481 1199 708 1233 discerpserunt,
731 1199 803 1226 velut
820 1199 874 1234 lupi
896 1200 1052 1234 sanguinem

262 1244 425 1278 rli'udcruut,
443 1250 570 1280 tauquam
589 1245 683 1280 vulpes
697 1245 788 1272 dolum
807 1245 939 1273 fecerunt.
958 1246 975 1273 li
990 1253 1054 1273 vero

263 1290 331 1317 tales
354 1289 446 1324 iacent
471 1291 536 1326 ipsis
560 1291 674 1318 mortuis
696 1291 944 1319 abominabiliorcs.
965 1291 1052 1319 Vitam

263 1343 338 1363 suam
352 1335 488 1364 oblivione
503 1337 680 1368 oblexcruut,
698 1337 833 1364 infernum
851 1337 950 1365 habent
960 1337 1053 1373 ευριπι-

260 1390 337 1410 crum
350 1403 358 1416 ,
375 1384 538 1419 titulumque
554 1384 719 1419 impietatem
733 1406 740 1417 ,
770 1392 802 1412 ac
832 1384 990 1412 memoriam
1010 1385 1052 1412 in-

262 1429 390 1462 famiam;
409 1430 549 1458 incassum
574 1437 620 1457 eos
644 1431 778 1464 pceuitet,
802 1430 901 1457 frustra
927 1435 1048 1465 gemunt.

263 1475 316 1502 Eos
339 1481 446 1508 autem,
473 1484 541 1510 quos
565 1476 600 1503 illi
626 1476 859 1508 deltouestarunt.
887 1477 1052 1511 sempiterna

263 1522 369 1556 excepit
397 1523 526 1550 memoria
540 1543 547 1554 ,
577 1530 609 1550 ac
632 1522 691 1549 laus
710 1522 782 1550 senii
801 1529 910 1557 expers.
929 1522 1052 1555 Quaudiu

263 1568 334 1594 enim
355 1576 444 1594 rermu
465 1573 603 1603 gestarum
625 1568 810 1595 narrationem
826 1573 908 1604 atque
925 1568 1052 1601 honores,

262 1618 342 1640 aelate
352 1613 474 1647 juuiores
486 1623 499 1641 a
518 1614 671 1642 senioribus
684 1615 844 1650 suscipiunt,
871 1621 991 1649 avusque
1007 1621 1054 1642 ue-

263 1660 330 1693 poti,
350 1660 407 1686 sive
423 1661 505 1686 etiam
525 1665 602 1693 pater
615 1661 680 1693 lilio,
698 1669 792 1688 eorum
814 1661 923 1687 tradunt
937 1661 1051 1694 cultum,

263 1704 442 1730 immortalem
464 1705 568 1732 laudem
582 1704 722 1731 cilicium:
743 1713 774 1732 ac
795 1713 843 1731 ceu
865 1705 1049 1732 inviolabilem

263 1748 409 1783 quamdam
437 1749 640 1783 lucreditatem,
657 1749 738 1777 hasre
763 1750 863 1776 seculo
879 1749 1055 1777 celebritates

264 1803 312 1829 per
336 1795 523 1822 successiones
546 1801 719 1823 conservatas
743 1795 931 1822 transmittunt
956 1803 963 1822 :
989 1795 1054 1830 quin

264 1850 320 1870 rem
335 1849 442 1877 qu0que
456 1842 549 1870 multis
565 1842 723 1870 lmreditate
737 1842 902 1870 chariorem.
917 1840 985 1868 Nam
1003 1842 1055 1869 lue-

265 1888 388 1916 reditatis
400 1888 480 1921 bona,
497 1888 536 1915 vel
553 1888 596 1916 t‘ur
615 1887 766 1922 abstulerit,
783 1888 824 1915 vel
838 1888 923 1916 hostis
943 1895 1056 1922 accepe-

264 1935 298 1962 rit
311 1935 388 1970 spolii
402 1935 477 1968 loco,
492 1934 534 1962 vel
555 1942 644 1962 rerum
660 1936 793 1962 adversus
807 1941 889 1962 casus
901 1941 1055 1961 evacuave»

265 1982 316 2008 rit:
340 1981 458 2008 virorum
484 1985 574 2008 autem
601 1987 756 2009 sanctorum
783 1981 923 2008 memoria;
951 1980 1049 2008 festam

264 2028 362 2060 lucem,
376 2027 462 2054 tmllus
478 2027 610 2054 exciderit
620 2035 718 2060 annus,
747 2027 869 2062 quandiu
884 2027 948 2054 anni
961 2032 1054 2061 erttut,

264 2080 296 2099 ac
307 2077 398 2099 curret
409 2076 513 2106 tempus
522 2090 529 2104 ,
547 2072 700 2107 ctelumque
714 2071 823 2099 habebit
831 2072 928 2103 solem,
939 2079 971 2099 ae
983 2077 1054 2099 terra

264 2122 356 2152 pascet
378 2125 443 2145 suas
465 2117 636 2150 animantes,
661 2124 790 2152 mareque
817 2117 880 2144 item
906 2117 1053 2152 proprias:

264 2163 404 2198 quinimo,
419 2167 448 2190 ut
464 2163 555 2191 verius
574 2163 674 2197 dicam,
697 2163 738 2190 his
755 2170 864 2199 qunque
880 2165 1052 2192 cessantibus

264 2209 419 2241 elementis,
434 2209 543 2236 tametsi
568 2213 664 2245 putent
682 2209 764 2244 aliqui
777 2229 784 2241 ,
806 2217 943 2245 nunquam
964 2215 1054 2238 tamen

1101 280 1151 314 τῆς
1166 279 1234 311 νεὼς
1248 278 1305 306 λύει
1321 278 1355 305 τὰ
1371 278 1519 313 πείσματα,
1537 279 1601 313 πρὶν
1616 277 1649 304 ἄν
1669 277 1714 304 τὸν
1729 277 1777 312 τῆς
1789 274 1890 304 θαλασ-

1094 332 1153 365 ¹σης
1181 325 1319 359 Δεσπότην
1347 323 1390 350 διὰ
1418 323 1471 350 τῶν
1503 323 1649 358 μαρτύρων
1674 322 1885 358 ἐπικαλέσηται·

1103 370 1218 405 πτωχῶν
1233 370 1260 397 δὲ
1280 369 1361 405 φυλαὶ
1376 369 1422 396 καὶ
1439 370 1562 403 πενήτων
1577 369 1658 404 ἑσμοὶ
1685 369 1778 404 κοινὴν
1798 369 1891 395 ἑστίαν

1102 417 1247 451 κέκτηνται
1270 416 1320 451 τὴν
1342 415 1396 441 τῶν
1420 415 1566 450 μαρτύρων
1586 414 1739 442 ἀνάπαυσιν
1753 423 1759 430 ·
1784 414 1891 450 ᾅδονται

1101 461 1130 488 δὲ
1145 460 1281 496 πανταχοῦ
1294 460 1346 495 γῆς
1357 461 1404 487 καὶ
1416 460 1551 495 θαλάττης
1561 460 1585 486 οἱ
1599 459 1746 496 μάρτυρες.
1759 459 1890 491 Είκότως,

1103 507 1150 533 καὶ
1163 507 1232 543 προς
1246 506 1335 540 ἀξίαν.
1354 506 1392 533 Οὐ
1408 506 1472 543 γὰρ,
1487 506 1525 538 ὡς
1536 505 1638 538 πολλοὶ,
1654 505 1703 541 τὴν
1719 505 1892 542 δικαιοσύνην

1103 552 1286 588 κατώρθωσαν
1296 561 1302 567 ·
1322 551 1396 587 αὐτῷ
1412 551 1440 578 δέ
1455 551 1494 587 τῷ
1513 551 1620 587 σώματι
1634 551 1680 577 τὸν
1696 551 1812 586 σταυρὸν
1827 551 1891 578 ἐϐά-

1104 607 1224 625 στασαν
1248 599 1278 625 οὐ
1295 599 1426 634 χρήματα
1451 598 1619 634 ἐσκόρπισαν
1633 618 1640 629 ,
1672 597 1729 624 ἀλλ’
1755 596 1825 633 αἷμα
1849 598 1893 631 ἔε-

1106 645 1182 680 έχεον
1192 654 1199 661 ι
1216 645 1246 671 οὗ
1266 645 1370 681 πένητα
1380 644 1526 681 οἴκτειραν,
1545 644 1602 671 ἀλλ’
1618 644 1732 676 ἑαυτοὺς
1746 645 1796 671 οὐκ
1811 644 1894 680 ήλέη-

1103 697 1168 716 σαν·
1189 690 1239 716 οὐκ
1253 690 1282 716 ἐν
1298 689 1477 725 δεσμωτηρίῳ
1497 689 1542 716 τὸν
1578 689 1771 724 κεκακωμένον
1794 690 1894 716 ἐπεσκ-

1101 736 1212 771 έψαντο,
1230 735 1287 763 ἁλλ¹
1299 736 1375 763 αὐτοὶ
1395 735 1445 767 τὰς
1459 735 1568 767 ἁλύσεις
1583 735 1726 770 ἐφόρεσαν.
1744 735 1793 762 Διὰ
1814 735 1893 762 τοῦτο

1101 785 1151 818 τῆς
1167 783 1306 819 ὑπομονῆς
1323 783 1371 810 καὶ
1386 782 1436 817 τῆς
1447 781 1596 814 κακώσεως
1612 782 1774 818 ἀντίρροπον
1788 781 1839 818 τὴν
1851 781 1894 808 δῆ-

1102 828 1151 862 ξαν
1169 830 1215 856 καὶ
1227 829 1275 865 τὴν
1289 827 1371 864 τιμὴν
1384 827 1592 865 ἐκαρπώσαντο.

1139 969 1172 996 UE
1187 969 1235 1005 μὲν
1249 966 1295 996 οὖν
1311 968 1449 1005 μάρτυρες
1462 968 1534 996 οὕτω
1545 978 1551 984 ·
1569 969 1594 996 oi
1608 969 1636 996 δὲ
1649 969 1751 997 τούτων
1763 969 1891 1006 τύραννοι

1104 1017 1150 1043 καὶ
1171 1016 1261 1050 φονεῖς
1284 1014 1347 1048 ποῦ,
1366 1016 1390 1042 οῖ
1414 1015 1450 1042 τὰ
1465 1015 1555 1052 ὑψηλὰ
1582 1017 1780 1052 φρονήσαντες,
1797 1017 1895 1044 καὶτὰ

1104 1062 1267 1098 ὑπερήφανα
1280 1061 1493 1097 ἀπειλήσαντες,
1518 1063 1542 1089 σί
1561 1063 1607 1089 ἐπὶ
1631 1062 1733 1098 θρόνων
1750 1063 1895 1100 μετεώρων

1104 1105 1263 1141 καθήμενοι,
1279 1106 1381 1133 καὶτὸν
1396 1106 1500 1132 ἑαυτῶν
1512 1107 1633 1142 ἄρχοντα·
1643 1107 1681 1143 μὴ
1693 1108 1876 1143 γνωρίσαντες
1887 1116 1894 1141 ;

1110 1151 1310 1188 Ἐὃρυχήσαντο
1329 1152 1400 1186 ὑπὲρ
1412 1153 1476 1185 τοὺς
1494 1152 1614 1185 λέοντας,
1631 1153 1748 1190 ἔδραμον
1762 1154 1831 1190 ὑπὲρ
1845 1154 1896 1186 τὰς

1105 1197 1267 1233 παρδάλεις,
1290 1198 1448 1234 ὲσπάραξαν
1470 1199 1540 1234 ὑπὲρ
1565 1199 1613 1232 τὰς
1635 1200 1770 1236 ἄρκτους,
1785 1200 1896 1235 ἐξέχεαν

1103 1243 1207 1278 αἵματα
1222 1243 1368 1276 κατὰ-τοὺς
1382 1244 1492 1277 λύκους,
1508 1245 1717 1281 ἐκακούργησαν
1733 1243 1770 1277 ὡς
1783 1247 1810 1273 αἱ
1825 1245 1897 1272 ἀλώ-

1105 1297 1198 1322 πεκες.
1227 1290 1338 1317 Κεῖνται
1368 1290 1422 1318 τῶν
1448 1291 1533 1318 ὄντων
1557 1291 1662 1328 νεκρῶν
1689 1291 1896 1328 μυσαρώτεροι,

1104 1335 1174 1372 λήθῃ
1188 1336 1327 1372 ἐκάλυψαν
1340 1336 1390 1372 τὴν
1400 1336 1472 1372 ζωήν
1486 1337 1575 1364 αὐτῶν
1586 1346 1593 1353 ·
1605 1337 1696 1372 ἔχουσι
1712 1337 1739 1364 δέ
1753 1338 1837 1374 τάφον
1850 1338 1897 1365 τὸν

1104 1382 1183 1419 ᾅδην,
1200 1384 1247 1410 καὶ
1259 1383 1360 1419 στήλην
1372 1383 1422 1420 τὴν
1435 1383 1573 1418 ἀσέϐειαν,
1586 1385 1634 1410 καὶ
1649 1385 1759 1421 μνήμην
1773 1385 1822 1420 τὴν
1838 1385 1898 1411 ἀτι-

1106 1429 1184 1465 μίαν·
1214 1430 1390 1466 μετανοοῦσιν
1417 1430 1555 1466 ἀνόνητα.
1585 1430 1722 1457 στένουσιν
1753 1431 1894 1466 ἄπρακτα.

1104 1476 1173 1508 Τοὺς
1189 1475 1217 1502 δὲ
1233 1476 1308 1512 παρά
1327 1476 1429 1503 τούτων
1444 1476 1617 1507 αἰκισθέντας
1639 1476 1775 1509 διεδέξατο
1801 1478 1896 1513 μνήμη

1103 1522 1237 1557 ἀληκτος,
1260 1523 1374 1557 ἀγήρως
1393 1522 1514 1554 ἔπαινος.
1531 1523 1571 1550 Τὰ
1587 1523 1641 1559 γὰρ
1665 1523 1821 1560 διηγήματα
1847 1525 1896 1550 καὶ

1104 1567 1154 1600 τὰς
1169 1568 1251 1604 τιμὰς
1261 1569 1285 1595 οι
1302 1569 1524 1605 μεθηλικέστεροι
1541 1570 1615 1605 παρὰ
1628 1570 1682 1597 τῶν
1701 1570 1897 1607 πρεσϐυτέρων

1107 1615 1309 1651 ὑποδεχόμενοι,
1327 1616 1374 1643 καὶ
1396 1617 1507 1649 πάππος
1531 1617 1653 1653 ὲγγόνῳ,
1670 1617 1686 1654 ῆ
1711 1618 1802 1654 πατὴρ
1818 1618 1897 1646 παιδὶ

1106 1661 1300 1698 παραδιδόντες
1321 1662 1371 1697 τὴν
1394 1663 1434 1694 εἰς
1456 1663 1555 1695 αὐτοὺς
1580 1663 1740 1699 θεραπείαν,
1763 1664 1898 1691 ἀθάνατον

1106 1706 1215 1734 ποιοῦσι
1239 1706 1284 1733 τὸν
1305 1707 1424 1735 ἔπαινον·
1450 1708 1498 1735 καὶ
1518 1708 1614 1745 ὥσπερ
1636 1709 1698 1736 τινὰ
1714 1709 1897 1746 κληρονομίαν

1106 1753 1204 1781 ἄσυλον
1226 1753 1276 1786 τὰς
1289 1753 1386 1790 ἑορτὰς
1395 1753 1496 1786 ταύτας
1508 1755 1537 1782 ἐν
1554 1754 1690 1790 διαδοχαῖς
1706 1755 1786 1788 σώζει
1801 1756 1815 1782 ό
1829 1755 1896 1790 βίος,

1106 1800 1122 1836 ἢ
1153 1800 1252 1836 μᾶλλον
1278 1800 1325 1827 καὶ
1351 1801 1536 1836 κληρονομίας
1560 1801 1724 1837 τιμιώτατον
1741 1801 1763 1818 ⁸⁸
1791 1801 1896 1838 χρῆμα.

1107 1846 1300 1882 κληρονομίας
1316 1847 1366 1882 μὲν
1378 1846 1433 1882 γὰρ
1450 1847 1484 1873 τά
1511 1847 1591 1879 καλὰ,
1609 1847 1625 1883 ἢ
1641 1847 1743 1883 λῃστής
1761 1847 1897 1882 ἀφείλετο,

1106 1891 1123 1928 ἦ
1140 1893 1267 1928 πολέμιος
1285 1892 1406 1928 λάφυρον
1421 1892 1517 1920 ἔλαϐεν
1528 1913 1535 1925 ,
1553 1893 1569 1928 ἢ
1588 1894 1752 1929 περίστασις
1770 1893 1898 1929 πραγμά-

1106 1945 1160 1963 των
1179 1937 1312 1964 ἐκένωσεν
1322 1946 1329 1953 ·
1347 1938 1433 1973 ἁγίων
1445 1938 1473 1965 δὲ
1486 1938 1592 1974 ἀνδρῶν
1605 1939 1704 1975 ἑορτὴν
1718 1939 1806 1971 οὐδεὶς
1819 1939 1897 1966 ἐκκό-

1106 1982 1151 2017 ψει
1165 1982 1303 2014 ἐνιαυτὸς,
1328 1983 1424 2019 μέχρις
1445 1982 1477 2010 ἃν
1494 1981 1560 2010 ὦσιν
1586 1983 1722 2015 ἐνιαυτοὶ,
1740 1984 1785 2010 καὶ
1804 1984 1899 2019 χρόνος

1106 2028 1215 2064 τρέχει,
1229 2029 1343 2064 οὐρανὸς
1360 2029 1410 2066 ἔχῃ
1423 2030 1468 2057 τὸν
1477 2030 1562 2066 ἥλιον,
1580 2030 1627 2057 καὶ
1641 2030 1677 2065 γῆ
1690 2030 1782 2066 βόσκει
1794 2030 1829 2057 τὰ
1841 2030 1896 2057 ἴδια

1107 2074 1174 2107 ζῶα,
1193 2075 1240 2102 καὶ
1254 2074 1376 2102 θάλασσα
1391 2075 1426 2102 τά
1440 2075 1578 2112 ἐξαίρετα.
1596 2076 1633 2103 Τὺ
1647 2076 1675 2102 δὲ
1687 2076 1786 2112 ἀληθὲς
1801 2077 1897 2108 είπεῖν,

1107 2121 1153 2147 καὶ
1175 2120 1230 2148 τῶν
1251 2121 1392 2157 στοιχείων
1417 2122 1604 2158 παυσαμένων
1630 2121 1744 2155 τουτων,
1771 2122 1821 2150 κᾶν
1845 2131 1899 2150 τισι

1106 2166 1190 2199 δοκεῖ,
1206 2167 1355 2204 μαρτύρων
1381 2167 1429 2195 καὶ
1452 2168 1564 2195 δικαίων
1580 2168 1610 2196 οὐ
1628 2168 1808 2205 σὸεσθήσεται
1823 2168 1898 2202 δόξα,

1108 2211 1169 2239 οὐδὲ
1182 2212 1379 2250 συναποθνήξει
1395 2215 1430 2249 τῇ
1445 2213 1611 2249 δημιουργίᾳ
1631 2211 1665 2240 τὰ
1684 2214 1744 2240 κατ’
1759 2213 1881 2245 ἐκείνους
1891 2222 1898 2228 ·

265 2259 413 2292 martyrum
439 2263 471 2283 ac
491 2255 627 2290 iustorum
655 2255 741 2290 gloria
774 2256 972 2290 exsliuguetur,
1007 2264 1052 2284 nec

1108 2258 1176 2285 ἀλλά
1188 2259 1248 2286 τότε
1268 2260 1316 2286 καὶ
1333 2259 1434 2295 μᾶλλον
1449 2259 1625 2296 ἀνθήσουσιν,
1642 2259 1710 2295 πρὸς
1728 2259 1776 2295 τὴν
1795 2259 1902 2295 ἄφθαρ-

264 2311 326 2329 (‘lllll
349 2307 440 2330 creato
459 2303 560 2330 mutulo
580 2303 678 2330 visibili
694 2303 855 2337 morientur,
877 2311 937 2339 qum
958 2311 1053 2331 eorum

1107 2313 1153 2331 τον
1169 2304 1242 2340 ζωὴν
1259 2305 1514 2340 μετακοσμηθείσης
1528 2305 1578 2340 τῆς
1591 2305 1811 2341 ἀνθρωπότητος.

263 2351 380 2379 celebris
396 2352 533 2379 memoria:
544 2355 626 2384 sunt;
645 2351 709 2387 quin
723 2356 750 2379 et
763 2351 858 2387 majori
880 2358 945 2380 tunc
974 2352 1071 2380 decore
1096 2351 1248 2386 ﬂorebunt,
1276 2358 1454 2381 transmutata
1478 2354 1504 2380 in
1534 2354 1616 2381 vitam
1643 2354 1825 2389 incorruptam
1853 2355 1902 2381 ltu-

265 2407 346 2426 mana
361 2404 467 2426 natura.

301 2446 377 2474 Licet
393 2451 482 2474 autent
499 2446 666 2479 incredulis,
685 2454 717 2475 ac
741 2447 773 2475 iis
787 2448 832 2483 qui
848 2448 882 2475 de
895 2449 986 2476 futura
1006 2455 1055 2483 spe

265 2497 358 2520 nostra
372 2492 523 2527 ambigunt,
536 2500 569 2520 ex
585 2493 618 2520 iis
631 2501 690 2528 quae
701 2501 758 2521 aevo
773 2493 824 2521 hoc
839 2500 966 2530 aguntur,
980 2500 1055 2521 certa

266 2540 342 2565 home
362 2543 460 2565 nostra:
480 2539 688 2573 exspectationis
704 2539 829 2575 accipere
841 2541 964 2575 pignora.
983 2540 1054 2568 Ecce

264 2583 337 2610 cuitu
362 2590 410 2618 per
432 2584 588 2611 universum
617 2585 710 2612 orbem
738 2585 865 2620 impletus
886 2591 928 2614 est
953 2586 1055 2614 Christi

265 2630 429 2657 athletarqu
445 2630 581 2664 circulus,
608 2639 657 2658 nec
679 2636 721 2659 est
742 2632 817 2659 locus
836 2633 915 2666 ullus,
935 2640 988 2668 quo
1005 2641 1059 2660 non

264 2684 358 2703 eorutn
374 2677 501 2704 memoria
515 2678 665 2708 habeatur;
680 2678 798 2713 annique
812 2684 934 2714 tempora
949 2679 1057 2712 omnia,

266 2727 347 2749 terra:
359 2722 438 2749 donis
452 2731 484 2749 ac
509 2723 630 2758 frugibus
654 2726 758 2760 potiora
777 2725 896 2761 pugilum
912 2729 999 2760 gesta,
1015 2733 1059 2751 ce-

267 2768 412 2796 lebraturis
429 2776 462 2795 ac
488 2769 554 2796 festa
580 2771 725 2804 agemibus
741 2771 895 2800 conferunt.
923 2771 1056 2805 Quocirca

268 2819 298 2841 ut
322 2814 420 2848 aliquis
440 2815 550 2843 sedulus
576 2822 648 2844 esset
674 2822 952 2854 martyrum'amans,
978 2822 1059 2854 atque

303 2904 326 2921 ⁸⁸
344 2905 379 2932 ϊσ.
396 2906 569 2943 τιμιώτερον.

1150 2448 1274 2480 Ἔξεστιν
1285 2445 1313 2472 δὲ
1325 2445 1381 2477 τοῖς
1396 2445 1531 2478 ἀπίστοις,
1548 2444 1596 2471 καὶ
1611 2444 1675 2480 περὶ
1689 2444 1739 2480 τῆς
1751 2443 1901 2480 μελλούσης

1110 2493 1216 2524 ἐλπίδος
1237 2491 1315 2528 ἡμῶν
1330 2490 1559 2526 ἁμφιϐἀλλουσιν,
1582 2491 1637 2517 ἀπὺ
1654 2490 1708 2516 τῶν
1725 2490 1754 2516 ὲν
1771 2490 1840 2526 τῷδε
1863 2489 1903 2524 τῷ

1111 2539 1161 2575 βίῳ
1185 2538 1391 2575 πραττομένων,
1414 2536 1464 2572 τῆς
1493 2536 1599 2572 ἀγαθῆς
1629 2537 1795 2573 προσδοκίας
1822 2536 1902 2571 ήμῶι

1110 2585 1206 2613 λαϐεῖν
1229 2584 1326 2620 βέόαια
1347 2583 1381 2609 τὰ
1396 2582 1523 2618 ἐνέχυρα.
1555 2583 1620 2610 Ἰδοὺ
1645 2583 1700 2618 γὰρ
1724 2582 1901 2619 πεπλήρωται

1109 2631 1185 2668 παρὰ
1199 2631 1249 2666 τῆς
1266 2629 1428 2665 οἰκουμένης
1441 2629 1541 2661 κύκλος
1553 2629 1607 2655 τῶν
1629 2628 1754 2664 ἀθλητῶν
1766 2628 1813 2655 τοῦ
1832 2628 1900 2664 Χρι-

1110 2677 1185 2710 στοῢ,
1204 2677 1252 2704 καὶ
1266 2677 1319 2708 πᾶς
1338 2677 1422 2708 τόπος
1443 2675 1499 2711 ἔχει
1522 2675 1576 2702 τῶν
1596 2674 1681 2710 ἁγίων
1696 2675 1745 2710 τὴν
1772 2675 1882 2710 μνήμην
1894 2683 1900 2689 ·

1110 2725 1211 2755 πάντες
1225 2722 1254 2749 δὲ
1272 2722 1361 2757 καιροὶ
1378 2722 1520 2757 κρείττονα
1532 2721 1586 2747 τῶν
1602 2720 1655 2747 ἀπὸ
1673 2720 1725 2755 γῆς
1740 2720 1834 2755 δώρων
1856 2720 1900 2746 καὶ

1110 2769 1318 2805 βλαστημάτων,
1344 2767 1379 2794 τὰ
1398 2767 1452 2794 τῶν
1475 2766 1635 2801 ἀγωνιστῶν
1657 2768 1713 2798 τοῖς
1740 2766 1898 2802 ἑορτάζουσι

1109 2816 1267 2854 χαρίζονται
1287 2815 1454 2851 διηγήματα.
1477 2814 1521 2846 Ὠς
1539 2814 1565 2840 εἴ
1579 2821 1622 2844 τις
1636 2810 1670 2848 ἦν
1685 2812 1830 2844 σπουδαῖος
1843 2811 1897 2839 τῶν
