2076 3155
160 158 208 186 521
689 155 838 184 ἸΙΟΜΠιΙΑ
855 155 887 183 Χ.
900 154 933 182 lN
948 155 980 182 Si

976 155 1003 183 Β.
1023 154 1227 183 MARTYBES.
1489 168 1491 171 π
1745 154 1796 182 521

161 212 307 250 μαρτύρων
325 211 419 247 φίλος,
446 211 523 238 ἔθετο
535 212 563 239 δὲ
582 212 713 248 φροντίδα
731 213 788 244 τοῖς
808 211 863 238 τῶν
882 211 951 238 ὃλων
967 215 981 242 Α

976 215 989 242 ι
1004 211 1123 237 omnium
1141 209 1322 245 passionibus,
1345 207 1405 236 festi
1422 207 1501 237 vellet
1521 207 1681 236 celebritate
1697 208 1775 237 litare
1786 230 1796 244 ,

161 259 358 295 πανηγυρίζειν
375 257 500 286 πάθεσιν.
519 257 570 283 οὐκ
585 257 619 284 ἂν
633 257 740 293 ἡμέραν
751 256 889 292 παρῆλθεν
904 255 951 283 τοῦ

1010 265 1043 283 ne
1059 256 1130 284 dicm
1157 256 1264 290 quidem
1290 255 1315 282 in
1341 262 1412 282 anno
1435 261 1487 281 non
1514 254 1613 282 festum
1634 255 1796 290 praeteriret.

161 305 283 334 ἐνιαυτοῦ
297 304 436 340 ἀνέορτον.
460 304 550 331 Πᾶσαι
563 303 617 339 γὰρ
640 303 733 339 ἔχουσι
748 303 891 339 κρείττονα
904 302 951 329 τοῦ

1012 302 1135 331 Universi
1151 302 1251 329 etenim
1266 301 1346 329 solari
1364 301 1422 337 ipso
1433 301 1512 337 globo
1527 301 1702 329 illustriorem
1718 311 1797 329 umn-

160 351 275 388 ἡλιακοῦ
294 351 395 378 κύκλου
416 351 527 386 κόσμον,
543 350 577 377 τὰ
596 350 650 377 τῶν
668 350 800 384 γενναίων
815 349 952 385 ἀνδραγα-

1009 349 1094 380 dum,
1111 347 1240 383 prmelara
1264 352 1439 375 strenuormn
1466 346 1585 374 virorum
1606 347 1725 374 facinora
1751 349 1799 375 ha-

162 398 282 434 ϐήματα.
306 396 415 431 Ἐπειδὴ
430 396 485 432 γὰρ
497 397 510 423 ὁ
526 397 582 428 τοῖς
594 396 686 427 καλοῖς
713 395 951 431 ἀντιτεταγμένος,

1007 394 1082 421 bent.
1094 392 1162 427 Quia
1173 395 1244 420 enim
1262 392 1294 424 is.
1308 393 1353 427 qui
1369 392 1446 420 hunis
1457 393 1628 426 adversatur,
1641 394 1666 421 vi
1681 395 1799 422 maxima

163 442 278 478 σφοδρδν
300 441 367 477 πρὸς
382 441 412 467 τὸ
431 441 580 476 μυστήριον
597 440 767 476 Χριστιανῶν
789 440 951 475 ἐπηρίσατο,

1009 440 1223 467 Christianorum
1249 439 1413 466 moliebatur
1434 439 1602 473 pessundare
1627 440 1801 475 mysterium,

164 489 269 519 πάντας
292 487 320 514 δὲ
344 487 455 514 πάσσων
477 488 509 522 τῇ
528 486 612 519 κόνει,
631 488 685 518 τοῖς
710 486 784 517 laici:
799 486 953 521 φρονήμασι

1008 485 1204 519 universosque
1226 484 1377 512 furfuribus
1401 492 1549 520 aspergens
1561 504 1570 517 ν
1586 486 1673 512 sensis
1690 486 1746 513 suis
1769 494 1801 514 ac

163 534 295 572 χωννύειν
323 532 499 564 ἐσπούδαζεν.
530 533 577 560 καὶ
605 532 693 568 μάτην
720 531 874 566 ἐνασχολεϊν
897 533 953 564 τοῖς

1009 530 1151 559 all'ectibus
1176 531 1292 559 obruere
1307 531 1453 563 nitebatur,
1481 539 1513 558 ac
1534 539 1612 559 casso
1631 531 1732 566 labore,
1750 532 1796 560 luti

164 579 361 616 ἐπιτηδεύμασι
378 578 424 605 τοῦ
448 578 533 613 πηλοῦ
545 586 552 594 ν
571 578 691 614 ἀρίστω-δ
703 577 808 612 ἀνδρῶν
825 576 927 612 πλῆθος
941 579 955 604 ὁ

1008 577 1136 611 operibus
1151 584 1303 612 occupare;
1324 581 1497 604 strenuorum
1523 577 1595 604 Deus
1612 578 1732 605 virorntn
1755 586 1801 606 eo-

165 626 231 658 Θεδς
245 624 356 660 ἀλείψας
371 626 427 656 τοῖς
442 624 666 661 παραγγέλμασι,
680 623 728 650 καὶ
741 624 954 660 παιδοτριϐήσας

1009 620 1080 655 piam
1105 621 1217 648 monitis
1243 621 1380 648 instruens
1393 641 1405 653 ,_
1419 625 1500 656 atque
1517 622 1549 648 ad
1574 622 1742 650 tolerandum
1769 631 1803 651 ac

166 672 233 707 πρὸς
249 671 396 707 καρτερίαν
417 671 464 698 καὶ
480 671 606 706 δύναμιν,
622 670 785 705 ὰντέστησεν
799 669 838 705 τῷ
852 670 956 697 ἀναιδεῖ

1011 666 1121 693 virtutis
1131 666 1266 694 edendum
1275 667 1411 701 specimen
1422 686 1429 699 ,
1444 667 1573 694 erudiens
1586 667 1800 703 informansque,

164 719 212 746 καὶ
234 717 370 754 ἐπιϐούλῳ
395 717 445 752 τῆς
464 717 684 753 ἆνθρωπότητος.
713 713 792 743 Οὗτοι
812 715 841 742 δέ
863 715 954 744 καινὸν

1010 712 1157 747 impudenti
1167 713 1216 745 illi,
1229 720 1261 741 ac
1276 713 1381 741 insidiis
1393 713 1540 741 humanum
1556 714 1692 749 appetenti
1707 721 1801 749 genus,

164 762 344 797 ἠγωνίσαντο,
360 762 405 789 καὶ
424 762 455 788 οὐ
477 761 640 798 τδνκσυνήθη
657 760 760 796 άγῶνα.
781 761 818 788 οὐ
838 761 892 797 γὰρ
908 762 954 788 τύ-

1010 757 1120 793 ohjecit.
1152 758 1184 786 Hi
1201 766 1266 787 vero
1291 767 1391 786 novum
1409 760 1592 792 desudarunt,
1611 767 1643 788 ac
1658 760 1724 787 nihil
1739 768 1803 789 con‘

165 817 278 841 πτοντες
300 808 317 844 ἢ
338 808 487 844 ῥηγνύντες
509 807 686 844 ἐκράτησαν·
712 807 781 835 ἀλλὰ
804 807 956 844 πάσχοντες

1011 808 1119 832 suetum
1151 810 1301 833 certamen.
1316 804 1373 832 Nec
1387 805 1460 832 enim
1472 805 1601 833 caedendo
1613 813 1645 833 ac
1659 806 1731 834 acies
1746 814 1803 841 per-

165 855 331 891 ἠρίστευσαν
348 855 397 882 καὶ
415 854 590 891 σφαζόμενοι.

1010 848 1154 884 fringendo
1169 850 1286 878 victores
1307 850 1494 885 exstiterunt,
1512 851 1559 879 sed
1577 852 1703 886 patiendo
1722 855 1803 887 atque

972 895 1092 927 B-occisi
1110 900 1220 924 strenue
1237 896 1400 924 habuerunt.

202 943 258 970 Καὶ
269 943 362 974 ποῖον,
379 943 470 979 ἐρεῖς,
492 943 506 969 ὁ
523 943 678 979 ἀκροατὴς,
697 943 798 980 κράτος
819 943 957 978 mitam);

1045 940 1137 974 Qualis
1149 949 1223 974 vero,
1239 941 1355 977 inquies,
1373 942 1489 974 auditor,
1505 943 1567 971 belli
1576 943 1707 971 victoria?
1719 943 1804 977 Quod.

165 989 208 1021 τίς
227 989 255 1016 δὲ
271 989 445 1024 εὐδοκίμησις
459 988 528 1024 αὕτη
541 1009 548 1020 ,
573 989 603 1016 τὸ
626 989 828 1025 στρεϐλωθῆναι
842 989 890 1016 καὶ
906 997 958 1025 μα·-

1010 994 1074 1014 nam
1089 991 1177 1015 autem
1203 994 1288 1023 genus
1304 988 1367 1016 illud
1393 989 1531 1021 facinoris,
1546 995 1573 1015 ut
1589 990 1730 1016 tormentis
1744 989 1804 1023 quis

167 1034 321 1071 στιχθῆναι,
336 1035 383 1061 καὶ
400 1035 467 1070 πρός
483 1043 514 1069 γε
532 1034 576 1061 διὰ
601 1035 703 1071 πυρὸς,
722 1035 737 1071 ἢ
756 1035 860 1070 ξίφους,
877 1035 893 1070 ἥ
908 1044 958 1062 κα⁴

1010 1039 1043 1058 ac
1057 1032 1215 1059 verberibus
1237 1032 1414 1066 subjiciatur;
1434 1034 1468 1060 ad
1492 1033 1550 1060 hac
1565 1037 1668 1065 autem,
1685 1037 1714 1060 ut
1730 1033 1801 1068 igni,

167 1080 279 1113 κώσεως
298 1079 495 1116 δεσμωτηρίων
518 1080 673 1107 καταλῦσαι
698 1080 743 1107 τὸν
771 1080 848 1115 βίον;
879 1080 960 1107 Ἀλλὰ

1010 1076 1052 1103 vel
1065 1077 1165 1112 gladio,
1183 1083 1229 1104 aut
1261 1078 1380 1106 careeris
1401 1079 1583 1106 maceratione
1603 1079 1679 1106 finiat
1696 1079 1801 1107 vitam?

168 1127 257 1163 μάθε,
283 1126 321 1158 ὡς
345 1127 370 1153 οί
392 1126 462 1162 ὑπὲρ
484 1125 624 1157 εὐσεϐείας
649 1126 774 1162 πόλεμοι,
795 1126 959 1153 ἀπεναντίον

1011 1121 1110 1149 Verum
1121 1123 1243 1154 noveris,
1262 1130 1323 1158 qua:
1338 1123 1407 1150 bella
1427 1124 1590 1160 suscipimus
1602 1124 1710 1160 pietatis
1722 1132 1797 1160 ergo,

167 1171 363 1208 κατορθοῦνται
379 1170 433 1197 τῶν
448 1170 546 1198 ἄλλων.
562 1172 593 1197 Οἱ
608 1171 657 1206 μὲν
670 1171 724 1206 γὰρ
738 1172 766 1197 ἐν
781 1170 820 1205 τῷ
831 1170 960 1205 φονεῦσαι

1011 1175 1091 1196 secus
1109 1169 1166 1203 geri
1181 1174 1265 1204 atque
1291 1169 1353 1197 alia.
1370 1168 1437 1197 Nam
1464 1169 1516 1196 alia
1534 1170 1642 1204 quidem
1664 1169 1753 1204 bella,
1773 1171 1801 1199 in

167 1214 218 1250 τὴν
232 1214 371 1250 ἀριστείαν
389 1214 480 1250 ἔχουσι
493 1223 499 1229 ·
517 1215 542 1241 oi
557 1214 595 1246 δὲ,
614 1215 658 1242 διὰ
674 1215 722 1241 τοῦ
740 1215 836 1242 παθεῖν
848 1216 896 1242 καὶ
912 1224 961 1242 πε-

1011 1215 1130 1242 ca-dibus
1154 1223 1185 1242 ac
1210 1220 1301 1250 strage
1319 1215 1434 1242 hostimn
1447 1234 1455 1248 ,
1477 1215 1642 1244 fortitudinis
1663 1217 1803 1252 specimen

168 1261 226 1286 σεῖν
242 1259 415 1294 ὲνεργοῦνται
440 1259 492 1295 τῂν
515 1260 605 1295 νίκην.
632 1260 777 1296 Παρρησία
800 1260 828 1287 δὲ
848 1261 961 1288 δικαίων

1013 1262 1113 1288 habent
1127 1270 1132 1294 ;
1150 1261 1209 1288 hinc
1224 1267 1314 1288 autem
1350 1261 1514 1289 certantium
1530 1262 1656 1297 passione
1673 1270 1704 1290 ac
1721 1268 1806 1290 marte

167 1306 273 1333 ὲκτελεῖ
288 1306 338 1338 τὰς
350 1306 420 1342 ὑπὲρ
434 1305 480 1332 τοῦ
497 1306 600 1341 κόσμου
619 1306 768 1342 πρεσϐείας
779 1315 786 1323 ·
801 1306 849 1334 καὶ
866 1306 961 1334 ἔλαθεν

1012 1306 1152 1334 victoriam
1168 1307 1286 1341 pariunt.
1304 1307 1388 1334 Porro
1404 1307 1490 1334 sancti
1503 1327 1510 1338 .
1525 1314 1574 1341 pro
1589 1315 1620 1334 ea
1634 1315 1686 1342 qua
1703 1308 1803 1342 pollent

166 1352 182 1378 ὁ
208 1351 306 1387 ἐχθρὸς
336 1352 392 1383 τοῖς
422 1351 554 1383 ἐναντίοις
587 1351 753 1386 περιπεσὼν,
779 1351 795 1386 ἢ
824 1351 959 1379 ἐϐούλετο.

1015 1352 1126 1386 fiducia,
1144 1354 1235 1380 niuudi
1255 1353 1449 1381 intercessores
1464 1353 1611 1387 exsistunt,
1628 1354 1806 1389 nesciensque

169 1399 269 1429 Ὅσους
284 1397 339 1432 γὰρ
354 1396 469 1432 ἔσφαξεν
486 1397 717 1433 μαρτυρήσαντας
729 1417 736 1427 ,
751 1396 897 1429 τοσούτους
914 1398 961 1424 ἀν-

1014 1399 1100 1427 hostis
1113 1419 1121 1431 ,
1138 1399 1163 1426 in
1180 1406 1273 1426 eorum
1288 1406 1348 1433 quae
1369 1398 1486 1426 habebat
1500 1400 1647 1434 proposita,
1664 1400 1803 1427 contraria

168 1443 287 1480 Θρώπων
308 1443 422 1480 βοηθοὺς
447 1443 664 1478 παρεσκεύασεν.
689 1442 745 1469 Καὶ
765 1442 812 1469 ἐπὶ
829 1442 920 1478 πάσης
933 1443 961 1469 δέ

1013 1444 1117 1471 incidit.
1133 1443 1205 1478 Quot
1221 1444 1292 1471 enitn
1310 1443 1442 1480 martyrio
1456 1444 1614 1475 perfunctos
1632 1445 1731 1472 occidit
1742 1465 1752 1478 ,
1767 1449 1806 1472 to:

169 1488 295 1525 πράξεως
309 1489 388 1516 τοῦτο
402 1489 516 1524 πάσχων
535 1488 691 1525 εὑρίσκεται
703 1498 709 1503 ·
727 1488 788 1516 ὅθεν
806 1489 963 1525 ἐμποδίζειν

1015 1490 1153 1518 hominum
1181 1490 1319 1524 adjutores
1341 1489 1416 1517 fecit.
1444 1487 1605 1524 Videasque,
1627 1489 1653 1516 in
1678 1490 1804 1517 omnibus

169 1535 255 1561 οτεται
278 1535 327 1570 τὴν
354 1534 505 1567 εὐσέϐειαν,
531 1533 731 1566 κατασκευάζει
753 1534 802 1570 τῆς
820 1534 960 1566 εὐσεϐείας

1014 1544 1073 1571 quae
1088 1536 1256 1571 designavit,
1273 1536 1323 1563 hoe
1341 1535 1428 1571 ipsum
1447 1543 1555 1570 passum
1577 1543 1646 1564 esse.
1667 1535 1743 1564 Unde
1756 1544 1806 1570 pu-

168 1580 219 1613 τὴν
235 1579 359 1615 αὔξησιν.
378 1579 424 1616 Τῴ
441 1579 496 1616 γὰρ
514 1579 599 1616 μωρῷ
612 1580 662 1607 καὶ
675 1579 782 1615 ἄφρονι,
798 1580 837 1612 εἰς
850 1580 961 1607 τούναν-
975 1574 988 1602 ί

989 1574 996 1602 ἶ
1014 1587 1053 1609 tat
1077 1581 1170 1617 pietati
1191 1588 1221 1609 se
1240 1580 1461 1615 impedimentum
1475 1580 1640 1612 allaturum;
1675 1582 1737 1609 inde
1761 1589 1809 1609 au-

169 1626 226 1653 τίον
249 1627 264 1653 ὁ
287 1626 369 1661 σοφὸς
391 1626 457 1658 Θεὸς
479 1627 635 1663 περιίστησι
657 1626 692 1654 τὰ
708 1626 889 1663 βουλεύματα.
907 1627 963 1654 Καὶ

1014 1633 1151 1664 guientum
1179 1629 1272 1663 pietati
1312 1629 1432 1656 asciscil.
1456 1628 1502 1657 Dei
1531 1636 1647 1664 namque
1661 1620 1808 1663 sapientia,

167 1670 248 1699 τοῦτο
270 1673 327 1703 τοῖς
353 1671 513 1708 πράγμασιν
528 1671 643 1699 ἑκάστου
668 1672 766 1708 καιροῦ
786 1672 960 1708 παρακολουο

1014 1675 1096 1703 stulto
1112 1675 1149 1702 illi
1170 1683 1203 1702 ac
1224 1675 1321 1703 insano
1342 1675 1454 1703 consilia
1476 1675 1503 1702 in
1520 1675 1686 1703 contrarium
1704 1675 1786 1702 vertit
1799 1693 1807 1707 .

170 1717 280 1751 θοῦντες
296 1719 471 1754 εὑρίσκομεν,
491 1718 540 1754 τὴν
555 1718 662 1745 ἔκθεσιν
675 1718 722 1745 τοῦ
742 1719 893 1752 Μωῡσέως,
912 1719 963 1755 τὴν

1015 1721 1096 1757 idque
1108 1722 1156 1754 ita,
1176 1721 1307 1757 cujusque
1325 1721 1455 1756 temporis
1474 1729 1518 1749 res
1537 1726 1628 1757 gestas
1639 1721 1803 1752 recolentes.

170 1764 273 1799 πράσιν
285 1764 332 1791 τοῦ
352 1765 461 1801 Ἰωσήφ.
483 1765 573 1796 Εὐθὺς
585 1765 614 1792 ἐν
630 1764 700 1801 ἀρχῇ
714 1765 759 1792 τὸν
775 1765 901 1801 δεύτερον
914 1765 962 1792 ἄν-

1014 1767 1113 1796 habere
1141 1768 1314 1801 invenimus;
1346 1772 1434 1803 puta,
1464 1767 1567 1803 Moysis
1596 1766 1809 1802 expositionem,

170 1810 280 1847 ορωπον
308 1810 354 1837 τὸν
393 1810 477 1837 Ἀϐελ
502 1811 659 1845 ἐφόνευσεν,
688 1810 733 1837 ἴνα
760 1810 815 1838 τῶν
843 1810 962 1837 εὐσεϐῶν

1014 1813 1196 1841 venditionem
1210 1813 1332 1849 Josephi.
1350 1813 1449 1841 Statim
1465 1813 1492 1840 in
1509 1812 1641 1847 principio
1657 1812 1807 1840 secundum

171 1854 275 1890 ἐκκόψῃ
292 1854 323 1881 τὸ
334 1854 456 1890 σπέρμα,
474 1856 522 1881 καὶ
533 1855 689 1892 τοῦμπαλιν
708 1855 828 1890 ἐγένετο.
849 1856 963 1883 "Exeo-te

1015 1858 1152 1886 hominem
1176 1858 1288 1885 Abelem
1304 1858 1402 1885 occidit
1413 1877 1422 1889 .
1437 1865 1490 1893 quo
1506 1858 1612 1892 piorum
1635 1857 1809 1885 exscinderet

170 1899 227 1936 γὰρ
237 1900 394 1936 ἀνδροφόνοι
407 1901 549 1936 μισοῦνται
566 1901 700 1938 σφοδρῶς,
715 1900 745 1934 ἐξ
759 1898 790 1929 οῦ
803 1902 873 1929 Κάῖν
888 1901 964 1939 παρὰ

1015 1911 1126 1937 semen;
1142 1910 1220 1931 secus
1235 1908 1325 1931 autem
1349 1903 1450 1931 evenit.
1466 1903 1506 1930 Ab
1525 1910 1558 1930 eo
1580 1903 1651 1930 enim
1673 1906 1805 1938 tempore.

171 1945 219 1972 τοῦ
234 1945 302 1972 Θεοῦ
316 1946 470 1982 κατηράθη.
486 1946 524 1973 Τὸ
540 1946 587 1973 τοῦ
605 1945 736 1982 Χριστοῦ,
750 1947 791 1973 ὅτι
810 1947 964 1982 ἐνήργησεν

1014 1956 1069 1984 quo
1093 1947 1164 1975 Deus
1199 1947 1339 1975 maledixit
1367 1946 1453 1981 Cain,
1479 1948 1552 1983 gravi
1581 1946 1723 1974 homicida:
1748 1948 1810 1973 odio

174 1991 215 2023 εἰς
237 1991 380 2024 Ἰουδαίους
405 1993 418 2018 ὁ
438 1992 577 2025 Σατανᾶς,
595 1992 639 2019 ἵνα
654 1991 849 2028 σταυρώσωσιν
871 1992 963 2020 αὐτόν.

1016 1995 1159 2022 habentur.
1175 1993 1220 2021 Sic
1237 1994 1263 2021 in
1289 1993 1410 2026 Christo,
1431 2001 1511 2029 quem
1532 1993 1647 2021 Satanas
1662 1993 1734 2020 cruci
1751 1992 1810 2020 alli-

172 2038 210 2065 Τό
224 2038 289 2065 αὐτὸ
309 2038 341 2074 δὴ
356 2039 403 2066 καὶ
423 2038 471 2065 ἐπὶ
489 2040 546 2070 τοῖς
562 2038 680 2074 μάρτυσι
698 2039 844 2070 πέπονθεν,
860 2035 898 2065 ὧν
914 2047 964 2066 κα-

1016 2041 1129 2077 gendum
1148 2041 1173 2068 in
1195 2039 1350 2068 Judazorum
1364 2041 1470 2068 animos
1495 2039 1617 2067 immisit.
1639 2039 1697 2067 Hoc
1718 2039 1811 2075 utique

173 2084 338 2120 ταφρονοῦσι
352 2085 444 2112 πολλοὶ
455 2085 585 2117 ύπουδίας
596 2085 688 2117 ἁνείας
701 2085 733 2117 δι,
750 2085 963 2118 ὲξευτελίζοντες

1017 2086 1102 2122 ipsum
1128 2086 1165 2113 illi
1191 2085 1218 2113 in
1244 2085 1408 2121 martyribus
1434 2085 1542 2118 accidit,
1570 2093 1685 2120 quorum
1718 2085 1810 2120 plures

173 2129 264 2157 αὐτῶν
282 2129 313 2157 τὸ
331 2129 452 2166 ἀξίωμα.
479 2130 536 2157 Οὐκ
559 2130 702 2166 ἄνθρωπός
723 2132 812 2164 ἐστιν;
828 2131 879 2158 οὐκ
902 2130 964 2157 ἐδα-

1016 2134 1210 2160 subterraneas
1228 2132 1374 2160 memorias
1400 2136 1549 2167 spernunt,
1565 2139 1658 2159 eorum
1674 2132 1812 2160 elevantcs

173 2176 281 2213 πανήθη
296 2176 326 2203 τὸ
339 2176 438 2212 σῶμα;
454 2177 504 2204 οὐκ
519 2177 548 2203 ἐν
562 2177 664 2212 ὀλίγοις
679 2177 826 2212 λειψάνοις,
841 2177 887 2204 καὶ
903 2177 965 2204 τού-

1017 2188 1049 2207 ac.
1069 2180 1113 2206 vili
1129 2181 1276 2215 pendentes
1291 2179 1461 2214 dignitatem.
1486 2178 1602 2211 Nonne,
1619 2178 1754 2213 inquiunt,
1768 2178 1812 2206 ille

172 2231 230 2255 τοις
251 2223 478 2259 ἐγκεχωσμένοις,
502 2222 620 2259 αὐτῶνή
649 2224 762 2260 μνήμη;
790 2223 917 2251 Μάλιστα
933 2223 992 2275 δὴῙ

992 2226 1100 2274 )Ιιοιιιο
1124 2226 1186 2254 est?
1214 2233 1304 2253 nonne
1325 2232 1425 2260 corpus
1446 2225 1618 2260 absumptum
1638 2224 1701 2252 est?
1724 2231 1812 2252 nonne

172 2268 260 2295 ταῦτα
276 2268 407 2305 Ἕλληνες
432 2269 479 2296 καὶ
494 2269 657 2305 Εὐνομιανοί
679 2278 761 2306 φασιν
771 2278 778 2285 ·
800 2269 922 2306 εἴπωμεν
936 2269 965 2296 δὲ
982 2268 992 2275 ⁸

993 2268 1002 2274 ’
1021 2279 1116 2299 eorum
1131 2272 1262 2300 memoria
1275 2272 1300 2299 in
1316 2271 1439 2306 pauculis
1452 2271 1585 2305 reliquiis,
1600 2270 1688 2305 iisque
1701 2270 1813 2304 sepultis

174 2315 242 2354 πρὸς
257 2315 441 2352 ἀμφοτέρους.

1022 2319 1108 2353 posita
1121 2318 1183 2345 est?
1206 2317 1269 2345 Haec
1283 2317 1361 2352 plane
1375 2316 1490 2352 gentiles
1507 2315 1654 2350 objiciunt,
1669 2323 1702 2343 ac
1723 2315 1813 2343 Euno-

1021 2362 1105 2390 miaui
1119 2370 1127 2396 ;
1148 2369 1197 2389 nos
1212 2368 1277 2389 vero
1291 2361 1325 2388 ad
1338 2366 1467 2395 utrosque
1481 2360 1613 2387 dicamus.

208 2405 313 2441 ’Ἡμεῖς
330 2405 472 2441 μάρτυρας
493 2406 523 2432 οὐ
549 2405 766 2442 προσκυνοῦμεν,
785 2405 855 2432 ἀλλὰ
876 2404 966 2440 τιμῶ-

1057 2407 1112 2436 Nos
1139 2408 1250 2435 minime
1273 2406 1394 2443 gentium
1422 2407 1567 2433 adoramus
1589 2409 1738 2441 martyres,
1766 2405 1813 2433 sed

177 2459 238 2487 μεν,
260 2451 297 2482 ὡς
318 2452 446 2487 γνησίους
472 2453 666 2488 προσκυνητὰς
682 2451 766 2478 θεοῦ·
792 2452 823 2478 οὐ
850 2451 966 2487 σέϐομεν

1022 2459 1150 2490 tanquam
1168 2455 1240 2482 veris
1255 2454 1301 2482 Dei
1315 2453 1506 2481 adoratoribus
1527 2452 1657 2480 habemus
1670 2452 1812 2481 honorem.

175 2495 337 2532 ἀνθρώπους
349 2516 357 2528 ,
376 2496 552 2533 θαυμάζομεν
574 2498 603 2525 δὲ
630 2499 693 2530 τοὺς
710 2498 739 2525 ἐν
760 2497 849 2534 καιρῷ
865 2506 967 2532 πειρα-

1022 2500 1080 2528 Νοιι
1106 2500 1220 2528 colimus
1243 2500 1385 2532 homines;
1416 2499 1462 2526 sed
1499 2505 1546 2526 eos
1568 2498 1747 2530 admiramur,
1767 2499 1813 2533 qui

176 2543 254 2579 σμῶν
262 2541 353 2573 καλῶς
365 2542 545 2575 σεϐασθέντας
560 2543 628 2578 Θεῷ.
642 2543 687 2570 Ἑν
702 2543 800 2580 θήκαις
812 2543 968 2578 φιλοκάλοις

1023 2552 1144 2581 tempore
1168 2546 1387 2581 persecutionum
1423 2545 1450 2572 in
1478 2544 1526 2572 Dei
1556 2543 1685 2579 przeclare
1711 2544 1813 2572 cultum

174 2587 372 2623 ἀποτιθέμεθα,
388 2588 434 2615 καὶ
446 2588 538 2620 οἴκους
555 2589 604 2624 τῆς
617 2582 795 2621 ἀναπαύσεως
813 2589 968 2626 ἐγείρομεν,

1023 2592 1158 2627 absumpti
1173 2595 1246 2619 sunt.
1262 2591 1290 2618 ln
1307 2590 1403 2618 loculis
1418 2597 1450 2617 ac
1471 2589 1602 2624 sepulcris
1620 2589 1733 2622 pulchre
1758 2590 1813 2616 ela-

175 2635 235 2666 ταῖς
260 2636 446 2667 κατασκευαῖς
469 2635 705 2671 μεγαλοπρεπεῖς,
736 2636 779 2663 ἴνα
800 2636 970 2671 ζηλὼσωμεν

1024 2638 1128 2666 boratis
1142 2638 1313 2673 deponimus,
1326 2637 1525 2671 strueturisque
1548 2635 1705 2670 magniﬁcas
1720 2642 1814 2664 eorum

181 2679 225 2711 ιὰς
245 2680 299 2706 τῶν
315 2680 407 2713 καλῶς
427 2680 648 2716 τελευτησάντων
668 2681 752 2716 τιμάς
763 2690 770 2699 ·
784 2682 835 2709 οὐκ
851 2682 970 2718 ἄμισθον

1023 2684 1199 2719 requietionis
1214 2683 1368 2711 excitamus
1386 2683 1479 2710 domos
1492 2703 1500 2716 ,
1517 2687 1544 2710 ιιι
1562 2689 1658 2709 eorum
1678 2681 1723 2716 qui
1748 2690 1816 2717 prte-

178 2724 205 2752 δὲ
221 2726 269 2761 τὴν
285 2727 326 2758 εἰς
341 2726 440 2759 αὐτοὺς
465 2727 583 2763 σπουδὴν
596 2727 805 2762 ἐπιδεικνύμεθα
816 2748 823 2760 ,
842 2728 909 2756 ἀλλὰ
920 2730 970 2765 τῆς

1020 2730 1094 2758 clare
1106 2730 1160 2758 vita
1175 2729 1259 2758 functi
1274 2734 1348 2762 sunt,
1366 2730 1485 2758 honores
1497 2729 1666 2757 mmulemur.
1684 2728 1739 2764 Nec
1751 2736 1815 2756 varo

181 2772 346 2808 προστασίας
382 2773 473 2800 αὐτῶν
497 2773 546 2809 τῆς
585 2772 653 2809 προς
687 2773 752 2800 Θεὸν
783 2774 970 2811 ἀπολαύομεν.

1020 2777 1145 2806 met-cede
1166 2784 1281 2805 vacuum
1306 2776 1334 2805 in
1360 2783 1408 2806 eos
1429 2775 1592 2805 exhibemus
1615 2775 1745 2810 studium,
1768 2775 1816 2803 sed

219 2884 239 2899 “
257 2884 408 2916 ὐπουδαὶας
427 2885 531 2918 μνεία;.
