2076 3155
259 175 312 204 5‘23

896 169 926 197 S.
946 169 1083 197 ASTERII
1104 169 1255 196 AMASENI

1834 167 1886 195 ω

259 241 351 261 eorum
375 231 445 267 apud
472 231 557 258 Deum
576 229 727 265 patrocinio
745 228 869 256 fruimur.
886 229 955 262 Quia
973 236 1046 255 enim

1107 228 1215 264 Ἐπειδὴ
1229 228 1283 264 γὰρ
1305 228 1355 254 οὐκ
1371 228 1452 263 ἀρκεῖ
1474 227 1491 262 ἡ
1509 225 1631 261 ἡμετέρα
1645 224 1712 261 εὐχὴ
1725 223 1888 260 δυσωπῆσαι

260 287 314 306 non
329 278 534 306 valent-nostrae
550 282 644 310 preces
666 275 750 302 Deum
774 274 910 302 inﬂectere
922 294 929 307 ,
948 282 980 301 ac
997 274 1048 300 im-

261 331 368 359 petrare
390 323 559 351 necessitatis
579 326 715 356 tempore,
736 328 768 348 ac
796 321 910 347 molesta
936 319 1048 347 calami-

260 378 335 398 tate:
352 370 450 405 quippe
463 377 523 396 eum
538 373 628 395 nostra
644 367 731 395 oratio
747 375 800 394 non
827 366 978 393 obsecratio
1003 366 1046 397 sit,

260 419 306 444 st-d
319 417 474 444 delictorum
488 414 711 442 commemoratio
720 433 727 446 ,
742 413 844 440 idcirco
857 413 889 439 ad
903 419 1050 439 conservos

260 462 429 497 confugimus
457 461 571 488 Domino
601 460 795 493 charissimos,
821 463 848 484 ut
875 465 923 493 pro
950 457 1050 492 quibus

260 508 367 543 egregie
388 515 420 534 ac
441 515 474 535 ex
499 507 599 534 virtute
615 510 742 541 egerunt,
766 505 867 532 nostris
891 504 928 531 illi
946 503 1050 531 delictis

218 575 221 578 .
261 553 430 580 medeantur.
454 552 594 585 Quodnam
615 559 680 585 ergo
703 551 774 578 istud
795 550 907 581 crimen,
926 554 955 576 ut
977 556 1049 576 mar-

263 599 364 633 tyribus
377 598 507 625 honorem
523 597 663 628 habentes,
682 596 730 631 ipsi
746 603 854 630 quoque
870 595 977 630 placere
995 594 1049 621 Deo

261 643 436 672 Studeamus?
449 643 521 678 quod
532 662 540 674 ,
565 644 685 677 inquam,
702 642 816 672 crimen.
834 645 862 668 ut
877 641 910 667 ad
922 645 1052 676 patronos

261 688 469 724 confugiamus?
485 688 538 716 Sed
548 693 576 715 et
592 693 635 714 tua
648 688 775 723 deinceps
786 687 970 722 quuiramus,
987 694 1051 713 num

262 736 307 770 qui
320 743 441 766 accusas,
460 735 517 768 ipse
530 734 568 761 sis
587 735 621 761 ab
634 734 707 760 omni
723 734 838 760 mundus
851 733 976 760 crimine.
992 732 1050 765 Qua

263 782 288 809 id
303 789 366 809 vero
377 782 484 808 ratione
494 800 502 813 ,
517 788 579 808 cum
598 785 742 808 sexcentos
761 785 881 806 mortuos
907 779 1030 806 homines
1041 799 1050 809 .

262 835 315 855 non
328 828 430 854 honore
444 826 629 861 prosequaris,
646 826 693 853 sed
709 829 734 851 ul
752 826 816 852 deos
830 825 946 852 adores?

300 872 396 899 Nonne
422 876 452 899 tu
480 871 606 899 Cererem
632 878 664 898 ac
692 870 904 904 Proserpinam,
932 878 981 905 pro
1008 874 1052 896 tua

265 920 396 950 amentia,
415 919 528 945 deorutn
546 919 649 945 honore
662 917 772 949 auxisti,
789 917 894 951 duoque
912 916 1053 943 muliebria

263 964 361 998 templa
389 963 560 994 exstruxisti.
588 970 620 990 ac
646 963 764 990 honoras
787 962 904 989 victimis
929 963 1053 993 feminas,

262 1010 392 1043 varioque
415 1008 490 1035 omni
517 1008 605 1035 cultus
629 1015 731 1042 genere
755 1007 877 1035 adoras?
896 1007 990 1034 Nonne
1003 1012 1054 1034 tuze

263 1054 401 1088 religionis
415 1054 488 1081 velut
503 1059 583 1088 caput
597 1061 628 1080 ac
645 1061 762 1086 summa,
779 1053 907 1088 mysteria
932 1058 996 1080 sunt.
1010 1053 1053 1080 illa

262 1099 410 1130 Eleusinia,
438 1107 468 1126 ac
486 1099 600 1134 populus
621 1099 727 1132 Atticae,
751 1098 896 1133 llellasque
915 1099 1052 1131 universa,

263 1145 433 1172 celebrandae
448 1152 529 1171 causa
545 1144 672 1171 vanitatis
688 1144 790 1178 pariter
805 1144 963 1171 concurrit?
980 1145 1053 1172 Non-

264 1199 297 1218 ne
314 1191 368 1218 illic
381 1191 514 1218 obscurus
529 1190 573 1217 ille
589 1190 745 1222 descensus,
763 1197 796 1216 ac
811 1190 922 1216 honesta
945 1190 987 1217 illa
1011 1198 1054 1217 sa-

264 1238 382 1265 cerdotis
405 1244 438 1264 ac
451 1237 532 1269 Vatis,
557 1244 617 1263 cum
641 1236 741 1263 femina
756 1236 895 1263 sacerdote
909 1236 1052 1271 colloquia,

263 1284 347 1311 solius
367 1291 428 1310 curn
440 1283 495 1310 sola
508 1283 519 1309 ?
534 1281 627 1310 Nonne
642 1281 854 1317 exstinguuntur
868 1282 952 1315 faces,
969 1283 1054 1318 pluri-

264 1337 380 1364 muSque
405 1337 438 1356 ac
463 1328 670 1356 innumerabilis
697 1328 821 1363 populus,
839 1336 916 1356 suam
934 1329 1053 1364 ipsorum

265 1377 382 1404 salutent
398 1375 578 1407 arbitrantur,
595 1381 654 1408 qua:
676 1374 715 1401 sic
734 1374 762 1401 in
784 1374 903 1402 tenebris
916 1375 949 1401 ab
963 1375 1056 1402 ainbo—

264 1423 314 1450 bus
329 1420 416 1447 fiunt?
433 1419 528 1447 Nonne
544 1425 571 1446 tu
587 1419 745 1454 Dionysium
758 1419 914 1447 Thebanum
929 1425 958 1447 ut
975 1420 1054 1447 deum

264 1467 361 1494 adoras
383 1466 493 1501 (etenim
511 1466 626 1500 patriam
644 1466 714 1496 dico,
744 1472 798 1500 qtto
815 1466 950 1492 hominem
971 1474 1054 1493 nove—

264 1513 324 1538 ris.
341 1519 439 1546 rn-mpe
463 1512 605 1538 vinitorem
631 1512 738 1542 virum,
771 1518 803 1538 ac
831 1511 893 1538 vino
918 1512 1054 1545 deditum,

266 1557 400 1583 ebriosum
435 1562 674 1588 comessatorem,
705 1556 750 1589 qui
778 1556 905 1591 populum
942 1558 1056 1591 turpiter

270 1603 455 1629 lascivientem
481 1602 588 1636 agmine
611 1602 742 1633 traheret,
770 1608 800 1628 ea
826 1601 970 1629 facientem
997 1610 1056 1637 qua:

269 1648 424 1675 luxuriosos
437 1655 571 1682 ganeones
584 1652 687 1678 notent,
701 1647 797 1681 pocula
807 1653 878 1674 ‘vero
896 1648 1055 1675 miscentem

272 1703 333 1721 rum
356 1694 449 1721 Sileno
473 1701 547 1727 sene,
565 1701 596 1721 ac
609 1701 670 1721 curn
689 1694 795 1729 Satyris
815 1694 841 1721 in
858 1683 972 1729 tripudia
991 1694 1056 1721 (-qu-

266 1739 326 1774 sis),
341 1739 428 1773 epulis
450 1746 482 1766 ac
505 1746 580 1766 mero
605 1738 785 1773 indulgentem
800 1749 806 1766 :
821 1739 907 1766 virum
930 1740 1056 1775 denique,

267 1785 320 1811 vini
336 1793 368 1811 ac
383 1784 498 1819 crapulae
519 1785 618 1812 mundo
639 1784 775 1811 fabulam?
792 1784 884 1812 Nonne
899 1789 926 1811 tu
942 1784 1049 1812 Herculi

265 1830 405 1858 exsistenti
428 1831 496 1863 viro,
519 1835 646 1866 tanquam
677 1830 744 1858 deus
763 1835 846 1864 esset,
870 1831 994 1858 victimas
1014 1832 1056 1858 of-

267 1878 333 1911 fers,
357 1879 469 1905 robusto
491 1878 603 1910 homini,
634 1882 783 1913 potensque
806 1885 839 1905 ac
863 1877 933 1905 forte
958 1879 1056 1913 adepto

267 1932 386 1959 coeptis;
409 1925 561 1958 adorasque
579 1924 650 1958 quod
670 1924 768 1959 saepius
783 1928 892 1951 strenue
910 1924 1006 1959 egerit,
1024 1932 1055 1951 ac

267 1970 385 1998 ferarum
404 1971 536 1998 cdomitor
553 1969 649 1997 fuerit?
663 1969 733 2003 Quid
753 1977 817 1997 vero
842 1978 936 1998 rursus
956 1970 1056 1998 Αἰδου-

266 2015 367 2050 lapium
393 2015 480 2047 illum,
506 2022 630 2049 magnam
660 2015 734 2042 orbis
758 2020 861 2050 partem
879 2016 904 2042 in
922 2015 1005 2042 ferula
1023 2024 1054 2043 ac

270 2062 357 2088 ferrea
376 2060 467 2095 pixide
488 2065 624 2094 vagatum,
653 2067 743 2087 nonne
766 2060 832 2087 colis
848 2068 879 2087 ac
894 2061 1057 2088 admiraris?

270 2107 326 2135 Nec
339 2115 414 2139 sane,
433 2108 484 2134 hoc
498 2112 524 2134 te
541 2108 640 2138 facere,
659 2107 766 2134 inficias
783 2108 857 2135 ieris.
874 2108 977 2143 Quippe
990 2109 1057 2136 orbe

269 2158 326 2180 toto
341 2152 478 2179 exstantia
494 2152 603 2186 templa,
632 2151 797 2188 Esculapio,
813 2153 934 2188 inquam.
948 2153 1056 2182 llereuli

271 2206 303 2225 ac
327 2198 454 2233 Dionysio
477 2205 566 2230 sacra,
585 2203 636 2224 tuae
659 2198 728 2226 illius
751 2199 878 2227 vanitatis
898 2206 1055 2235 argumenta

1099 274 1164 300 Θεὺν
1181 275 1210 300 ὲν
1226 273 1314 308 καιρῷ
1329 273 1451 308 ἀνάγκης
1465 272 1512 299 καὶ
1527 271 1670 307 συμφορᾶς
1698 271 1732 306 (ἠ
1756 269 1812 305 γὰρ
1826 269 1889 305 δέη-

1101 329 1143 352 σις
1153 321 1231 356 ἡμῶν
1266 321 1296 347 οὐ
1315 319 1487 356 παράκλησίς
1508 320 1591 349 ἐστιν,
1603 317 1669 345 ἀλλὰ
1683 317 1888 352 ἁμαρτημάτων

1101 365 1269 401 ὑπόμνησις)
1283 385 1290 398 ,
1309 365 1353 392 διὰ
1370 364 1449 391 τοῦτο
1461 366 1517 396 τοῖς
1534 363 1727 398 ἀγαπωμένοις
1744 363 1820 398 παρὰ
1839 361 1887 390 τοῦ

1100 411 1235 437 Δεσπότου
1247 410 1401 446 ὁμοδούλοις
1411 410 1630 445 προσφεύγομεν,
1640 404 1683 434 ἵνα
1691 408 1788 434 ὲκεῖνοι
1795 409 1823 434 ὲν
1833 409 1890 439 τοῖς

1102 457 1177 489 ἰδίοις
1201 456 1395 492 κατορθώμασι
1409 456 1443 482 τὰ
1457 455 1579 491 ἡμέτερα
1593 453 1783 490 θεραπεύσουσι
1799 453 1891 488 πλημσ

1103 503 1169 538 μελή
1176 511 1255 537 ματα.
1266 503 1344 529 Ποῖον
1355 500 1402 528 οὖν
1413 502 1538 536 ἔγκλημα
1543 521 1550 532 ,
1558 501 1598 527 ὅτι
1607 500 1740 536 τιμῶντες
1750 499 1837 535 μάρτυ
1842 507 1891 535 ρας

1101 548 1148 574 καὶ
1162 548 1238 574 αὐτοὶ
1251 548 1436 583 σπουδάζομεν
1449 547 1578 582 ἀρέσκειν
1591 545 1650 580 Θεῷ
1662 554 1669 578 ;
1681 545 1721 577 τίς
1736 543 1890 581 κατηγορία

1101 593 1267 629 προστάταις
1284 593 1481 629 προσφεύγειν;
1499 591 1685 626 Ἐξετάσωμεν
1699 591 1791 617 λοιπὸν
1800 590 1847 616 καὶ
1855 590 1891 617 τὰ

1103 639 1147 670 σὰ,
1166 640 1189 666 εἰ
1204 639 1251 666 τοῦ
1264 639 1438 675 ἐγκλήματος
1456 640 1470 665 ὀ
1482 639 1635 674 κατήγορος
1649 636 1822 672 καθαρεύεις.
1836 636 1892 663 Καὶ

1102 685 1171 718 πῶς,
1187 686 1216 717 ὃς
1228 694 1259 720 γε
1278 686 1392 721 μυρίους
1404 685 1458 712 τῶν
1470 683 1623 712 τεθνεώτων
1637 682 1788 717 ἀνθρώπων
1807 682 1837 708 οὑ
1848 691 1892 709 τι-

1102 731 1167 766 μᾷς,
1183 730 1240 757 ἀλλ’
1253 731 1290 763 ὡς
1303 730 1380 762 θεοὺς
1395 730 1571 765 προσκυνεῖς;

1138 866 1176 892 Οὐ
1195 865 1226 892 σὺ
1243 864 1389 900 Δήμητραν
1410 862 1456 889 καὶ
1472 861 1565 898 Κόρην
1581 861 1633 888 ὑπὸ
1647 861 1697 896 τῆς
1716 860 1809 891 ἀνοίας
1826 867 1893 886 σαυ-

1104 909 1306 942 τοῦξὲθέωσας·
1331 909 1431 945 ὲδείμω
1455 909 1483 935 δὲ
1510 908 1556 935 δύο
1580 907 1706 942 γυναίους
1729 906 1818 938 ναοὺς,
1845 904 1894 932 καὶ

1104 957 1210 989 θυσίαις
1237 955 1338 987 ταύτας
1363 955 1463 990 τιμᾷς,
1492 953 1538 980 καὶ
1564 952 1704 983 παντοίαις
1732 950 1895 986 προσκυνεῖς

1104 1002 1265 1038 θεραπείαις
1278 1009 1285 1034 ;
1304 1000 1340 1027 Οὐ
1362 998 1509 1034 κεφάλαιον
1528 998 1577 1033 τῆς
1593 996 1643 1032 σῆς
1658 995 1805 1032 θρησκείας
1817 993 1851 1038 ait
1865 994 1895 1038 εν

1110 1047 1241 1074 Ἐλευσῖνι
1255 1045 1402 1081 μυστήρια,
1414 1043 1460 1069 καὶ
1471 1042 1556 1077 δῆμος
1569 1039 1700 1072 Ἀττικὸς,
1710 1039 1756 1065 καὶ
1767 1039 1783 1074 ἡ
1800 1037 1896 1068 Ἑλλὰς

1104 1094 1179 1120 πᾶσα
1196 1092 1330 1127 συναίρει,
1349 1091 1392 1117 ῖνα
1409 1089 1506 1125 τελέσῃ
1522 1087 1707 1123 ματαιότητας
1723 1085 1781 1112 Οὐκ
1796 1084 1854 1110 ἐκεῖ
1865 1082 1897 1109 τὸ

1104 1139 1269 1167 καταϐάσιον
1285 1137 1315 1164 τὸ
1334 1136 1479 1166 σκοτεινὸν,
1496 1134 1543 1161 καὶ
1555 1134 1582 1160 αι
1600 1131 1696 1167 σεμναὶ
1711 1130 1758 1157 τοῦ
1772 1129 1897 1165 ἱεροφάν-

1103 1195 1150 1212 του
1169 1185 1237 1220 πρὸς
1249 1184 1298 1219 τὴν
1315 1183 1416 1218 ἱέρειαν
1440 1180 1591 1215 συντυχίαι,
1611 1178 1692 1214 μόνου
1709 1177 1776 1213 πρὸς
1795 1176 1895 1211 μόνην;

1105 1232 1159 1266 Οὐχ
1177 1232 1205 1257 αἱ
1227 1229 1367 1265 λαμπάδες
1385 1227 1556 1259 σϐέννυνται,
1573 1225 1620 1252 καὶ
1637 1226 1651 1251 ό
1666 1223 1748 1255 πολὺς
1763 1223 1811 1249 καὶ
1847 1223 1897 1248 ἁν-

1104 1277 1253 1314 αρίθμητος
1261 1276 1346 1311 δῆμος
1368 1274 1418 1310 τὴν
1428 1273 1563 1308 σωτηρίαν
1577 1270 1666 1298 αὐτῶν
1680 1268 1747 1296 εἶναι
1758 1267 1898 1304 νομίζουσι

1105 1323 1139 1350 τὰ
1152 1325 1180 1350 ὲν
1193 1322 1232 1358 τῷ
1248 1322 1336 1357 σκότῳ
1354 1319 1429 1356 παρὰ
1449 1319 1502 1345 τῶν
1515 1318 1561 1344 δύο
1574 1316 1764 1353 πραττόμενας
1781 1315 1816 1341 Οὐ
1835 1314 1866 1340 σὺ
1883 1313 1898 1339 ὁ

1104 1370 1150 1396 τὸν
1177 1368 1293 1404 Θηϐαῖον
1317 1366 1443 1393 Διόνυσον
1474 1365 1511 1396 ὡς
1536 1364 1596 1390 θεὸν
1624 1360 1784 1397 προσκυνῶν
1810 1359 1899 1396 (λέγω

1105 1416 1159 1452 γὰρ
1174 1415 1223 1451 τὴν
1236 1414 1363 1450 πατρίδα,
1373 1413 1416 1439 ἵνα
1426 1411 1561 1447 γνωρίσῃς
1577 1410 1622 1437 τὸν
1638 1407 1802 1444 ἄνθρωπον),
1815 1406 1899 1442 ἄνδρα

1105 1461 1227 1498 γεωργὸν
1250 1460 1380 1496 ἀμπέλων
1403 1459 1450 1485 καὶ
1474 1457 1609 1491 φίλοινον,
1627 1454 1776 1491 κωμαστὴν
1800 1452 1899 1498 πάροι-

1107 1515 1162 1538 νον,
1192 1506 1276 1541 δῆμον
1301 1503 1498 1539 ἐπισυρόμενον
1523 1499 1729 1537 ἀσχημονοῦντα
1752 1499 1786 1534 τῇ
1813 1497 1899 1533 μέθῃ,

1109 1554 1200 1579 ἐκεῖνα
1220 1550 1359 1582 ποιοῦντα,
1382 1549 1400 1575 ἃ
1421 1549 1484 1580 τοὺς
1504 1547 1628 1578 ἀσώτους
1650 1545 1803 1581 στηλιτεύει
1834 1544 1900 1570 ἀκο-

1111 1597 1313 1627 λασταίνοντας,
1341 1594 1474 1630 μεθύοντα
1494 1594 1521 1619 δὲ
1551 1592 1620 1629 μετὰ
1634 1591 1680 1619 τοῦ
1703 1591 1830 1627 γέροντος
1852 1588 1899 1615 τοῦ

1112 1642 1235 1678 Σιληνοῦ,
1255 1642 1301 1668 καὶ
1320 1642 1376 1672 τοῖς
1397 1639 1620 1675 φιλοσκιρτηταίς
1638 1636 1769 1672 Σατύροις
1784 1634 1901 1661 συνδιαι-

1111 1690 1242 1725 τώμενον,
1260 1689 1307 1715 καὶ
1327 1687 1446 1722 ἱστορίαν
1467 1685 1551 1721 μέθης
1567 1684 1632 1711 ὅντα
1646 1683 1684 1718 τῷ
1697 1682 1764 1718 βίῳ;
1782 1681 1819 1708 Οὐ
1834 1681 1867 1707 σὺ
1886 1681 1901 1707 6

1111 1736 1150 1771 τῷ
1167 1735 1244 1771 ἀνδρὶ
1265 1733 1405 1769 Ἠρακλεῖ,
1422 1732 1459 1764 ὡς
1483 1731 1551 1767 θεῷ,
1566 1730 1615 1762 τὰς
1632 1729 1727 1760 θυσίας
1744 1727 1901 1764 προσάγων,

1112 1780 1248 1817 ἀνθρώπῳ
1266 1779 1424 1816 ρωμαλαίῳ,
1444 1777 1524 1812 σῶμα
1537 1776 1644 1814 λαχόντι
1661 1775 1772 1802 δυνατὸν
1788 1774 1836 1801 καὶ
1852 1773 1902 1800 ἁν-

1111 1828 1209 1864 δρείον,
1222 1827 1268 1853 καὶ
1280 1825 1369 1857 σέϐεις
1381 1826 1495 1858 ὲκεϊνον,
1509 1823 1602 1859 ἐπειδὴ
1617 1823 1646 1849 ὲν
1657 1822 1765 1853 πολλοῖς
1778 1820 1905 1857 ἠρίστευ-

1112 1882 1167 1905 σεν,
1180 1873 1225 1900 καὶ
1236 1872 1337 1908 Θηρίων
1347 1871 1534 1907 περιεγένετο;
1546 1870 1578 1896 Τί
1591 1869 1619 1897 δὲ
1632 1869 1712 1895 πάλιν
1724 1868 1769 1894 τὸν
1788 1866 1903 1901 Ἀσκλη-

1112 1921 1172 1948 πιὸν
1192 1921 1238 1947 τὸν
1256 1921 1284 1946 ἐν
1300 1919 1338 1954 τῷ
1363 1917 1478 1953 νάρθηκι
1500 1916 1585 1943 πολλὰ
1607 1915 1655 1942 καὶ
1676 1916 1709 1950 τῇ
1737 1913 1903 1949 σιδηροθήκῃ

1112 1965 1353 2001 περινοστήσαντα,
1373 1962 1402 1989 οὐ
1419 1962 1508 1992 σέϐεις
1521 1960 1567 1987 καὶ
1582 1959 1719 1995 τέθηπας;
1735 1958 1790 1984 Καὶ
1805 1956 1855 1983 οὐκ
1868 1955 1902 1982 ἃν

1111 2011 1268 2048 ἀρνηθείης,
1281 2010 1319 2042 ὡς
1334 2010 1364 2036 οὺ
1379 2009 1459 2035 τοῦτο
1472 2008 1568 2039 ποιεῖς.
1584 2007 1616 2033 οι
1632 2005 1686 2041 γὰρ
1701 2002 1838 2039 πανταχοῦ
1853 2003 1903 2037 τῆς

1111 2058 1272 2094 οἰκουμένης
1285 2056 1355 2088 ναοὶ,
1371 2055 1405 2082 τὰ
1419 2054 1596 2089 Ἀσκληπιεῖα
1611 2052 1692 2086 λέγω,
1708 2050 1755 2077 καὶ
1769 2049 1803 2076 τὰ
1819 2048 1903 2083 Ἡρά-

1112 2107 1199 2139 κλεια,
1221 2104 1268 2131 καὶ
1282 2103 1316 2130 τὰ
1334 2101 1460 2129 Διονύσια
1474 2100 1578 2135 ἔλεγχοι
1593 2099 1701 2125 ἑστᾶσιν
1715 2096 1764 2130 τῆς
1781 2094 1830 2130 σῆς
1850 2101 1902 2128 μα-

1111 2152 1268 2187 ταιότητος·
1287 2151 1334 2177 καὶ
1357 2148 1442 2180 οὕτως
1467 2146 1522 2181 ἐγὼ
1548 2146 1596 2181 μὲν
1610 2144 1699 2175 ὰθῶος
1717 2140 1902 2174 ἀπελεύσομαι

1111 2200 1157 2227 τοῦ
1180 2199 1351 2235 ἐγκλήματος
1364 2197 1404 2232 (οὗ
1426 2196 1481 2231 γὰρ
1506 2193 1650 2230 προσκυνῶ
1672 2191 1822 2227 μάρτυρας,
1842 2187 1903 2235 ουδὲ

271 2244 417 2276 exsistunt,
446 2244 538 2279 sicque
561 2251 611 2279 ego
630 2245 735 2279 quidem
757 2252 772 2272 a
798 2245 911 2273 crimine
932 2233 1006 2274 iiber
1025 2256 1053 2275 ac

1111 2246 1214 2281 νομίζω
1225 2233 1322 2279 θεουςγ
1336 2244 1368 2270 σὺ
1380 2242 1408 2269 δὲ
1425 2242 1549 2275 πέφηνας
1562 2240 1719 2275 ἐνεχόμενος
1733 2237 1788 2267 τοῖς
1803 2233 1904 2287 exuta-ﬁ.-

269 2291 409 2318 absolutus
430 2290 510 2317 abillo
535 2291 600 2326 (non
625 2292 697 2318 enim
725 2291 808 2318 adoro
833 2297 981 2328 martyres,
1010 2301 1053 2320 ncr

1114 2279 1208 2327 μασιν,
1231 2291 1277 2318 καὶ
1296 2289 1383 2317 ταῦτα
1400 2287 1559 2323 κατηγορῶν
1575 2285 1690 2322 ἐτέρων·
1708 2281 1843 2328 ὦσπερῗοί
1858 2279 1904 2306 διὰ

269 2337 335 2364 deos
353 2337 479 2371 reputo);
502 2339 528 2363 te
546 2343 610 2363 vero
628 2336 712 2370 liquet
730 2336 814 2363 teneri
831 2337 1002 2370 criminibus,
1016 2338 1057 2365 id-

269 2390 322 2417 que
342 2389 404 2409 cum
426 2389 520 2409 eorum
538 2381 607 2409 alios
623 2389 682 2409 reos
698 2388 771 2416 agas,
790 2381 816 2407 in
832 2387 925 2408 eorum
942 2389 1057 2414 morem,

268 2429 326 2464 qui,
340 2428 409 2456 mala
424 2433 520 2464 agente
531 2428 706 2460 conscientia,
721 2428 824 2462 priores
836 2427 885 2463 ipsi
896 2428 1019 2456 innoxios
1030 2429 1056 2456 in

1112 2338 1196 2365 κακὸν
1219 2336 1339 2369 συνειδὸς
1359 2332 1630 2372 προκατηγοροῦντες
1656 2329 1709 2357 τῶν
1737 2326 1901 2355 ἀνευθύνων.

1118 2383 1291 2420 Ἀνθρώπους
1306 2383 1371 2418 γὰρ,
1394 2382 1423 2408 οὐ
1442 2381 1519 2412 θεοὺς
1544 2375 1704 2414 προσκυνῶν
1724 2371 1900 2404 ἀποδέδειξαι.

1112 2429 1205 2456 Ταῦτα
1220 2429 1288 2466 πρὸς
1303 2429 1348 2455 τὸν
1364 2427 1470 2455 ὲθνικδν
1486 2427 1517 2452 ἐκ
1535 2423 1639 2452 πολλῶν
1654 2423 1742 2457 ὀλίγα.

268 2474 370 2502 crimen
391 2477 499 2501 vocant.
522 2472 627 2508 Quippe
642 2473 785 2508 probatum
809 2476 861 2504 est,
888 2472 1012 2500 homines
1048 2478 1073 2500 te
1091 2475 1215 2508 adorare,
1253 2482 1305 2501 non
1325 2474 1399 2501 deos.
1425 2472 1514 2499 Pauca
1539 2472 1595 2498 hzec
1617 2477 1633 2496 e
1655 2468 1746 2496 multis
1771 2466 1902 2493 adversus

270 2522 406 2557 gentilem.

305 2567 385 2595 Nova:
409 2572 499 2595 autem
526 2567 652 2596 factionis
677 2567 776 2600 Judaei,
805 2568 869 2602 quid
896 2568 996 2596 mirmn
1027 2573 1056 2596 ut

269 2620 403 2650 manyres
425 2615 604 2646 inltonoretis,
630 2615 675 2650 qni
698 2615 835 2642 Christum
859 2617 988 2651 spernitis
1010 2625 1058 2644 ve—

268 2661 386 2695 strisque
403 2661 524 2695 ipsorum
539 2662 711 2689 sermonibus
727 2662 760 2688 ab
774 2662 930 2697 aequalitate
945 2668 1057 2697 paterna

268 2708 411 2742 separatis,
439 2708 539 2743 quique
561 2708 631 2740 loca,
655 2709 755 2742 quibus
778 2709 962 2742 requieverint
981 2717 1058 2736 saera

269 2759 406 2786 corpora,
440 2754 512 2779 velut
539 2753 652 2787 profana
685 2760 717 2779 ac
752 2753 889 2780 immunda
917 2753 1059 2780 caveatis?

271 2798 427 2831 Enimvero,
452 2799 496 2833 qtti
520 2807 571 2826 non
595 2799 721 2833 cogitatis
741 2799 817 2834 quod
835 2806 924 2833 operae
940 2799 1056 2834 preliunt

270 2849 312 2871 est
342 2845 433 2873 tintete
445 2844 590 2872 Christiani
614 2844 837 2879 appellationem,
852 2845 898 2879 qui
913 2851 974 2872 cum
991 2852 1056 2879 gen-

272 2891 362 2919 tilibus
384 2896 515 2927 martyres
536 2891 597 2919 odio
620 2890 752 2917 habeatis.
778 2890 817 2916 An
846 2890 957 2918 nescitis
979 2891 1057 2918 Chri-

1147 2569 1178 2596 Ul
1192 2567 1221 2596 δὲ
1235 2569 1286 2604 τῆς
1301 2568 1365 2600 νέας
1382 2567 1502 2599 στάσεως
1522 2566 1653 2597 Ἰουδαῖοι,
1668 2564 1695 2591 τί
1709 2561 1864 2599 θαυμαστὸν
1876 2560 1901 2587 εἰ

1113 2615 1254 2651 μάρτυρας
1274 2613 1433 2650 ἀτιμάζετε,
1449 2612 1566 2649 Χριστὸν
1590 2610 1762 2642 ἀθετοῦντες,
1785 2608 1831 2636 καὶ
1852 2607 1903 2643 τῆς

1112 2661 1270 2696 ὁμοιότητος
1282 2661 1331 2696 τῆς
1346 2660 1414 2695 πρὸς
1429 2660 1474 2686 τὸν
1488 2659 1600 2694 Πατέρα
1614 2658 1643 2684 ὲν
1654 2658 1710 2688 τοῖς
1727 2657 1802 2687 ἰδίοις
1813 2653 1903 2688 λόγοις

1112 2706 1285 2742 χωρίζοντες,
1299 2705 1495 2740 φυλαττόμενοι
1521 2703 1549 2730 δὲ
1562 2703 1626 2735 τοὺς
1640 2702 1750 2734 τόπους,
1765 2700 1802 2733 ὡς
1820 2699 1902 2735 βεὸή-

1112 2752 1184 2784 λους,
1202 2753 1230 2778 ὲν
1242 2748 1282 2782 οἷς
1297 2750 1410 2786 σώματα
1426 2750 1493 2784 ἅγια
1510 2748 1719 2780 ἁναπέπαυταις
1737 2746 1807 2774 Ἀλλ’
1824 2745 1849 2773 οἴ
1865 2744 1903 2781 μὴ

1113 2798 1153 2829 εἰς
1169 2797 1272 2824 ἔννοιαν
1285 2797 1375 2824 ἔλθετε
1389 2796 1436 2823 τοῦ
1454 2795 1608 2832 γινομένου,
1622 2793 1759 2830 φοϐήθητε
1774 2793 1795 2819 Χ
1800 2801 1904 2829 ριστια-

1110 2843 1150 2869 vol.
1166 2843 1317 2878 λεγόμενοι,
1343 2843 1411 2879 μετά
1430 2843 1459 2870 δὲ
1483 2842 1617 2878 Ἑλλήνων
1637 2840 1779 2877 μισοῦντες
1800 2839 1903 2875 μάρτυ-

1111 2899 1171 2926 ρας.
1200 2891 1257 2917 Οὐκ
1284 2891 1350 2922 ἴστε,
1378 2890 1416 2923 ὡς
1443 2890 1616 2926 ἀρχιμάρτυς
1644 2887 1772 2925 Χριστὸς,
1797 2885 1903 2922 πρῶτος
