2076 3155
206 165 263 193 5'25

206 224 311 256 παθὼν,
334 224 382 251 καὶ
395 225 453 256 τοῖς
469 223 575 256 δούλοις
590 224 635 251 τὸν
652 224 732 260 ζῆλον
749 225 847 260 eosic;
862 222 929 252 Εἶτα
945 225 1004 260 μετ’
1019 227 1043 256 Α

208 271 308 298 ἐκεῖνον
323 269 470 305 Στέφανος,
489 270 504 296 ό
524 269 694 306 φερωνύμως
715 270 766 306 τῆς
780 270 852 298 κατὰ
874 271 941 299 Θεὸν
957 264 1016 297 εὐ(

205 317 293 350 δοξίας
308 318 480 353 ἀγωνιστής·
497 317 597 348 πάντες
610 316 636 342 oi
653 316 715 351 ἑξῆς
731 317 852 353 μαθηταὶ
868 317 916 344 καὶ
934 317 1004 344 ἀπό-

206 363 305 390 στολοι.
321 363 378 390 Καὶ
399 362 558 398 ἐπίσκεψαι,
576 362 620 389 διὰ
639 363 703 398 μιᾶς
720 362 826 399 ὕϐρεως
844 364 923 396 ὅσους
943 364 1004 391 ἀτι-

205 409 321 455 μάζϋς·
348 409 476 444 Ἰωάννην
492 409 537 436 τὸν
558 409 724 445 Βαπτιστὴν,
755 409 881 437 Ἰάκωὸον
896 410 942 437 τὸν
961 410 1004 437 λε-

206 455 322 490 γόμενον
342 455 455 489 ἀδελφὸν
475 455 522 482 τοῦ
544 455 659 491 Κυρίου,
680 455 793 492 Πέτρον,
808 456 925 488 Παῦλον.
943 456 1002 483 Θω-

208 503 262 537 μᾶν
273 501 395 537 (τούτους
405 501 443 533 ὡς
454 501 610 537 προστάτας
620 501 746 537 ὀνομάζω
760 502 814 528 τῶν
830 502 1000 538 μαρτύρων)·

207 548 303 575 ἔπειτα
324 548 353 575 τὸ
372 548 486 584 ἄπειρον
510 548 611 584 πλῆθος
633 547 688 574 τῶν
715 548 906 576 ἀποθανόντων
930 548 1002 584 ὑπὲρ

207 595 257 631 τῆς
273 595 354 630 ζωῆς.
373 595 418 629 Μὴ
443 594 541 630 μικρὸν
558 603 598 621 σοι
614 594 721 627 τούτοις
745 595 943 631 προσκρούειν;
963 595 1000 630 μὴ

207 640 297 674 ὀλίγος
318 640 367 674 τῆς
387 639 488 674 ἔχθρας
506 640 520 665 ό
533 639 673 673 κίνδυνοςς
694 638 802 666 Τούτων
819 639 934 671 ἕκαστος
956 639 1003 666 τδν

207 685 327 713 διάϐολον
345 685 415 720 μετά
430 685 481 720 τῆς
498 685 634 722 φρατρίας
650 684 703 712 τῶν
717 685 853 720 δαιμόνων
866 685 1001 720 ἐνίκησεν,

206 732 333 766 ἀγγέλοις
348 732 377 759 δὲ
394 732 544 768 ἐνεγράφη,
571 733 618 759 καὶ
645 734 768 768 τηρεῖται
798 732 836 764 ὼς
862 732 1003 768 εὐδόκιμος

205 777 324 813 ἀθλητὴς
336 779 370 814 τῇ
383 779 535 814 ἀναρρήσει
548 778 598 813 τῆς
615 778 790 809 ἀναστάσεως
800 786 807 793 ·
826 779 1002 814 παραστήσε-

205 833 251 851 ται
268 824 296 851 δὲ
317 826 351 860 τῇ
375 825 522 860 ἐπιφανείᾳ
538 824 584 851 τοῦ
605 824 673 851 Θεοῦ
692 825 740 852 καὶ
765 824 892 860 Σωτῆρος
911 825 1002 860 ἡμῶν,

206 871 322 905 ἀνοίγων
338 871 367 897 ὲν
384 871 526 906 παρρησία
543 870 573 897 τὸ
589 871 686 906 στόμα,
705 871 955 907 ὲπευφραινόμενος
969 872 1001 907 τῇ

206 917 254 953 θέᾳ
273 917 327 944 τῶν
341 917 475 952 ἀγγέλων,
492 918 525 953 τῇ
543 917 606 953 δόξῃ
618 917 665 944 τοῦ
680 917 747 944 Θεοῦ
768 918 928 954 μακαρίζων
939 919 1004 945 ἐαυ-
1019 913 1040 939 Β

204 963 261 995 τὸν,
277 964 332 990 τῶν
352 963 503 999 μαστίγων,
523 963 577 990 τῶν
592 963 710 999 δεσμῶν,
729 963 783 990 τῶν
797 963 1001 999 στρεϐλώσεων,

205 1011 254 1045 τῆς
266 1010 425 1047 ἐπικερδοῦς
444 1010 572 1046 τελευτῆς
584 1018 591 1026 ·
609 1011 651 1037 δτι
667 1011 716 1046 τῆς
732 1010 910 1046 ἀτελευτήτου
929 1011 1002 1046 ζωῆς

204 1057 279 1092 αὐτῷ
292 1056 443 1092 γεγένηται
461 1056 603 1092 πρόξενος.

247 1146 314 1173 Ἀλλ’
331 1147 395 1173 ὅταν
412 1146 513 1173 τούτων
530 1145 661 1183 ἀκούσῃς,
682 1143 740 1172 οἶδα
767 1145 785 1172 ἃ
807 1145 926 1181 φρονεῖς,
955 1145 1003 1172 καὶ

203 1191 310 1226 λέγεις’
338 1192 466 1224 Δεκτικδς
487 1191 564 1225 κάγὼ
580 1191 633 1217 τῶν
658 1190 768 1226 ὁμοίων.
788 1191 836 1217 Ἂν
852 1191 927 1226 ζήσω
941 1191 1001 1218 κατ’

205 1238 315 1274 ἀρετὴν,
333 1238 362 1264 ού
378 1238 487 1274 χείρων,
500 1237 554 1264 οὐδ’
564 1237 724 1273 ἀτιμότερος
735 1237 790 1264 τῶν
802 1237 850 1264 νῦν
865 1237 1003 1273 θαυμαζο-

207 1283 294 1318 μένων
319 1283 427 1318 ἔσομαι.
449 1282 575 1310 Μάλιστα
599 1282 648 1317 μὲν
673 1280 731 1314 οὖν,
758 1281 887 1314 ἀλαζόνος
915 1283 1002 1310 ταῦτα

204 1330 240 1356 τά
257 1330 379 1366 ῥήματα,
395 1328 564 1360 δικαιοῦντος
580 1328 676 1356 ἑαυτὸν
692 1328 762 1355 κατὰ
773 1329 818 1355 τδν
831 1328 1002 1364 μεγάλαυχον

203 1377 361 1412 Φαρισαῖον,
379 1375 427 1402 καὶ
449 1375 540 1411 πάσης
556 1375 750 1409 ταπεινότητος
769 1373 840 1407 ξένα.
866 1375 1002 1411 Πρόδηλον

203 1422 242 1454 δὲ,
258 1421 295 1453 ὡς
308 1423 322 1448 ό
337 1422 374 1457 μὴ
388 1421 520 1457 πρότερον
532 1420 721 1452 ταπεινωθεὶς,
738 1422 778 1452 εἰς
796 1420 861 1455 ὕψος
878 1421 928 1448 οὐκ
940 1421 1004 1448 ἀνα-

204 1467 307 1494 ϐαίνεν
329 1467 467 1502 ἀπόφασις
493 1467 547 1503 γάρ
567 1468 627 1493 ἐστι
651 1467 813 1502 Δεσποτική.
840 1467 898 1493 Ἵνα
914 1467 943 1494 δέ
959 1467 1002 1499 τίς

205 1521 247 1540 σοι
265 1512 421 1550 ἐνεχυρίζῃ,
444 1513 485 1539 ὅτι
503 1514 606 1549 γενήσῃ
622 1512 754 1544 τοιοῦτος,
779 1513 810 1539 οὐ
826 1512 924 1545 Θέλεις,
941 1514 1001 1540 εἰπέ

205 1568 262 1595 μοι,
278 1559 433 1594 αἰδεσθῆναι
448 1559 510 1590 τοὺς
526 1559 574 1594 τὴν
585 1559 644 1585 ὁδόν
661 1566 702 1585 σοι
718 1559 768 1593 τῆς
782 1559 921 1591 εὐσεϐείας
933 1560 1000 1595 τέμ-

204 1614 310 1637 νοντας,
327 1606 389 1637 τοὺς
413 1605 528 1640 ὁδηγοὺς
547 1605 600 1632 τῶν
625 1605 726 1637 καλῶν,
743 1605 805 1637 τοὺς
823 1605 1001 1638 διδασκάλους

204 1650 255 1685 τῆς
280 1651 393 1686 ἀρετῆς,
415 1651 480 1682 τοὺς
509 1651 710 1683 παιδεύσαντας
733 1659 761 1677 σε
783 1652 932 1686 καρτερίαν
953 1652 1002 1679 καὶ

204 1696 320 1723 θανάτου
335 1696 555 1732 καταφρόνησιν;
575 1696 654 1732 Παρὰ
669 1697 721 1723 τῶν
735 1697 864 1733 μαθητῶν
879 1697 926 1724 τοῦ
943 1697 1000 1733 βίου

203 1742 299 1769 τούτου
315 1741 527 1778 εὐγνωμοσύνην
542 1741 691 1777 διδάχθητι,
706 1742 746 1769 ὅτι
761 1743 849 1777 ὅμοιοι
862 1743 1001 1779 γινόμενοι

202 1787 258 1814 τῶν
273 1787 445 1821 διδαξαντων,
467 1788 515 1814 καὶ
533 1787 607 1814 οὐδὲν
628 1787 679 1822 τῆς
701 1787 800 1823 τέχνης
820 1788 1000 1822 ἐλλείποντες,

202 1833 278 1868 ὅμως
295 1833 349 1860 τῶν
364 1833 544 1861 διδασκόντων
557 1833 666 1868 φιλοῦσι
683 1833 717 1860 τὰ
738 1834 835 1870 στήθη,
853 1834 999 1867 αἰδοῦνται,

204 1878 368 1914 εὐφημοῦσι,
386 1879 440 1906 τῶν
455 1879 599 1916 πρωτείων
612 1880 821 1916 παραχωροῦσι,
837 1881 1002 1917 θεραπεύου-

204 1933 248 1952 σιν
260 1925 297 1956 ὠς
305 1925 434 1960 πατέρας.
444 1925 532 1951 Πυλλά
541 1925 586 1952 καὶ
598 1925 808 1960 τελευτήσαντες
824 1926 895 1961 ἆγιοι
907 1926 1002 1954 δύναν-

202 1979 260 2003 ται,
279 1971 326 1997 καὶ
346 1971 510 2003 ἀπελθόντες
533 1971 580 1998 τοῦ
605 1971 663 2007 βίου
685 1972 873 2007 εὐεργετοῦσιν
893 1973 999 2009 ἀνθρώ-

203 2025 285 2048 πους·
303 2016 350 2044 καὶ
373 2018 478 2053 μάρτυς
494 2017 548 2044 τῶν
564 2018 719 2053 λεγομένων
735 2020 749 2045 ό
769 2019 928 2052 Ἐλισσαῖος,
949 2021 1001 2047 πά-

203 2062 247 2089 λαι
264 2062 312 2098 μὲν
335 2062 459 2090 ἀπελθὼν
479 2063 526 2090 τοῦ
549 2063 606 2099 βίου
627 2064 674 2090 καὶ
692 2065 845 2100 κοιμηθεὶς,
867 2066 1001 2093 ἀθάνατον

201 2108 231 2135 δὲ
245 2109 291 2135 καὶ
304 2108 455 2144 ἀχώριστον
469 2109 517 2145 τὴν
534 2109 581 2136 τοῦ
599 2110 666 2136 Θεοῦ
683 2111 763 2146 χάριν
779 2111 880 2144 λαϐὼν,
894 2111 933 2148 τῷ
947 2111 1001 2148 χὼ-

204 2163 269 2190 ματι
282 2155 502 2191 παρεδρεύουσαν
518 2155 565 2182 καὶ
584 2157 641 2187 τοῖς
656 2156 771 2192 ἀψύχοις
786 2157 900 2189 ὀστέοις.
919 2155 1000 2191 οἶδας

202 2201 267 2236 γὰρ,
284 2202 298 2228 ὁ
314 2201 456 2236 φιλόπονος
479 2201 532 2228 τῶν
557 2201 576 2227 Γ
580 2202 673 2237 ραφῶν
693 2201 826 2237 μαθητὴς,
845 2203 886 2229 ὅτι
903 2203 1000 2239 νεκρός

201 2255 244 2278 τις
264 2247 339 2283 παρὰ
353 2248 408 2274 τῶν
423 2247 530 2274 οἰκείων
545 2248 585 2278 εἰς
600 2247 648 2283 τὴν
669 2247 791 2284 ἐκφορὰν
806 2248 996 2284 κομιζόμενος,
1015 2267 1036 2295 D

202 2293 307 2329 λῃστῶν
322 2294 420 2330 ἀθρόον
436 2294 452 2329 ἦ
472 2293 606 2329 πολεμίων
633 2293 852 2325 καταλαῦόντων,
867 2292 911 2321 οἷα
925 2295 998 2330 φιλεῖ

203 2340 363 2374 συμϐαίνειν
382 2342 411 2366 ὲν
428 2341 527 2376 συνοχῇ
551 2340 599 2367 καὶ
616 2339 733 2376 θορύϐῳ,
760 2340 934 2377 ὲπιρῤιφθεὶς
958 2341 996 2377 τῷ

201 2386 280 2421 τάφῳ
302 2386 350 2414 τοῦ
364 2386 564 2422 τρισμακαρίου
581 2388 733 2423 προφήτου,
747 2386 845 2423 ἁθρόον
856 2387 995 2424 ὲψυχώθη,

201 2431 250 2458 καὶ
274 2432 341 2468 πρὸς
364 2433 428 2464 τοὺς
453 2433 559 2465 ζῶντας
585 2433 723 2461 ἀνέλυσεν,
751 2433 783 2460 Τί
811 2432 859 2461 οὖν
880 2433 995 2470 ἐροῦμεν

200 2477 270 2513 πρὸς
285 2479 316 2504 τδ
330 2479 490 2514 γενόμενον;
514 2479 560 2515 Μὴ
577 2479 704 2516 αἴσθησιν
721 2478 778 2516 εἶχε
800 2481 854 2508 τῶν
876 2489 994 2517 πραττο-

200 2529 290 2562 μένων
303 2529 317 2554 ὁ
332 2529 448 2563 δίκαιος;
473 2530 510 2566 μὴ
525 2530 608 2566 εὐχὴν
628 2529 796 2565 ἀνέπεμψεν,
811 2529 849 2560 ὡς
866 2528 936 2564 ὑπὲρ
948 2527 994 2554 τοῦ

197 2574 344 2611 παιδαρίου
367 2576 416 2612 τῆς
441 2576 668 2612 Σαμαρίτιδος⁸¹;
699 2576 769 2603 Ἀλλ’
786 2575 862 2603 οὐδὲν
874 2574 996 2602 τοιοῦτον

196 2620 303 2648 δίδωσιν
329 2623 395 2658 ημῖν
427 2623 528 2650 ἐννοεῖν
551 2624 569 2658 ἡ
595 2622 650 2649 τῶν
675 2622 844 2658 πραγμάτων
865 2621 992 2657 ἀλήθεια.

201 2667 307 2694 Ἐκειτο
321 2667 444 2707 γὰρηπρδ
459 2668 564 2695 πολλῶν
579 2667 633 2695 τῶν
646 2668 750 2703 χρόνων
766 2669 780 2694 ό
794 2668 908 2700 δίκαιος,
927 2667 992 2694 ἀνα-

1015 1592 1036 1620 C

199 2711 321 2745 Λυθέντος
334 2713 383 2741 τοῦ
397 2714 523 2750 σώματος
535 2715 604 2751 προς
615 2715 660 2741 τδν
671 2714 789 2749 συγγενῆ
802 2714 866 2749 χοῦν
880 2713 927 2740 καὶ⁸
941 2713 992 2749 τὴν

197 2756 329 2792 ὁμόφυλον
344 2759 429 2787 κόνιν.
445 2761 580 2796 Πρόδηλον
590 2760 618 2787 δὲ
629 2759 809 2795 καθέστηκεν,
821 2760 859 2792 ὡς
869 2759 989 2793 δοξάζων

195 2802 211 2830 ὀ
226 2802 292 2836 Θεὸς
309 2805 354 2832 ἀεὶ
375 2806 424 2833 καὶ
439 2807 509 2842 μετά
529 2807 607 2839 τέλος
629 2808 692 2839 τοὺς
715 2806 796 2838 ίδίους
816 2805 988 2842 ἀνθρώπους,

233 2895 256 2912 ⁵³
268 2895 350 2926 Vocat
367 2899 506 2935 Scriptura
524 2902 686 2939 Σωμανῖτιν.
729 2901 751 2918 ⁸³
765 2901 832 2929 Luc.
848 2907 924 2934 svnt,
940 2900 968 2928 II
983 2907 1043 2934 sqq.

758 163 900 193 HOMILIA
919 165 952 192 Χ.
971 165 1002 192 lN
1023 164 1073 193 SS.
1095 165 1296 195 MARTYRES.

1793 168 1852 197 526v

1059 229 1130 251 stum
1144 225 1295 259 principem
1315 231 1376 252 esse
1391 229 1552 260 martyrum,
1568 225 1615 260 qui
1633 225 1736 260 primus
1750 233 1848 261 passus

1055 270 1101 303 sit,
1124 277 1156 297 ac
1181 271 1268 297 servis
1293 270 1494 298 aemulationem
1518 271 1671 299 dimiserit?
1699 271 1763 299 Post
1784 279 1846 300 eum

1055 316 1210 351 Stephanus
1227 325 1274 351 pro
1289 317 1408 345 nominis
1423 317 1469 345 ille
1491 318 1607 352 ratione,
1631 318 1685 346 Deo
1704 323 1848 346 consenta-

1055 347 1112 390 nea;
1134 370 1166 390 ac
1193 347 1326 397 religiosa:
1354 363 1488 391 claritatis
1515 347 1606 399 pugil:
1626 363 1695 392 Tum
1718 347 1864 400 discipuli!

1054 416 1149 435 oinues
1175 415 1207 435 ac
1231 408 1356 443 apostoli.
1385 409 1450 437 Vide
1466 415 1557 437 autem
1580 418 1632 437 una
1652 411 1750 446 injuria
1764 419 1846 447 quam

1055 455 1154 482 multos
1176 455 1277 489 probro
1303 455 1417 488 afﬁcias,
1439 456 1572 485 Joannem
1588 457 1751 493 Baptistam,
1768 457 1848 486 Jaco-

1055 500 1117 526 bum
1146 500 1221 526 illum
1250 501 1356 528 Domini
1386 501 1498 529 fratrem
1526 502 1702 537 appellatum,
1723 504 1848 537 Petrum,

1053 544 1178 578 Paulum,
1194 545 1325 574 Thomam
1340 546 1402 582 (hos
1419 548 1532 576 nomino
1547 553 1675 583 tauquam
1695 554 1846 585 martyrum

1053 591 1162 625 duces);
1188 593 1222 620 ad
1247 593 1314 625 tunc,
1343 593 1501 620 immensam
1517 601 1613 622 eorum
1631 595 1846 628 multitudinem,

1053 638 1099 672 qui
1115 638 1176 665 vita
1190 645 1271 666 causa
1290 643 1377 666 morle
1399 638 1519 667 defuncti
1540 644 1612 667 sunt.
1638 639 1772 668 Parumne
1798 641 1846 668 tibi

1054 689 1084 710 ut
1097 683 1146 711 hos
1163 683 1302 712 offendas?
1315 684 1421 712 Levene
1437 685 1587 719 periculum
1608 690 1638 713 ut
1656 694 1749 713 eorum
1761 686 1847 714 hostis

1054 729 1202 758 habearis?
1234 730 1334 758 Horum
1362 731 1478 765 quilibet
1511 731 1648 760 diabolum
1677 732 1756 765 vicit.
1791 739 1846 759 una

1053 781 1114 801 cum
1139 774 1291 801 daemonum
1321 775 1393 802 malo
1418 775 1555 808 sodalitio,
1581 775 1686 808 fuitque
1713 775 1848 810 ascriptus

1047 819 1212 854 'augelorum
1236 820 1372 855 collegio,
1397 827 1430 848 ac
1457 825 1586 856 tanquam
1617 821 1747 856 probatus
1771 820 1846 857 pugil

1055 866 1163 900 publico
1184 868 1321 901 praeconio
1336 867 1515 896 celebrandus
1533 868 1558 895 in
1574 869 1774 896 resurrectione
1787 876 1848 897 ser-

1057 917 1144 939 vatur.
1160 912 1267 940 Astabit
1290 914 1361 940 enim
1386 918 1414 940 et
1439 914 1505 949 ipse,
1528 914 1582 941 Deo
1597 922 1629 941 ac
1645 914 1785 942 Salvatore
1798 922 1848 942 no-

1054 964 1112 986 stro
1127 963 1284 994 apparente,
1303 967 1387 994 osque
1409 961 1513 995 aperiet
1524 960 1549 987 in
1565 960 1673 992 ﬁducia,
1690 961 1846 996 angelorum

1055 1005 1131 1032 laetus
1151 1005 1318 1039 spectaculo,
1346 1006 1391 1033 Dei
1411 1013 1441 1033 se
1463 1006 1547 1040 gloria
1566 1006 1672 1034 beatu
1697 1007 1851 1042 praedicans

1055 1059 1071 1079 a
1088 1051 1256 1084 verberibus,
1270 1051 1395 1084 vinculis,
1409 1053 1563 1086 tormentis,
1580 1057 1667 1080 morte
1680 1053 1737 1080 utili
1751 1062 1758 1081 :
1773 1054 1846 1089 quod

1053 1105 1084 1124 ea
1098 1097 1261 1125 immortalis
1277 1098 1302 1124 ei
1318 1097 1373 1125 vita
1390 1099 1547 1126 accesserit.

1092 1142 1193 1172 Verum
1208 1144 1265 1172 scio
1280 1145 1344 1179 quid
1360 1145 1417 1172 lucc
1434 1145 1547 1172 audiens
1567 1145 1680 1179 sentias,
1696 1153 1728 1173 ac
1749 1146 1824 1174 dicas
1838 1154 1846 1173 :

1054 1189 1119 1217 Sum
1134 1195 1160 1217 et
1182 1190 1239 1225 ipse
1263 1190 1355 1218 talium
1382 1198 1478 1226 capax.
1504 1190 1583 1218 Modo
1604 1191 1692 1218 vivam
1709 1199 1725 1218 ο
1739 1191 1848 1218 virtutis

1055 1235 1169 1269 ratione,
1196 1236 1265 1263 nihil
1290 1237 1410 1265 deterior
1435 1242 1481 1264 aut
1502 1237 1601 1264 minori
1617 1237 1720 1264 honore
1740 1236 1848 1264 futurus

1053 1289 1123 1314 sum,
1148 1283 1182 1310 ab
1209 1283 1242 1310 iis
1266 1290 1335 1318 quos
1362 1291 1434 1311 nunc
1461 1283 1642 1310 admiramur.
1661 1283 1743 1310 Plane
1762 1289 1847 1311 vero:

1053 1333 1116 1356 sunt
1132 1329 1188 1356 lucc
1201 1329 1283 1357 animi
1302 1330 1455 1364 arrogantis
1470 1329 1566 1362 verba,
1589 1329 1646 1363 ejus
1665 1329 1709 1363 qui
1727 1329 1847 1363 seipsum

1051 1374 1182 1409 justificat
1207 1383 1281 1402 more
1293 1375 1452 1410 jactabundi
1475 1375 1546 1402 illius
1577 1374 1748 1407 Pharisaei“,
1765 1380 1847 1410 atque

1054 1421 1089 1448 ab
1100 1421 1172 1447 omni
1186 1420 1345 1449 humilitatis
1357 1428 1436 1448 sensu
1449 1421 1547 1448 aliena.
1562 1420 1655 1447 Palam
1670 1428 1734 1448 vero
1746 1420 1840 1455 liquet.

1054 1466 1106 1494 nisi
1125 1467 1187 1502 quis
1205 1467 1280 1501 prius
1295 1475 1326 1494 se
1340 1467 1396 1502 ipse
1411 1467 1605 1498 humiliaverit,
1623 1474 1675 1494 non
1693 1467 1847 1502 provehen-

1054 1512 1117 1539 dum
1142 1512 1176 1540 ad
1201 1513 1226 1540 id
1248 1513 1319 1548 quod
1344 1518 1386 1541 est
1406 1513 1490 1540 altum
1508 1521 1540 1539 ac
1555 1512 1690 1540 sublime:
1708 1512 1845 1540 Dominica

1055 1567 1174 1596 namque
1194 1561 1327 1587 sententia
1343 1564 1394 1588 est.
1412 1559 1481 1593 Quin
1500 1564 1528 1586 ut
1549 1559 1647 1594 aliquis
1667 1559 1747 1587 talem
1767 1564 1792 1587 te
1804 1559 1846 1587 fu-

1054 1612 1143 1634 turum
1172 1612 1246 1634 certo
1271 1607 1412 1642 spondeat.
1435 1615 1536 1642 ergone
1560 1606 1640 1639 nolis,
1667 1607 1781 1633 obsecro
1803 1611 1840 1639 te,

1053 1654 1087 1681 iis
1100 1653 1201 1681 habere
1217 1654 1406 1687 reverentiam,
1425 1653 1469 1687 qui
1488 1653 1535 1680 tibi
1548 1653 1655 1687 pietatis
1668 1653 1738 1679 viam
1755 1652 1846 1680 initia-

1052 1701 1170 1728 verunt?
1186 1701 1231 1735 qui
1258 1700 1393 1727 bonorum
1417 1700 1527 1727 fuerunt
1542 1699 1648 1728 duces?
1666 1699 1712 1735 qui
1739 1699 1847 1727 virtutis

1053 1746 1201 1774 doctores?
1231 1746 1277 1781 qui
1305 1747 1338 1774 ad
1371 1745 1565 1778 tolerantiam,
1596 1752 1632 1772 ac
1660 1745 1757 1772 mortis
1781 1752 1848 1772 con-

1055 1797 1186 1828 templum
1215 1792 1397 1820 erudierunt?
1431 1791 1510 1819 Disce
1541 1799 1555 1818 a
1585 1790 1676 1818 saeculi
1709 1791 1787 1826 hujus
1813 1798 1849 1818 ac

1052 1839 1146 1866 mundi
1168 1838 1318 1873 discipulis,
1344 1838 1444 1873 probos
1460 1845 1493 1865 ac
1509 1841 1602 1872 gratos
1619 1844 1718 1869 mores,
1740 1841 1770 1862 ut
1784 1844 1846 1863 cum

1052 1884 1191 1920 magistris
1214 1884 1318 1912 similes
1337 1885 1472 1916 evadant,
1499 1891 1548 1910 nec
1573 1883 1614 1910 eis
1640 1883 1787 1918 quidquam
1811 1883 1847 1909 de

1052 1933 1118 1959 artis
1139 1932 1234 1967 peritia
1250 1931 1329 1963 desit,
1358 1931 1547 1965 magistrorum
1573 1934 1662 1956 tamen
1688 1928 1848 1956 osculentur

1056 1984 1177 2014 pectora,
1190 1982 1377 2010 revereantur,
1395 1977 1518 2010 laudibus
1533 1975 1682 2008 celebrent,
1697 1975 1737 2002 eis
1750 1981 1846 2002 conce-

1052 2025 1117 2052 dant
1136 2024 1248 2059 primas,
1264 2023 1354 2051 colant
1370 2029 1399 2050 ut
1415 2027 1514 2057 patres.
1532 2021 1615 2048 Multa
1631 2021 1717 2049 sancti
1736 2021 1840 2053 valent,

1053 2072 1161 2099 tametsi
1195 2071 1249 2098 vita
1286 2070 1393 2102 functi,
1429 2076 1544 2103 cumque
1577 2067 1716 2103 migrarint
1746 2075 1761 2094 a
1793 2074 1846 2095 sa:-

1051 2117 1122 2150 culo,
1138 2116 1277 2144 beneﬁciis
1294 2122 1383 2143 tamen
1403 2115 1560 2150 impertiunt
1575 2114 1720 2141 homines:
1735 2121 1767 2140 ac
1783 2113 1846 2148 qui-

1053 2164 1113 2192 dem
1129 2164 1234 2191 Eliseus
1251 2163 1331 2190 fidem
1349 2163 1455 2190 abunde
1469 2161 1549 2190 dictis
1564 2161 1665 2188 astruit
1680 2169 1686 2188 :
1701 2154 1747 2196 qui
1765 2160 1846 2188 uimi-

1051 2218 1122 2243 rum.
1145 2217 1207 2237 cum
1229 2210 1274 2237 diu
1295 2213 1358 2236 ante
1373 2216 1387 2235 a
1404 2208 1504 2236 sacculo
1524 2209 1677 2244 migrassct.
1697 2215 1729 2234 ac
1749 2207 1845 2235 mortis

1051 2261 1175 2281 somnum
1201 2253 1360 2288 accepisset,
1379 2253 1559 2280 immortalem
1574 2258 1663 2281 tamen
1678 2260 1710 2280 ac
1725 2252 1841 2279 indirul-

1050 2307 1108 2327 sam
1126 2299 1172 2327 Dei
1186 2299 1301 2334 gratiam
1324 2300 1470 2333 acceperit,
1488 2299 1592 2326 tumulo
1612 2299 1789 2330 assidentem,
1807 2305 1841 2326 ac

1050 2345 1165 2373 mortuis
1181 2345 1290 2372 ossibus
1304 2345 1464 2372 hmrcutem.
1484 2344 1572 2377 Nosti,
1595 2345 1720 2380 quisquis
1731 2344 1843 2371 exsistis

1049 2392 1185 2420 studiosus
1208 2391 1410 2426 Scripturarum
1434 2391 1594 2425 discipulus,
1621 2395 1651 2418 ut
1673 2398 1736 2418 cum
1767 2397 1842 2417 mor-

1049 2442 1112 2465 tuus
1135 2437 1232 2472 aliquis
1254 2437 1470 2464 necessariorum
1491 2444 1556 2464 cura
1574 2436 1670 2464 funere
1684 2435 1841 2468 efferretur,

1047 2483 1305 2519 supervenientibus
1331 2488 1442 2519 repente
1461 2483 1621 2511 latrunculis
1632 2483 1689 2510 sive
1707 2482 1840 2515 hostibus,

1048 2531 1086 2557 uti
1103 2530 1183 2558 facile
1202 2529 1229 2556 in
1247 2529 1381 2564 angustiis
1396 2529 1529 2565 ejusmodi
1545 2537 1577 2556 ac
1593 2528 1748 2556 turbatione
1768 2528 1842 2556 acci-

1047 2575 1086 2602 dit
1112 2575 1183 2603 inter
1219 2575 1290 2602 beati
1316 2575 1454 2610 prophetae
1488 2574 1642 2609 sepulcrum
1678 2574 1839 2609 prolectus,

1048 2621 1194 2649 confestim
1237 2621 1372 2656 receperit
1401 2621 1532 2654 animam,
1569 2625 1652 2656 atque
1688 2621 1721 2648 ad
1757 2620 1840 2647 vitam

1048 2667 1158 2694 redierit
1168 2667 1201 2694 “.
1217 2667 1284 2700 Quid
1301 2674 1366 2703 ergo
1378 2667 1475 2695 dicturi
1492 2674 1585 2694 sumus
1597 2674 1646 2701 pro
1660 2673 1693 2693 eo
1706 2666 1777 2701 quod
1790 2665 1841 2693 fuit

1047 2713 1171 2748 gestum?
1195 2720 1296 2748 ergone
1318 2721 1429 2742 senSum
1457 2713 1552 2742 habuit
1570 2714 1613 2740 vir
1636 2712 1726 2747 justus
1742 2719 1840 2740 eorum

1044 2767 1105 2794 quae
1125 2760 1305 2796 gererentur?
1327 2767 1461 2796 precesne
1483 2760 1585 2792 emisit,
1613 2759 1687 2787 velut
1711 2766 1760 2795 pro
1785 2759 1840 2786 tilio

1044 2805 1222 2834 Sunamitidis
1235 2806 1281 2833 Nl?
1298 2805 1396 2834 Verum
1410 2806 1476 2834 nihil
1491 2805 1636 2841 ejusmodi,
1652 2813 1744 2834 rerum
1760 2805 1838 2833 nobis

1089 2900 1110 2916 “
1126 2899 1160 2928 IV
1178 2899 1246 2936 Reg.
1270 2907 1332 2934 xm,
1345 2900 1410 2938 21..
1432 2900 1454 2917 ⁸⁸
1471 2899 1505 2928 ιν
1517 2899 1595 2937 Βοθ.
1613 2906 1650 2932 ιν,
1665 2898 1710 2927 35.
