2076 3155
244 144 295 171 535

874 141 903 169 s.
924 141 1061 171 ASTERH
1081 143 1230 183 suum

1811 140 1866 171 3313

243 203 300 228 foro
315 199 507 235 aliquantulum
521 207 581 227 cttm
597 199 668 233 notis
682 199 864 227 ambulassem
875 221 883 233 ,
899 201 973 228 illinc
986 209 1023 229 mc

1080 203 1139 237 ρᾶς,
1155 203 1259 230 ἐκεῖθεν
1275 203 1314 235 εἰς
1330 203 1359 230 τὸ
1373 201 1419 229 τοῦ
1435 201 1502 230 Θεοῦ
1521 202 1617 238 τέμνος
1637 196 1774 236 ἀφικόμην
1788 200 1865 234 εὐξό-

242 248 267 273 iu
284 246 328 273 Dei
346 245 474 279 templum
490 245 546 273 otio
558 250 685 272 oraturus
699 245 800 280 recepi.
814 245 880 273 Cum
899 254 962 274 vero
974 249 1027 274 hoc

242 300 348 327 quoque
367 297 546 324 consecutus,
564 299 645 319 uuam
661 293 805 326 quamdam
822 299 855 320 ex
878 293 1028 326 porticibus

243 339 402 370 transirem,
418 337 471 364 vidi
487 338 512 364 iu
525 344 555 363 ea
571 337 704 372 picturam
720 338 861 371 quamdam
875 358 882 370 ,
896 339 971 374 cujus
987 347 1029 367 me

241 385 344 418 spcties
366 384 476 411 omnino
496 383 574 418 cepit.
602 383 720 410 Dixisses
737 383 920 418 Euphranoris
944 385 1028 412 anili-

242 432 311 457 cium
327 438 403 461 esse,
419 435 463 456 attt
479 437 573 456 eorum
589 429 719 462 alicujus,
737 430 782 463 qui
801 430 864 457 olim
881 430 1026 464 plurintttm

242 477 382 510 dignitatis
397 477 508 512 picturas.
521 475 700 503 conciliarunt
715 475 772 509 (51)
783 495 790 506 ,
808 483 860 502 nou
875 476 955 502 aliter
969 477 1027 510 pitt-

242 529 350 556 gentes.
365 529 445 556 quant
461 521 482 548 si
496 521 572 547 vivas
589 521 614 546 iu
631 519 730 546 tabulis
743 520 843 547 formas
853 521 1025 548 exhiberem.

241 569 375 596 Adesdum
400 576 475 600 vero,
497 569 518 594 si
544 567 638 595 volt-s:
659 568 757 602 quippe
781 568 860 595 etiatu
885 575 956 594 ttunc
979 575 1027 602 per

243 622 347 649 tempus
361 622 490 641 enarrare
507 614 570 640 licet.
588 623 594 641 :
611 621 714 649 equuc
730 614 860 648 picturam
877 621 1023 649 exponam.

243 661 332 693 Neque
347 660 418 686 enim
435 667 483 686 nos
498 667 634 686 musarum
666 659 767 686 alumni
791 659 896 694 pejores
914 661 1024 695 pictori-

241 708 289 732 bus
305 705 408 732 colores
423 705 563 731 habemus.

276 751 359 777 Sacra
378 751 498 784 quasdam
515 750 614 777 lemina
629 770 636 779 .
654 751 813 778 intemerata
833 751 923 786 virgo,
945 759 1023 778 suam

240 798 296 826 1)θο
328 796 479 822 castitatem
518 796 639 824 dicavit:
668 796 847 830 Euphemiam
876 798 1022 831 appellant.

239 843 305 870 Cum
315 848 412 868 'autem
433 843 595 877 quandoque
617 847 748 877 tyrannus
768 843 825 877 pios
847 843 969 870 homines
993 851 1023 870 ac

240 889 409 917 Christianos
434 894 651 923 persequeretur,
681 889 724 916 illa
753 889 897 916 admodum
927 889 1024 916 alacris

239 936 301 962 vitzc
315 936 399 961 aleam
416 940 511 970 sponte
528 935 603 961 adiit.
618 935 697 962 Cives
711 940 800 962 autem
811 955 819 968 ,
833 935 944 970 ejusque
958 935 1023 963 socii

241 982 393 1017 religionis,
412 989 460 1015 pro
481 989 532 1015 qua
557 990 587 1008 ea
613 986 725 1019 mortem
747 982 831 1013 obiit,
849 989 896 1008 cett
917 981 1024 1008 fortitu-

240 1028 310 1054 dinis
340 1037 370 1054 ac
400 1027 554 1055 sanctitatis
579 1027 663 1061 gloria
693 1027 822 1060 insignem
851 1027 1023 1054 admirationi

241 1074 386 1105 habentes,
405 1073 475 1099 haud
493 1073 586 1106 procul
602 1072 700 1107 templo
716 1073 772 1107 (ὄῖ)
790 1073 941 1106 sepulcrum
959 1073 1024 1099 :cdi—

243 1121 353 1147 licautes
387 1127 418 1146 ac
452 1119 540 1153 posito
571 1119 676 1152 loculo,
709 1119 826 1145 honores
853 1119 877 1145 ei
902 1119 1023 1153 publicos

240 1165 386 1193 adhibent.
403 1172 522 1190 annttum
543 1163 602 1197 cius
625 1164 782 1190 certaminis
797 1164 884 1196 diem,
900 1171 1021 1191 commu—

242 1218 302 1237 ncut
318 1217 349 1236 ac
365 1209 448 1236 totius
463 1208 552 1243 populi
575 1215 706 1236 conventu
725 1209 813 1235 betam
834 1207 963 1236 facientes
974 1216 1020 1236 ce-

240 1253 402 1280 lebritatem.
418 1252 492 1280 Sacri
520 1253 627 1288 quidem
654 1260 885 1280 sacramentorum
911 1253 956 1280 Dei
980 1254 1022 1280 in-

240 1305 386 1333 terpretes,
409 1299 465 1334 jugi
494 1306 618 1326 sermone
639 1299 796 1325 memoriam
813 1299 956 1332 honorant,
979 1307 1024 1334 po-

241 1345 370 1380 pulosque
384 1345 592 1376 convenientes,
610 1349 641 1372 ut
666 1345 710 1372 illa
733 1346 869 1380 patienti-oe
884 1351 1024 1373 certamen

239 1392 481 1424 consummaverit,
513 1391 586 1418 omni
611 1391 701 1418 studio
730 1391 895 1425 informant;
930 1392 976 1419 sed
997 1397 1024 1419 et

243 1439 330 1473 pictor
346 1438 438 1472 pietati
456 1443 484 1465 et
501 1439 559 1473 ipse
577 1438 705 1468 studens,
731 1437 797 1464 artis
817 1444 914 1472 Opera,
939 1437 1022 1464 hisl0<

241 1485 307 1510 riam
325 1490 407 1511 totam
430 1484 456 1510 in
481 1484 608 1515 sindone,
626 1491 707 1518 qualn
727 1483 800 1510 licuit
831 1484 890 1510 viva
914 1491 1024 1517 expres—

1080 257 1159 283 μενος
1173 249 1200 275 εν
1213 249 1304 284 σχολῇ;
1322 249 1365 280 Ὠς
1381 249 1409 275 δὲ
1426 250 1472 276 καὶ
1487 248 1582 275 τούτου
1597 247 1695 282 τυχὼν,
1708 246 1756 273 ἕνα
1766 245 1801 281 δὴ
1811 246 1867 273 τῶν

1079 294 1234 329 ὑποστέγων
1250 295 1357 330 δρόμων
1369 295 1501 327 ἐϐάδιζον,
1516 292 1585 320 εἶδον
1598 294 1655 320 ἐκεῖ
1668 293 1778 328 γραφήν
1792 300 1865 323 τινα,

1079 341 1124 367 καί
1140 350 1172 376 με
1190 341 1330 377 κατάκρας
1347 340 1417 367 εἷλεν
1431 342 1453 357 ⁸³
1470 341 1489 376 ἧ
1503 340 1560 367 θέα.
1584 339 1758 374 Εὐφράνορος
1780 339 1813 365 ἂν
1827 335 1865 364 εἷ-

1078 395 1128 418 πες
1146 385 1214 413 εἶναι
1229 386 1258 413 τὸ
1272 386 1467 421 φιλοτέχνημα,
1483 387 1500 421 ἧ
1515 394 1587 417 τινος
1606 385 1718 411 ἐκείνων
1742 383 1796 410 τῶν
1813 392 1866 410 πα-

1077 433 1170 464 λαιῶν,
1188 433 1212 459 οἱ
1236 432 1285 468 τὴν
1310 432 1448 468 γραφικὴν
1467 429 1537 467 ἦραν
1558 431 1598 462 εἰς
1622 430 1702 465 μέγα,
1728 429 1866 464 ἐμψύχους

1077 478 1167 512 ὀλίγου
1191 477 1295 509 δέοντος
1319 478 1503 513 ἐργασάμενοι
1525 477 1653 507 πίνακας.
1682 474 1767 510 Δεῦρο
1789 474 1822 506 δ’,
1839 474 1865 500 ει

1078 523 1166 558 βούλει
1183 524 1241 558 (καὶ
1256 523 1309 558 γθιρ
1325 523 1406 560 σχολὴ
1432 523 1478 550 νῦν
1499 522 1689 558 διηγήματος),
1708 522 1804 558 φράσω
1823 530 1865 548 σοι

1075 570 1125 606 τὴν
1139 569 1257 605 γραφήν.
1278 570 1344 596 Οὐδὲ
1368 570 1422 606 γὰρ
1440 569 1592 605 φαυλότερα
1610 569 1718 600 πάντως
1742 569 1796 594 τῶν
1811 568 1866 600 ζω-

1075 618 1188 653 γράφων
1215 616 1333 654 [παῖδες]
1357 618 1382 643 οἱ
1414 616 1521 652 μουσῶν
1546 615 1639 647 παῖδες
1676 615 1773 651 ἔχομεν
1796 615 1866 650 φάρ-

1076 670 1163 697 μακα.

1109 753 1179 788 Γυνὴ
1197 761 1238 784 τις
1250 751 1322 787 ἱερὰ,
1333 750 1467 786 παρθένος
1480 749 1696 786 ἀκήρατος,Θεῷ
1709 748 1731 764 ⁸³
1745 748 1795 784 τὴν
1810 756 1866 775 σω-

1075 798 1212 834 φροσύνην
1226 796 1427 833 καθιερώπασω
1455 795 1598 831 Εὑφημίαν
1615 794 1741 821 καλοῦσιν
1767 794 1864 830 αὑτήν.

1075 845 1211 881 Τυράννου
1226 844 1254 870 δέ
1270 851 1335 869 ποτε
1356 843 1418 874 τοὺς
1435 841 1613 873 εὖσεὸοῦντας
1628 840 1794 872 ἐλαύνοντος.
1810 839 1863 873 μά-

1040 882 1060 909 B
1074 890 1108 917 λα
1127 889 1274 926 προθύμως
1291 889 1337 915 τὸν
1352 888 1398 915 ἐπὶ
1413 888 1521 922 θανάτῳ
1532 888 1620 913 εἵλετο
1635 887 1765 914 κίνδυνον.
1781 887 1812 913 Οἱ
1833 885 1863 912 δὲ

1075 937 1107 972 δὴ
1133 936 1239 962 πολῖται
1270 935 1318 962 καὶ
1346 934 1470 961 κοινωνοὶ
1495 934 1545 968 τῆς
1565 933 1723 968 θρησκείας,
1746 933 1815 968 ὑπὲρ
1829 930 1864 968 ἦς

1075 982 1258 1016 ἐτελεύτησεν,
1274 981 1311 1013 ὡς
1326 980 1450 1016 ἀνδρείαν
1465 979 1532 1015 ὁμοῦ
1548 979 1595 1005 καὶ
1607 978 1683 1014 ἱερὰν
1697 979 1745 1014 τὴν
1761 979 1864 1014 παρθέ-

1075 1037 1120 1056 νον
1135 1027 1333 1062 θαυμάσαντες,
1351 1027 1465 1062 πλησίον
1486 1024 1533 1052 τοῦ
1554 1024 1627 1060 ἱεροῦ
1642 1024 1691 1060 τὴν
1708 1024 1795 1060 θήκην
1811 1025 1864 1051 δει-

1079 1073 1205 1109 μάμενοι,
1221 1071 1401 1106 καταθέμενοί
1420 1079 1450 1097 τε
1466 1070 1515 1106 τὴν
1530 1070 1663 1105 λάρνακα,
1675 1070 1757 1105 τιμὰς
1771 1069 1864 1096 τελοῦ-

1078 1127 1120 1145 σιν
1140 1118 1221 1154 αύτῇ,
1238 1118 1287 1153 τὴν
1307 1118 1415 1152 ἐτήσιον
1429 1118 1535 1152 ἑορτὴν,
1554 1116 1649 1151 καινὴν
1665 1116 1687 1131 ⁸⁸
1702 1117 1748 1142 καὶ
1763 1115 1864 1150 πάνδη-

1077 1173 1126 1200 μον
1141 1164 1279 1195 ποιοῦντες
1298 1165 1461 1199 πανήγυριν.
1480 1163 1511 1189 Ol
1535 1162 1584 1197 μὲν
1603 1160 1648 1188 οὖν
1664 1161 1717 1188 τῶν
1735 1161 1781 1189 τοῦ
1795 1161 1865 1188 Θεοῦ

1077 1209 1233 1244 μυστηρίων
1246 1209 1402 1244 ἱεροφάνται
1428 1207 1475 1234 καὶ
1489 1207 1560 1242 λόγῳ
1573 1207 1672 1241 τιμῶσι
1689 1206 1737 1242 τὴν
1751 1207 1864 1242 μνήμην

1076 1255 1129 1285 ἀεὶ,
1147 1254 1194 1280 καὶ
1209 1255 1283 1286 ὅπως
1298 1254 1438 1287 ἐξετέλεσε
1460 1253 1507 1280 τὸν
1526 1254 1575 1288 τῆς
1594 1253 1740 1288 καρτερίας
1760 1252 1863 1286 ἀγῶνα,

1076 1299 1212 1334 ἐπιμελῶς
1227 1299 1290 1331 τοὺς
1307 1299 1447 1329 συνιόντας
1462 1298 1543 1330 λαοὺς
1557 1298 1768 1325 ὲκδιδάσκουσιν.
1791 1297 1820 1325 Ὀ
1835 1299 1865 1325 δὲ

1075 1347 1107 1382 δὴ
1123 1347 1267 1382 ζωγράφος
1280 1345 1399 1372 εὐσεϐῶν
1415 1345 1463 1372 καὶ
1477 1345 1570 1376 αὐτὸς,
1588 1344 1631 1371 διὰ
1641 1345 1690 1379 τῆς
1703 1345 1800 1380 τέχνης
1814 1353 1865 1371 κα-

1075 1392 1109 1418 τὰ
1129 1393 1254 1428 δύναμιν,
1271 1393 1360 1419 πᾶσαν
1377 1392 1425 1427 τὴν
1437 1391 1558 1427 ἱστορίαν
1573 1391 1601 1417 ὲν
1617 1391 1713 1417 σινδόνι
1729 1391 1864 1426 χαράξας,

1075 1438 1155 1464 αὑτοῦ
1184 1447 1235 1464 που
1255 1439 1319 1474 περὶ
1341 1438 1390 1473 τὴν
1416 1438 1502 1473 θήκην
1528 1436 1599 1472 ἱερὸν
1621 1436 1738 1472 ἀνέθηκε
1763 1437 1862 1472 θέαμα.

1077 1485 1152 1520 Ἔχει
1164 1485 1192 1511 δὲ
1204 1481 1255 1512 ὧδε
1268 1485 1298 1511 τὺ
1311 1484 1504 1519 φιλοτέχνημα·

240 1531 315 1558 sione
337 1530 500 1564 designans,
526 1529 624 1556 ibidem
641 1528 719 1563 juxta
741 1528 896 1564 sepulcrum
919 1537 1024 1557 sacram
1045 1531 1078 1558 ad
1104 1531 1289 1566 spectaculum
1309 1531 1434 1566 appendit
1455 1529 1592 1558 tabellam.
1610 1529 1656 1557 Sic
1678 1534 1768 1557 atttem
1782 1530 1864 1558 habet

240 1578 307 1604 artis
328 1577 378 1603 hoc
394 1577 551 1610 praeclarum
565 1583 654 1610 opus:

275 1622 357 1649 Sedet
375 1621 457 1656 judex
487 1621 583 1647 throno
607 1620 739 1653 sublimis,
769 1620 866 1648 acerbo
891 1629 924 1649 ac
952 1622 1019 1650 truci
1035 1624 1056 1653 C

240 1669 312 1694 \‘ttlttt
331 1673 463 1694 contuens
495 1667 634 1700 virginem.
661 1667 714 1694 Ars
741 1668 840 1702 quippe
857 1668 882 1694 in
911 1668 1021 1696 inanimi

240 1721 347 1749 quoque
364 1713 473 1739 materia
491 1712 629 1744 irascitur,-
655 1720 716 1740 cum
733 1713 813 1741 lubet.
830 1713 913 1740 Porro
925 1714 1023 1741 adsunt

241 1760 414 1795 magistratus
429 1757 568 1791 satellites,
586 1766 617 1786 ac
634 1759 733 1786 milites
749 1766 802 1786 non
814 1759 909 1793 pauci:
924 1760 1023 1794 acqui-

242 1807 301 1832 dem
342 1804 599 1831 contmeutarienses
628 1803 742 1831 tabulas»
758 1803 847 1831 ferunt
869 1812 902 1832 ac
921 1806 1022 1840 stylos;

241 1858 355 1884 quortnu
371 1850 439 1877 alter
456 1857 564 1877 manum
579 1857 595 1877 e
612 1857 675 1877 cera
688 1849 817 1883 educens,
832 1851 936 1878 intense
953 1851 1025 1886 aspi-

238 1897 313 1923 «itin
330 1900 461 1922 astantem
474 1894 575 1930 judicio
601 1895 743 1928 virginem,
774 1901 855 1923 totam
881 1895 1025 1923 deﬂectens

243 1943 351 1973 faciem,
373 1947 498 1975 tanquam
512 1941 604 1976 juheat
619 1941 690 1976 loqui
704 1941 813 1974 clarius,
828 1946 901 1969 utne
919 1941 1025 1969 dillicilc

240 1989 363 2018 audiens,
375 1987 505 2014 mendosa
523 1987 633 2019 scribat,
654 1995 685 2014 ac
702 1988 780 2021 digna
804 1989 1022 2022 reprehensione.

240 2034 416 2061 Astatautem
435 2033 510 2067 virgo
536 2032 607 2067 pulla
640 2039 725 2066 veste,
751 2041 783 2061 ac
799 2034 877 2068 pallio
904 2035 1024 2069 philoso-

241 2078 332 2113 phiam
350 2077 484 2111 professa;
502 2082 531 2104 ut
545 2077 764 2112 qttidemputavit
777 2080 872 2113 pictor,
888 2079 944 2114 ipso
955 2087 1023 2115 quo-

234 2131 295 2158 .que
312 2123 386 2150 vultu
402 2123 506 2156 lepida;
521 2128 549 2149 ut
568 2127 657 2150 autem
684 2124 740 2157 ipse
764 2125 901 2157 existimo,
918 2127 1024 2161 egregie

239 2173 337 2196 ornato
353 2168 495 2196 virtutibus
511 2169 612 2195 animo.
628 2169 733 2197 Ducunt
759 2176 848 2197 autem
878 2173 911 2198 ad
930 2173 1023 2206 przesi-

241 2217 301 2242 tiem
317 2215 368 2242 duo
386 2215 502 2246 milites;
516 2214 585 2241 alter
598 2215 706 2249 quidem
723 2221 784 2243 ante
811 2218 939 2251 trahens;
956 2218 1023 2245 alter

239 2268 304 2288 vero
321 2269 334 2287 a
352 2267 426 2296 tergo
443 2268 550 2295 urgens.
573 2259 658 2288 Porro
676 2261 787 2296 virginis
802 2263 908 2299 habitus
922 2263 1023 2298 pudore

1113 1621 1229 1657 ’Υψηλὺς
1243 1622 1289 1647 ἐπὶ
1311 1621 1406 1657 θρόνου
1422 1620 1582 1656 καθίδρυται
1601 1620 1741 1656 δικαστὴς,
1764 1619 1865 1656 πικρὸν

1074 1666 1121 1694 καὶ
1143 1667 1274 1702 δυσμενὲς
1293 1665 1396 1701 βλέπων
1421 1666 1460 1697 εἰς
1479 1665 1527 1701 τὴν
1563 1665 1695 1701 παρθένον
1715 1665 1866 1701 (ὀργίζεται

1073 1713 1138 1748 γὰρ,
1151 1712 1190 1738 ὅτ’
1207 1712 1239 1739 ἂν
1259 1712 1349 1747 ἐθέλῃ,
1364 1712 1415 1738 κάν
1428 1712 1488 1743 ταῖς
1503 1711 1618 1746 ἀψύχοις
1634 1711 1709 1743 ὕλαις
1724 1712 1741 1746 ἡ
1756 1712 1861 1747 τέχνη).

1073 1758 1221 1795 Δορυφόροι
1235 1757 1263 1784 δὲ
1275 1757 1324 1792 τῆς
1341 1757 1426 1792 ἀρχῆς
1451 1756 1499 1782 καὶ
1523 1755 1686 1790 στρατιῶται
1704 1755 1804 1782 πολλοί·
1834 1756 1862 1782 οἱ

1076 1804 1135 1839 μὲν,
1152 1803 1207 1830 τῶν
1231 1802 1434 1838 ὑπομνημάτων
1462 1801 1668 1837 ὑπογραφείσας
1693 1801 1800 1833 δέλτους
1816 1801 1863 1836 φέ-

1076 1857 1169 1885 ροντες
1195 1848 1243 1875 καὶ
1272 1848 1417 1883 γραφιδας
1435 1844 1473 1874 ὧν
1494 1847 1606 1884 θάτερος
1625 1847 1780 1883 ἀναρτήσας
1808 1848 1863 1874 ἀπὸ

1073 1895 1120 1922 τοῦ
1143 1894 1229 1930 κηροῦ
1252 1894 1301 1930 τὴν
1325 1895 1413 1929 χεῖρα,
1437 1893 1529 1928 βλέπει
1545 1894 1612 1929 πρὸς
1630 1893 1680 1929 τὴν
1701 1893 1862 1928 κρινομένην

1075 1940 1206 1977 σφοδρῶς,
1224 1940 1283 1966 ὅλον
1297 1940 1423 1971 ἐκκλίνας
1436 1939 1467 1965 τὸ
1479 1939 1634 1975 πρόσωπον,
1646 1939 1740 1973 ὥσπερ
1755 1938 1861 1965 κελευό-
1879 1965 1881 1967 _

1076 1995 1153 2022 μενος
1169 1986 1237 2021 αὐτῇ
1256 1986 1437 2020 γεγωνότερον
1451 1985 1550 2017 λαλεῖν,
1568 1986 1611 2011 ἶνα
1622 1985 1658 2020 μὴ
1672 1985 1783 2020 κάμνων
1797 1985 1862 2021 περὶ

1073 2032 1121 2067 τὴν
1137 2032 1230 2066 ἀκοὴν,
1247 2031 1402 2066 ἐσφαλμένα
1417 2031 1509 2067 γράφῃ
1523 2031 1570 2058 καὶ
1586 2030 1746 2066 ἐπιλήψιμα.
1759 2030 1861 2066 Ἔστη-

1073 2087 1104 2105 κε
1120 2079 1148 2105 δὲ
1176 2079 1192 2113 ἡ
1221 2077 1353 2113 παρθένος
1370 2078 1399 2103 ἐν
1418 2077 1490 2113 φαιῷ
1506 2077 1609 2112 χιτῶνι,
1631 2078 1676 2103 καὶ
1693 2076 1791 2112 ἱματίῳ
1812 2077 1862 2112 τὴν

1073 2123 1230 2159 φιλοσοφίαν
1244 2123 1424 2157 σημαίνουσα·
1433 2123 1470 2154 ὼς
1484 2123 1533 2158 μὲν
1555 2123 1626 2156 ἔδοξε
1643 2122 1681 2157 τῷ
1691 2123 1800 2156 γραφεῖ,
1815 2122 1863 2149 καὶ

1072 2170 1121 2205 τὴν
1132 2169 1192 2204 ὖψιν
1206 2169 1310 2195 ἀστεία·
1332 2169 1370 2200 ὡς
1382 2170 1410 2195 δὲ
1432 2169 1493 2204 ἐμοὶ
1506 2169 1588 2201 δοκεῖ,
1603 2169 1652 2204 τὴν
1665 2169 1753 2204 ψυχὴν
1764 2169 1863 2196 κεκαλ-

1073 2215 1231 2251 λωπισμένη
1247 2216 1305 2247 ταῖς
1317 2216 1437 2251 ἀρεταῖς.
1460 2216 1574 2249 Ἀγουσι
1585 2215 1614 2241 δὲ
1635 2215 1719 2250 αὐτὴν
1734 2215 1801 2251 πρὸς
1814 2215 1861 2242 τὸν

1074 2262 1193 2297 ἄρχοντα
1208 2261 1254 2288 δύο
1274 2261 1447 2297 στρατιῶται,
1492 2261 1540 2300 μὲν
1552 2260 1638 2287 ἕλκων
1653 2262 1699 2287 ἐπὶ
1716 2261 1746 2287 τὸ
1756 2261 1861 2296 πρόσω.

240 2313 272 2333 ac
285 2307 437 2333 constantia
470 2307 566 2333 mistus
593 2307 688 2334 enitet.
714 2307 825 2334 Inclinat
858 2309 975 2342 quidem,
991 2316 1021 2335 ac

1073 2308 1086 2333 ὁ
1100 2307 1128 2333 δὲ
1143 2307 1256 2333 κατόπιν
1273 2307 1399 2340 ἐπείγων.
1426 2306 1601 2341 Κεκραμὲνον
1619 2306 1667 2341 τῆς
1681 2306 1814 2341 παρθένου
1830 2306 1863 2333 τὸ

238 2357 338 2377 ceruua
364 2350 457 2378 oculos
488 2351 604 2378 demittit
633 2356 760 2386 tauquam
787 2354 906 2379 virorum
923 2354 1021 2380 erube-

1074 2350 1139 2387 ἦθος
1151 2352 1220 2378 αἰδοῖ
1246 2351 1293 2378 καὶ
1321 2351 1489 2387 στερρότητι.
1508 2351 1589 2377 Νεύει
1607 2351 1655 2386 μὲν
1670 2352 1724 2386 γὰρ
1741 2352 1779 2384 εἰς
1796 2351 1860 2386 γῆν,

271 2407 342 2447 "_S.
359 2406 472 2447 Nee-ph.
487 2405 588 2447 sixsv,_
607 2408 631 2423 ⁸³
649 2407 678 2437 S.
696 2409 805 2445 Nict-plt.
822 2411 960 2447 ἀκήρατον
977 2412 1023 2447 eaq

1085 2411 1108 2428 “
1126 2411 1170 2439 Sic
1185 2419 1291 2446 quoque
1322 2416 1398 2438 vetus
1432 2410 1586 2444 interpres;
1621 2415 1730 2444 praestat
1746 2411 1858 2446 κοινήνΙ

235 2442 306 2476 quod
319 2442 387 2470 etAS.
404 2442 515 2477 Niceph.
546 2443 636 2470 habet.

268 2498 327 2532 (51)
348 2498 399 2531 Qui
416 2499 477 2533 olim
491 2499 631 2533 plurimum
648 2499 784 2533 dignitatis
804 2499 912 2533 pictum
931 2499 1019 2525 conci~

235 2533 345 2564 (iamut,
356 2533 393 2559 ὀἳ
404 2532 461 2566 τὴν
474 2532 622 2568 γραφικὴν
636 2532 713 2568 ἦραν
722 2534 766 2567 εις
776 2532 852 2568 μέγα
879 2532 923 2560 Sic
937 2534 1017 2559 etiam

236 2570 302 2594 alter
320 2568 416 2600 inlerp.
435 2568 501 2594 Male
520 2573 607 2595 autem
622 2569 789 2599 Anastasius,
807 2569 898 2602 legens
911 2568 1015 2602 Ἦραν,

234 2602 279 2637 qui
292 2603 462 2635 acttlntibilem
474 2602 614 2635 lunatum,
627 2610 689 2636 etc.,
704 2603 768 2629 uilnl
785 2610 858 2629 certe
874 2602 1016 2629 barbarum

237 2640 322 2671 magis
351 2646 382 2664 :tc
404 2639 529 2669 ineptum.
556 2638 625 2670 Qutd
650 2640 720 2665 cnim
746 2638 787 2665 inc
813 2639 845 2663 ad
863 2636 1017 2664 Juttonem?

186 2698 189 2703 ἱ
235 2669 338 2702 Quidve
357 2672 511 2705 sculptibtlir
542 2669 610 2698 ,Ιιὶηο
638 2673 664 2699 iu
692 2673 895 2706 magnitudinem
921 2678 1016 2704 erecta,

235 2709 286 2732 etc.
303 2706 387 2739 Quam
401 2712 472 2742 esset.
482 2715 496 2733 e
511 2715 538 2733 re
551 2707 714 2739 Christiana,
731 2713 759 2733 ut
772 2707 914 2742 purissima
925 2707 1018 2735 Graece

235 2745 326 2767 vetera
346 2741 468 2774 concilia,
487 2743 582 2768 tierent
593 2748 620 2768 et
636 2742 748 2769 Latine?
773 2741 778 2742 ⁷
932 2753 935 2756 ·

270 2775 327 2810 (52)
345 2775 426 2803 Huua
448 2777 538 2809 procul
563 2777 667 2809 templo,
694 2777 827 2810 πλησίστ-
850 2776 902 2803 rat")
925 2777 1015 2810 ἱεροῦ.

237 2809 347 2837 Videtur
361 2812 519 2838 Anastasius
543 2812 638 2846 lcgisse
662 2812 794 2846 ἱερατείου
806 2821 812 2826 ·
829 2820 888 2839 cum
905 2812 939 2838 ita
949 2809 1017 2838 red-

236 2846 275 2874 dit
292 2854 298 2873 :
313 2846 396 2873 Juxta
416 2847 559 2873 sacrat‘imn
584 2848 656 2873 theca
680 2852 839 2874 constructa.
863 2846 924 2874 Fuit
945 2847 1016 2874 forte

1072 2498 1223 2536 sepulcrum
1247 2499 1300 2536 hoc
1326 2500 1356 2525 ὲν
1376 2499 1414 2535 τῷ
1432 2501 1550 2536 προνάῳ,
1565 2508 1610 2536 rae
1634 2501 1763 2528 narthece
1786 2501 1859 2529 Alla-

1070 2534 1153 2566 tiano,
1168 2534 1208 2571 vel
1218 2535 1297 2571 etiam
1310 2539 1386 2571 extra
1398 2534 1506 2562 omnino
1515 2534 1669 2571 ecclesiam,
1680 2537 1752 2571 quod
1764 2535 1858 2564 Graeca

1069 2573 1174 2605 sonant,
1190 2569 1260 2595 haud
1276 2574 1363 2596 tamen
1382 2570 1458 2604 longe
1473 2571 1507 2598 ab
1520 2571 1574 2603 illa,
1593 2570 1663 2597 velut
1679 2569 1703 2597 in
1723 2573 1854 2605 peculiari

1068 2603 1177 2640 sacello,
1199 2610 1230 2640 ac
1256 2607 1394 2640 martyrio,
1415 2603 1484 2637 quod
1507 2611 1613 2632 vocant.
1642 2603 1729 2633 Alter'
1742 2607 1856 2640 interpr.

1068 2639 1177 2665 Omittit.
1194 2637 1269 2670 Quod
1286 2637 1386 2665 thecam
1401 2641 1569 2672 Anastasius,
1583 2648 1614 2667 ac
1628 2647 1719 2668 vocem
1734 2637 1857 2668 Grarcaut

1070 2673 1204 2709 retineat:
1222 2681 1270 2709 nec.
1287 2673 1387 2709 Latina
1398 2675 1450 2701 ulla
1467 2675 1593 2708 explicet,
1616 2682 1665 2702 stto
1681 2683 1755 2703 more
1780 2677 1856 2709 facit,

1067 2715 1120 2741 quo
1137 2706 1322 2742 βαρϐαρίζειν,
1334 2717 1365 2735 ac
1380 2708 1473 2736 Latine
1485 2706 1604 2736 Graecari
1623 2711 1763 2737 reddendis
1778 2706 1857 2737 (ἐι-πελ

1067 2743 1105 2769 cis
1124 2747 1207 2774 amat,
1224 2745 1260 2769 uti
1285 2745 1401 2770 maxime
1424 2746 1449 2770 in
1477 2744 1641 2778 Theophane
1661 2751 1742 2778 patet.
1773 2745 1856 2774 Nobis

1066 2783 1107 2803 est
1128 2778 1300 2815 condiwrium
1313 2786 1322 2815 ς
1336 2780 1490 2815 sepulcrum
1518 2779 1648 2815 amplum,
1667 2780 1754 2815 lapide
1777 2786 1854 2809 strtt-

1066 2819 1150 2843 ctum,
1163 2812 1192 2838 in
1202 2820 1254 2847 quo
1267 2815 1282 2848 ή
1298 2814 1374 2850 κλίνη
1392 2815 1503 2841 locatur.
