2080 3156
183 143 237 184 ιω

597 152 742 182 ἸΙΟΜΙΙᾸΛ
762 155 835 184 XIII.
858 155 1083 184 ADIIOI’L’I‘ATIO
1101 156 1147 184 AD
1168 154 1430 185 ΡωἪΤΕΝΤΙΑΜ.

1757 159 1812 186 MSS

183 212 251 249 πρὸς
268 211 298 238 τδ
311 211 390 248 όρθδν
406 211 452 238 καὶ
471 211 651 247 ἀδιάστροφον
662 213 862 247 ,κανονίζοντκ
878 213 972 245 Οὕτως

1024 215 1159 247 existimo,
1188 222 1288 249 vosque
1313 215 1384 242 idem
1411 214 1512 242 sentire
1536 223 1585 250 par
1609 220 1660 243 est.
1687 216 1812 252 Plerique

181 258 212 285 δὲ
232 257 304 293 ἔχειν
322 257 409 292 ἔγωγε
427 257 556 293 ἠγοῦμαι,
572 257 618 283 καὶ
633 258 705 293 ὑμᾶς
720 258 858 293 προσῆκον
878 258 972 285 πείθε-

183 303 254 330 σθαι.
274 303 369 330 Πολλοὶ
385 304 437 339 γάρ
455 305 507 330 εἰσι
523 303 577 330 τῶν
598 304 710 336 ἑαυτοὺς
730 305 904 333 δικαιούντων
915 306 974 341 φίλ-

181 357 260 376 αυτοι
293 350 341 376 καὶ
360 349 534 385 αὑτάρεσκοι,
553 351 581 376 ἐν
595 350 727 386 ὑπολήψει
744 351 786 378 διὰ
809 352 887 378 κενοῦ
908 361 973 388 φρο-

183 396 302 430 νήματος
329 394 511 431 ὠγκωμένω,
538 395 715 431 ἁμαρτωλοὺς
741 397 885 430 καλοῦντες
910 399 972 430 τοὺς

183 438 353 474 ἐγγίζοντας,
378 441 424 467 καὶ
441 441 504 476 πρὶν
520 441 606 468 ἐλθεῖν
624 442 655 468 τὸ
679 442 804 478 ἀληθινὸν
821 445 970 480 κριτήριον,

183 485 305 518 ἑαυτοὺς,
319 486 356 517 ὡς
371 485 453 520 ἄρνας
467 486 520 513 ἀπὸ
539 486 593 513 τῶν
606 487 716 522 ἐρίῳων,
732 487 907 523 χωρίζοντες,
927 489 972 516 καὶ

186 530 251 566 πρὸς
273 531 319 566 τὴν
342 531 426 566 θύραν
451 532 499 566 τῆς
520 531 659 567 βασιλείας
675 533 821 568 βλέποντες
843 534 879 566 ὼς
907 535 971 560 ἀνα-

187 576 360 611 πεπταμένην
397 577 501 609 αὺτοϊς·
530 578 560 604 οὐ
592 579 707 614 στέγης,
732 580 782 606 οὐκ
813 580 971 616 ἐδεσμάτων

185 621 321 654 ἀξιοῦντες
343 623 399 653 τοῖς
422 622 529 654 πολλοῖς
553 626 704 650 κοινωνεῖν·
725 624 929 661 βδελυσσόμενοι
944 626 971 652 δὲ

185 669 287 699 πάντας
297 668 359 699 τοὺς
375 668 412 703 μὴ
429 668 478 704 τὴν
494 668 593 704 ἄκραν,
607 670 674 696 ἀλλὰ
691 670 740 705 τὴν
758 671 844 708 μέσην
861 673 906 698 ἐπὶ
923 672 970 698 τοῦ

183 713 242 747 βίου
257 713 448 748 πορευομένοις
461 714 529 740 ὁδόν.

223 759 251 784 'U
268 759 355 785 τοίνυν
373 761 489 792 Λουκᾶς,
512 760 526 786 ὁ
539 760 619 787 πλέον
632 761 686 787 τῶν
700 762 793 797 ψυχῶν
811 762 825 797 ἢ
843 762 897 789 τῶν
915 771 970 789 σω-

182 804 275 840 μάτων
296 805 397 841 ἰατρὸς,
417 805 519 840 ἔγραψε
537 806 568 831 τὸ
587 807 616 832 ἐν
639 808 716 842 χερσὶ
731 807 868 843 διήγημα·
885 809 915 835 οὐ
928 809 971 835 λό-

181 859 229 885 γον
249 850 358 884 ἁπλῶς,
380 850 448 877 ἀλλὰ
468 851 612 887 φάρμακον
633 852 688 879 τῶν
712 853 861 880 νοσούντων
887 855 981 882 αὑθά-”

181 895 264 925 δειαν,
287 895 367 921 αὑτὸν
393 895 470 930 ἡμῶν
495 895 540 922 τὸν
557 896 623 923 Θεὸν
640 897 687 923 καὶ
710 897 823 932 Σωτῆρα
846 897 968 930 δεικνὺς,

182 941 227 968 τὸν
249 941 420 977 ἀσυγκρίτως
444 940 563 978 καθαρὸν
593 943 640 969 καὶ
667 943 745 978 μόνον
768 943 880 977 δίκαιον,
907 953 972 979 συγ,

181 987 359 1022 γνωμονικῶς
378 986 437 1013 λίαν
452 989 508 1019 τοῖς
530 989 765 1023 κατεγνωσμένοις
789 998 971 1025 συναναστρε-

183 1033 309 1068 ιρόμενον,
325 1034 371 1060 καὶ
384 1034 440 1065 τοῖς
457 1033 563 1060 οὐδέπω
581 1034 800 1070 κεκαθαρμένοις
818 1035 982 1074 συνδιαιτώχ

183 1087 278 1113 μενον·
303 1079 352 1114 οὐχ
379 1079 423 1106 ἵνα
443 1087 470 1105 τι
490 1079 629 1115 προσλάϐῃ
655 1080 704 1116 τῆς
728 1081 839 1107 ἐκείνων
856 1081 970 1114 κακίας,

182 1124 239 1150 ἀλλ’
252 1125 296 1151 ἶνα
315 1125 421 1160 μεταδῷ
435 1125 484 1160 τῆς
509 1126 612 1157 οἰκείας
634 1125 818 1163 δικαιοσύνης,
833 1127 904 1154 κατὰ
923 1127 971 1163 τὴν

183 1171 298 1206 ⁴ι’)τιιιακὴν
317 1170 417 1206 ταύτην
432 1171 482 1206 τὴν
498 1172 663 1207 φαινομένην
679 1173 817 1207 ἐνέργειαν
833 1173 904 1209 (ὅσον
917 1174 971 1200 ἀπὸ

183 1216 230 1243 τοῦ
256 1216 403 1252 κτίσματος
429 1217 602 1252 παραστῆσαι
625 1217 672 1245 τοῦ
699 1218 807 1245 κτίστου
833 1219 881 1255 τὴν
902 1221 970 1256 πρό-

134 1295 140 1299 .
183 1262 278 1297 νοιαν).
291 1263 383 1298 ’Ῑσμεν
402 1263 451 1298 μὲν
467 1263 530 1299 γὰρ,
544 1264 584 1290 ὃτι
601 1264 648 1290 κα)⁸
660 1265 674 1291 ὁ
687 1265 762 1299 ἥλιος
778 1266 807 1292 οὺ
821 1266 870 1297 τὰς
882 1267 969 1302 ήπλω-

185 1308 268 1343 μένας
289 1308 367 1343 μόνον
381 1309 529 1344 ἐπιλάμπει
545 1309 646 1344 χώρας,
661 1310 728 1337 ἀλλὰ
744 1311 790 1338 καὶ
804 1311 864 1338 ὅσαι
885 1312 970 1339 κοιλό-

182 1363 259 1389 τεραι
276 1355 321 1380 καὶ
335 1355 384 1390 τῆς
394 1354 543 1390 ἀντρώδους
557 1355 652 1390 ἐλαχον
668 1356 778 1388 θέσεως.
794 1357 968 1392 Παυσώμεθα

181 1399 281 1432 τοίνυν,
301 1400 327 1426 εῖ
337 1408 408 1432 τινες
424 1400 510 1432 οὕτως
523 1401 686 1437 φρονοῦμεν,
701 1402 737 1434 ὡς
752 1403 766 1429 ό
778 1402 855 1437 λόγος
872 1403 968 1438 φησίν·

184 1445 367 1481 μιμησώμεθα
383 1446 410 1472 δὲ
431 1445 477 1472 τοῦ
493 1447 627 1473 Δεσπότου
644 1447 673 1473 τὺ
697 1447 786 1479 ἵλεων,
811 1448 858 1474 καὶ
877 1448 970 1483 φιλάν-

183 1490 300 1527 θρωπον,
315 1492 371 1523 τοῖς
385 1493 522 1523 ταπεινοῖς
539 1491 582 1518 διὰ
598 1491 677 1519 τοῦτο
690 1493 967 1528 συγκαταϐαίνοντεςο

182 1535 230 1570 οὐχ
246 1535 290 1562 ἴνα
304 1536 395 1567 αὐτοῖς
415 1537 550 1572 κειμένοις
565 1538 833 1574 συνταπεινωθῶμεν,
853 1539 910 1566 ἀλλ’
925 1539 969 1566 ῖνα
982 1553 1003 1582 c

183 1581 328 1612 κάκείνους
344 1581 497 1618 ὑψώσωμεν
507 1591 513 1597 ·
528 1580 583 1610 οἷον
597 1583 765 1619 κολυμϐηταί
778 1592 848 1617 τινες
860 1585 968 1621 ἐφυδροι

181 1626 245 1657 τοὺς
274 1627 444 1662 παγομένους
471 1628 538 1663 προς
562 1628 607 1655 τὸν
634 1628 746 1660 ζωτικὸν
777 1630 846 1666 ἀέρα
875 1631 969 1658 τοῦτον

182 1672 348 1705 ὰνέλκοντες.

223 1762 330 1798 Ἐπειδὴ
354 1762 382 1789 δὲ
402 1762 470 1798 πρὸς
496 1763 610 1800 ἀρίστην
632 1765 723 1800 νόησιν
740 1765 770 1791 τὸ
794 1765 968 1800 εὐαγγελικδν

181 1807 299 1843 γράμμα
331 1810 516 1844 χειραγωγεῖ,
549 1810 615 1846 φέρε
645 1811 712 1846 πρὸς
737 1810 783 1837 τὸν
814 1811 968 1846 ἐμπεσόντα

182 1851 281 1881 σκοπὸν
296 1855 408 1886 ἑαυτοὺς
423 1855 619 1891 ἀποτεινωμεν.
637 1855 776 1892 Θαυμάζω
790 1856 891 1892 σφόδρα
906 1858 968 1889 τοὺς

181 1898 230 1934 τὴν
253 1900 362 1936 ἐμπαθῆ
392 1901 493 1934 ταύτην
518 1901 566 1928 καὶ
592 1901 732 1937 φιλήδονον
761 1903 968 1937 περικειμένους

182 1944 280 1980 σάρκα.
303 1945 477 1981 ἡττωμένους
501 1947 529 1973 δὲ
550 1947 709 1983 καθημέραν
735 1947 819 1974 ὕπνου
845 1948 893 1973 καὶ
914 1955 966 1982 γα-

182 1990 275 2026 στρός·
290 1991 320 2018 οὺ
343 1992 396 2026 μὴν
413 1991 473 2018 οὐδὲ
489 1992 543 2019 τῶν
567 1993 655 2019 ἄλλων
677 1992 830 2028 ἐρεθισμῶν
847 1993 966 2028 ἀπείρως

181 2035 302 2070 ἔχοντας,
316 2036 370 2063 τῶν
378 2037 435 2064 ὅσοι
451 2037 582 2073 γνώριμοι
596 2039 678 2065 πᾶσιν
690 2039 756 2074 ἡμῖν
766 2039 822 2070 τοῖς
835 2037 885 2072 τῆς
902 2039 967 2073 μιᾶς

180 2081 226 2108 καὶ
243 2083 292 2118 τῆς
308 2082 393 2118 αὐτῆς
409 2083 565 2110 κοινωνοῦσι
587 2083 704 2118 φύσεως,
719 2084 793 2116 ὅπως
812 2083 865 2110 εισὶ
883 2083 966 2119 σκλη-

179 2127 223 2162 ρο).
241 2127 365 2154 δικασταὶ
385 2128 439 2154 τῶν
464 2129 683 2165 ἁμαρτανόντων,
704 2129 750 2155 καὶ
767 2128 873 2155 ἑαυτῶν
899 2137 966 2164 συγ-

180 2171 330 2207 γνώμονες·
347 2173 470 2206 ἀσθενεῖς
487 2175 646 2208 ἀγωνισταὶ,
667 2175 712 2201 καὶ
722 2175 904 2209 ἀπαραίτητοι
923 2183 964 2202 νο-

1024 261 1095 287 enim
1120 268 1226 292 eorum,
1251 261 1296 294 qui
1319 261 1398 295 seipsi
1412 260 1543 294 jutlicant,
1560 261 1611 288 sibi
1627 267 1811 295 assentautur,

1024 313 1053 332 se
1069 305 1191 340 diligunt,
1216 306 1266 333 sibi
1288 306 1403 340 placent,
1421 306 1550 341 inanique
1573 307 1701 340 opinione
1717 308 1810 336 tumidi

1024 354 1105 384 atque
1123 349 1216 382 inﬂati,
1235 357 1292 382 eos,
1310 351 1354 385 qui
1380 351 1413 377 ad
1436 358 1466 377 se
1492 351 1632 382 accedunt,
1656 357 1812 385 peccatum-st

1023 395 1158 429 appellant
1177 399 1203 422 et
1222 400 1366 431 antequam
1393 396 1448 422 veri
1472 395 1564 429 judicii
1587 401 1690 430 tempus
1708 397 1809 429 veniat,

1023 449 1051 469 se
1064 446 1190 475 tanquam
1206 449 1289 476 agnos
1300 442 1338 468 'ab
1354 442 1437 469 [tardis
1453 447 1590 476 separant,
1608 442 1723 476 coelique
1738 443 1810 470 fores

1022 487 1072 514 sibi
1095 493 1203 522 apertas
1226 487 1373 520 intuentes,
1404 495 1454 515 nec
1483 490 1589 515 doutunt
1618 496 1678 515 cum
1709 489 1811 524 reliqua

1023 532 1127 559 tnultitu
1140 533 1202 565 line,
1223 540 1272 560 nec
1292 533 1381 560 cibum
1406 533 1551 568 dignantur
1576 534 1675 561 habere
1695 542 1812 562 commu-

1023 585 1095 608 nem,
1120 581 1201 612 atqne
1215 586 1318 610 omnes,
1341 578 1386 611 qtti
1403 585 1456 604 nou
1475 585 1523 612 per
1539 586 1682 611 summam.
1703 580 1749 607 sed
1762 586 1811 614 per

1023 623 1137 649 mediam
1155 629 1213 650 vita:
1227 624 1349 650 semitam
1367 623 1506 656 incedunt,
1527 624 1704 652 detestantur.

1057 755 1145 783 Lucas
1169 755 1261 790 Igitur,
1278 756 1430 784 animorum
1452 758 1546 792 magis,
1572 766 1650 793 quam
1667 766 1809 794 corporum

1022 803 1150 834 medicus,
1172 808 1329 836 praesentem
1345 803 1413 830 hanc
1434 804 1511 831 nobis
1533 812 1584 831 llOll
1602 809 1655 831 tam
1673 805 1806 832 narratio-

1022 857 1092 881 neut,
1105 857 1184 883 quam
1198 849 1274 882 plane
1289 851 1436 884 appositam
1451 850 1644 884 wgrotantibus
1660 849 1730 877 fastu
1748 859 1806 877 tne-

1021 895 1135 921 dicinatn
1150 894 1281 926 exhibuit,
1298 895 1452 928 oateudens,
1470 897 1556 930 ipsum
1577 895 1659 922 Dcttttl
1678 895 1809 922 Servato—

1023 948 1076 966 rctn
1101 944 1230 972 nostrum,
1255 941 1300 975 qui
1324 941 1381 967 sine
1408 941 1607 976 corrzparatiouc
1628 949 1709 977 purus
1727 947 1809 976 atque

1021 985 1126 1021 inti-ger
1142 991 1192 1019 est,
1216 987 1344 1022 solusque
1361 987 1462 1022 justus,
1483 988 1630 1015 clementer
1653 987 1807 1020 admodum,

1022 1033 1186 1067 lwnigucquc
1204 1040 1265 1059 cum
1293 1033 1404 1067 perditis
1433 1038 1515 1067 atque
1538 1034 1670 1060 damnatis
1693 1034 1808 1066 versari,

1020 1084 1048 1105 et
1070 1086 1129 1104 cum
1151 1078 1195 1110 iis,
1214 1079 1260 1113 qui
1287 1078 1405 1105 uondttttt
1423 1079 1482 1113 puri
1503 1079 1650 1113 mundique
1668 1084 1743 1112 sunt,
1768 1079 1808 1106 vi-

1021 1131 1093 1155 vere,
1109 1131 1162 1151 non
1179 1129 1207 1150 ut
1226 1131 1319 1151 eorum
1338 1125 1458 1152 maculas
1483 1125 1610 1159 accipiat,
1628 1125 1674 1152 sed
1700 1130 1729 1151 ut
1753 1124 1807 1153 illis

1017 1169 1151 1204 justitiam
1169 1178 1245 1197 suam
1271 1170 1462 1205 intpcrtiatur:
1488 1171 1574 1198 instar
1599 1171 1711 1206 hujusce
1729 1171 1807 1203 solis,

1007 1223 1099 1249 quem
1114 1215 1261 1248 cernimus,
1279 1217 1324 1251 qui
1341 1216 1415 1251 (licet
1425 1217 1497 1244 enim
1512 1225 1544 1244 ex
1555 1225 1583 1244 re
1595 1222 1734 1252 procreata
1746 1226 1809 1252 pro-

1021 1261 1150 1288 creatoris
1175 1262 1372 1296 providentiam
1402 1263 1564 1298 intelligere)
1587 1272 1639 1290 non
1658 1264 1751 1298 planas
1766 1271 1809 1291 so-

1021 1306 1074 1333 lum
1092 1308 1214 1342 regiones
1240 1308 1367 1341 illustrat,
1386 1308 1432 1335 sed
1455 1309 1514 1336 illas
1541 1310 1634 1349 etiam,
1663 1318 1723 1344 quae
1745 1315 1808 1337 sunt

1020 1353 1104 1380 antris
1133 1354 1312 1388 cavet-nisque
1348 1359 1485 1382 tortuosae.
1527 1355 1696 1390 Deponamus
1726 1356 1808 1390 igitur

1020 1400 1215 1434 arrogantiam,
1230 1400 1252 1427 si
1273 1400 1318 1434 qui
1344 1399 1410 1427 tales
1430 1408 1534 1432 sumus,
1550 1401 1636 1435 qualis
1656 1407 1697 1428 est
1712 1402 1745 1434 is,
1759 1399 1806 1436 qui

1021 1444 1072 1471 hac
1086 1444 1208 1472 oratione
1231 1445 1384 1479 descriptus
1406 1449 1447 1472 cst
1462 1465 1469 1478 ,
1487 1445 1678 1481 imitenturque
1701 1447 1807 1474 Domini

1020 1489 1232 1517 misericordiam
1248 1495 1276 1517 et
1291 1489 1496 1523 humanitatem,
1517 1491 1632 1520 humiles
1651 1497 1678 1520 et
1693 1491 1809 1520 alllictos

1021 1536 1056 1562 Ita
1073 1536 1293 1570 complectentes,
1317 1543 1369 1563 non
1387 1541 1416 1563 ut
1435 1544 1496 1563 cum
1516 1537 1569 1564 illis
1578 1537 1730 1571 iacentibus
1742 1545 1808 1565 cou-

1020 1585 1184 1614 steruantur,
1214 1582 1260 1609 sed
1277 1586 1306 1609 ttt
1332 1582 1488 1617 eospotius
1512 1583 1674 1616 excitemus,
1697 1589 1724 1611 et
1747 1588 1807 1610 tan-

1020 1635 1099 1662 quam
1116 1627 1217 1662 egregii
1241 1628 1350 1661 quidam
1377 1628 1530 1655 urinatores
1553 1629 1579 1655 in
1601 1630 1678 1664 aquis
1698 1631 1806 1657 demer-

1020 1681 1076 1706 sos,
1092 1672 1123 1700 ac
1138 1673 1323 1705 moribundos,
1337 1672 1370 1699 ad
1385 1672 1493 1700 vitalem
1515 1672 1586 1701 hunc
1608 1681 1698 1701 aerem
1714 1679 1807 1702 extra-

1019 1719 1124 1746 hamus.

1054 1764 1185 1797 Quouiatn
1203 1769 1293 1792 autent
1317 1764 1540 1800 pulcherrimum,
1555 1773 1714 1801 summeque
1727 1767 1807 1795 nobis

1019 1811 1083 1837 utile
1097 1811 1202 1846 signum
1219 1816 1373 1846 proponunt
1397 1811 1454 1838 haec
1468 1811 1605 1846 Evangelii
1627 1813 1740 1846 scripta,
1755 1820 1805 1847 age

1019 1856 1083 1883 illuc
1098 1857 1196 1884 mentis
1216 1857 1301 1884 aciettt
1322 1857 1505 1884 intendamus.
1525 1854 1705 1884 Vehementer
1723 1858 1806 1885 admi-

1021 1910 1076 1934 ror,
1092 1910 1145 1937 quo
1162 1903 1240 1930 modo
1252 1904 1306 1936 isti,
1322 1903 1367 1938 qui
1384 1908 1479 1930 natura
1494 1904 1743 1938 p’erturbationibus
1754 1905 1803 1932 ob-

1020 1948 1110 1979 noxia,
1133 1948 1355 1984 voluptatumque
1380 1949 1502 1975 studiosa
1534 1949 1694 1976 circumdati
1725 1955 1803 1982 sunt,

1019 1993 1118 2027 quique
1130 1997 1186 2019 tum
1201 1993 1362 2026 dormiendi,
1378 1998 1434 2021 tum
1448 1994 1556 2028 edendi,
1573 1998 1600 2022 et
1617 1996 1724 2024 caeteris
1738 2003 1803 2024 ven-

1019 2038 1052 2064 tri
1081 2039 1242 2066 necessariis
1264 2040 1357 2067 usibus
1382 2040 1503 2075 quotidie
1526 2045 1634 2075 parent,
1655 2047 1737 2078 atque
1757 2044 1804 2071 iis-

1017 2084 1078 2111 dem
1095 2084 1286 2119 cupiditatibus
1307 2085 1414 2113 incitari
1440 2094 1470 2114 se
1493 2088 1623 2120 sentiunt,
1648 2096 1717 2123 quas
1744 2097 1804 2120 nos.

1017 2130 1064 2165 qui
1077 2138 1130 2158 una
1144 2131 1292 2167 eademque
1308 2140 1369 2159 cum
1390 2132 1445 2160 illis
1461 2138 1555 2161 natura
1576 2135 1680 2169 praediti
1697 2143 1803 2168 sumus,

1017 2177 1182 2211 experimur,
1207 2177 1354 2212 iuiquiores
1374 2185 1414 2210 se,
1436 2186 1469 2206 ac
1492 2179 1616 2208 duriores
1630 2181 1655 2207 in
1681 2188 1739 2214 eos,
1758 2183 1804 2217 qui

180 2216 290 2251 μοθέται
301 2226 307 2232 ·
322 2217 360 2250 ὡς
382 2219 428 2245 καὶ
448 2219 497 2254 τῆς
515 2220 563 2245 τοῦ
579 2219 646 2246 Θεοῦ
670 2219 874 2255 φιλανθρωπίας
890 2219 965 2246 ἀναι-

1020 2227 1140 2256 peccant,
1153 2223 1256 2262 iudices
1277 2225 1424 2258 praebeant,
1448 2225 1554 2260 sibique
1576 2231 1742 2261 pugnatores
1762 2228 1805 2255 iu‘

179 2264 237 2297 ρείν
249 2264 296 2298 τὴν
311 2263 415 2296 ἐλπίδα,
442 2266 489 2292 καὶ
502 2265 693 2301 ἀποφράττειν,
703 2265 741 2297 ὼς
755 2265 902 2300 νομίζουσι,
918 2265 968 2300 τὴν

179 2307 294 2342 ἄφθονον
308 2308 355 2335 τοῦ
374 2309 465 2341 ἐλέους
480 2311 582 2346 πηγὴν,
601 2311 647 2337 καὶ
664 2311 732 2346 μετὰ
752 2311 852 2345 πολλῆς
868 2311 895 2337 δὲ
918 2312 967 2347 τῆς

179 2351 322 2385 αὺοεντίας
335 2354 489 2380 ἀποκλείειν
504 2357 559 2386 τοῖς
578 2355 751 2390 πλανηθεῖσιν
765 2355 814 2391 τῆς
830 2355 967 2390 βασιλείας

179 2398 228 2433 τὴν
244 2399 354 2426 εἴσοδον.
369 2400 453 2427 Τοῦτο
468 2401 496 2427 δὲ
513 2401 589 2428 οὐδὲν
608 2401 671 2427 ἄλλο
687 2401 703 2437 ἢ
722 2401 767 2428 καὶ¹
780 2401 889 2436 νομικὸν
911 2401 969 2436 (60)

179 2445 333 2478 ἀπόγνωσιν
355 2447 478 2482 ἐμποιεῖν
498 2447 597 2483 ψυχαῖς
621 2448 742 2483 ἰατρείαν
765 2448 919 2482 ζητούσαις.
939 2448 967 2474 Ὀ

178 2490 233 2524 γὰρ
256 2490 305 2524 τῆς
326 2489 473 2526 θεραπείας
491 2492 654 2525 ἀπελπίσας,
673 2493 764 2525 δοῦλος
776 2494 882 2527 γίνεται
907 2485 969 2520 καοέ

182 2534 256 2571 απαξ
277 2535 327 2570 τῆς
342 2537 436 2564 νόσου·
455 2538 502 2564 καὶ
524 2538 577 2574 πρό
590 2547 621 2574 γε
639 2539 730 2572 πάσης
755 2539 805 2574 τῆς
821 2539 875 2565 τῶν
900 2540 969 2574 ἡμε-

178 2580 264 2615 τέρων
279 2581 393 2617 Γραφῶν
408 2583 576 2618 ἐπαγγελίας
590 2585 729 2620 ἀλλότριος
741 2593 748 2600 ·
766 2585 825 2611 οὐδὲ
841 2584 895 2620 γὰρ
911 2585 969 2611 ἐκεῖ

177 2625 216 2660 τῷ
236 2627 351 2659 συνετῶς
366 2628 519 2662 ἐξετάζοντι
535 2629 664 2661 τοιοῦτον,
680 2631 694 2656 ὁ
716 2631 753 2666 μὴ
774 2631 854 2666 χάρις
872 2631 966 2667 δωρεῖ-

178 2678 232 2703 ται,
255 2674 300 2699 καὶ
318 2672 464 2710 θεραπεύει
481 2675 638 2712 συγγνώμη.
655 2677 710 2703 Καὶ
726 2677 767 2708 τίς
791 2676 877 2709 οὕτως
901 2677 966 2704 ὑπό-

179 2724 268 2752 κωφος
287 2719 335 2746 καὶ
352 2720 468 2755 ἀνήκοος
488 2721 542 2748 τῶν
556 2721 644 2756 λόγων
666 2721 712 2749 τοῦ
730 2721 800 2756 Ἰὼϐ,
817 2722 966 2759 διαρρήδην

213 2845 270 2880 (60)
290 2853 335 2880 γρ.
358 2845 458 2879 dum;
469 2846 648 2883 οἰκονομικόν.

1021 2267 1090 2295 ﬁrmi
1104 2273 1158 2295 tam
1176 2269 1255 2296 facile
1270 2270 1434 2305 indulgeant,
1458 2271 1484 2298 in
1508 2271 1576 2298 alios
1599 2278 1688 2299 autem
1710 2274 1803 2300 arbitri

1019 2321 1080 2341 esse
1098 2314 1181 2341 velint
1205 2315 1396 2347 inexorabiles.
1419 2317 1487 2343 adeo
1510 2322 1540 2344 ut
1564 2317 1610 2345 Dei
1630 2319 1804 2354 benignitatis

1017 2366 1092 2393 spem
1107 2359 1242 2392 auferunt,
1258 2360 1422 2396 ubercmque
1435 2361 1627 2389 misericordiae
1641 2363 1742 2390 fontem
1754 2365 1804 2390 oly-

1018 2401 1134 2438 stiuant,
1154 2410 1183 2432 ιιι
1201 2405 1249 2440 ipsi
1266 2409 1370 2440 putant,
1387 2406 1524 2441 multaque
1544 2407 1704 2435 auctoritate
1726 2409 1803 2444 regni

1017 2451 1119 2478 aditttm
1147 2452 1302 2479 errantibus
1333 2451 1498 2486 patefaciant
1528 2452 1702 2490 [πεινάοντα.
1727 2455 1804 2487 Quod

1018 2503 1078 2522 cum
1096 2495 1161 2523 nihil
1177 2496 1249 2523 aliud
1266 2497 1311 2529 sit,
1328 2503 1408 2531 quam
1431 2497 1529 2524 animis
1549 2498 1715 2526 curationem
1729 2507 1816 2534 qtttco'

1020 2542 1141 2569 rentibus
1155 2542 1372 2576 desperationem
1395 2542 1539 2578 ohjicere:
1562 2544 1605 2570 cui
1632 2544 1704 2572 enim
1725 2553 1804 2572 cura.
1841 2574 1844 2580 ,

1021 2586 1101 2613 tionis
1115 2586 1238 2620 adempta
1251 2593 1314 2620 spes
1327 2592 1378 2620 est,
1399 2588 1421 2614 is
1441 2587 1519 2622 plane
1531 2588 1617 2615 morbi
1635 2596 1730 2618 servus
1744 2592 1803 2618 elli-

1020 2631 1103 2664 citur.
1126 2636 1181 2658 ttttn
1202 2631 1235 2658 ab
1254 2632 1327 2659 omni
1346 2632 1451 2660 alienus
1468 2638 1509 2661 est
1531 2633 1733 2668 Scripturarum
1755 2644 1803 2663 nn-

1018 2682 1135 2705 strarum
1153 2677 1350 2712 promissione:
1374 2678 1401 2706 in
1422 2679 1531 2714 quibus.
1547 2681 1569 2707 si
1592 2680 1735 2715 diligenter
1755 2690 1803 2709 ex-

1019 2722 1120 2758 plores,
1147 2722 1215 2750 nihil
1239 2728 1293 2750 tam
1323 2731 1405 2759 grave
1434 2726 1579 2761 reperitur,
1601 2727 1673 2762 quod
1698 2735 1751 2756 non
1777 2733 1804 2756 et
