  <div class='ocr_page' id='page_1' title='image "/cluster/home/n/w/nwhite01/storage/ocr_20150623/40/njp.32101012273239/195.png"; bbox 0 0 2080 3156; ppageno 0'>
   <div class='ocr_carea' id='block_1_1' title="bbox 238 162 289 195">
    <p class='ocr_par' dir='ltr' id='par_1_1' title="bbox 238 162 289 195">
     <span class='ocr_line' id='line_1_1' title="bbox 238 162 289 195; baseline 0 0"><span class='ocrx_word' id='word_1_1' title='bbox 238 162 289 195; x_wconf 65' lang='grc' dir='ltr'><strong>δεῖν</strong></span> 
     </span>
    </p>
   </div>
   <div class='ocr_carea' id='block_1_2' title="bbox 868 154 1230 188">
    <p class='ocr_par' dir='ltr' id='par_1_2' title="bbox 868 154 1230 188">
     <span class='ocr_line' id='line_1_2' title="bbox 868 154 1230 188; baseline -0.006 0"><span class='ocrx_word' id='word_1_2' title='bbox 868 159 899 188; x_wconf 82' lang='lat' dir='ltr'><strong>S.</strong></span> <span class='ocrx_word' id='word_1_3' title='bbox 919 155 1058 188; x_wconf 76' lang='lat' dir='ltr'><strong>ASTERll</strong></span> <span class='ocrx_word' id='word_1_4' title='bbox 1078 154 1230 188; x_wconf 72' lang='lat' dir='ltr'><strong>AMASENI</strong></span> 
     </span>
    </p>
   </div>
   <div class='ocr_carea' id='block_1_3' title="bbox 1804 154 1858 187">
    <p class='ocr_par' dir='ltr' id='par_1_3' title="bbox 1804 154 1858 187">
     <span class='ocr_line' id='line_1_3' title="bbox 1804 154 1858 187; baseline 0.019 -1"><span class='ocrx_word' id='word_1_5' title='bbox 1804 154 1858 187; x_wconf 67' lang='lat'><strong>560</strong></span> 
     </span>
    </p>
   </div>
   <div class='ocr_carea' id='block_1_4' title="bbox 235 209 1025 254">
    <p class='ocr_par' dir='ltr' id='par_1_4' title="bbox 235 217 1023 254">
     <span class='ocr_line' id='line_1_4' title="bbox 235 217 1023 254; baseline -0.011 -2"><span class='ocrx_word' id='word_1_6' title='bbox 235 225 339 253; x_wconf 73' lang='lat' dir='ltr'><strong>clarum</strong></span> <span class='ocrx_word' id='word_1_7' title='bbox 351 221 416 250; x_wconf 91' lang='lat' dir='ltr'><strong>illud</strong></span> <span class='ocrx_word' id='word_1_8' title='bbox 431 221 527 249; x_wconf 70' lang='lat' dir='ltr'><strong>divinae</strong></span> <span class='ocrx_word' id='word_1_9' title='bbox 536 219 623 248; x_wconf 83' lang='lat' dir='ltr'><strong>laudis</strong></span> <span class='ocrx_word' id='word_1_10' title='bbox 642 217 815 254; x_wconf 62' lang='lat' dir='ltr'><strong>praeconium,</strong></span> <span class='ocrx_word' id='word_1_11' title='bbox 827 217 948 245; x_wconf 82' lang='lat' dir='ltr'><strong>mulieris</strong></span> <span class='ocrx_word' id='word_1_12' title='bbox 963 217 1023 252; x_wconf 92' lang='lat' dir='ltr'><strong>pul-</strong></span> 
     </span>
    </p>
   </div>
   <div class='ocr_carea' id='block_1_5' title="bbox 1075 209 1857 254">
    <p class='ocr_par' dir='ltr' id='par_1_5' title="bbox 1076 209 1857 252">
     <span class='ocr_line' id='line_1_5' title="bbox 1076 209 1857 252; baseline -0.004 -8"><span class='ocrx_word' id='word_1_13' title='bbox 1076 215 1160 249; x_wconf 77' lang='grc' dir='ltr'>Οὖτος</span> <span class='ocrx_word' id='word_1_14' title='bbox 1186 215 1254 251; x_wconf 74' lang='grc' dir='ltr'>μετὰ</span> <span class='ocrx_word' id='word_1_15' title='bbox 1281 214 1330 250; x_wconf 80' lang='grc' dir='ltr'>τὴν</span> <span class='ocrx_word' id='word_1_16' title='bbox 1347 213 1476 250; x_wconf 65' lang='grc' dir='ltr'>λαμπρὰν</span> <span class='ocrx_word' id='word_1_17' title='bbox 1492 213 1652 249; x_wconf 82' lang='grc' dir='ltr'>μαρτυρίαν,</span> <span class='ocrx_word' id='word_1_18' title='bbox 1670 209 1745 245; x_wconf 67' lang='grc' dir='ltr'>οὗτος</span> <span class='ocrx_word' id='word_1_19' title='bbox 1764 215 1857 252; x_wconf 75' lang='grc' dir='ltr'>ἐπειδὴ</span> 
     </span>
    </p>
   </div>
   <div class='ocr_carea' id='block_1_6' title="bbox 238 257 1018 302">
    <p class='ocr_par' dir='ltr' id='par_1_6' title="bbox 238 257 1018 302">
     <span class='ocr_line' id='line_1_6' title="bbox 238 257 1018 302; baseline -0.009 -5"><span class='ocrx_word' id='word_1_20' title='bbox 238 269 394 298; x_wconf 86' lang='lat' dir='ltr'><strong>ehritudine</strong></span> <span class='ocrx_word' id='word_1_21' title='bbox 409 272 512 302; x_wconf 79' lang='lat' dir='ltr'><strong>captus,</strong></span> <span class='ocrx_word' id='word_1_22' title='bbox 533 266 632 301; x_wconf 84' lang='lat' dir='ltr'><strong>quibus</strong></span> <span class='ocrx_word' id='word_1_23' title='bbox 652 272 681 292; x_wconf 87' lang='lat' dir='ltr'><strong>se</strong></span> <span class='ocrx_word' id='word_1_24' title='bbox 699 264 815 299; x_wconf 75' lang='lat' dir='ltr'><strong>peccatis</strong></span> <span class='ocrx_word' id='word_1_25' title='bbox 827 257 1018 296; x_wconf 79' lang='lat' dir='ltr'><strong>obstrinxerit,</strong></span> 
     </span>
    </p>
   </div>
   <div class='ocr_carea' id='block_1_7' title="bbox 238 309 1022 344">
    <p class='ocr_par' dir='ltr' id='par_1_7' title="bbox 238 309 1022 344">
     <span class='ocr_line' id='line_1_7' title="bbox 238 309 1022 344; baseline -0.009 -1"><span class='ocrx_word' id='word_1_26' title='bbox 238 323 334 343; x_wconf 82' lang='lat' dir='ltr'><strong>omnes</strong></span> <span class='ocrx_word' id='word_1_27' title='bbox 364 314 476 341; x_wconf 77' lang='lat' dir='ltr'><strong>scimus.</strong></span> <span class='ocrx_word' id='word_1_28' title='bbox 505 313 629 340; x_wconf 81' lang='lat' dir='ltr'><strong>Attamen</strong></span> <span class='ocrx_word' id='word_1_29' title='bbox 653 310 722 337; x_wconf 90' lang='lat' dir='ltr'><strong>idem</strong></span> <span class='ocrx_word' id='word_1_30' title='bbox 742 317 757 336; x_wconf 90' lang='lat' dir='ltr'><strong>a</strong></span> <span class='ocrx_word' id='word_1_31' title='bbox 779 309 907 344; x_wconf 78' lang='lat' dir='ltr'><strong>propheta</strong></span> <span class='ocrx_word' id='word_1_32' title='bbox 930 316 1022 343; x_wconf 85' lang='lat' dir='ltr'><strong>repre-</strong></span> 
     </span>
    </p>
   </div>
   <div class='ocr_carea' id='block_1_8' title="bbox 239 355 1021 390">
    <p class='ocr_par' dir='ltr' id='par_1_8' title="bbox 239 355 1021 390">
     <span class='ocr_line' id='line_1_8' title="bbox 239 355 1021 390; baseline -0.009 -2"><span class='ocrx_word' id='word_1_33' title='bbox 239 362 338 388; x_wconf 86' lang='lat' dir='ltr'><strong>hensus</strong></span> <span class='ocrx_word' id='word_1_34' title='bbox 350 360 497 386; x_wconf 87' lang='lat' dir='ltr'><strong>admissum</strong></span> <span class='ocrx_word' id='word_1_35' title='bbox 509 357 596 384; x_wconf 80' lang='lat' dir='ltr'><strong>scelus</strong></span> <span class='ocrx_word' id='word_1_36' title='bbox 607 356 726 390; x_wconf 80' lang='lat' dir='ltr'><strong>agnovit,</strong></span> <span class='ocrx_word' id='word_1_37' title='bbox 741 359 768 381; x_wconf 86' lang='lat' dir='ltr'><strong>et</strong></span> <span class='ocrx_word' id='word_1_38' title='bbox 780 355 945 389; x_wconf 61' lang='lat' dir='ltr'><strong>paenitentia:</strong></span> <span class='ocrx_word' id='word_1_39' title='bbox 964 363 1021 382; x_wconf 85' lang='lat' dir='ltr'><strong>mo-</strong></span> 
     </span>
    </p>
   </div>
   <div class='ocr_carea' id='block_1_9' title="bbox 239 400 1018 441">
    <p class='ocr_par' dir='ltr' id='par_1_9' title="bbox 239 400 1018 441">
     <span class='ocr_line' id='line_1_9' title="bbox 239 400 1018 441; baseline -0.01 -8"><span class='ocrx_word' id='word_1_40' title='bbox 239 408 301 433; x_wconf 90' lang='lat' dir='ltr'><strong>dum</strong></span> <span class='ocrx_word' id='word_1_41' title='bbox 317 405 432 441; x_wconf 78' lang='lat' dir='ltr'><strong>posteris</strong></span> <span class='ocrx_word' id='word_1_42' title='bbox 458 403 587 437; x_wconf 85' lang='lat' dir='ltr'><strong>scriptum</strong></span> <span class='ocrx_word' id='word_1_43' title='bbox 612 401 729 436; x_wconf 75' lang='lat' dir='ltr'><strong>reliquit.</strong></span> <span class='ocrx_word' id='word_1_44' title='bbox 750 400 930 434; x_wconf 81' lang='lat' dir='ltr'><strong>Quamobrem</strong></span> <span class='ocrx_word' id='word_1_45' title='bbox 944 400 1018 427; x_wconf 89' lang='lat' dir='ltr'><strong>dolo-</strong></span> 
     </span>
    </p>
   </div>
   <div class='ocr_carea' id='block_1_10' title="bbox 241 446 1021 484">
    <p class='ocr_par' dir='ltr' id='par_1_10' title="bbox 241 446 1021 484">
     <span class='ocr_line' id='line_1_10' title="bbox 241 446 1021 484; baseline -0.008 -6"><span class='ocrx_word' id='word_1_46' title='bbox 241 460 294 478; x_wconf 72' lang='lat' dir='ltr'><strong>rem</strong></span> <span class='ocrx_word' id='word_1_47' title='bbox 311 451 368 484; x_wconf 86' lang='lat' dir='ltr'><strong>ejus</strong></span> <span class='ocrx_word' id='word_1_48' title='bbox 392 450 418 477; x_wconf 90' lang='lat' dir='ltr'><strong>in</strong></span> <span class='ocrx_word' id='word_1_49' title='bbox 435 450 504 476; x_wconf 89' lang='lat' dir='ltr'><strong>libro</strong></span> <span class='ocrx_word' id='word_1_50' title='bbox 529 448 697 475; x_wconf 85' lang='lat' dir='ltr'><strong>Psaimorum</strong></span> <span class='ocrx_word' id='word_1_51' title='bbox 723 451 849 480; x_wconf 78' lang='lat' dir='ltr'><strong>tanquam</strong></span> <span class='ocrx_word' id='word_1_52' title='bbox 867 446 893 472; x_wconf 91' lang='lat' dir='ltr'><strong>in</strong></span> <span class='ocrx_word' id='word_1_53' title='bbox 912 446 1021 479; x_wconf 85' lang='lat' dir='ltr'><strong>speculo</strong></span> 
     </span>
    </p>
   </div>
   <div class='ocr_carea' id='block_1_11' title="bbox 240 490 1022 527">
    <p class='ocr_par' dir='ltr' id='par_1_11' title="bbox 240 490 1022 527">
     <span class='ocr_line' id='line_1_11' title="bbox 240 490 1022 527; baseline -0.004 -7"><span class='ocrx_word' id='word_1_54' title='bbox 240 495 359 521; x_wconf 86' lang='lat' dir='ltr'><strong>videmus</strong></span> <span class='ocrx_word' id='word_1_55' title='bbox 372 501 539 527; x_wconf 82' lang='lat' dir='ltr'><strong>expressum,</strong></span> <span class='ocrx_word' id='word_1_56' title='bbox 555 491 599 518; x_wconf 92' lang='lat' dir='ltr'><strong>ubi</strong></span> <span class='ocrx_word' id='word_1_57' title='bbox 616 491 778 523; x_wconf 86' lang='lat' dir='ltr'><strong>nuncluctu,</strong></span> <span class='ocrx_word' id='word_1_58' title='bbox 792 495 818 518; x_wconf 89' lang='lat' dir='ltr'><strong>et</strong></span> <span class='ocrx_word' id='word_1_59' title='bbox 829 490 954 525; x_wconf 79' lang='lat' dir='ltr'><strong>squalore</strong></span> <span class='ocrx_word' id='word_1_60' title='bbox 962 498 1022 518; x_wconf 88' lang='lat' dir='ltr'><strong>cor-</strong></span> 
     </span>
    </p>
   </div>
   <div class='ocr_carea' id='block_1_12' title="bbox 239 535 1022 574">
    <p class='ocr_par' dir='ltr' id='par_1_12' title="bbox 239 535 1022 574">
     <span class='ocr_line' id='line_1_12' title="bbox 239 535 1022 574; baseline -0.006 -9"><span class='ocrx_word' id='word_1_61' title='bbox 239 547 289 574; x_wconf 84' lang='lat' dir='ltr'><strong>pus</strong></span> <span class='ocrx_word' id='word_1_62' title='bbox 305 539 442 566; x_wconf 77' lang='lat' dir='ltr'><strong>excruciat</strong></span> <span class='ocrx_word' id='word_1_63' title='bbox 458 548 465 565; x_wconf 90' lang='lat'><strong>:</strong></span> <span class='ocrx_word' id='word_1_64' title='bbox 485 546 554 565; x_wconf 89' lang='lat' dir='ltr'><strong>nunc</strong></span> <span class='ocrx_word' id='word_1_65' title='bbox 565 537 614 564; x_wconf 83' lang='lat' dir='ltr'><strong>sibi</strong></span> <span class='ocrx_word' id='word_1_66' title='bbox 632 540 725 564; x_wconf 87' lang='lat' dir='ltr'><strong>noctes</strong></span> <span class='ocrx_word' id='word_1_67' title='bbox 740 537 773 562; x_wconf 86' lang='lat' dir='ltr'><strong>ad</strong></span> <span class='ocrx_word' id='word_1_68' title='bbox 793 535 935 570; x_wconf 78' lang='lat' dir='ltr'><strong>lugendum</strong></span> <span class='ocrx_word' id='word_1_69' title='bbox 953 542 1022 568; x_wconf 74' lang='lat' dir='ltr'><strong>prae-</strong></span> 
     </span>
    </p>
   </div>
   <div class='ocr_carea' id='block_1_13' title="bbox 240 581 1021 619">
    <p class='ocr_par' dir='ltr' id='par_1_13' title="bbox 240 581 1021 619">
     <span class='ocr_line' id='line_1_13' title="bbox 240 581 1021 619; baseline -0.006 -8"><span class='ocrx_word' id='word_1_70' title='bbox 240 585 344 617; x_wconf 77' lang='lat' dir='ltr'><strong>scrihit,</strong></span> <span class='ocrx_word' id='word_1_71' title='bbox 357 585 427 619; x_wconf 91' lang='lat' dir='ltr'><strong>quod</strong></span> <span class='ocrx_word' id='word_1_72' title='bbox 445 584 552 618; x_wconf 83' lang='lat' dir='ltr'><strong>quidem</strong></span> <span class='ocrx_word' id='word_1_73' title='bbox 573 588 677 617; x_wconf 76' lang='lat' dir='ltr'><strong>tempus</strong></span> <span class='ocrx_word' id='word_1_74' title='bbox 692 581 828 608; x_wconf 87' lang='lat' dir='ltr'><strong>communi</strong></span> <span class='ocrx_word' id='word_1_75' title='bbox 844 581 1021 608; x_wconf 82' lang='lat' dir='ltr'><strong>laborantium</strong></span> 
     </span>
    </p>
   </div>
   <div class='ocr_carea' id='block_1_14' title="bbox 239 626 1022 665">
    <p class='ocr_par' dir='ltr' id='par_1_14' title="bbox 239 626 1022 665">
     <span class='ocr_line' id='line_1_14' title="bbox 239 626 1022 665; baseline -0.006 -8"><span class='ocrx_word' id='word_1_76' title='bbox 239 630 321 665; x_wconf 81' lang='lat' dir='ltr'><strong>quieti</strong></span> <span class='ocrx_word' id='word_1_77' title='bbox 345 631 436 656; x_wconf 88' lang='lat' dir='ltr'><strong>datum</strong></span> <span class='ocrx_word' id='word_1_78' title='bbox 456 633 512 661; x_wconf 84' lang='lat' dir='ltr'><strong>est;</strong></span> <span class='ocrx_word' id='word_1_79' title='bbox 532 636 603 655; x_wconf 94' lang='lat' dir='ltr'><strong>nunc</strong></span> <span class='ocrx_word' id='word_1_80' title='bbox 621 628 754 663; x_wconf 82' lang='lat' dir='ltr'><strong>lacrymas</strong></span> <span class='ocrx_word' id='word_1_81' title='bbox 773 635 788 654; x_wconf 88' lang='lat' dir='ltr'><strong>e</strong></span> <span class='ocrx_word' id='word_1_82' title='bbox 808 627 944 661; x_wconf 84' lang='lat' dir='ltr'><strong>palpebris</strong></span> <span class='ocrx_word' id='word_1_83' title='bbox 966 626 1022 653; x_wconf 86' lang='lat' dir='ltr'><strong>suis</strong></span> 
     </span>
    </p>
   </div>
   <div class='ocr_carea' id='block_1_15' title="bbox 229 671 1021 710">
    <p class='ocr_par' dir='ltr' id='par_1_15' title="bbox 229 671 1021 710">
     <span class='ocr_line' id='line_1_15' title="bbox 229 671 1021 710; baseline -0.005 -8"><span class='ocrx_word' id='word_1_84' title='bbox 229 671 366 710; x_wconf 28' lang='lat' dir='ltr'><strong>htanquam</strong></span> <span class='ocrx_word' id='word_1_85' title='bbox 389 682 404 702; x_wconf 86' lang='lat' dir='ltr'><strong>e</strong></span> <span class='ocrx_word' id='word_1_86' title='bbox 426 675 544 702; x_wconf 77' lang='lat' dir='ltr'><strong>fontibus</strong></span> <span class='ocrx_word' id='word_1_87' title='bbox 579 673 754 708; x_wconf 83' lang='lat' dir='ltr'><strong>prolu’ndens,</strong></span> <span class='ocrx_word' id='word_1_88' title='bbox 771 673 896 699; x_wconf 82' lang='lat' dir='ltr'><strong>lectulum</strong></span> <span class='ocrx_word' id='word_1_89' title='bbox 912 671 1021 706; x_wconf 73' lang='lat' dir='ltr'><strong>irrigat,</strong></span> 
     </span>
    </p>
   </div>
   <div class='ocr_carea' id='block_1_16' title="bbox 237 717 1021 756">
    <p class='ocr_par' dir='ltr' id='par_1_16' title="bbox 237 717 1021 756">
     <span class='ocr_line' id='line_1_16' title="bbox 237 717 1021 756; baseline -0.003 -10"><span class='ocrx_word' id='word_1_90' title='bbox 237 725 264 747; x_wconf 77' lang='grc' dir='ltr'><strong>ιιι</strong></span> <span class='ocrx_word' id='word_1_91' title='bbox 281 721 535 756; x_wconf 74' lang='lat' dir='ltr'><strong>quinquagesinntm</strong></span> <span class='ocrx_word' id='word_1_92' title='bbox 552 719 684 754; x_wconf 79' lang='lat' dir='ltr'><strong>psalmum</strong></span> <span class='ocrx_word' id='word_1_93' title='bbox 697 718 774 744; x_wconf 87' lang='lat' dir='ltr'><strong>nobis</strong></span> <span class='ocrx_word' id='word_1_94' title='bbox 785 717 916 748; x_wconf 81' lang='lat' dir='ltr'><strong>elaborat,</strong></span> <span class='ocrx_word' id='word_1_95' title='bbox 932 717 1021 750; x_wconf 89' lang='lat' dir='ltr'><strong>inquo</strong></span> 
     </span>
    </p>
   </div>
   <div class='ocr_carea' id='block_1_17' title="bbox 241 761 1020 799">
    <p class='ocr_par' dir='ltr' id='par_1_17' title="bbox 241 761 1020 799">
     <span class='ocr_line' id='line_1_17' title="bbox 241 761 1020 799; baseline -0.005 -7"><span class='ocrx_word' id='word_1_96' title='bbox 241 767 322 792; x_wconf 82' lang='lat' dir='ltr'><strong>Deum</strong></span> <span class='ocrx_word' id='word_1_97' title='bbox 336 766 492 799; x_wconf 75' lang='lat' dir='ltr'><strong>pmniteittia</strong></span> <span class='ocrx_word' id='word_1_98' title='bbox 509 764 632 799; x_wconf 78' lang='lat' dir='ltr'><strong>placandi</strong></span> <span class='ocrx_word' id='word_1_99' title='bbox 645 763 797 797; x_wconf 78' lang='lat' dir='ltr'><strong>exeluplum</strong></span> <span class='ocrx_word' id='word_1_100' title='bbox 808 762 954 797; x_wconf 78' lang='lat' dir='ltr'><strong>ellingitur.</strong></span> <span class='ocrx_word' id='word_1_101' title='bbox 965 761 1020 789; x_wconf 85' lang='lat' dir='ltr'><strong>Ne-</strong></span> 
     </span>
    </p>
   </div>
   <div class='ocr_carea' id='block_1_18' title="bbox 236 807 1022 846">
    <p class='ocr_par' dir='ltr' id='par_1_18' title="bbox 236 807 1022 846">
     <span class='ocr_line' id='line_1_18' title="bbox 236 807 1022 846; baseline -0.006 -8"><span class='ocrx_word' id='word_1_102' title='bbox 236 819 289 846; x_wconf 89' lang='lat' dir='ltr'><strong>que</strong></span> <span class='ocrx_word' id='word_1_103' title='bbox 302 819 366 838; x_wconf 89' lang='lat' dir='ltr'><strong>vero</strong></span> <span class='ocrx_word' id='word_1_104' title='bbox 379 812 468 838; x_wconf 85' lang='lat' dir='ltr'><strong>luctus</strong></span> <span class='ocrx_word' id='word_1_105' title='bbox 485 810 569 844; x_wconf 80' lang='lat' dir='ltr'><strong>ipsius</strong></span> <span class='ocrx_word' id='word_1_106' title='bbox 588 809 678 836; x_wconf 85' lang='lat' dir='ltr'><strong>inanis</strong></span> <span class='ocrx_word' id='word_1_107' title='bbox 698 808 758 836; x_wconf 77' lang='lat' dir='ltr'><strong>fuit.</strong></span> <span class='ocrx_word' id='word_1_108' title='bbox 775 808 828 835; x_wconf 88' lang='lat' dir='ltr'><strong>Sed</strong></span> <span class='ocrx_word' id='word_1_109' title='bbox 843 815 938 843; x_wconf 79' lang='lat' dir='ltr'><strong>graves</strong></span> <span class='ocrx_word' id='word_1_110' title='bbox 962 807 1022 842; x_wconf 86' lang='lat' dir='ltr'><strong>ejus</strong></span> 
     </span>
    </p>
   </div>
   <div class='ocr_carea' id='block_1_19' title="bbox 236 850 1023 890">
    <p class='ocr_par' dir='ltr' id='par_1_19' title="bbox 236 850 1023 890">
     <span class='ocr_line' id='line_1_19' title="bbox 236 850 1023 890; baseline -0.009 -7"><span class='ocrx_word' id='word_1_111' title='bbox 236 856 352 890; x_wconf 81' lang='lat' dir='ltr'><strong>gemitus</strong></span> <span class='ocrx_word' id='word_1_112' title='bbox 367 854 582 882; x_wconf 75' lang='lat' dir='ltr'><strong>misericordiam</strong></span> <span class='ocrx_word' id='word_1_113' title='bbox 595 853 766 883; x_wconf 84' lang='lat' dir='ltr'><strong>invenerunt,</strong></span> <span class='ocrx_word' id='word_1_114' title='bbox 780 855 809 878; x_wconf 92' lang='lat' dir='ltr'><strong>ut</strong></span> <span class='ocrx_word' id='word_1_115' title='bbox 820 855 848 878; x_wconf 88' lang='lat' dir='ltr'><strong>et</strong></span> <span class='ocrx_word' id='word_1_116' title='bbox 859 850 961 885; x_wconf 86' lang='lat' dir='ltr'><strong>imperii</strong></span> <span class='ocrx_word' id='word_1_117' title='bbox 980 850 1023 877; x_wconf 90' lang='lat' dir='ltr'><strong>di-</strong></span> 
     </span>
    </p>
   </div>
   <div class='ocr_carea' id='block_1_20' title="bbox 236 889 1058 936">
    <p class='ocr_par' dir='ltr' id='par_1_20' title="bbox 236 889 1058 936">
     <span class='ocr_line' id='line_1_20' title="bbox 236 889 1058 936; baseline -0.009 -8"><span class='ocrx_word' id='word_1_118' title='bbox 236 889 350 936; x_wconf 57' lang='lat' dir='ltr'><strong>gnitate.</strong></span> <span class='ocrx_word' id='word_1_119' title='bbox 362 907 388 928; x_wconf 92' lang='lat' dir='ltr'><strong>et</strong></span> <span class='ocrx_word' id='word_1_120' title='bbox 405 899 524 927; x_wconf 81' lang='lat' dir='ltr'><strong>amicitia</strong></span> <span class='ocrx_word' id='word_1_121' title='bbox 545 899 590 926; x_wconf 89' lang='lat' dir='ltr'><strong>Dei</strong></span> <span class='ocrx_word' id='word_1_122' title='bbox 612 898 697 925; x_wconf 79' lang='lat' dir='ltr'><strong>libere</strong></span> <span class='ocrx_word' id='word_1_123' title='bbox 719 897 864 924; x_wconf 81' lang='lat' dir='ltr'><strong>frueretur.</strong></span> <span class='ocrx_word' id='word_1_124' title='bbox 881 895 939 922; x_wconf 83' lang='lat' dir='ltr'><strong>Rex</strong></span> <span class='ocrx_word' id='word_1_125' title='bbox 958 895 1021 922; x_wconf 85' lang='lat' dir='ltr'><strong>item</strong></span> <span class='ocrx_word' id='word_1_126' title='bbox 1038 889 1058 916; x_wconf 81' lang='grc' dir='ltr'><strong><em>Β</em></strong></span> 
     </span>
    </p>
   </div>
   <div class='ocr_carea' id='block_1_21' title="bbox 237 940 1022 976">
    <p class='ocr_par' dir='ltr' id='par_1_21' title="bbox 237 940 1022 976">
     <span class='ocr_line' id='line_1_21' title="bbox 237 940 1022 976; baseline -0.01 -3"><span class='ocrx_word' id='word_1_127' title='bbox 237 947 280 973; x_wconf 89' lang='lat' dir='ltr'><strong>ille</strong></span> <span class='ocrx_word' id='word_1_128' title='bbox 296 946 472 973; x_wconf 80' lang='lat' dir='ltr'><strong>Ninivitarum</strong></span> <span class='ocrx_word' id='word_1_129' title='bbox 488 943 657 971; x_wconf 76' lang='lat' dir='ltr'><strong>multitudine</strong></span> <span class='ocrx_word' id='word_1_130' title='bbox 675 947 847 976; x_wconf 83' lang='lat' dir='ltr'><strong>peccatorum</strong></span> <span class='ocrx_word' id='word_1_131' title='bbox 860 941 892 967; x_wconf 90' lang='lat' dir='ltr'><strong>ad</strong></span> <span class='ocrx_word' id='word_1_132' title='bbox 910 940 1022 967; x_wconf 75' lang='lat' dir='ltr'><strong>exitium</strong></span> 
     </span>
    </p>
   </div>
   <div class='ocr_carea' id='block_1_22' title="bbox 237 984 1021 1023">
    <p class='ocr_par' dir='ltr' id='par_1_22' title="bbox 237 984 1021 1023">
     <span class='ocr_line' id='line_1_22' title="bbox 237 984 1021 1023; baseline -0.01 -5"><span class='ocrx_word' id='word_1_133' title='bbox 237 991 428 1023; x_wconf 81' lang='lat' dir='ltr'><strong>contendebat,</strong></span> <span class='ocrx_word' id='word_1_134' title='bbox 451 997 503 1016; x_wconf 87' lang='lat' dir='ltr'><strong>una</strong></span> <span class='ocrx_word' id='word_1_135' title='bbox 522 996 582 1016; x_wconf 85' lang='lat' dir='ltr'><strong>cum</strong></span> <span class='ocrx_word' id='word_1_136' title='bbox 603 988 727 1023; x_wconf 85' lang='lat' dir='ltr'><strong>populis,_</strong></span> <span class='ocrx_word' id='word_1_137' title='bbox 742 987 842 1021; x_wconf 82' lang='lat' dir='ltr'><strong>quibus</strong></span> <span class='ocrx_word' id='word_1_138' title='bbox 862 984 1021 1020; x_wconf 72' lang='lat' dir='ltr'><strong>imperabat.</strong></span> 
     </span>
    </p>
   </div>
   <div class='ocr_carea' id='block_1_23' title="bbox 238 1031 1024 1070">
    <p class='ocr_par' dir='ltr' id='par_1_23' title="bbox 238 1031 1024 1070">
     <span class='ocr_line' id='line_1_23' title="bbox 238 1031 1024 1070; baseline -0.009 -6"><span class='ocrx_word' id='word_1_139' title='bbox 238 1037 271 1064; x_wconf 78' lang='lat' dir='ltr'><strong>Et</strong></span> <span class='ocrx_word' id='word_1_140' title='bbox 284 1038 316 1069; x_wconf 88' lang='lat' dir='ltr'><strong>is,</strong></span> <span class='ocrx_word' id='word_1_141' title='bbox 339 1037 384 1070; x_wconf 90' lang='lat' dir='ltr'><strong>qui</strong></span> <span class='ocrx_word' id='word_1_142' title='bbox 401 1040 508 1070; x_wconf 82' lang='lat' dir='ltr'><strong>peccata</strong></span> <span class='ocrx_word' id='word_1_143' title='bbox 523 1035 642 1068; x_wconf 84' lang='lat' dir='ltr'><strong>ipsorum</strong></span> <span class='ocrx_word' id='word_1_144' title='bbox 660 1033 847 1066; x_wconf 75' lang='lat' dir='ltr'><strong>redarguebat,</strong></span> <span class='ocrx_word' id='word_1_145' title='bbox 867 1031 938 1058; x_wconf 89' lang='lat' dir='ltr'><strong>diem</strong></span> <span class='ocrx_word' id='word_1_146' title='bbox 960 1038 1024 1064; x_wconf 80' lang='lat' dir='ltr'><strong>sup-</strong></span> 
     </span>
    </p>
   </div>
   <div class='ocr_carea' id='block_1_24' title="bbox 241 1075 1021 1116">
    <p class='ocr_par' dir='ltr' id='par_1_24' title="bbox 241 1075 1021 1116">
     <span class='ocr_line' id='line_1_24' title="bbox 241 1075 1021 1116; baseline -0.01 -7"><span class='ocrx_word' id='word_1_147' title='bbox 241 1083 322 1116; x_wconf 89' lang='lat' dir='ltr'><strong>plicio</strong></span> <span class='ocrx_word' id='word_1_148' title='bbox 335 1081 494 1116; x_wconf 63' lang='lat' dir='ltr'><strong>prmtinitam</strong></span> <span class='ocrx_word' id='word_1_149' title='bbox 507 1079 683 1106; x_wconf 80' lang='lat' dir='ltr'><strong>denuntiabat</strong></span> <span class='ocrx_word' id='word_1_150' title='bbox 700 1077 925 1112; x_wconf 85' lang='lat' dir='ltr'><strong>appropinquare.</strong></span> <span class='ocrx_word' id='word_1_151' title='bbox 939 1075 1021 1102; x_wconf 82' lang='lat' dir='ltr'><strong>Cum-</strong></span> 
     </span>
    </p>
   </div>
   <div class='ocr_carea' id='block_1_25' title="bbox 237 1121 1022 1162">
    <p class='ocr_par' dir='ltr' id='par_1_25' title="bbox 237 1121 1022 1162">
     <span class='ocr_line' id='line_1_25' title="bbox 237 1121 1022 1162; baseline -0.008 -10"><span class='ocrx_word' id='word_1_152' title='bbox 237 1135 289 1162; x_wconf 86' lang='lat' dir='ltr'><strong>que</strong></span> <span class='ocrx_word' id='word_1_153' title='bbox 313 1127 458 1160; x_wconf 87' lang='lat' dir='ltr'><strong>prudenter</strong></span> <span class='ocrx_word' id='word_1_154' title='bbox 480 1125 517 1152; x_wconf 89' lang='lat' dir='ltr'><strong>illi</strong></span> <span class='ocrx_word' id='word_1_155' title='bbox 549 1129 634 1151; x_wconf 84' lang='lat' dir='ltr'><strong>scmct</strong></span> <span class='ocrx_word' id='word_1_156' title='bbox 665 1123 812 1158; x_wconf 78' lang='lat' dir='ltr'><strong>aﬂligentes</strong></span> <span class='ocrx_word' id='word_1_157' title='bbox 840 1121 1022 1148; x_wconf 81' lang='lat' dir='ltr'><strong>calamitatem</strong></span> 
     </span>
    </p>
   </div>
   <div class='ocr_carea' id='block_1_26' title="bbox 237 1166 1022 1206">
    <p class='ocr_par' dir='ltr' id='par_1_26' title="bbox 237 1166 1022 1206">
     <span class='ocr_line' id='line_1_26' title="bbox 237 1166 1022 1206; baseline -0.009 -7"><span class='ocrx_word' id='word_1_158' title='bbox 237 1172 393 1206; x_wconf 71' lang='lat' dir='ltr'><strong>eﬂ‘ugissent</strong></span> <span class='ocrx_word' id='word_1_159' title='bbox 407 1171 444 1201; x_wconf 84' lang='grc'><strong>⁹⁹,</strong></span> <span class='ocrx_word' id='word_1_160' title='bbox 465 1170 573 1197; x_wconf 83' lang='lat' dir='ltr'><strong>dolebat</strong></span> <span class='ocrx_word' id='word_1_161' title='bbox 600 1168 728 1203; x_wconf 82' lang='lat' dir='ltr'><strong>propheta</strong></span> <span class='ocrx_word' id='word_1_162' title='bbox 756 1167 827 1202; x_wconf 90' lang='lat' dir='ltr'><strong>quod</strong></span> <span class='ocrx_word' id='word_1_163' title='bbox 847 1166 936 1198; x_wconf 82' lang='lat' dir='ltr'><strong>mala.</strong></span> <span class='ocrx_word' id='word_1_164' title='bbox 961 1173 1022 1201; x_wconf 66' lang='lat' dir='ltr'><strong>qum</strong></span> 
     </span>
    </p>
   </div>
   <div class='ocr_carea' id='block_1_27' title="bbox 238 1211 1022 1252">
    <p class='ocr_par' dir='ltr' id='par_1_27' title="bbox 238 1211 1022 1252">
     <span class='ocr_line' id='line_1_27' title="bbox 238 1211 1022 1252; baseline -0.01 -8"><span class='ocrx_word' id='word_1_165' title='bbox 238 1217 409 1252; x_wconf 62' lang='lat' dir='ltr'><strong>praedixerat,</strong></span> <span class='ocrx_word' id='word_1_166' title='bbox 426 1223 478 1242; x_wconf 90' lang='lat' dir='ltr'><strong>non</strong></span> <span class='ocrx_word' id='word_1_167' title='bbox 493 1214 656 1244; x_wconf 79' lang='lat' dir='ltr'><strong>evenissent,</strong></span> <span class='ocrx_word' id='word_1_168' title='bbox 682 1212 782 1247; x_wconf 87' lang='lat' dir='ltr'><strong>Deique</strong></span> <span class='ocrx_word' id='word_1_169' title='bbox 803 1211 1022 1238; x_wconf 84' lang='lat' dir='ltr'><strong>commiseratio-</strong></span> 
     </span>
    </p>
   </div>
   <div class='ocr_carea' id='block_1_28' title="bbox 239 1256 1022 1298">
    <p class='ocr_par' dir='ltr' id='par_1_28' title="bbox 239 1256 1022 1298">
     <span class='ocr_line' id='line_1_28' title="bbox 239 1256 1022 1298; baseline -0.01 -8"><span class='ocrx_word' id='word_1_170' title='bbox 239 1271 300 1291; x_wconf 81' lang='lat' dir='ltr'><strong>nem</strong></span> <span class='ocrx_word' id='word_1_171' title='bbox 323 1264 414 1298; x_wconf 78' lang='lat' dir='ltr'><strong>iniquo</strong></span> <span class='ocrx_word' id='word_1_172' title='bbox 430 1262 520 1288; x_wconf 88' lang='lat' dir='ltr'><strong>animo</strong></span> <span class='ocrx_word' id='word_1_173' title='bbox 535 1260 647 1288; x_wconf 79' lang='lat' dir='ltr'><strong>ferebat.</strong></span> <span class='ocrx_word' id='word_1_174' title='bbox 663 1259 698 1285; x_wconf 79' lang='lat' dir='ltr'><strong>At</strong></span> <span class='ocrx_word' id='word_1_175' title='bbox 717 1258 770 1290; x_wconf 76' lang='lat' dir='ltr'><strong>ille,</strong></span> <span class='ocrx_word' id='word_1_176' title='bbox 788 1257 832 1291; x_wconf 89' lang='lat' dir='ltr'><strong>qui</strong></span> <span class='ocrx_word' id='word_1_177' title='bbox 852 1256 950 1290; x_wconf 84' lang='lat' dir='ltr'><strong>ubique</strong></span> <span class='ocrx_word' id='word_1_178' title='bbox 966 1261 1022 1283; x_wconf 86' lang='lat' dir='ltr'><strong>tum</strong></span> 
     </span>
    </p>
   </div>
   <div class='ocr_carea' id='block_1_29' title="bbox 238 1303 1024 1340">
    <p class='ocr_par' dir='ltr' id='par_1_29' title="bbox 238 1303 1024 1340">
     <span class='ocr_line' id='line_1_29' title="bbox 238 1303 1024 1340; baseline -0.008 -6"><span class='ocrx_word' id='word_1_179' title='bbox 238 1309 343 1339; x_wconf 80' lang='lat' dir='ltr'><strong>verbis,</strong></span> <span class='ocrx_word' id='word_1_180' title='bbox 366 1313 421 1334; x_wconf 88' lang='lat' dir='ltr'><strong>tum</strong></span> <span class='ocrx_word' id='word_1_181' title='bbox 440 1306 518 1333; x_wconf 78' lang='lat' dir='ltr'><strong>lactis</strong></span> <span class='ocrx_word' id='word_1_182' title='bbox 545 1305 663 1337; x_wconf 89' lang='lat' dir='ltr'><strong>indicat,</strong></span> <span class='ocrx_word' id='word_1_183' title='bbox 685 1308 786 1340; x_wconf 88' lang='lat' dir='ltr'><strong>quanta</strong></span> <span class='ocrx_word' id='word_1_184' title='bbox 806 1303 930 1330; x_wconf 88' lang='lat' dir='ltr'><strong>homines</strong></span> <span class='ocrx_word' id='word_1_185' title='bbox 943 1303 1024 1329; x_wconf 90' lang='lat' dir='ltr'><strong>bene-</strong></span> 
     </span>
    </p>
   </div>
   <div class='ocr_carea' id='block_1_30' title="bbox 239 1348 1024 1386">
    <p class='ocr_par' dir='ltr' id='par_1_30' title="bbox 239 1348 1024 1386">
     <span class='ocr_line' id='line_1_30' title="bbox 239 1348 1024 1386; baseline -0.01 -6"><span class='ocrx_word' id='word_1_186' title='bbox 239 1353 354 1381; x_wconf 85' lang='lat' dir='ltr'><strong>volentia</strong></span> <span class='ocrx_word' id='word_1_187' title='bbox 376 1351 586 1386; x_wconf 87' lang='lat' dir='ltr'><strong>complectatur,</strong></span> <span class='ocrx_word' id='word_1_188' title='bbox 606 1350 680 1382; x_wconf 76' lang='lat' dir='ltr'><strong>fecit,</strong></span> <span class='ocrx_word' id='word_1_189' title='bbox 695 1353 724 1376; x_wconf 89' lang='lat' dir='ltr'><strong>ut</strong></span> <span class='ocrx_word' id='word_1_190' title='bbox 739 1348 878 1375; x_wconf 77' lang='lat' dir='ltr'><strong>cucurbita</strong></span> <span class='ocrx_word' id='word_1_191' title='bbox 899 1354 1024 1373; x_wconf 87' lang='lat' dir='ltr'><strong>nascere-</strong></span> 
     </span>
    </p>
   </div>
   <div class='ocr_carea' id='block_1_31' title="bbox 239 1393 1023 1434">
    <p class='ocr_par' dir='ltr' id='par_1_31' title="bbox 239 1393 1023 1434">
     <span class='ocr_line' id='line_1_31' title="bbox 239 1393 1023 1434; baseline -0.011 -7"><span class='ocrx_word' id='word_1_192' title='bbox 239 1405 360 1434; x_wconf 67' lang='lat' dir='ltr'><strong>tur,quae</strong></span> <span class='ocrx_word' id='word_1_193' title='bbox 374 1403 454 1433; x_wconf 84' lang='lat' dir='ltr'><strong>caput</strong></span> <span class='ocrx_word' id='word_1_194' title='bbox 470 1397 528 1432; x_wconf 89' lang='lat' dir='ltr'><strong>ejus</strong></span> <span class='ocrx_word' id='word_1_195' title='bbox 537 1397 570 1423; x_wconf 84' lang='lat' dir='ltr'><strong>ab</strong></span> <span class='ocrx_word' id='word_1_196' title='bbox 582 1395 678 1430; x_wconf 83' lang='lat' dir='ltr'><strong>injuria</strong></span> <span class='ocrx_word' id='word_1_197' title='bbox 693 1394 758 1422; x_wconf 87' lang='lat' dir='ltr'><strong>solis</strong></span> <span class='ocrx_word' id='word_1_198' title='bbox 771 1394 947 1424; x_wconf 79' lang='lat' dir='ltr'><strong>defenderet;</strong></span> <span class='ocrx_word' id='word_1_199' title='bbox 972 1393 1023 1418; x_wconf 90' lang='lat' dir='ltr'><strong>sub</strong></span> 
     </span>
    </p>
   </div>
   <div class='ocr_carea' id='block_1_32' title="bbox 238 1438 1022 1478">
    <p class='ocr_par' dir='ltr' id='par_1_32' title="bbox 238 1438 1022 1478">
     <span class='ocr_line' id='line_1_32' title="bbox 238 1438 1022 1478; baseline -0.011 -5"><span class='ocrx_word' id='word_1_200' title='bbox 238 1447 332 1473; x_wconf 78' lang='lat' dir='ltr'><strong>umbra</strong></span> <span class='ocrx_word' id='word_1_201' title='bbox 345 1449 434 1472; x_wconf 83' lang='lat' dir='ltr'><strong>autem</strong></span> <span class='ocrx_word' id='word_1_202' title='bbox 457 1444 540 1478; x_wconf 87' lang='lat' dir='ltr'><strong>ipsius</strong></span> <span class='ocrx_word' id='word_1_203' title='bbox 560 1450 592 1470; x_wconf 87' lang='lat' dir='ltr'><strong>eo</strong></span> <span class='ocrx_word' id='word_1_204' title='bbox 613 1442 764 1470; x_wconf 83' lang='lat' dir='ltr'><strong>dormiente</strong></span> <span class='ocrx_word' id='word_1_205' title='bbox 791 1440 882 1467; x_wconf 80' lang='lat' dir='ltr'><strong>statim</strong></span> <span class='ocrx_word' id='word_1_206' title='bbox 907 1438 1022 1466; x_wconf 81' lang='lat' dir='ltr'><strong>exaruit.</strong></span> 
     </span>
    </p>
   </div>
   <div class='ocr_carea' id='block_1_33' title="bbox 238 1484 1023 1525">
    <p class='ocr_par' dir='ltr' id='par_1_33' title="bbox 238 1484 1023 1525">
     <span class='ocr_line' id='line_1_33' title="bbox 238 1484 1023 1525; baseline -0.013 -6"><span class='ocrx_word' id='word_1_207' title='bbox 238 1492 289 1525; x_wconf 85' lang='lat' dir='ltr'><strong>Qui</strong></span> <span class='ocrx_word' id='word_1_208' title='bbox 314 1499 375 1518; x_wconf 85' lang='lat' dir='ltr'><strong>eum</strong></span> <span class='ocrx_word' id='word_1_209' title='bbox 400 1493 575 1524; x_wconf 74' lang='lat' dir='ltr'><strong>experrectus</strong></span> <span class='ocrx_word' id='word_1_210' title='bbox 601 1495 658 1515; x_wconf 90' lang='lat' dir='ltr'><strong>rem</strong></span> <span class='ocrx_word' id='word_1_211' title='bbox 672 1495 743 1521; x_wconf 59' lang='lat' dir='ltr'><strong>agre</strong></span> <span class='ocrx_word' id='word_1_212' title='bbox 761 1487 854 1518; x_wconf 77' lang='lat' dir='ltr'><strong>ferret,</strong></span> <span class='ocrx_word' id='word_1_213' title='bbox 875 1484 1023 1518; x_wconf 86' lang='lat' dir='ltr'><strong>reprehen-</strong></span> 
     </span>
    </p>
   </div>
   <div class='ocr_carea' id='block_1_34' title="bbox 239 1530 1024 1570">
    <p class='ocr_par' dir='ltr' id='par_1_34' title="bbox 239 1530 1024 1570">
     <span class='ocr_line' id='line_1_34' title="bbox 239 1530 1024 1570; baseline -0.011 -6"><span class='ocrx_word' id='word_1_214' title='bbox 239 1538 321 1567; x_wconf 86' lang='lat' dir='ltr'><strong>ditur.</strong></span> <span class='ocrx_word' id='word_1_215' title='bbox 336 1535 420 1570; x_wconf 90' lang='lat' dir='ltr'><strong>quod,</strong></span> <span class='ocrx_word' id='word_1_216' title='bbox 436 1542 497 1562; x_wconf 88' lang='lat' dir='ltr'><strong>cum</strong></span> <span class='ocrx_word' id='word_1_217' title='bbox 514 1534 571 1567; x_wconf 81' lang='lat' dir='ltr'><strong>ipse</strong></span> <span class='ocrx_word' id='word_1_218' title='bbox 582 1533 728 1567; x_wconf 72' lang='lat' dir='ltr'><strong>virgultum</strong></span> <span class='ocrx_word' id='word_1_219' title='bbox 748 1531 888 1559; x_wconf 81' lang='lat' dir='ltr'><strong>exaruisse</strong></span> <span class='ocrx_word' id='word_1_220' title='bbox 901 1530 1024 1563; x_wconf 76' lang='lat' dir='ltr'><strong>indigne-</strong></span> 
     </span>
    </p>
   </div>
   <div class='ocr_carea' id='block_1_35' title="bbox 240 1575 1023 1616">
    <p class='ocr_par' dir='ltr' id='par_1_35' title="bbox 240 1575 1023 1616">
     <span class='ocr_line' id='line_1_35' title="bbox 240 1575 1023 1616; baseline -0.013 -6"><span class='ocrx_word' id='word_1_221' title='bbox 240 1589 293 1615; x_wconf 85' lang='lat' dir='ltr'><strong>tur,</strong></span> <span class='ocrx_word' id='word_1_222' title='bbox 318 1582 384 1610; x_wconf 92' lang='lat' dir='ltr'><strong>nolit</strong></span> <span class='ocrx_word' id='word_1_223' title='bbox 406 1582 489 1608; x_wconf 83' lang='lat' dir='ltr'><strong>Deum</strong></span> <span class='ocrx_word' id='word_1_224' title='bbox 511 1578 662 1616; x_wconf 81' lang='lat' dir='ltr'><strong>propinquo</strong></span> <span class='ocrx_word' id='word_1_225' title='bbox 676 1583 759 1606; x_wconf 64' lang='lat' dir='ltr'><strong>tanta:</strong></span> <span class='ocrx_word' id='word_1_226' title='bbox 774 1576 893 1605; x_wconf 86' lang='lat' dir='ltr'><strong>civitatis</strong></span> <span class='ocrx_word' id='word_1_227' title='bbox 912 1575 1023 1602; x_wconf 87' lang='lat' dir='ltr'><strong>interitu</strong></span> 
     </span>
    </p>
   </div>
   <div class='ocr_carea' id='block_1_36' title="bbox 239 1625 438 1655">
    <p class='ocr_par' dir='ltr' id='par_1_36' title="bbox 239 1625 438 1655">
     <span class='ocr_line' id='line_1_36' title="bbox 239 1625 438 1655; baseline -0.015 0"><span class='ocrx_word' id='word_1_228' title='bbox 239 1627 401 1655; x_wconf 84' lang='lat' dir='ltr'><strong>commoveri</strong></span> <span class='ocrx_word' id='word_1_229' title='bbox 412 1627 419 1641; x_wconf 90' lang='lat'>&#39;</span> <span class='ocrx_word' id='word_1_230' title='bbox 427 1625 438 1652; x_wconf 66' lang='grc' dir='ltr'>’ί</span> 
     </span>
    </p>
   </div>
   <div class='ocr_carea' id='block_1_37' title="bbox 1038 1564 1058 1592">
    <p class='ocr_par' dir='ltr' id='par_1_37' title="bbox 1038 1564 1058 1592">
     <span class='ocr_line' id='line_1_37' title="bbox 1038 1564 1058 1592; baseline 0 0"><span class='ocrx_word' id='word_1_231' title='bbox 1038 1564 1058 1592; x_wconf 91' lang='lat' dir='ltr'><strong><em>C</em></strong></span> 
     </span>
    </p>
   </div>
   <div class='ocr_carea' id='block_1_38' title="bbox 277 1712 1027 1751">
    <p class='ocr_par' dir='ltr' id='par_1_38' title="bbox 277 1712 1027 1751">
     <span class='ocr_line' id='line_1_38' title="bbox 277 1712 1027 1751; baseline -0.004 -8"><span class='ocrx_word' id='word_1_232' title='bbox 277 1715 330 1744; x_wconf 81' lang='lat' dir='ltr'><strong>Vos</strong></span> <span class='ocrx_word' id='word_1_233' title='bbox 344 1716 437 1751; x_wconf 71' lang='lat' dir='ltr'><strong>igitur.</strong></span> <span class='ocrx_word' id='word_1_234' title='bbox 455 1714 501 1749; x_wconf 89' lang='lat' dir='ltr'><strong>qui</strong></span> <span class='ocrx_word' id='word_1_235' title='bbox 517 1713 576 1741; x_wconf 90' lang='lat' dir='ltr'><strong>duri</strong></span> <span class='ocrx_word' id='word_1_236' title='bbox 592 1713 658 1740; x_wconf 82' lang='lat' dir='ltr'><strong>estis</strong></span> <span class='ocrx_word' id='word_1_237' title='bbox 671 1716 752 1747; x_wconf 88' lang='lat' dir='ltr'><strong>atque</strong></span> <span class='ocrx_word' id='word_1_238' title='bbox 768 1712 898 1743; x_wconf 84' lang='lat' dir='ltr'><strong>immites,</strong></span> <span class='ocrx_word' id='word_1_239' title='bbox 914 1713 972 1748; x_wconf 80' lang='lat' dir='ltr'><strong>ejus</strong></span> <span class='ocrx_word' id='word_1_240' title='bbox 980 1713 1027 1747; x_wconf 92' lang='lat' dir='ltr'><strong>qui</strong></span> 
     </span>
    </p>
   </div>
   <div class='ocr_carea' id='block_1_39' title="bbox 241 1759 1027 1797">
    <p class='ocr_par' dir='ltr' id='par_1_39' title="bbox 241 1759 1027 1797">
     <span class='ocr_line' id='line_1_39' title="bbox 241 1759 1027 1797; baseline -0.005 -8"><span class='ocrx_word' id='word_1_241' title='bbox 241 1771 290 1791; x_wconf 84' lang='lat' dir='ltr'><strong>nos</strong></span> <span class='ocrx_word' id='word_1_242' title='bbox 309 1761 471 1797; x_wconf 82' lang='lat' dir='ltr'><strong>procreavit,</strong></span> <span class='ocrx_word' id='word_1_243' title='bbox 490 1759 682 1794; x_wconf 78' lang='lat' dir='ltr'><strong>benignitatem</strong></span> <span class='ocrx_word' id='word_1_244' title='bbox 706 1763 734 1786; x_wconf 89' lang='lat' dir='ltr'><strong>et</strong></span> <span class='ocrx_word' id='word_1_245' title='bbox 748 1759 919 1785; x_wconf 70' lang='lat' dir='ltr'><strong>clementiam</strong></span> <span class='ocrx_word' id='word_1_246' title='bbox 939 1759 1027 1786; x_wconf 84' lang='lat' dir='ltr'><strong>imita-</strong></span> 
     </span>
    </p>
   </div>
   <div class='ocr_carea' id='block_1_40' title="bbox 243 1804 1027 1838">
    <p class='ocr_par' dir='ltr' id='par_1_40' title="bbox 243 1804 1027 1838">
     <span class='ocr_line' id='line_1_40' title="bbox 243 1804 1027 1838; baseline -0.005 -3"><span class='ocrx_word' id='word_1_247' title='bbox 243 1809 320 1836; x_wconf 83' lang='lat' dir='ltr'><strong>mini.</strong></span> <span class='ocrx_word' id='word_1_248' title='bbox 335 1807 422 1834; x_wconf 83' lang='lat' dir='ltr'><strong>Nolite</strong></span> <span class='ocrx_word' id='word_1_249' title='bbox 434 1814 481 1834; x_wconf 88' lang='lat' dir='ltr'><strong>vos</strong></span> <span class='ocrx_word' id='word_1_250' title='bbox 500 1806 526 1832; x_wconf 88' lang='lat' dir='ltr'><strong>in</strong></span> <span class='ocrx_word' id='word_1_251' title='bbox 540 1811 687 1833; x_wconf 85' lang='lat' dir='ltr'><strong>conservos</strong></span> <span class='ocrx_word' id='word_1_252' title='bbox 703 1808 808 1831; x_wconf 84' lang='lat' dir='ltr'><strong>vestros</strong></span> <span class='ocrx_word' id='word_1_253' title='bbox 824 1804 945 1838; x_wconf 69' lang='lat' dir='ltr'><strong>praebere</strong></span> <span class='ocrx_word' id='word_1_254' title='bbox 955 1804 1027 1838; x_wconf 91' lang='lat' dir='ltr'><strong>judi-</strong></span> 
     </span>
    </p>
   </div>
   <div class='ocr_carea' id='block_1_41' title="bbox 241 1849 1026 1887">
    <p class='ocr_par' dir='ltr' id='par_1_41' title="bbox 241 1849 1026 1887">
     <span class='ocr_line' id='line_1_41' title="bbox 241 1849 1026 1887; baseline -0.006 -5"><span class='ocrx_word' id='word_1_255' title='bbox 241 1862 287 1882; x_wconf 84' lang='lat' dir='ltr'><strong>oes</strong></span> <span class='ocrx_word' id='word_1_256' title='bbox 299 1853 412 1882; x_wconf 86' lang='lat' dir='ltr'><strong>acerbos</strong></span> <span class='ocrx_word' id='word_1_257' title='bbox 425 1856 453 1880; x_wconf 89' lang='lat' dir='ltr'><strong>et</strong></span> <span class='ocrx_word' id='word_1_258' title='bbox 469 1859 574 1887; x_wconf 72' lang='lat' dir='ltr'><strong>graves.</strong></span> <span class='ocrx_word' id='word_1_259' title='bbox 593 1852 679 1878; x_wconf 87' lang='lat' dir='ltr'><strong>donec</strong></span> <span class='ocrx_word' id='word_1_260' title='bbox 692 1849 784 1876; x_wconf 82' lang='lat' dir='ltr'><strong>veniat</strong></span> <span class='ocrx_word' id='word_1_261' title='bbox 802 1850 847 1877; x_wconf 88' lang='lat' dir='ltr'><strong>ille</strong></span> <span class='ocrx_word' id='word_1_262' title='bbox 861 1851 906 1885; x_wconf 89' lang='lat' dir='ltr'><strong>qui</strong></span> <span class='ocrx_word' id='word_1_263' title='bbox 925 1858 1026 1878; x_wconf 84' lang='lat' dir='ltr'><strong>arcana</strong></span> 
     </span>
    </p>
   </div>
   <div class='ocr_carea' id='block_1_42' title="bbox 241 1896 1029 1934">
    <p class='ocr_par' dir='ltr' id='par_1_42' title="bbox 241 1896 1029 1934">
     <span class='ocr_line' id='line_1_42' title="bbox 241 1896 1029 1934; baseline -0.004 -7"><span class='ocrx_word' id='word_1_264' title='bbox 241 1900 363 1928; x_wconf 89' lang='lat' dir='ltr'><strong>cordium</strong></span> <span class='ocrx_word' id='word_1_265' title='bbox 377 1898 534 1934; x_wconf 75' lang='lat' dir='ltr'><strong>patefaciet,</strong></span> <span class='ocrx_word' id='word_1_266' title='bbox 555 1902 581 1924; x_wconf 86' lang='lat' dir='ltr'><strong>et</strong></span> <span class='ocrx_word' id='word_1_267' title='bbox 596 1900 730 1931; x_wconf 82' lang='lat' dir='ltr'><strong>potestate</strong></span> <span class='ocrx_word' id='word_1_268' title='bbox 749 1903 797 1923; x_wconf 82' lang='lat' dir='ltr'><strong>sua</strong></span> <span class='ocrx_word' id='word_1_269' title='bbox 819 1896 918 1931; x_wconf 85' lang='lat' dir='ltr'><strong>cuique</strong></span> <span class='ocrx_word' id='word_1_270' title='bbox 929 1903 1029 1924; x_wconf 85' lang='lat' dir='ltr'><strong>conve-</strong></span> 
     </span>
    </p>
   </div>
   <div class='ocr_carea' id='block_1_43' title="bbox 242 1938 1026 1977">
    <p class='ocr_par' dir='ltr' id='par_1_43' title="bbox 242 1938 1026 1977">
     <span class='ocr_line' id='line_1_43' title="bbox 242 1938 1026 1977; baseline -0.006 -4"><span class='ocrx_word' id='word_1_271' title='bbox 242 1947 360 1973; x_wconf 84' lang='lat' dir='ltr'><strong>nientem</strong></span> <span class='ocrx_word' id='word_1_272' title='bbox 371 1948 469 1972; x_wconf 78' lang='lat' dir='ltr'><strong>statum</strong></span> <span class='ocrx_word' id='word_1_273' title='bbox 485 1944 586 1971; x_wconf 87' lang='lat' dir='ltr'><strong>tribuet</strong></span> <span class='ocrx_word' id='word_1_274' title='bbox 606 1943 634 1970; x_wconf 93' lang='lat' dir='ltr'><strong>in</strong></span> <span class='ocrx_word' id='word_1_275' title='bbox 649 1943 704 1969; x_wconf 86' lang='lat' dir='ltr'><strong>vita</strong></span> <span class='ocrx_word' id='word_1_276' title='bbox 718 1949 800 1977; x_wconf 83' lang='lat' dir='ltr'><strong>quam</strong></span> <span class='ocrx_word' id='word_1_277' title='bbox 824 1938 1026 1976; x_wconf 83' lang='lat' dir='ltr'><strong>exspectamus.</strong></span> 
     </span>
    </p>
   </div>
   <div class='ocr_carea' id='block_1_44' title="bbox 242 1987 1028 2019">
    <p class='ocr_par' dir='ltr' id='par_1_44' title="bbox 242 1987 1028 2019">
     <span class='ocr_line' id='line_1_44' title="bbox 242 1987 1028 2019; baseline -0.006 0"><span class='ocrx_word' id='word_1_278' title='bbox 242 1991 330 2019; x_wconf 80' lang='lat' dir='ltr'><strong>Nolite</strong></span> <span class='ocrx_word' id='word_1_279' title='bbox 358 1988 492 2018; x_wconf 72' lang='lat' dir='ltr'><strong>tristiores</strong></span> <span class='ocrx_word' id='word_1_280' title='bbox 512 1989 539 2016; x_wconf 91' lang='lat' dir='ltr'><strong>in</strong></span> <span class='ocrx_word' id='word_1_281' title='bbox 567 1989 634 2015; x_wconf 87' lang='lat' dir='ltr'><strong>alios</strong></span> <span class='ocrx_word' id='word_1_282' title='bbox 652 1995 684 2015; x_wconf 86' lang='lat' dir='ltr'><strong>ac</strong></span> <span class='ocrx_word' id='word_1_283' title='bbox 705 1987 856 2017; x_wconf 77' lang='lat' dir='ltr'><strong>severiores</strong></span> <span class='ocrx_word' id='word_1_284' title='bbox 878 1989 1028 2015; x_wconf 82' lang='lat' dir='ltr'><strong>sententias</strong></span> 
     </span>
    </p>
   </div>
   <div class='ocr_carea' id='block_1_45' title="bbox 244 2033 1029 2067">
    <p class='ocr_par' dir='ltr' id='par_1_45' title="bbox 244 2033 1029 2067">
     <span class='ocr_line' id='line_1_45' title="bbox 244 2033 1029 2067; baseline -0.005 -3"><span class='ocrx_word' id='word_1_285' title='bbox 244 2040 323 2067; x_wconf 83' lang='lat' dir='ltr'><strong>lerre,</strong></span> <span class='ocrx_word' id='word_1_286' title='bbox 340 2043 374 2063; x_wconf 87' lang='lat' dir='ltr'><strong>ne</strong></span> <span class='ocrx_word' id='word_1_287' title='bbox 394 2036 488 2063; x_wconf 78' lang='lat' dir='ltr'><strong>iisdem</strong></span> <span class='ocrx_word' id='word_1_288' title='bbox 508 2041 556 2061; x_wconf 87' lang='lat' dir='ltr'><strong>vos</strong></span> <span class='ocrx_word' id='word_1_289' title='bbox 582 2033 724 2061; x_wconf 86' lang='lat' dir='ltr'><strong>sententiis</strong></span> <span class='ocrx_word' id='word_1_290' title='bbox 749 2033 983 2065; x_wconf 78' lang='lat' dir='ltr'><strong>condemnemini.</strong></span> <span class='ocrx_word' id='word_1_291' title='bbox 1001 2037 1029 2060; x_wconf 89' lang='lat' dir='ltr'><strong>et</strong></span> 
     </span>
    </p>
   </div>
   <div class='ocr_carea' id='block_1_46' title="bbox 246 2077 1026 2115">
    <p class='ocr_par' dir='ltr' id='par_1_46' title="bbox 246 2077 1026 2115">
     <span class='ocr_line' id='line_1_46' title="bbox 246 2077 1026 2115; baseline -0.004 -8"><span class='ocrx_word' id='word_1_292' title='bbox 246 2080 360 2115; x_wconf 83' lang='lat' dir='ltr'><strong>propriis</strong></span> <span class='ocrx_word' id='word_1_293' title='bbox 376 2079 465 2106; x_wconf 84' lang='lat' dir='ltr'><strong>verbis</strong></span> <span class='ocrx_word' id='word_1_294' title='bbox 482 2084 608 2112; x_wconf 85' lang='lat' dir='ltr'><strong>tanquam</strong></span> <span class='ocrx_word' id='word_1_295' title='bbox 622 2077 747 2105; x_wconf 87' lang='lat' dir='ltr'><strong>dentibus</strong></span> <span class='ocrx_word' id='word_1_296' title='bbox 767 2079 931 2105; x_wconf 85' lang='lat' dir='ltr'><strong>acutissimis</strong></span> <span class='ocrx_word' id='word_1_297' title='bbox 943 2078 1026 2105; x_wconf 82' lang='lat' dir='ltr'><strong>conli-</strong></span> 
     </span>
    </p>
   </div>
   <div class='ocr_carea' id='block_1_47' title="bbox 244 2123 1028 2160">
    <p class='ocr_par' dir='ltr' id='par_1_47' title="bbox 244 2123 1028 2160">
     <span class='ocr_line' id='line_1_47' title="bbox 244 2123 1028 2160; baseline 0 -8"><span class='ocrx_word' id='word_1_298' title='bbox 244 2124 357 2160; x_wconf 72' lang='lat' dir='ltr'><strong>gamini.</strong></span> <span class='ocrx_word' id='word_1_299' title='bbox 383 2124 405 2151; x_wconf 81' lang='grc' dir='ltr'><strong>Δ</strong></span> <span class='ocrx_word' id='word_1_300' title='bbox 421 2131 474 2159; x_wconf 90' lang='lat' dir='ltr'><strong>quo</strong></span> <span class='ocrx_word' id='word_1_301' title='bbox 489 2124 599 2159; x_wconf 89' lang='lat' dir='ltr'><strong>quidem</strong></span> <span class='ocrx_word' id='word_1_302' title='bbox 624 2123 738 2151; x_wconf 88' lang='lat' dir='ltr'><strong>crimine</strong></span> <span class='ocrx_word' id='word_1_303' title='bbox 758 2123 884 2150; x_wconf 78' lang='lat' dir='ltr'><strong>videntur</strong></span> <span class='ocrx_word' id='word_1_304' title='bbox 908 2124 975 2151; x_wconf 92' lang='lat' dir='ltr'><strong>mihi</strong></span> <span class='ocrx_word' id='word_1_305' title='bbox 996 2132 1028 2152; x_wconf 85' lang='lat' dir='ltr'><strong>ea</strong></span> 
     </span>
    </p>
   </div>
   <div class='ocr_carea' id='block_1_48' title="bbox 245 2167 1028 2205">
    <p class='ocr_par' dir='ltr' id='par_1_48' title="bbox 245 2167 1028 2205">
     <span class='ocr_line' id='line_1_48' title="bbox 245 2167 1028 2205; baseline 0.001 -9"><span class='ocrx_word' id='word_1_306' title='bbox 245 2170 381 2205; x_wconf 73' lang='lat' dir='ltr'><strong>Evangelii</strong></span> <span class='ocrx_word' id='word_1_307' title='bbox 404 2170 484 2196; x_wconf 80' lang='lat' dir='ltr'><strong>verba</strong></span> <span class='ocrx_word' id='word_1_308' title='bbox 508 2177 558 2197; x_wconf 90' lang='lat' dir='ltr'><strong>nos</strong></span> <span class='ocrx_word' id='word_1_309' title='bbox 578 2169 737 2196; x_wconf 83' lang='lat' dir='ltr'><strong>deterrere:</strong></span> <span class='ocrx_word' id='word_1_310' title='bbox 754 2167 843 2196; x_wconf 72' lang='lat' dir='ltr'><strong>Nolite</strong></span> <span class='ocrx_word' id='word_1_311' title='bbox 853 2170 986 2204; x_wconf 78' lang='lat' dir='ltr'><strong>judicare,</strong></span> <span class='ocrx_word' id='word_1_312' title='bbox 1000 2175 1028 2197; x_wconf 82' lang='grc' dir='ltr'><strong>ιιι</strong></span> 
     </span>
    </p>
   </div>
   <div class='ocr_carea' id='block_1_49' title="bbox 244 2215 1029 2250">
    <p class='ocr_par' dir='ltr' id='par_1_49' title="bbox 244 2215 1029 2250">
     <span class='ocr_line' id='line_1_49' title="bbox 244 2215 1029 2250; baseline -0.001 -7"><span class='ocrx_word' id='word_1_313' title='bbox 244 2225 276 2243; x_wconf 78' lang='grc' dir='ltr'>ιιι</span> <span class='ocrx_word' id='word_1_314' title='bbox 293 2216 447 2250; x_wconf 77' lang='lat' dir='ltr'><strong>judicemini</strong></span> <span class='ocrx_word' id='word_1_315' title='bbox 463 2216 483 2242; x_wconf 83' lang='lat'><strong>’.</strong></span> <span class='ocrx_word' id='word_1_316' title='bbox 500 2215 602 2248; x_wconf 83' lang='lat' dir='ltr'><strong>Quibus</strong></span> <span class='ocrx_word' id='word_1_317' title='bbox 623 2222 689 2242; x_wconf 87' lang='lat' dir='ltr'><strong>sane</strong></span> <span class='ocrx_word' id='word_1_318' title='bbox 715 2215 805 2242; x_wconf 79' lang='lat' dir='ltr'><strong>verbis</strong></span> <span class='ocrx_word' id='word_1_319' title='bbox 833 2223 884 2242; x_wconf 90' lang='lat' dir='ltr'><strong>non</strong></span> <span class='ocrx_word' id='word_1_320' title='bbox 909 2216 1029 2243; x_wconf 79' lang='lat' dir='ltr'><strong>aufertur</strong></span> 
     </span>
    </p>
   </div>
   <div class='ocr_carea' id='block_1_50' title="bbox 245 2260 1029 2296">
    <p class='ocr_par' dir='ltr' id='par_1_50' title="bbox 245 2260 1029 2296">
     <span class='ocr_line' id='line_1_50' title="bbox 245 2260 1029 2296; baseline 0 -6"><span class='ocrx_word' id='word_1_321' title='bbox 245 2264 322 2290; x_wconf 82' lang='lat' dir='ltr'><strong>nobis</strong></span> <span class='ocrx_word' id='word_1_322' title='bbox 344 2261 458 2290; x_wconf 74' lang='lat' dir='ltr'><strong>facultas</strong></span> <span class='ocrx_word' id='word_1_323' title='bbox 483 2262 600 2289; x_wconf 85' lang='lat' dir='ltr'><strong>humane</strong></span> <span class='ocrx_word' id='word_1_324' title='bbox 622 2261 790 2296; x_wconf 73' lang='lat' dir='ltr'><strong>benigneque</strong></span> <span class='ocrx_word' id='word_1_325' title='bbox 812 2260 959 2296; x_wconf 88' lang='lat' dir='ltr'><strong>judicandi,</strong></span> <span class='ocrx_word' id='word_1_326' title='bbox 982 2263 1029 2290; x_wconf 82' lang='lat' dir='ltr'><strong>sed</strong></span> 
     </span>
    </p>
   </div>
   <div class='ocr_carea' id='block_1_51' title="bbox 245 2306 1031 2341">
    <p class='ocr_par' dir='ltr' id='par_1_51' title="bbox 245 2306 1031 2341">
     <span class='ocr_line' id='line_1_51' title="bbox 245 2306 1031 2341; baseline 0.001 -8"><span class='ocrx_word' id='word_1_327' title='bbox 245 2308 423 2340; x_wconf 78' lang='lat' dir='ltr'><strong>interdicitur,</strong></span> <span class='ocrx_word' id='word_1_328' title='bbox 435 2316 468 2334; x_wconf 88' lang='lat' dir='ltr'><strong>ne</strong></span> <span class='ocrx_word' id='word_1_329' title='bbox 489 2307 597 2340; x_wconf 77' lang='lat' dir='ltr'><strong>gravius</strong></span> <span class='ocrx_word' id='word_1_330' title='bbox 617 2312 644 2334; x_wconf 90' lang='lat' dir='ltr'><strong>et</strong></span> <span class='ocrx_word' id='word_1_331' title='bbox 660 2306 782 2341; x_wconf 86' lang='lat' dir='ltr'><strong>asperius</strong></span> <span class='ocrx_word' id='word_1_332' title='bbox 804 2306 946 2341; x_wconf 76' lang='lat' dir='ltr'><strong>iudicando</strong></span> <span class='ocrx_word' id='word_1_333' title='bbox 969 2314 1031 2341; x_wconf 82' lang='lat' dir='ltr'><strong>con-</strong></span> 
     </span>
    </p>
   </div>
   <div class='ocr_carea' id='block_1_52' title="bbox 245 2340 1031 2387">
    <p class='ocr_par' dir='ltr' id='par_1_52' title="bbox 245 2340 1031 2387">
     <span class='ocr_line' id='line_1_52' title="bbox 245 2340 1031 2387; baseline 0 -7"><span class='ocrx_word' id='word_1_334' title='bbox 245 2355 416 2381; x_wconf 79' lang='lat' dir='ltr'><strong>demnemus.</strong></span> <span class='ocrx_word' id='word_1_335' title='bbox 431 2352 549 2379; x_wconf 81' lang='lat' dir='ltr'><strong>Leviora</strong></span> <span class='ocrx_word' id='word_1_336' title='bbox 575 2352 656 2387; x_wconf 77' lang='lat' dir='ltr'><strong>igitur</strong></span> <span class='ocrx_word' id='word_1_337' title='bbox 670 2352 714 2379; x_wconf 82' lang='lat' dir='ltr'><strong>lac</strong></span> <span class='ocrx_word' id='word_1_338' title='bbox 725 2340 838 2379; x_wconf 85' lang='lat' dir='ltr'><strong>aliorum</strong></span> <span class='ocrx_word' id='word_1_339' title='bbox 857 2352 983 2386; x_wconf 78' lang='lat' dir='ltr'><strong>pondera,</strong></span> <span class='ocrx_word' id='word_1_340' title='bbox 997 2340 1031 2380; x_wconf 75' lang='lat' dir='ltr'><strong>ne</strong></span> 
     </span>
    </p>
   </div>
   <div class='ocr_carea' id='block_1_53' title="bbox 245 2398 1030 2432">
    <p class='ocr_par' dir='ltr' id='par_1_53' title="bbox 245 2398 1030 2432">
     <span class='ocr_line' id='line_1_53' title="bbox 245 2398 1030 2432; baseline -0.004 -5"><span class='ocrx_word' id='word_1_341' title='bbox 245 2401 271 2427; x_wconf 91' lang='lat' dir='ltr'><strong>in</strong></span> <span class='ocrx_word' id='word_1_342' title='bbox 283 2400 376 2427; x_wconf 84' lang='lat' dir='ltr'><strong>eadem</strong></span> <span class='ocrx_word' id='word_1_343' title='bbox 400 2398 580 2426; x_wconf 81' lang='lat' dir='ltr'><strong>damnationis</strong></span> <span class='ocrx_word' id='word_1_344' title='bbox 609 2398 710 2425; x_wconf 87' lang='lat' dir='ltr'><strong>trutina</strong></span> <span class='ocrx_word' id='word_1_345' title='bbox 734 2398 855 2426; x_wconf 81' lang='lat' dir='ltr'><strong>actiones</strong></span> <span class='ocrx_word' id='word_1_346' title='bbox 874 2402 927 2425; x_wconf 67' lang='lat' dir='ltr'><strong>tua:</strong></span> <span class='ocrx_word' id='word_1_347' title='bbox 941 2399 1030 2432; x_wconf 86' lang='lat' dir='ltr'><strong>depri-</strong></span> 
     </span>
    </p>
   </div>
   <div class='ocr_carea' id='block_1_54' title="bbox 245 2443 1029 2479">
    <p class='ocr_par' dir='ltr' id='par_1_54' title="bbox 245 2443 1029 2479">
     <span class='ocr_line' id='line_1_54' title="bbox 245 2443 1029 2479; baseline -0.003 -7"><span class='ocrx_word' id='word_1_348' title='bbox 245 2451 363 2478; x_wconf 85' lang='lat' dir='ltr'><strong>mantur,</strong></span> <span class='ocrx_word' id='word_1_349' title='bbox 383 2446 491 2479; x_wconf 87' lang='lat' dir='ltr'><strong>quando</strong></span> <span class='ocrx_word' id='word_1_350' title='bbox 509 2445 563 2471; x_wconf 87' lang='lat' dir='ltr'><strong>vita</strong></span> <span class='ocrx_word' id='word_1_351' title='bbox 585 2449 676 2471; x_wconf 85' lang='lat' dir='ltr'><strong>nostra</strong></span> <span class='ocrx_word' id='word_1_352' title='bbox 694 2449 822 2479; x_wconf 86' lang='lat' dir='ltr'><strong>tanquam</strong></span> <span class='ocrx_word' id='word_1_353' title='bbox 841 2444 867 2470; x_wconf 93' lang='lat' dir='ltr'><strong>in</strong></span> <span class='ocrx_word' id='word_1_354' title='bbox 889 2444 966 2470; x_wconf 83' lang='lat' dir='ltr'><strong>lance</strong></span> <span class='ocrx_word' id='word_1_355' title='bbox 983 2443 1029 2470; x_wconf 88' lang='lat' dir='ltr'><strong>Dei</strong></span> 
     </span>
    </p>
   </div>
   <div class='ocr_carea' id='block_1_55' title="bbox 243 2489 1027 2526">
    <p class='ocr_par' dir='ltr' id='par_1_55' title="bbox 243 2489 1027 2526">
     <span class='ocr_line' id='line_1_55' title="bbox 243 2489 1027 2526; baseline 0 -10"><span class='ocrx_word' id='word_1_356' title='bbox 243 2491 344 2526; x_wconf 83' lang='lat' dir='ltr'><strong>judicio</strong></span> <span class='ocrx_word' id='word_1_357' title='bbox 361 2490 570 2517; x_wconf 76' lang='lat' dir='ltr'><strong>examinabitur.</strong></span> <span class='ocrx_word' id='word_1_358' title='bbox 586 2490 636 2522; x_wconf 88' lang='lat' dir='ltr'><strong>Tu,</strong></span> <span class='ocrx_word' id='word_1_359' title='bbox 656 2489 702 2524; x_wconf 91' lang='lat' dir='ltr'><strong>qui</strong></span> <span class='ocrx_word' id='word_1_360' title='bbox 719 2496 832 2523; x_wconf 80' lang='lat' dir='ltr'><strong>carpare</strong></span> <span class='ocrx_word' id='word_1_361' title='bbox 853 2489 965 2516; x_wconf 88' lang='lat' dir='ltr'><strong>indutus</strong></span> <span class='ocrx_word' id='word_1_362' title='bbox 982 2496 1027 2520; x_wconf 85' lang='lat' dir='ltr'><strong>es,</strong></span> 
     </span>
    </p>
   </div>
   <div class='ocr_carea' id='block_1_56' title="bbox 245 2535 1027 2569">
    <p class='ocr_par' dir='ltr' id='par_1_56' title="bbox 245 2535 1027 2569">
     <span class='ocr_line' id='line_1_56' title="bbox 245 2535 1027 2569; baseline -0.004 -6"><span class='ocrx_word' id='word_1_363' title='bbox 245 2543 272 2563; x_wconf 88' lang='lat' dir='ltr'><strong>et</strong></span> <span class='ocrx_word' id='word_1_364' title='bbox 285 2538 311 2563; x_wconf 90' lang='lat' dir='ltr'><strong>in</strong></span> <span class='ocrx_word' id='word_1_365' title='bbox 325 2545 406 2564; x_wconf 85' lang='lat' dir='ltr'><strong>carne</strong></span> <span class='ocrx_word' id='word_1_366' title='bbox 423 2537 499 2568; x_wconf 79' lang='lat' dir='ltr'><strong>vivis,</strong></span> <span class='ocrx_word' id='word_1_367' title='bbox 515 2544 592 2569; x_wconf 83' lang='lat' dir='ltr'><strong>cave,</strong></span> <span class='ocrx_word' id='word_1_368' title='bbox 605 2543 637 2563; x_wconf 90' lang='lat' dir='ltr'><strong>ne</strong></span> <span class='ocrx_word' id='word_1_369' title='bbox 655 2536 766 2563; x_wconf 71' lang='lat' dir='ltr'><strong>medicae</strong></span> <span class='ocrx_word' id='word_1_370' title='bbox 781 2535 847 2562; x_wconf 85' lang='lat' dir='ltr'><strong>artis</strong></span> <span class='ocrx_word' id='word_1_371' title='bbox 859 2535 1027 2562; x_wconf 88' lang='lat' dir='ltr'><strong>curationem</strong></span> 
     </span>
    </p>
   </div>
   <div class='ocr_carea' id='block_1_57' title="bbox 246 2580 1028 2616">
    <p class='ocr_par' dir='ltr' id='par_1_57' title="bbox 246 2580 1028 2616">
     <span class='ocr_line' id='line_1_57' title="bbox 246 2580 1028 2616; baseline -0.003 -7"><span class='ocrx_word' id='word_1_372' title='bbox 246 2582 357 2616; x_wconf 81' lang='lat' dir='ltr'><strong>abjicias</strong></span> <span class='ocrx_word' id='word_1_373' title='bbox 378 2587 406 2609; x_wconf 87' lang='lat' dir='ltr'><strong>et</strong></span> <span class='ocrx_word' id='word_1_374' title='bbox 427 2583 595 2616; x_wconf 80' lang='lat' dir='ltr'><strong>asperneris;</strong></span> <span class='ocrx_word' id='word_1_375' title='bbox 613 2589 673 2608; x_wconf 83' lang='lat' dir='ltr'><strong>nam</strong></span> <span class='ocrx_word' id='word_1_376' title='bbox 692 2582 754 2608; x_wconf 88' lang='lat' dir='ltr'><strong>licet</strong></span> <span class='ocrx_word' id='word_1_377' title='bbox 771 2581 910 2608; x_wconf 86' lang='lat' dir='ltr'><strong>commoda</strong></span> <span class='ocrx_word' id='word_1_378' title='bbox 928 2580 1028 2608; x_wconf 74' lang='lat' dir='ltr'><strong>fruaris</strong></span> 
     </span>
    </p>
   </div>
   <div class='ocr_carea' id='block_1_58' title="bbox 246 2625 1027 2660">
    <p class='ocr_par' dir='ltr' id='par_1_58' title="bbox 246 2625 1027 2660">
     <span class='ocr_line' id='line_1_58' title="bbox 246 2625 1027 2660; baseline 0 -8"><span class='ocrx_word' id='word_1_379' title='bbox 246 2627 406 2659; x_wconf 71' lang='lat' dir='ltr'><strong>valetudine,</strong></span> <span class='ocrx_word' id='word_1_380' title='bbox 426 2634 477 2654; x_wconf 91' lang='lat' dir='ltr'><strong>non</strong></span> <span class='ocrx_word' id='word_1_381' title='bbox 493 2631 582 2653; x_wconf 75' lang='lat' dir='ltr'><strong>tamen</strong></span> <span class='ocrx_word' id='word_1_382' title='bbox 596 2633 702 2660; x_wconf 85' lang='lat' dir='ltr'><strong>semper</strong></span> <span class='ocrx_word' id='word_1_383' title='bbox 713 2626 750 2652; x_wconf 86' lang='lat' dir='ltr'><strong>ita</strong></span> <span class='ocrx_word' id='word_1_384' title='bbox 769 2625 836 2652; x_wconf 85' lang='lat' dir='ltr'><strong>liber</strong></span> <span class='ocrx_word' id='word_1_385' title='bbox 854 2626 888 2652; x_wconf 86' lang='lat' dir='ltr'><strong>ab</strong></span> <span class='ocrx_word' id='word_1_386' title='bbox 901 2625 972 2652; x_wconf 91' lang='lat' dir='ltr'><strong>omni</strong></span> <span class='ocrx_word' id='word_1_387' title='bbox 985 2625 1027 2652; x_wconf 61' lang='grc' dir='ltr'>[υτ</span> 
     </span>
    </p>
   </div>
   <div class='ocr_carea' id='block_1_59' title="bbox 247 2669 1028 2705">
    <p class='ocr_par' dir='ltr' id='par_1_59' title="bbox 247 2669 1028 2705">
     <span class='ocr_line' id='line_1_59' title="bbox 247 2669 1028 2705; baseline -0.001 -8"><span class='ocrx_word' id='word_1_388' title='bbox 247 2676 324 2698; x_wconf 85' lang='lat' dir='ltr'><strong>turns</strong></span> <span class='ocrx_word' id='word_1_389' title='bbox 340 2679 370 2699; x_wconf 89' lang='lat' dir='ltr'><strong>es</strong></span> <span class='ocrx_word' id='word_1_390' title='bbox 385 2673 488 2705; x_wconf 79' lang='lat' dir='ltr'><strong>morbo,</strong></span> <span class='ocrx_word' id='word_1_391' title='bbox 504 2675 534 2698; x_wconf 88' lang='lat' dir='ltr'><strong>ut</strong></span> <span class='ocrx_word' id='word_1_392' title='bbox 547 2678 626 2705; x_wconf 89' lang='lat' dir='ltr'><strong>opera</strong></span> <span class='ocrx_word' id='word_1_393' title='bbox 639 2670 733 2697; x_wconf 86' lang='lat' dir='ltr'><strong>medici</strong></span> <span class='ocrx_word' id='word_1_394' title='bbox 745 2677 884 2704; x_wconf 87' lang='lat' dir='ltr'><strong>nunquam</strong></span> <span class='ocrx_word' id='word_1_395' title='bbox 897 2669 1028 2704; x_wconf 76' lang='lat' dir='ltr'><strong>indigeas.</strong></span> 
     </span>
    </p>
   </div>
   <div class='ocr_carea' id='block_1_60' title="bbox 247 2717 1028 2749">
    <p class='ocr_par' dir='ltr' id='par_1_60' title="bbox 247 2717 1028 2749">
     <span class='ocr_line' id='line_1_60' title="bbox 247 2717 1028 2749; baseline -0.003 -5"><span class='ocrx_word' id='word_1_396' title='bbox 247 2717 373 2744; x_wconf 78' lang='lat' dir='ltr'><strong>Animum</strong></span> <span class='ocrx_word' id='word_1_397' title='bbox 399 2717 482 2744; x_wconf 82' lang='lat' dir='ltr'><strong>habes</strong></span> <span class='ocrx_word' id='word_1_398' title='bbox 509 2717 543 2744; x_wconf 87' lang='lat' dir='ltr'><strong>ad</strong></span> <span class='ocrx_word' id='word_1_399' title='bbox 569 2723 612 2742; x_wconf 89' lang='lat' dir='ltr'><strong>res</strong></span> <span class='ocrx_word' id='word_1_400' title='bbox 632 2721 752 2742; x_wconf 79' lang='lat' dir='ltr'><strong>terrenas</strong></span> <span class='ocrx_word' id='word_1_401' title='bbox 770 2717 939 2749; x_wconf 74' lang='lat' dir='ltr'><strong>caducaeque</strong></span> <span class='ocrx_word' id='word_1_402' title='bbox 965 2723 1028 2749; x_wconf 86' lang='lat' dir='ltr'><strong>pro-</strong></span> 
     </span>
    </p>
   </div>
   <div class='ocr_carea' id='block_1_61' title="bbox 248 2760 1030 2799">
    <p class='ocr_par' dir='ltr' id='par_1_61' title="bbox 248 2760 1030 2799">
     <span class='ocr_line' id='line_1_61' title="bbox 248 2760 1030 2799; baseline -0.005 -8"><span class='ocrx_word' id='word_1_403' title='bbox 248 2771 369 2799; x_wconf 52' lang='lat' dir='ltr'><strong>pensum,</strong></span> <span class='ocrx_word' id='word_1_404' title='bbox 391 2763 509 2798; x_wconf 87' lang='lat' dir='ltr'><strong>quandiu</strong></span> <span class='ocrx_word' id='word_1_405' title='bbox 549 2761 648 2790; x_wconf 89' lang='lat' dir='ltr'><strong>oblitus</strong></span> <span class='ocrx_word' id='word_1_406' title='bbox 687 2761 729 2787; x_wconf 85' lang='lat' dir='ltr'><strong>sui</strong></span> <span class='ocrx_word' id='word_1_407' title='bbox 755 2760 883 2795; x_wconf 86' lang='lat' dir='ltr'><strong>impletur</strong></span> <span class='ocrx_word' id='word_1_408' title='bbox 907 2762 1030 2796; x_wconf 82' lang='lat' dir='ltr'><strong>corporis</strong></span> 
     </span>
    </p>
   </div>
   <div class='ocr_carea' id='block_1_62' title="bbox 285 2859 548 2895">
    <p class='ocr_par' dir='ltr' id='par_1_62' title="bbox 285 2859 548 2895">
     <span class='ocr_line' id='line_1_62' title="bbox 285 2859 548 2895; baseline -0.011 -6"><span class='ocrx_word' id='word_1_409' title='bbox 285 2859 307 2874; x_wconf 93' lang='lat'><strong>&quot;</strong></span> <span class='ocrx_word' id='word_1_410' title='bbox 323 2859 384 2889; x_wconf 67' lang='lat' dir='ltr'><strong>Jun.</strong></span> <span class='ocrx_word' id='word_1_411' title='bbox 405 2868 445 2892; x_wconf 87' lang='lat' dir='ltr'><strong>tn,</strong></span> <span class='ocrx_word' id='word_1_412' title='bbox 464 2860 474 2886; x_wconf 75' lang='grc' dir='ltr'><strong>Ι</strong></span> <span class='ocrx_word' id='word_1_413' title='bbox 489 2867 548 2895; x_wconf 82' lang='lat' dir='ltr'><strong>sqq.</strong></span> 
     </span>
    </p>
   </div>
   <div class='ocr_carea' id='block_1_63' title="bbox 1070 259 1858 298">
    <p class='ocr_par' dir='ltr' id='par_1_63' title="bbox 1070 259 1858 298">
     <span class='ocr_line' id='line_1_63' title="bbox 1070 259 1858 298; baseline -0.001 -8"><span class='ocrx_word' id='word_1_414' title='bbox 1070 262 1109 298; x_wconf 82' lang='grc' dir='ltr'>τῷ</span> <span class='ocrx_word' id='word_1_415' title='bbox 1132 261 1213 290; x_wconf 81' lang='grc' dir='ltr'>πάθει</span> <span class='ocrx_word' id='word_1_416' title='bbox 1243 262 1293 296; x_wconf 84' lang='grc' dir='ltr'>τῆς</span> <span class='ocrx_word' id='word_1_417' title='bbox 1308 260 1498 296; x_wconf 87' lang='grc' dir='ltr'>σωμεραστίας</span> <span class='ocrx_word' id='word_1_418' title='bbox 1521 259 1601 293; x_wconf 77' lang='grc' dir='ltr'>ὲάλῳ,</span> <span class='ocrx_word' id='word_1_419' title='bbox 1630 260 1676 286; x_wconf 82' lang='grc' dir='ltr'>καὶ</span> <span class='ocrx_word' id='word_1_420' title='bbox 1696 260 1858 295; x_wconf 72' lang='grc' dir='ltr'><strong>περιέπεσεν</strong></span> 
     </span>
    </p>
   </div>
   <div class='ocr_carea' id='block_1_64' title="bbox 1070 303 1858 342">
    <p class='ocr_par' dir='ltr' id='par_1_64' title="bbox 1070 303 1858 342">
     <span class='ocr_line' id='line_1_64' title="bbox 1070 303 1858 342; baseline -0.003 -7"><span class='ocrx_word' id='word_1_421' title='bbox 1070 308 1184 339; x_wconf 74' lang='grc' dir='ltr'>ἐκείνοις</span> <span class='ocrx_word' id='word_1_422' title='bbox 1197 304 1237 339; x_wconf 72' lang='grc' dir='ltr'>οἷς</span> <span class='ocrx_word' id='word_1_423' title='bbox 1251 306 1420 342; x_wconf 71' lang='grc' dir='ltr'><strong>γινώσκομεν</strong></span> <span class='ocrx_word' id='word_1_424' title='bbox 1437 306 1564 337; x_wconf 73' lang='grc' dir='ltr'>ἅπαντες,</span> <span class='ocrx_word' id='word_1_425' title='bbox 1581 303 1662 341; x_wconf 82' lang='grc' dir='ltr'>ἦλθεν</span> <span class='ocrx_word' id='word_1_426' title='bbox 1682 305 1710 331; x_wconf 83' lang='grc' dir='ltr'><strong>δὲ</strong></span> <span class='ocrx_word' id='word_1_427' title='bbox 1726 306 1794 340; x_wconf 77' lang='grc' dir='ltr'>μετὰ</span> <span class='ocrx_word' id='word_1_428' title='bbox 1811 307 1858 333; x_wconf 76' lang='grc' dir='ltr'>τὸν</span> 
     </span>
    </p>
   </div>
   <div class='ocr_carea' id='block_1_65' title="bbox 1070 351 1856 388">
    <p class='ocr_par' dir='ltr' id='par_1_65' title="bbox 1070 351 1856 388">
     <span class='ocr_line' id='line_1_65' title="bbox 1070 351 1856 388; baseline 0.003 -10"><span class='ocrx_word' id='word_1_429' title='bbox 1070 354 1179 388; x_wconf 78' lang='grc' dir='ltr'>ἔλεγχον</span> <span class='ocrx_word' id='word_1_430' title='bbox 1207 352 1253 379; x_wconf 85' lang='grc' dir='ltr'><strong>τοῦ</strong></span> <span class='ocrx_word' id='word_1_431' title='bbox 1277 353 1415 388; x_wconf 77' lang='grc' dir='ltr'><strong>προφήτου</strong></span> <span class='ocrx_word' id='word_1_432' title='bbox 1433 353 1473 384; x_wconf 84' lang='grc' dir='ltr'><strong>εἰς</strong></span> <span class='ocrx_word' id='word_1_433' title='bbox 1496 351 1678 386; x_wconf 73' lang='grc' dir='ltr'><strong>ἀναλογισμὸν</strong></span> <span class='ocrx_word' id='word_1_434' title='bbox 1699 351 1746 378; x_wconf 84' lang='grc' dir='ltr'>τοῦ</span> <span class='ocrx_word' id='word_1_435' title='bbox 1759 353 1856 387; x_wconf 80' lang='grc' dir='ltr'>κακοῦ,</span> 
     </span>
    </p>
   </div>
   <div class='ocr_carea' id='block_1_66' title="bbox 1071 397 1858 434">
    <p class='ocr_par' dir='ltr' id='par_1_66' title="bbox 1071 397 1858 434">
     <span class='ocr_line' id='line_1_66' title="bbox 1071 397 1858 434; baseline -0.004 -8"><span class='ocrx_word' id='word_1_436' title='bbox 1071 400 1243 434; x_wconf 76' lang='grc' dir='ltr'><strong>ἀνάγραπτον</strong></span> <span class='ocrx_word' id='word_1_437' title='bbox 1262 399 1366 433; x_wconf 81' lang='grc' dir='ltr'>ἀφῆκεν</span> <span class='ocrx_word' id='word_1_438' title='bbox 1393 399 1450 430; x_wconf 89' lang='grc' dir='ltr'>τοῖς</span> <span class='ocrx_word' id='word_1_439' title='bbox 1468 399 1508 429; x_wconf 81' lang='grc' dir='ltr'><strong>εἰς</strong></span> <span class='ocrx_word' id='word_1_440' title='bbox 1523 397 1634 433; x_wconf 72' lang='grc' dir='ltr'>ὕστερον</span> <span class='ocrx_word' id='word_1_441' title='bbox 1654 398 1791 432; x_wconf 71' lang='grc' dir='ltr'><strong>ἐσομένοις</strong></span> <span class='ocrx_word' id='word_1_442' title='bbox 1808 399 1858 433; x_wconf 64' lang='grc' dir='ltr'>τῆς</span> 
     </span>
    </p>
   </div>
   <div class='ocr_carea' id='block_1_67' title="bbox 1073 443 1857 480">
    <p class='ocr_par' dir='ltr' id='par_1_67' title="bbox 1073 443 1857 480">
     <span class='ocr_line' id='line_1_67' title="bbox 1073 443 1857 480; baseline 0.001 -10"><span class='ocrx_word' id='word_1_443' title='bbox 1073 445 1217 480; x_wconf 79' lang='grc' dir='ltr'>μετανοίας</span> <span class='ocrx_word' id='word_1_444' title='bbox 1231 444 1277 470; x_wconf 81' lang='grc' dir='ltr'>τὸν</span> <span class='ocrx_word' id='word_1_445' title='bbox 1296 444 1394 479; x_wconf 86' lang='grc' dir='ltr'>μόχθον</span> <span class='ocrx_word' id='word_1_446' title='bbox 1404 452 1410 459; x_wconf 89' lang='grc'><strong>·</strong></span> <span class='ocrx_word' id='word_1_447' title='bbox 1425 444 1472 470; x_wconf 78' lang='grc' dir='ltr'>καὶ</span> <span class='ocrx_word' id='word_1_448' title='bbox 1488 443 1652 479; x_wconf 78' lang='grc' dir='ltr'><strong>θεωροῦμεν,</strong></span> <span class='ocrx_word' id='word_1_449' title='bbox 1672 443 1709 476; x_wconf 83' lang='grc' dir='ltr'>ὡς</span> <span class='ocrx_word' id='word_1_450' title='bbox 1720 445 1748 470; x_wconf 78' lang='grc' dir='ltr'>ὲν</span> <span class='ocrx_word' id='word_1_451' title='bbox 1763 444 1857 476; x_wconf 85' lang='grc' dir='ltr'>εἰκόνι,</span> 
     </span>
    </p>
   </div>
   <div class='ocr_carea' id='block_1_68' title="bbox 1071 489 1857 525">
    <p class='ocr_par' dir='ltr' id='par_1_68' title="bbox 1071 489 1857 525">
     <span class='ocr_line' id='line_1_68' title="bbox 1071 489 1857 525; baseline -0.001 -8"><span class='ocrx_word' id='word_1_452' title='bbox 1071 490 1109 525; x_wconf 89' lang='grc' dir='ltr'>τῷ</span> <span class='ocrx_word' id='word_1_453' title='bbox 1121 490 1272 525; x_wconf 76' lang='grc' dir='ltr'>ψαλτηρίῳ,</span> <span class='ocrx_word' id='word_1_454' title='bbox 1293 490 1338 516; x_wconf 81' lang='grc' dir='ltr'>τὸν</span> <span class='ocrx_word' id='word_1_455' title='bbox 1352 489 1464 525; x_wconf 80' lang='grc' dir='ltr'>μόχθον·</span> <span class='ocrx_word' id='word_1_456' title='bbox 1481 489 1528 515; x_wconf 76' lang='grc' dir='ltr'>νῦν</span> <span class='ocrx_word' id='word_1_457' title='bbox 1557 489 1606 524; x_wconf 80' lang='grc' dir='ltr'>μὲν</span> <span class='ocrx_word' id='word_1_458' title='bbox 1622 489 1804 524; x_wconf 73' lang='grc' dir='ltr'>ἐκτηκόμενον</span> <span class='ocrx_word' id='word_1_459' title='bbox 1823 491 1857 524; x_wconf 82' lang='grc' dir='ltr'>τῇ</span> 
     </span>
    </p>
   </div>
   <div class='ocr_carea' id='block_1_69' title="bbox 1071 534 1859 572">
    <p class='ocr_par' dir='ltr' id='par_1_69' title="bbox 1071 534 1859 572">
     <span class='ocr_line' id='line_1_69' title="bbox 1071 534 1859 572; baseline -0.001 -10"><span class='ocrx_word' id='word_1_460' title='bbox 1071 536 1143 572; x_wconf 78' lang='grc' dir='ltr'>λύπῃ</span> <span class='ocrx_word' id='word_1_461' title='bbox 1162 536 1192 562; x_wconf 80' lang='grc' dir='ltr'>τὸ</span> <span class='ocrx_word' id='word_1_462' title='bbox 1210 536 1306 571; x_wconf 87' lang='grc' dir='ltr'>σῶμα·</span> <span class='ocrx_word' id='word_1_463' title='bbox 1320 534 1397 566; x_wconf 75' lang='grc' dir='ltr'>αὖθις</span> <span class='ocrx_word' id='word_1_464' title='bbox 1419 535 1446 561; x_wconf 83' lang='grc' dir='ltr'><strong>δὲ</strong></span> <span class='ocrx_word' id='word_1_465' title='bbox 1470 535 1518 570; x_wconf 81' lang='grc' dir='ltr'>τὴν</span> <span class='ocrx_word' id='word_1_466' title='bbox 1534 534 1618 561; x_wconf 82' lang='grc' dir='ltr'>νύκτα</span> <span class='ocrx_word' id='word_1_467' title='bbox 1645 537 1739 570; x_wconf 83' lang='grc' dir='ltr'>καιρὸν</span> <span class='ocrx_word' id='word_1_468' title='bbox 1754 535 1859 570; x_wconf 87' lang='grc' dir='ltr'>θρήνων</span> 
     </span>
    </p>
   </div>
   <div class='ocr_carea' id='block_1_70' title="bbox 1072 578 1859 616">
    <p class='ocr_par' dir='ltr' id='par_1_70' title="bbox 1072 578 1859 616">
     <span class='ocr_line' id='line_1_70' title="bbox 1072 578 1859 616; baseline 0 -9"><span class='ocrx_word' id='word_1_469' title='bbox 1072 582 1244 616; x_wconf 75' lang='grc' dir='ltr'>ποιούμενον,</span> <span class='ocrx_word' id='word_1_470' title='bbox 1267 581 1317 616; x_wconf 76' lang='grc' dir='ltr'>τὴν</span> <span class='ocrx_word' id='word_1_471' title='bbox 1328 581 1420 616; x_wconf 80' lang='grc' dir='ltr'>κοινὴν</span> <span class='ocrx_word' id='word_1_472' title='bbox 1432 580 1486 606; x_wconf 88' lang='grc' dir='ltr'>τῶν</span> <span class='ocrx_word' id='word_1_473' title='bbox 1509 581 1598 607; x_wconf 89' lang='grc' dir='ltr'>πόνων</span> <span class='ocrx_word' id='word_1_474' title='bbox 1626 580 1791 607; x_wconf 74' lang='grc' dir='ltr'>ἀνάπαυσιν*</span> <span class='ocrx_word' id='word_1_475' title='bbox 1812 578 1859 607; x_wconf 68' lang='grc' dir='ltr'>καὶ</span> 
     </span>
    </p>
   </div>
   <div class='ocr_carea' id='block_1_71' title="bbox 1071 627 1860 664">
    <p class='ocr_par' dir='ltr' id='par_1_71' title="bbox 1071 627 1860 664">
     <span class='ocr_line' id='line_1_71' title="bbox 1071 627 1860 664; baseline -0.001 -10"><span class='ocrx_word' id='word_1_476' title='bbox 1071 629 1105 663; x_wconf 82' lang='grc' dir='ltr'>τῇ</span> <span class='ocrx_word' id='word_1_477' title='bbox 1120 627 1197 664; x_wconf 80' lang='grc' dir='ltr'>κλίνῃ</span> <span class='ocrx_word' id='word_1_478' title='bbox 1224 627 1254 654; x_wconf 82' lang='grc' dir='ltr'><strong>τὸ</strong></span> <span class='ocrx_word' id='word_1_479' title='bbox 1269 627 1385 662; x_wconf 85' lang='grc' dir='ltr'>δάκρυον</span> <span class='ocrx_word' id='word_1_480' title='bbox 1407 627 1568 663; x_wconf 66' lang='grc' dir='ltr'>ἐπιρρέοντα</span> <span class='ocrx_word' id='word_1_481' title='bbox 1584 627 1622 658; x_wconf 85' lang='grc' dir='ltr'>ὡς</span> <span class='ocrx_word' id='word_1_482' title='bbox 1646 627 1678 653; x_wconf 76' lang='grc' dir='ltr'>ἐκ</span> <span class='ocrx_word' id='word_1_483' title='bbox 1693 627 1790 662; x_wconf 84' lang='grc' dir='ltr'>πηγῶν</span> <span class='ocrx_word' id='word_1_484' title='bbox 1804 627 1860 653; x_wconf 82' lang='grc' dir='ltr'><strong>τῶν</strong></span> 
     </span>
    </p>
   </div>
   <div class='ocr_carea' id='block_1_72' title="bbox 1074 672 1860 709">
    <p class='ocr_par' dir='ltr' id='par_1_72' title="bbox 1074 672 1860 709">
     <span class='ocr_line' id='line_1_72' title="bbox 1074 672 1860 709; baseline 0 -9"><span class='ocrx_word' id='word_1_485' title='bbox 1074 673 1228 709; x_wconf 76' lang='grc' dir='ltr'>βλεφάρων,</span> <span class='ocrx_word' id='word_1_486' title='bbox 1260 674 1307 700; x_wconf 74' lang='grc' dir='ltr'>καὶ</span> <span class='ocrx_word' id='word_1_487' title='bbox 1323 673 1404 700; x_wconf 82' lang='grc' dir='ltr'>πάλιν</span> <span class='ocrx_word' id='word_1_488' title='bbox 1421 675 1487 709; x_wconf 79' lang='grc' dir='ltr'>ἡμῖν</span> <span class='ocrx_word' id='word_1_489' title='bbox 1501 673 1546 699; x_wconf 73' lang='grc' dir='ltr'><strong>τὸν</strong></span> <span class='ocrx_word' id='word_1_490' title='bbox 1561 672 1741 708; x_wconf 77' lang='grc' dir='ltr'>πεντηκοστὸν</span> <span class='ocrx_word' id='word_1_491' title='bbox 1754 673 1860 709; x_wconf 64' lang='grc' dir='ltr'>ψαλμὸν</span> 
     </span>
    </p>
   </div>
   <div class='ocr_carea' id='block_1_73' title="bbox 1074 718 1860 754">
    <p class='ocr_par' dir='ltr' id='par_1_73' title="bbox 1074 718 1860 754">
     <span class='ocr_line' id='line_1_73' title="bbox 1074 718 1860 754; baseline 0 -9"><span class='ocrx_word' id='word_1_492' title='bbox 1074 719 1273 754; x_wconf 81' lang='grc' dir='ltr'>ὲκπονήσαντα,</span> <span class='ocrx_word' id='word_1_493' title='bbox 1289 719 1372 745; x_wconf 83' lang='grc' dir='ltr'>τύπον</span> <span class='ocrx_word' id='word_1_494' title='bbox 1388 718 1433 745; x_wconf 67' lang='grc' dir='ltr'><strong>τὸν</strong></span> <span class='ocrx_word' id='word_1_495' title='bbox 1449 719 1624 754; x_wconf 83' lang='grc' dir='ltr'>ίλασκόμενον</span> <span class='ocrx_word' id='word_1_496' title='bbox 1641 719 1717 745; x_wconf 80' lang='grc' dir='ltr'>Θεόν.</span> <span class='ocrx_word' id='word_1_497' title='bbox 1728 719 1766 745; x_wconf 71' lang='grc' dir='ltr'><strong>Οὐ</strong></span> <span class='ocrx_word' id='word_1_498' title='bbox 1785 719 1832 754; x_wconf 70' lang='grc' dir='ltr'><strong>μὲν</strong></span> <span class='ocrx_word' id='word_1_499' title='bbox 1845 719 1860 744; x_wconf 86' lang='grc' dir='ltr'><strong>ὀ</strong></span> 
     </span>
    </p>
   </div>
   <div class='ocr_carea' id='block_1_74' title="bbox 1073 763 1860 799">
    <p class='ocr_par' dir='ltr' id='par_1_74' title="bbox 1073 763 1860 799">
     <span class='ocr_line' id='line_1_74' title="bbox 1073 763 1860 799; baseline 0 -9"><span class='ocrx_word' id='word_1_500' title='bbox 1073 764 1172 799; x_wconf 85' lang='grc' dir='ltr'>θρῆνος</span> <span class='ocrx_word' id='word_1_501' title='bbox 1186 764 1259 799; x_wconf 78' lang='grc' dir='ltr'>αὐτῷ</span> <span class='ocrx_word' id='word_1_502' title='bbox 1277 764 1364 799; x_wconf 81' lang='grc' dir='ltr'>μάτην</span> <span class='ocrx_word' id='word_1_503' title='bbox 1376 763 1523 799; x_wconf 75' lang='grc' dir='ltr'>ὲξεπονήθη</span> <span class='ocrx_word' id='word_1_504' title='bbox 1535 773 1541 779; x_wconf 90' lang='grc'>·</span> <span class='ocrx_word' id='word_1_505' title='bbox 1553 764 1610 790; x_wconf 80' lang='grc' dir='ltr'>ἀλλ’</span> <span class='ocrx_word' id='word_1_506' title='bbox 1623 765 1645 790; x_wconf 72' lang='lat' dir='ltr'><strong>oi</strong></span> <span class='ocrx_word' id='word_1_507' title='bbox 1659 764 1750 799; x_wconf 82' lang='grc' dir='ltr'>βαρεῖς</span> <span class='ocrx_word' id='word_1_508' title='bbox 1767 768 1860 790; x_wconf 64' lang='lat' dir='ltr'><strong>argve-</strong></span> 
     </span>
    </p>
   </div>
   <div class='ocr_carea' id='block_1_75' title="bbox 1072 809 1862 844">
    <p class='ocr_par' dir='ltr' id='par_1_75' title="bbox 1072 809 1862 844">
     <span class='ocr_line' id='line_1_75' title="bbox 1072 809 1862 844; baseline 0.001 -9"><span class='ocrx_word' id='word_1_509' title='bbox 1072 809 1138 844; x_wconf 71' lang='grc' dir='ltr'>γμοὶ</span> <span class='ocrx_word' id='word_1_510' title='bbox 1161 809 1206 835; x_wconf 74' lang='grc' dir='ltr'><strong>τὸν</strong></span> <span class='ocrx_word' id='word_1_511' title='bbox 1224 809 1296 835; x_wconf 77' lang='grc' dir='ltr'>ἔλεον</span> <span class='ocrx_word' id='word_1_512' title='bbox 1316 809 1524 844; x_wconf 70' lang='grc' dir='ltr'>ἐφειλκύσαντο·</span> <span class='ocrx_word' id='word_1_513' title='bbox 1554 809 1674 836; x_wconf 73' lang='grc' dir='ltr'>ἀπέλαϐε</span> <span class='ocrx_word' id='word_1_514' title='bbox 1699 810 1728 836; x_wconf 84' lang='grc' dir='ltr'><strong>δὲ</strong></span> <span class='ocrx_word' id='word_1_515' title='bbox 1750 810 1796 836; x_wconf 70' lang='grc' dir='ltr'>καὶ</span> <span class='ocrx_word' id='word_1_516' title='bbox 1810 810 1862 844; x_wconf 68' lang='grc' dir='ltr'>τῆς</span> 
     </span>
    </p>
   </div>
   <div class='ocr_carea' id='block_1_76' title="bbox 1074 854 1861 890">
    <p class='ocr_par' dir='ltr' id='par_1_76' title="bbox 1074 854 1861 890">
     <span class='ocr_line' id='line_1_76' title="bbox 1074 854 1861 890; baseline -0.001 -9"><span class='ocrx_word' id='word_1_517' title='bbox 1074 854 1214 890; x_wconf 74' lang='grc' dir='ltr'>βασιλικῆς</span> <span class='ocrx_word' id='word_1_518' title='bbox 1227 854 1368 885; x_wconf 85' lang='grc' dir='ltr'>αὐθεντίας</span> <span class='ocrx_word' id='word_1_519' title='bbox 1384 855 1433 889; x_wconf 72' lang='grc' dir='ltr'><strong>Ιτὴν</strong></span> <span class='ocrx_word' id='word_1_520' title='bbox 1443 854 1576 887; x_wconf 79' lang='grc' dir='ltr'>ἐξουσίαν,</span> <span class='ocrx_word' id='word_1_521' title='bbox 1593 855 1639 881; x_wconf 69' lang='grc' dir='ltr'><strong>καὶ</strong></span> <span class='ocrx_word' id='word_1_522' title='bbox 1652 854 1702 889; x_wconf 79' lang='grc' dir='ltr'>τῆς</span> <span class='ocrx_word' id='word_1_523' title='bbox 1712 855 1780 890; x_wconf 77' lang='grc' dir='ltr'>πρὸς</span> <span class='ocrx_word' id='word_1_524' title='bbox 1795 855 1861 881; x_wconf 75' lang='grc' dir='ltr'>Θεὸν</span> 
     </span>
    </p>
   </div>
   <div class='ocr_carea' id='block_1_77' title="bbox 1075 899 1861 936">
    <p class='ocr_par' dir='ltr' id='par_1_77' title="bbox 1075 899 1861 936">
     <span class='ocr_line' id='line_1_77' title="bbox 1075 899 1861 936; baseline -0.001 -10"><span class='ocrx_word' id='word_1_525' title='bbox 1075 900 1178 932; x_wconf 85' lang='grc' dir='ltr'>ίκεσίας</span> <span class='ocrx_word' id='word_1_526' title='bbox 1191 900 1241 936; x_wconf 82' lang='grc' dir='ltr'>τὴν</span> <span class='ocrx_word' id='word_1_527' title='bbox 1259 901 1424 936; x_wconf 68' lang='grc' dir='ltr'>παρρησίαν.</span> <span class='ocrx_word' id='word_1_528' title='bbox 1451 900 1565 935; x_wconf 80' lang='grc' dir='ltr'>Ὁμοίως</span> <span class='ocrx_word' id='word_1_529' title='bbox 1583 901 1708 931; x_wconf 75' lang='grc' dir='ltr'>κάκεῖνος</span> <span class='ocrx_word' id='word_1_530' title='bbox 1722 900 1794 935; x_wconf 80' lang='grc' dir='ltr'>ὀτῆς</span> <span class='ocrx_word' id='word_1_531' title='bbox 1810 899 1861 925; x_wconf 86' lang='grc' dir='ltr'><strong>Νι-</strong></span> 
     </span>
    </p>
   </div>
   <div class='ocr_carea' id='block_1_78' title="bbox 1074 945 1861 981">
    <p class='ocr_par' dir='ltr' id='par_1_78' title="bbox 1074 945 1861 981">
     <span class='ocr_line' id='line_1_78' title="bbox 1074 945 1861 981; baseline 0 -9"><span class='ocrx_word' id='word_1_532' title='bbox 1074 946 1139 981; x_wconf 86' lang='grc' dir='ltr'>νευὴ</span> <span class='ocrx_word' id='word_1_533' title='bbox 1159 945 1311 980; x_wconf 76' lang='grc' dir='ltr'>βασιλεύειν</span> <span class='ocrx_word' id='word_1_534' title='bbox 1336 945 1435 980; x_wconf 86' lang='grc' dir='ltr'>λαχὼν,</span> <span class='ocrx_word' id='word_1_535' title='bbox 1452 945 1490 980; x_wconf 79' lang='grc' dir='ltr'>τῷ</span> <span class='ocrx_word' id='word_1_536' title='bbox 1519 945 1568 980; x_wconf 77' lang='grc' dir='ltr'>μὲν</span> <span class='ocrx_word' id='word_1_537' title='bbox 1593 945 1689 980; x_wconf 83' lang='grc' dir='ltr'>πλήθει</span> <span class='ocrx_word' id='word_1_538' title='bbox 1701 945 1755 971; x_wconf 83' lang='grc' dir='ltr'><strong>τῶν</strong></span> <span class='ocrx_word' id='word_1_539' title='bbox 1769 945 1861 980; x_wconf 82' lang='grc' dir='ltr'>ἁμαρ-</span> 
     </span>
    </p>
   </div>
   <div class='ocr_carea' id='block_1_79' title="bbox 1073 989 1862 1026">
    <p class='ocr_par' dir='ltr' id='par_1_79' title="bbox 1073 989 1862 1026">
     <span class='ocr_line' id='line_1_79' title="bbox 1073 989 1862 1026; baseline -0.001 -10"><span class='ocrx_word' id='word_1_540' title='bbox 1073 991 1139 1017; x_wconf 83' lang='grc' dir='ltr'>τιῶν</span> <span class='ocrx_word' id='word_1_541' title='bbox 1156 990 1336 1025; x_wconf 83' lang='grc' dir='ltr'>συνηλαύνετο</span> <span class='ocrx_word' id='word_1_542' title='bbox 1347 991 1414 1026; x_wconf 77' lang='grc' dir='ltr'>πρὸς</span> <span class='ocrx_word' id='word_1_543' title='bbox 1432 990 1478 1016; x_wconf 82' lang='grc' dir='ltr'>τὸν</span> <span class='ocrx_word' id='word_1_544' title='bbox 1494 989 1614 1024; x_wconf 77' lang='grc' dir='ltr'>ὀλεθρον.</span> <span class='ocrx_word' id='word_1_545' title='bbox 1630 989 1698 1024; x_wconf 83' lang='grc' dir='ltr'>ὁμοῦ</span> <span class='ocrx_word' id='word_1_546' title='bbox 1709 991 1764 1020; x_wconf 83' lang='grc' dir='ltr'>τοῖς</span> <span class='ocrx_word' id='word_1_547' title='bbox 1778 990 1862 1024; x_wconf 80' lang='grc' dir='ltr'>ἀρχο-</span> 
     </span>
    </p>
   </div>
   <div class='ocr_carea' id='block_1_80' title="bbox 1075 1032 1861 1071">
    <p class='ocr_par' dir='ltr' id='par_1_80' title="bbox 1075 1032 1861 1071">
     <span class='ocr_line' id='line_1_80' title="bbox 1075 1032 1861 1071; baseline -0.004 -9"><span class='ocrx_word' id='word_1_548' title='bbox 1075 1035 1164 1071; x_wconf 79' lang='grc' dir='ltr'>μένοις</span> <span class='ocrx_word' id='word_1_549' title='bbox 1177 1035 1261 1066; x_wconf 80' lang='grc' dir='ltr'>λαοῖς.</span> <span class='ocrx_word' id='word_1_550' title='bbox 1290 1035 1338 1061; x_wconf 73' lang='grc' dir='ltr'>καὶ</span> <span class='ocrx_word' id='word_1_551' title='bbox 1363 1035 1378 1060; x_wconf 81' lang='grc' dir='ltr'><strong>ὀ</strong></span> <span class='ocrx_word' id='word_1_552' title='bbox 1393 1035 1442 1070; x_wconf 76' lang='grc' dir='ltr'>τῆς</span> <span class='ocrx_word' id='word_1_553' title='bbox 1465 1034 1602 1069; x_wconf 74' lang='grc' dir='ltr'>ἁμαρτίας</span> <span class='ocrx_word' id='word_1_554' title='bbox 1618 1033 1726 1068; x_wconf 77' lang='grc' dir='ltr'>ἐλεγχος</span> <span class='ocrx_word' id='word_1_555' title='bbox 1740 1032 1861 1067; x_wconf 71' lang='grc' dir='ltr'>ἐγγίζειν</span> 
     </span>
    </p>
   </div>
   <div class='ocr_carea' id='block_1_81' title="bbox 1075 1079 1860 1117">
    <p class='ocr_par' dir='ltr' id='par_1_81' title="bbox 1075 1079 1860 1117">
     <span class='ocr_line' id='line_1_81' title="bbox 1075 1079 1860 1117; baseline -0.003 -9"><span class='ocrx_word' id='word_1_556' title='bbox 1075 1082 1134 1116; x_wconf 82' lang='grc' dir='ltr'>μετ’</span> <span class='ocrx_word' id='word_1_557' title='bbox 1149 1081 1237 1115; x_wconf 82' lang='grc' dir='ltr'>ὀλίγον</span> <span class='ocrx_word' id='word_1_558' title='bbox 1253 1081 1302 1116; x_wconf 83' lang='grc' dir='ltr'>τὴν</span> <span class='ocrx_word' id='word_1_559' title='bbox 1317 1080 1484 1117; x_wconf 75' lang='grc' dir='ltr'>προθεσμίαν</span> <span class='ocrx_word' id='word_1_560' title='bbox 1495 1080 1545 1114; x_wconf 81' lang='grc' dir='ltr'>τῆς</span> <span class='ocrx_word' id='word_1_561' title='bbox 1558 1079 1691 1115; x_wconf 77' lang='grc' dir='ltr'>τιμωρίας</span> <span class='ocrx_word' id='word_1_562' title='bbox 1702 1079 1860 1114; x_wconf 77' lang='grc' dir='ltr'>ἐκήρυττεν.</span> 
     </span>
    </p>
   </div>
   <div class='ocr_carea' id='block_1_82' title="bbox 1079 1124 1862 1161">
    <p class='ocr_par' dir='ltr' id='par_1_82' title="bbox 1079 1124 1862 1161">
     <span class='ocr_line' id='line_1_82' title="bbox 1079 1124 1862 1161; baseline -0.004 -8"><span class='ocrx_word' id='word_1_563' title='bbox 1079 1127 1188 1161; x_wconf 77' lang='grc' dir='ltr'><strong>Ἐπειδὴ</strong></span> <span class='ocrx_word' id='word_1_564' title='bbox 1203 1126 1231 1152; x_wconf 77' lang='grc' dir='ltr'><strong>δὲ</strong></span> <span class='ocrx_word' id='word_1_565' title='bbox 1247 1125 1363 1157; x_wconf 84' lang='grc' dir='ltr'>συνετῶς</span> <span class='ocrx_word' id='word_1_566' title='bbox 1377 1126 1489 1157; x_wconf 77' lang='grc' dir='ltr'>ἑαυτοὺς</span> <span class='ocrx_word' id='word_1_567' title='bbox 1498 1125 1680 1156; x_wconf 79' lang='grc' dir='ltr'>κακώσαντες,</span> <span class='ocrx_word' id='word_1_568' title='bbox 1699 1125 1797 1159; x_wconf 75' lang='grc' dir='ltr'>ἔφυγον</span> <span class='ocrx_word' id='word_1_569' title='bbox 1812 1124 1862 1159; x_wconf 81' lang='grc' dir='ltr'>τὴν</span> 
     </span>
    </p>
   </div>
   <div class='ocr_carea' id='block_1_83' title="bbox 1073 1170 1863 1208">
    <p class='ocr_par' dir='ltr' id='par_1_83' title="bbox 1073 1170 1863 1208">
     <span class='ocr_line' id='line_1_83' title="bbox 1073 1170 1863 1208; baseline -0.003 -10"><span class='ocrx_word' id='word_1_570' title='bbox 1073 1174 1172 1208; x_wconf 81' lang='grc' dir='ltr'>πεῖραν</span> <span class='ocrx_word' id='word_1_571' title='bbox 1200 1171 1250 1206; x_wconf 82' lang='grc' dir='ltr'>τῆς</span> <span class='ocrx_word' id='word_1_572' title='bbox 1271 1173 1423 1207; x_wconf 73' lang='grc' dir='ltr'>συμφορᾶς,</span> <span class='ocrx_word' id='word_1_573' title='bbox 1441 1171 1562 1207; x_wconf 78' lang='grc' dir='ltr'><strong>ἐλυπήθη</strong></span> <span class='ocrx_word' id='word_1_574' title='bbox 1578 1171 1626 1206; x_wconf 83' lang='grc' dir='ltr'>μὲν</span> <span class='ocrx_word' id='word_1_575' title='bbox 1643 1172 1683 1197; x_wconf 76' lang='grc' dir='ltr'>ὅτι</span> <span class='ocrx_word' id='word_1_576' title='bbox 1702 1171 1738 1206; x_wconf 81' lang='grc' dir='ltr'>μὴ</span> <span class='ocrx_word' id='word_1_577' title='bbox 1749 1170 1863 1205; x_wconf 72' lang='grc' dir='ltr'>ἠλήθευ-</span> 
     </span>
    </p>
   </div>
   <div class='ocr_carea' id='block_1_84' title="bbox 1075 1215 1861 1253">
    <p class='ocr_par' dir='ltr' id='par_1_84' title="bbox 1075 1215 1861 1253">
     <span class='ocr_line' id='line_1_84' title="bbox 1075 1215 1861 1253; baseline -0.004 -9"><span class='ocrx_word' id='word_1_578' title='bbox 1075 1226 1121 1244; x_wconf 84' lang='grc' dir='ltr'><strong>σεν</strong></span> <span class='ocrx_word' id='word_1_579' title='bbox 1142 1218 1156 1244; x_wconf 90' lang='grc' dir='ltr'><strong>ὀ</strong></span> <span class='ocrx_word' id='word_1_580' title='bbox 1184 1217 1239 1244; x_wconf 81' lang='grc' dir='ltr'><strong>τῶν</strong></span> <span class='ocrx_word' id='word_1_581' title='bbox 1256 1217 1350 1244; x_wconf 87' lang='grc' dir='ltr'>κακῶν</span> <span class='ocrx_word' id='word_1_582' title='bbox 1366 1218 1519 1253; x_wconf 73' lang='grc' dir='ltr'>προφήτης,</span> <span class='ocrx_word' id='word_1_583' title='bbox 1535 1217 1660 1253; x_wconf 71' lang='grc' dir='ltr'>καὶπρὸς</span> <span class='ocrx_word' id='word_1_584' title='bbox 1671 1217 1717 1243; x_wconf 73' lang='grc' dir='ltr'>τὸν</span> <span class='ocrx_word' id='word_1_585' title='bbox 1729 1216 1802 1242; x_wconf 76' lang='grc' dir='ltr'>ἔλεον</span> <span class='ocrx_word' id='word_1_586' title='bbox 1813 1215 1861 1242; x_wconf 78' lang='grc' dir='ltr'>τοῦ</span> 
     </span>
    </p>
   </div>
   <div class='ocr_carea' id='block_1_85' title="bbox 1074 1259 1865 1299">
    <p class='ocr_par' dir='ltr' id='par_1_85' title="bbox 1074 1259 1865 1299">
     <span class='ocr_line' id='line_1_85' title="bbox 1074 1259 1865 1299; baseline -0.003 -9"><span class='ocrx_word' id='word_1_587' title='bbox 1074 1263 1142 1290; x_wconf 74' lang='grc' dir='ltr'>Θεοῦ</span> <span class='ocrx_word' id='word_1_588' title='bbox 1155 1263 1280 1299; x_wconf 81' lang='grc' dir='ltr'>χαλεπῶς</span> <span class='ocrx_word' id='word_1_589' title='bbox 1302 1263 1486 1298; x_wconf 78' lang='grc' dir='ltr'>ήγροικίσατο.</span> <span class='ocrx_word' id='word_1_590' title='bbox 1507 1263 1536 1289; x_wconf 89' lang='lat'><strong>&#39;0</strong></span> <span class='ocrx_word' id='word_1_591' title='bbox 1559 1262 1587 1289; x_wconf 84' lang='grc' dir='ltr'><strong>δὲ</strong></span> <span class='ocrx_word' id='word_1_592' title='bbox 1602 1262 1737 1297; x_wconf 73' lang='grc' dir='ltr'>πανταχοῦ</span> <span class='ocrx_word' id='word_1_593' title='bbox 1754 1262 1800 1288; x_wconf 74' lang='grc' dir='ltr'>καὶ</span> <span class='ocrx_word' id='word_1_594' title='bbox 1818 1259 1865 1288; x_wconf 67' lang='grc' dir='ltr'><strong>διᾶ</strong></span> 
     </span>
    </p>
   </div>
   <div class='ocr_carea' id='block_1_86' title="bbox 1073 1307 1862 1345">
    <p class='ocr_par' dir='ltr' id='par_1_86' title="bbox 1073 1307 1862 1345">
     <span class='ocr_line' id='line_1_86' title="bbox 1073 1307 1862 1345; baseline -0.004 -9"><span class='ocrx_word' id='word_1_595' title='bbox 1073 1310 1159 1344; x_wconf 84' lang='grc' dir='ltr'>λόγων</span> <span class='ocrx_word' id='word_1_596' title='bbox 1176 1311 1225 1336; x_wconf 81' lang='grc' dir='ltr'>καὶ</span> <span class='ocrx_word' id='word_1_597' title='bbox 1245 1309 1370 1345; x_wconf 76' lang='grc' dir='ltr'>πράξεων</span> <span class='ocrx_word' id='word_1_598' title='bbox 1387 1308 1528 1344; x_wconf 80' lang='grc' dir='ltr'>γνωρίζων</span> <span class='ocrx_word' id='word_1_599' title='bbox 1547 1309 1631 1343; x_wconf 83' lang='grc' dir='ltr'>ἡμῖν,</span> <span class='ocrx_word' id='word_1_600' title='bbox 1653 1309 1718 1343; x_wconf 82' lang='grc' dir='ltr'>ὅσην</span> <span class='ocrx_word' id='word_1_601' title='bbox 1735 1308 1790 1342; x_wconf 81' lang='grc' dir='ltr'>ἔχει</span> <span class='ocrx_word' id='word_1_602' title='bbox 1813 1307 1862 1342; x_wconf 76' lang='grc' dir='ltr'>τὴν</span> 
     </span>
    </p>
   </div>
   <div class='ocr_carea' id='block_1_87' title="bbox 1074 1353 1864 1392">
    <p class='ocr_par' dir='ltr' id='par_1_87' title="bbox 1074 1353 1864 1392">
     <span class='ocr_line' id='line_1_87' title="bbox 1074 1353 1864 1392; baseline -0.004 -10"><span class='ocrx_word' id='word_1_603' title='bbox 1074 1357 1143 1392; x_wconf 54' lang='grc' dir='ltr'>πρὸς</span> <span class='ocrx_word' id='word_1_604' title='bbox 1159 1357 1222 1387; x_wconf 85' lang='grc' dir='ltr'>τοὺς</span> <span class='ocrx_word' id='word_1_605' title='bbox 1234 1355 1395 1391; x_wconf 80' lang='grc' dir='ltr'>ἀνθρώπους</span> <span class='ocrx_word' id='word_1_606' title='bbox 1412 1355 1566 1390; x_wconf 78' lang='grc' dir='ltr'>εὐμένειαν,</span> <span class='ocrx_word' id='word_1_607' title='bbox 1587 1354 1649 1388; x_wconf 82' lang='grc' dir='ltr'>φύει</span> <span class='ocrx_word' id='word_1_608' title='bbox 1665 1354 1714 1390; x_wconf 85' lang='grc' dir='ltr'>μὲν</span> <span class='ocrx_word' id='word_1_609' title='bbox 1724 1354 1774 1389; x_wconf 80' lang='grc' dir='ltr'>τὴν</span> <span class='ocrx_word' id='word_1_610' title='bbox 1788 1353 1864 1380; x_wconf 88' lang='grc' dir='ltr'>κολό-</span> 
     </span>
    </p>
   </div>
   <div class='ocr_carea' id='block_1_88' title="bbox 1074 1399 1862 1437">
    <p class='ocr_par' dir='ltr' id='par_1_88' title="bbox 1074 1399 1862 1437">
     <span class='ocr_line' id='line_1_88' title="bbox 1074 1399 1862 1437; baseline -0.003 -9"><span class='ocrx_word' id='word_1_611' title='bbox 1074 1402 1174 1428; x_wconf 78' lang='grc' dir='ltr'>κυνθαν</span> <span class='ocrx_word' id='word_1_612' title='bbox 1193 1402 1263 1437; x_wconf 80' lang='grc' dir='ltr'>ὑπὲρ</span> <span class='ocrx_word' id='word_1_613' title='bbox 1283 1401 1415 1437; x_wconf 78' lang='grc' dir='ltr'>κεφαλῆς,</span> <span class='ocrx_word' id='word_1_614' title='bbox 1431 1400 1470 1436; x_wconf 84' lang='grc' dir='ltr'>τῷ</span> <span class='ocrx_word' id='word_1_615' title='bbox 1493 1401 1618 1436; x_wconf 83' lang='grc' dir='ltr'>προφήτῃ</span> <span class='ocrx_word' id='word_1_616' title='bbox 1632 1402 1736 1436; x_wconf 79' lang='grc' dir='ltr'>σκέπην</span> <span class='ocrx_word' id='word_1_617' title='bbox 1752 1400 1801 1434; x_wconf 77' lang='grc' dir='ltr'>τῆς</span> <span class='ocrx_word' id='word_1_618' title='bbox 1817 1399 1862 1425; x_wconf 80' lang='grc' dir='ltr'>λυ-</span> 
     </span>
    </p>
   </div>
   <div class='ocr_carea' id='block_1_89' title="bbox 1074 1445 1862 1482">
    <p class='ocr_par' dir='ltr' id='par_1_89' title="bbox 1074 1445 1862 1482">
     <span class='ocr_line' id='line_1_89' title="bbox 1074 1445 1862 1482; baseline -0.003 -9"><span class='ocrx_word' id='word_1_619' title='bbox 1074 1447 1178 1482; x_wconf 58' lang='lat' dir='ltr'><strong>cro-Jan;</strong></span> <span class='ocrx_word' id='word_1_620' title='bbox 1196 1447 1316 1479; x_wconf 79' lang='grc' dir='ltr'>ἀκτῖνος,</span> <span class='ocrx_word' id='word_1_621' title='bbox 1346 1445 1573 1477; x_wconf 81' lang='grc' dir='ltr'>ὑποκαθεύδοντος</span> <span class='ocrx_word' id='word_1_622' title='bbox 1593 1446 1621 1472; x_wconf 78' lang='grc' dir='ltr'><strong>δὲ</strong></span> <span class='ocrx_word' id='word_1_623' title='bbox 1638 1447 1670 1480; x_wconf 79' lang='grc' dir='ltr'>τῇ</span> <span class='ocrx_word' id='word_1_624' title='bbox 1689 1445 1752 1480; x_wconf 86' lang='grc' dir='ltr'>σκιᾷ</span> <span class='ocrx_word' id='word_1_625' title='bbox 1766 1445 1862 1480; x_wconf 84' lang='grc' dir='ltr'>ἁθρόον</span> 
     </span>
    </p>
   </div>
   <div class='ocr_carea' id='block_1_90' title="bbox 1075 1488 1864 1527">
    <p class='ocr_par' dir='ltr' id='par_1_90' title="bbox 1075 1488 1864 1527">
     <span class='ocr_line' id='line_1_90' title="bbox 1075 1488 1864 1527; baseline -0.003 -9"><span class='ocrx_word' id='word_1_626' title='bbox 1075 1491 1251 1527; x_wconf 82' lang='grc' dir='ltr'>ἁποξηράνας</span> <span class='ocrx_word' id='word_1_627' title='bbox 1267 1492 1362 1527; x_wconf 74' lang='grc' dir='ltr'>αὐτὴν.</span> <span class='ocrx_word' id='word_1_628' title='bbox 1380 1490 1446 1518; x_wconf 79' lang='grc' dir='ltr'>Εἶτα</span> <span class='ocrx_word' id='word_1_629' title='bbox 1457 1491 1494 1522; x_wconf 83' lang='grc' dir='ltr'>ὡς</span> <span class='ocrx_word' id='word_1_630' title='bbox 1506 1490 1641 1522; x_wconf 80' lang='grc' dir='ltr'>δυσκόλως</span> <span class='ocrx_word' id='word_1_631' title='bbox 1650 1488 1721 1526; x_wconf 82' lang='grc' dir='ltr'>εἶχεν</span> <span class='ocrx_word' id='word_1_632' title='bbox 1736 1489 1864 1524; x_wconf 64' lang='grc' dir='ltr'>ἀφυπνὼέ</span> 
     </span>
    </p>
   </div>
   <div class='ocr_carea' id='block_1_91' title="bbox 1075 1535 1864 1573">
    <p class='ocr_par' dir='ltr' id='par_1_91' title="bbox 1075 1535 1864 1573">
     <span class='ocr_line' id='line_1_91' title="bbox 1075 1535 1864 1573; baseline -0.005 -10"><span class='ocrx_word' id='word_1_633' title='bbox 1075 1546 1125 1569; x_wconf 80' lang='grc' dir='ltr'><strong>σας</strong></span> <span class='ocrx_word' id='word_1_634' title='bbox 1143 1537 1211 1573; x_wconf 80' lang='grc' dir='ltr'>πρὸς</span> <span class='ocrx_word' id='word_1_635' title='bbox 1224 1537 1254 1563; x_wconf 78' lang='grc' dir='ltr'>τὸ</span> <span class='ocrx_word' id='word_1_636' title='bbox 1270 1536 1386 1571; x_wconf 78' lang='grc' dir='ltr'>συμϐὰν,</span> <span class='ocrx_word' id='word_1_637' title='bbox 1402 1535 1525 1567; x_wconf 81' lang='grc' dir='ltr'>ὀνειδίζει</span> <span class='ocrx_word' id='word_1_638' title='bbox 1543 1535 1590 1562; x_wconf 75' lang='grc' dir='ltr'>καὶ</span> <span class='ocrx_word' id='word_1_639' title='bbox 1609 1535 1752 1570; x_wconf 79' lang='grc' dir='ltr'>μέμφεται.</span> <span class='ocrx_word' id='word_1_640' title='bbox 1771 1535 1802 1562; x_wconf 74' lang='lat' dir='ltr'><strong>Et</strong></span> <span class='ocrx_word' id='word_1_641' title='bbox 1815 1536 1864 1569; x_wconf 78' lang='grc' dir='ltr'>μὲν</span> 
     </span>
    </p>
   </div>
   <div class='ocr_carea' id='block_1_92' title="bbox 1077 1580 1864 1617">
    <p class='ocr_par' dir='ltr' id='par_1_92' title="bbox 1077 1580 1864 1617">
     <span class='ocr_line' id='line_1_92' title="bbox 1077 1580 1864 1617; baseline -0.004 -8"><span class='ocrx_word' id='word_1_642' title='bbox 1077 1582 1163 1614; x_wconf 73' lang='grc' dir='ltr'>οὕτως</span> <span class='ocrx_word' id='word_1_643' title='bbox 1176 1581 1306 1617; x_wconf 80' lang='grc' dir='ltr'>ἐμπαθῶς</span> <span class='ocrx_word' id='word_1_644' title='bbox 1331 1581 1523 1615; x_wconf 75' lang='grc' dir='ltr'>ὲπιστυγνάζοι</span> <span class='ocrx_word' id='word_1_645' title='bbox 1539 1580 1578 1615; x_wconf 76' lang='grc' dir='ltr'>τῷ</span> <span class='ocrx_word' id='word_1_646' title='bbox 1593 1580 1757 1616; x_wconf 81' lang='grc' dir='ltr'>μαρανθέντι</span> <span class='ocrx_word' id='word_1_647' title='bbox 1781 1580 1864 1615; x_wconf 82' lang='grc' dir='ltr'>λαχά-</span> 
     </span>
    </p>
   </div>
   <div class='ocr_carea' id='block_1_93' title="bbox 1078 1625 1864 1664">
    <p class='ocr_par' dir='ltr' id='par_1_93' title="bbox 1078 1625 1864 1664">
     <span class='ocr_line' id='line_1_93' title="bbox 1078 1625 1864 1664; baseline -0.004 -10"><span class='ocrx_word' id='word_1_648' title='bbox 1078 1638 1125 1664; x_wconf 87' lang='grc' dir='ltr'><strong>νῳ,</strong></span> <span class='ocrx_word' id='word_1_649' title='bbox 1139 1629 1153 1655; x_wconf 88' lang='grc' dir='ltr'><strong>ὀ</strong></span> <span class='ocrx_word' id='word_1_650' title='bbox 1175 1627 1204 1654; x_wconf 84' lang='grc' dir='ltr'><strong>δὲ</strong></span> <span class='ocrx_word' id='word_1_651' title='bbox 1225 1627 1291 1659; x_wconf 78' lang='grc' dir='ltr'>Θεὸς</span> <span class='ocrx_word' id='word_1_652' title='bbox 1305 1627 1355 1654; x_wconf 77' lang='grc' dir='ltr'><strong>οὐκ</strong></span> <span class='ocrx_word' id='word_1_653' title='bbox 1370 1626 1403 1653; x_wconf 81' lang='grc' dir='ltr'>ἂν</span> <span class='ocrx_word' id='word_1_654' title='bbox 1419 1626 1574 1662; x_wconf 72' lang='grc' dir='ltr'>ἐπεκλάσθη</span> <span class='ocrx_word' id='word_1_655' title='bbox 1601 1625 1752 1661; x_wconf 75' lang='grc' dir='ltr'>τηλικαύτῃ</span> <span class='ocrx_word' id='word_1_656' title='bbox 1781 1625 1864 1659; x_wconf 75' lang='grc' dir='ltr'>ἐγγὺς</span> 
     </span>
    </p>
   </div>
   <div class='ocr_carea' id='block_1_94' title="bbox 1077 1672 1349 1709">
    <p class='ocr_par' dir='ltr' id='par_1_94' title="bbox 1077 1672 1349 1709">
     <span class='ocr_line' id='line_1_94' title="bbox 1077 1672 1349 1709; baseline -0.007 -9"><span class='ocrx_word' id='word_1_657' title='bbox 1077 1673 1192 1709; x_wconf 63' lang='grc' dir='ltr'>ἐλθούσῃ</span> <span class='ocrx_word' id='word_1_658' title='bbox 1208 1672 1330 1699; x_wconf 82' lang='grc' dir='ltr'>κινδύνου</span> <span class='ocrx_word' id='word_1_659' title='bbox 1341 1680 1349 1704; x_wconf 86' lang='grc'><strong>;</strong></span> 
     </span>
    </p>
   </div>
   <div class='ocr_carea' id='block_1_95' title="bbox 1113 1714 1863 1752">
    <p class='ocr_par' dir='ltr' id='par_1_95' title="bbox 1113 1714 1863 1752">
     <span class='ocr_line' id='line_1_95' title="bbox 1113 1714 1863 1752; baseline -0.005 -8"><span class='ocrx_word' id='word_1_660' title='bbox 1113 1717 1220 1744; x_wconf 81' lang='grc' dir='ltr'>Μάθετε</span> <span class='ocrx_word' id='word_1_661' title='bbox 1233 1714 1291 1746; x_wconf 77' lang='grc' dir='ltr'>οὖν.</span> <span class='ocrx_word' id='word_1_662' title='bbox 1306 1717 1330 1743; x_wconf 86' lang='lat' dir='ltr'><strong>oi.</strong></span> <span class='ocrx_word' id='word_1_663' title='bbox 1346 1716 1460 1752; x_wconf 70' lang='grc' dir='ltr'>σκληροὶ</span> <span class='ocrx_word' id='word_1_664' title='bbox 1485 1716 1532 1743; x_wconf 77' lang='grc' dir='ltr'>καὶ</span> <span class='ocrx_word' id='word_1_665' title='bbox 1544 1715 1738 1751; x_wconf 82' lang='grc' dir='ltr'>δυσμείλικτοι,</span> <span class='ocrx_word' id='word_1_666' title='bbox 1753 1715 1802 1750; x_wconf 80' lang='grc' dir='ltr'>τὴν</span> <span class='ocrx_word' id='word_1_667' title='bbox 1815 1714 1863 1741; x_wconf 83' lang='grc' dir='ltr'>τοῦ</span> 
     </span>
    </p>
   </div>
   <div class='ocr_carea' id='block_1_96' title="bbox 1078 1761 1865 1798">
    <p class='ocr_par' dir='ltr' id='par_1_96' title="bbox 1078 1761 1865 1798">
     <span class='ocr_line' id='line_1_96' title="bbox 1078 1761 1865 1798; baseline -0.004 -8"><span class='ocrx_word' id='word_1_668' title='bbox 1078 1764 1220 1794; x_wconf 73' lang='grc' dir='ltr'>κτίσαντος</span> <span class='ocrx_word' id='word_1_669' title='bbox 1246 1763 1319 1798; x_wconf 70' lang='grc' dir='ltr'>ἡμᾶς</span> <span class='ocrx_word' id='word_1_670' title='bbox 1340 1762 1522 1798; x_wconf 79' lang='grc' dir='ltr'>χρηστότητα,</span> <span class='ocrx_word' id='word_1_671' title='bbox 1554 1762 1602 1788; x_wconf 78' lang='grc' dir='ltr'>καὶ</span> <span class='ocrx_word' id='word_1_672' title='bbox 1622 1761 1658 1797; x_wconf 84' lang='grc' dir='ltr'><strong>μή</strong></span> <span class='ocrx_word' id='word_1_673' title='bbox 1685 1761 1791 1794; x_wconf 76' lang='grc' dir='ltr'>γίνεσθε</span> <span class='ocrx_word' id='word_1_674' title='bbox 1811 1761 1865 1788; x_wconf 83' lang='grc' dir='ltr'>τῶν</span> 
     </span>
    </p>
   </div>
   <div class='ocr_carea' id='block_1_97' title="bbox 1077 1807 1864 1844">
    <p class='ocr_par' dir='ltr' id='par_1_97' title="bbox 1077 1807 1864 1844">
     <span class='ocr_line' id='line_1_97' title="bbox 1077 1807 1864 1844; baseline -0.004 -8"><span class='ocrx_word' id='word_1_675' title='bbox 1077 1809 1230 1844; x_wconf 69' lang='grc' dir='ltr'>ὁμοδούλων</span> <span class='ocrx_word' id='word_1_676' title='bbox 1255 1808 1350 1844; x_wconf 78' lang='grc' dir='ltr'>πικροὶ</span> <span class='ocrx_word' id='word_1_677' title='bbox 1382 1808 1429 1835; x_wconf 79' lang='grc' dir='ltr'>καὶ</span> <span class='ocrx_word' id='word_1_678' title='bbox 1456 1807 1548 1844; x_wconf 80' lang='grc' dir='ltr'>βαρεῖς</span> <span class='ocrx_word' id='word_1_679' title='bbox 1572 1807 1707 1840; x_wconf 69' lang='grc' dir='ltr'>δικασταὶ,</span> <span class='ocrx_word' id='word_1_680' title='bbox 1733 1808 1812 1843; x_wconf 76' lang='grc' dir='ltr'>ἄχρις</span> <span class='ocrx_word' id='word_1_681' title='bbox 1831 1808 1864 1834; x_wconf 75' lang='grc' dir='ltr'>ἂν</span> 
     </span>
    </p>
   </div>
   <div class='ocr_carea' id='block_1_98' title="bbox 1078 1853 1864 1890">
    <p class='ocr_par' dir='ltr' id='par_1_98' title="bbox 1078 1853 1864 1890">
     <span class='ocr_line' id='line_1_98' title="bbox 1078 1853 1864 1890; baseline 0 -9"><span class='ocrx_word' id='word_1_682' title='bbox 1078 1855 1210 1890; x_wconf 77' lang='grc' dir='ltr'>ἀφίκηται</span> <span class='ocrx_word' id='word_1_683' title='bbox 1236 1855 1250 1881; x_wconf 87' lang='grc' dir='ltr'><strong>ὀ</strong></span> <span class='ocrx_word' id='word_1_684' title='bbox 1268 1854 1303 1881; x_wconf 82' lang='grc' dir='ltr'>τὰ</span> <span class='ocrx_word' id='word_1_685' title='bbox 1319 1853 1429 1889; x_wconf 76' lang='grc' dir='ltr'>κρυπτὰ</span> <span class='ocrx_word' id='word_1_686' title='bbox 1451 1853 1505 1880; x_wconf 82' lang='grc' dir='ltr'><strong>τῶν</strong></span> <span class='ocrx_word' id='word_1_687' title='bbox 1520 1853 1636 1888; x_wconf 82' lang='grc' dir='ltr'>καρδιῶν</span> <span class='ocrx_word' id='word_1_688' title='bbox 1655 1853 1864 1885; x_wconf 80' lang='grc' dir='ltr'>ἀποκαλύπτων.</span> 
     </span>
    </p>
   </div>
   <div class='ocr_carea' id='block_1_99' title="bbox 1049 1899 1865 1934">
    <p class='ocr_par' dir='ltr' id='par_1_99' title="bbox 1049 1899 1865 1934">
     <span class='ocr_line' id='line_1_99' title="bbox 1049 1899 1865 1934; baseline 0 -8"><span class='ocrx_word' id='word_1_689' title='bbox 1049 1929 1052 1932; x_wconf 24' lang='lat'><strong><em>4</em></strong></span> <span class='ocrx_word' id='word_1_690' title='bbox 1078 1900 1125 1926; x_wconf 74' lang='grc' dir='ltr'>καὶ</span> <span class='ocrx_word' id='word_1_691' title='bbox 1153 1900 1213 1926; x_wconf 79' lang='grc' dir='ltr'>κατ’</span> <span class='ocrx_word' id='word_1_692' title='bbox 1225 1899 1346 1933; x_wconf 78' lang='grc' dir='ltr'>ἐξουσίαν</span> <span class='ocrx_word' id='word_1_693' title='bbox 1364 1899 1525 1934; x_wconf 85' lang='grc' dir='ltr'>δεσποτικὴν</span> <span class='ocrx_word' id='word_1_694' title='bbox 1543 1899 1649 1932; x_wconf 81' lang='grc' dir='ltr'>ἑκάστῳ</span> <span class='ocrx_word' id='word_1_695' title='bbox 1675 1899 1726 1934; x_wconf 81' lang='grc' dir='ltr'>τῆς</span> <span class='ocrx_word' id='word_1_696' title='bbox 1749 1899 1865 1934; x_wconf 82' lang='grc' dir='ltr'>προσδο-</span> 
     </span>
    </p>
   </div>
   <div class='ocr_carea' id='block_1_100' title="bbox 1078 1944 1866 1981">
    <p class='ocr_par' dir='ltr' id='par_1_100' title="bbox 1078 1944 1866 1981">
     <span class='ocr_line' id='line_1_100' title="bbox 1078 1944 1866 1981; baseline 0.003 -11"><span class='ocrx_word' id='word_1_697' title='bbox 1078 1945 1204 1980; x_wconf 82' lang='grc' dir='ltr'>κωμένης</span> <span class='ocrx_word' id='word_1_698' title='bbox 1226 1944 1299 1979; x_wconf 72' lang='grc' dir='ltr'>ζωῆς</span> <span class='ocrx_word' id='word_1_699' title='bbox 1315 1944 1478 1979; x_wconf 74' lang='grc' dir='ltr'>ἀποκληρῶν</span> <span class='ocrx_word' id='word_1_700' title='bbox 1491 1945 1540 1979; x_wconf 77' lang='grc' dir='ltr'>τὴν</span> <span class='ocrx_word' id='word_1_701' title='bbox 1554 1945 1727 1974; x_wconf 76' lang='grc' dir='ltr'>κατάστασιν.</span> <span class='ocrx_word' id='word_1_702' title='bbox 1739 1945 1784 1981; x_wconf 81' lang='grc' dir='ltr'><strong>Μὴ</strong></span> <span class='ocrx_word' id='word_1_703' title='bbox 1802 1953 1866 1972; x_wconf 64' lang='grc' dir='ltr'>σκυέ</span> 
     </span>
    </p>
   </div>
   <div class='ocr_carea' id='block_1_101' title="bbox 1079 1990 1865 2026">
    <p class='ocr_par' dir='ltr' id='par_1_101' title="bbox 1079 1990 1865 2026">
     <span class='ocr_line' id='line_1_101' title="bbox 1079 1990 1865 2026; baseline 0 -9"><span class='ocrx_word' id='word_1_704' title='bbox 1079 1990 1192 2026; x_wconf 80' lang='grc' dir='ltr'>θρωπὰς</span> <span class='ocrx_word' id='word_1_705' title='bbox 1220 1991 1350 2025; x_wconf 65' lang='grc' dir='ltr'>ἐκφέρετε</span> <span class='ocrx_word' id='word_1_706' title='bbox 1394 1990 1443 2022; x_wconf 83' lang='grc' dir='ltr'><strong>τὰς</strong></span> <span class='ocrx_word' id='word_1_707' title='bbox 1475 1990 1634 2024; x_wconf 78' lang='grc' dir='ltr'>ἀποφάσεις·</span> <span class='ocrx_word' id='word_1_708' title='bbox 1667 1991 1710 2017; x_wconf 79' lang='grc' dir='ltr'><strong>ἴνα</strong></span> <span class='ocrx_word' id='word_1_709' title='bbox 1741 1990 1779 2026; x_wconf 78' lang='grc' dir='ltr'>μὴ</span> <span class='ocrx_word' id='word_1_710' title='bbox 1805 1993 1865 2023; x_wconf 74' lang='grc' dir='ltr'>ταῖς</span> 
     </span>
    </p>
   </div>
   <div class='ocr_carea' id='block_1_102' title="bbox 1079 2035 1866 2072">
    <p class='ocr_par' dir='ltr' id='par_1_102' title="bbox 1079 2035 1866 2072">
     <span class='ocr_line' id='line_1_102' title="bbox 1079 2035 1866 2072; baseline 0.003 -11"><span class='ocrx_word' id='word_1_711' title='bbox 1079 2035 1187 2070; x_wconf 83' lang='grc' dir='ltr'>ὁμοίαις</span> <span class='ocrx_word' id='word_1_712' title='bbox 1200 2035 1383 2070; x_wconf 53' lang='lat' dir='ltr'><strong>amonem,</strong></span> <span class='ocrx_word' id='word_1_713' title='bbox 1399 2037 1446 2063; x_wconf 77' lang='grc' dir='ltr'>καὶ</span> <span class='ocrx_word' id='word_1_714' title='bbox 1469 2036 1524 2062; x_wconf 79' lang='grc' dir='ltr'>τῶν</span> <span class='ocrx_word' id='word_1_715' title='bbox 1536 2036 1643 2063; x_wconf 75' lang='grc' dir='ltr'>οίκείων</span> <span class='ocrx_word' id='word_1_716' title='bbox 1657 2037 1797 2072; x_wconf 80' lang='grc' dir='ltr'>στομάτων</span> <span class='ocrx_word' id='word_1_717' title='bbox 1809 2038 1866 2068; x_wconf 83' lang='grc' dir='ltr'>τοῖς</span> 
     </span>
    </p>
   </div>
   <div class='ocr_carea' id='block_1_103' title="bbox 1078 2081 1866 2119">
    <p class='ocr_par' dir='ltr' id='par_1_103' title="bbox 1078 2081 1866 2119">
     <span class='ocr_line' id='line_1_103' title="bbox 1078 2081 1866 2119; baseline 0.001 -12"><span class='ocrx_word' id='word_1_718' title='bbox 1078 2082 1168 2116; x_wconf 77' lang='grc' dir='ltr'>λόγοις</span> <span class='ocrx_word' id='word_1_719' title='bbox 1183 2081 1222 2113; x_wconf 81' lang='grc' dir='ltr'>ὡς</span> <span class='ocrx_word' id='word_1_720' title='bbox 1245 2081 1350 2108; x_wconf 79' lang='grc' dir='ltr'>ὀδοῦσιν</span> <span class='ocrx_word' id='word_1_721' title='bbox 1365 2082 1503 2119; x_wconf 68' lang='grc' dir='ltr'>ὀξυτάτοις</span> <span class='ocrx_word' id='word_1_722' title='bbox 1518 2081 1698 2117; x_wconf 79' lang='grc' dir='ltr'>περιπαρῆτε.</span> <span class='ocrx_word' id='word_1_723' title='bbox 1718 2083 1796 2109; x_wconf 80' lang='grc' dir='ltr'>Δοκεῖ</span> <span class='ocrx_word' id='word_1_724' title='bbox 1811 2081 1866 2116; x_wconf 71' lang='grc' dir='ltr'>γάρ</span> 
     </span>
    </p>
   </div>
   <div class='ocr_carea' id='block_1_104' title="bbox 1081 2127 1865 2164">
    <p class='ocr_par' dir='ltr' id='par_1_104' title="bbox 1081 2127 1865 2164">
     <span class='ocr_line' id='line_1_104' title="bbox 1081 2127 1865 2164; baseline 0 -10"><span class='ocrx_word' id='word_1_725' title='bbox 1081 2136 1126 2163; x_wconf 90' lang='grc' dir='ltr'><strong>μοι</strong></span> <span class='ocrx_word' id='word_1_726' title='bbox 1149 2128 1196 2155; x_wconf 73' lang='grc' dir='ltr'><strong>καὶ</strong></span> <span class='ocrx_word' id='word_1_727' title='bbox 1224 2128 1241 2163; x_wconf 81' lang='grc' dir='ltr'>ὴ</span> <span class='ocrx_word' id='word_1_728' title='bbox 1257 2127 1420 2163; x_wconf 81' lang='grc' dir='ltr'>εὐαγγελικὴ</span> <span class='ocrx_word' id='word_1_729' title='bbox 1443 2128 1593 2164; x_wconf 76' lang='grc' dir='ltr'>πρόρρησις</span> <span class='ocrx_word' id='word_1_730' title='bbox 1616 2128 1710 2155; x_wconf 81' lang='grc' dir='ltr'>τούτου</span> <span class='ocrx_word' id='word_1_731' title='bbox 1727 2128 1865 2163; x_wconf 79' lang='grc' dir='ltr'>προφυλα-</span> 
     </span>
    </p>
   </div>
   <div class='ocr_carea' id='block_1_105' title="bbox 1080 2172 1866 2209">
    <p class='ocr_par' dir='ltr' id='par_1_105' title="bbox 1080 2172 1866 2209">
     <span class='ocr_line' id='line_1_105' title="bbox 1080 2172 1866 2209; baseline 0.003 -10"><span class='ocrx_word' id='word_1_732' title='bbox 1080 2173 1161 2208; x_wconf 84' lang='grc' dir='ltr'>κτικὴ</span> <span class='ocrx_word' id='word_1_733' title='bbox 1176 2173 1320 2207; x_wconf 86' lang='grc' dir='ltr'>τυγχάνειν</span> <span class='ocrx_word' id='word_1_734' title='bbox 1341 2173 1389 2199; x_wconf 78' lang='grc' dir='ltr'>τοῦ</span> <span class='ocrx_word' id='word_1_735' title='bbox 1408 2172 1651 2208; x_wconf 86' lang='grc' dir='ltr'>πλημμελήματος.</span> <span class='ocrx_word' id='word_1_736' title='bbox 1666 2173 1781 2208; x_wconf 76' lang='grc' dir='ltr'>λέγουσα</span> <span class='ocrx_word' id='word_1_737' title='bbox 1791 2181 1797 2187; x_wconf 85' lang='grc'><strong>”</strong></span> <span class='ocrx_word' id='word_1_738' title='bbox 1816 2174 1866 2209; x_wconf 78' lang='grc' dir='ltr'><strong>Μὴ</strong></span> 
     </span>
    </p>
   </div>
   <div class='ocr_carea' id='block_1_106' title="bbox 1043 2217 1866 2257">
    <p class='ocr_par' dir='ltr' id='par_1_106' title="bbox 1043 2217 1866 2257">
     <span class='ocr_line' id='line_1_106' title="bbox 1043 2217 1866 2257; baseline 0.001 -12"><span class='ocrx_word' id='word_1_739' title='bbox 1043 2229 1067 2257; x_wconf 73' lang='grc' dir='ltr'><strong>ι)</strong></span> <span class='ocrx_word' id='word_1_740' title='bbox 1081 2219 1208 2252; x_wconf 73' lang='grc' dir='ltr'>κρίνετε,</span> <span class='ocrx_word' id='word_1_741' title='bbox 1237 2219 1288 2245; x_wconf 76' lang='grc' dir='ltr'>ἵνα</span> <span class='ocrx_word' id='word_1_742' title='bbox 1311 2217 1355 2253; x_wconf 78' lang='grc' dir='ltr'>μὴ</span> <span class='ocrx_word' id='word_1_743' title='bbox 1375 2218 1504 2252; x_wconf 75' lang='grc' dir='ltr'>κριθῆτε.</span> <span class='ocrx_word' id='word_1_744' title='bbox 1523 2219 1560 2245; x_wconf 77' lang='grc' dir='ltr'><strong>οὐ</strong></span> <span class='ocrx_word' id='word_1_745' title='bbox 1582 2219 1637 2255; x_wconf 80' lang='grc' dir='ltr'>γὰρ</span> <span class='ocrx_word' id='word_1_746' title='bbox 1652 2218 1701 2255; x_wconf 77' lang='grc' dir='ltr'>τὴν</span> <span class='ocrx_word' id='word_1_747' title='bbox 1715 2219 1805 2254; x_wconf 85' lang='grc' dir='ltr'>κρίσιν</span> <span class='ocrx_word' id='word_1_748' title='bbox 1818 2219 1866 2246; x_wconf 77' lang='grc' dir='ltr'>καὶ</span> 
     </span>
    </p>
   </div>
   <div class='ocr_carea' id='block_1_107' title="bbox 1081 2262 1867 2299">
    <p class='ocr_par' dir='ltr' id='par_1_107' title="bbox 1081 2262 1867 2299">
     <span class='ocr_line' id='line_1_107' title="bbox 1081 2262 1867 2299; baseline 0 -10"><span class='ocrx_word' id='word_1_749' title='bbox 1081 2263 1130 2298; x_wconf 87' lang='grc' dir='ltr'>τὴν</span> <span class='ocrx_word' id='word_1_750' title='bbox 1148 2262 1357 2299; x_wconf 81' lang='grc' dir='ltr'>εὐγνωμοσύνην</span> <span class='ocrx_word' id='word_1_751' title='bbox 1373 2262 1499 2289; x_wconf 79' lang='grc' dir='ltr'>ἐκϐάλλει</span> <span class='ocrx_word' id='word_1_752' title='bbox 1511 2270 1518 2278; x_wconf 90' lang='grc'>·</span> <span class='ocrx_word' id='word_1_753' title='bbox 1537 2263 1627 2298; x_wconf 86' lang='grc' dir='ltr'>κρίσιν</span> <span class='ocrx_word' id='word_1_754' title='bbox 1637 2263 1665 2290; x_wconf 80' lang='grc' dir='ltr'><strong>δὲ</strong></span> <span class='ocrx_word' id='word_1_755' title='bbox 1680 2263 1806 2299; x_wconf 75' lang='grc' dir='ltr'>ὀνομάξιι</span> <span class='ocrx_word' id='word_1_756' title='bbox 1817 2263 1867 2298; x_wconf 77' lang='grc' dir='ltr'><strong>τὴν</strong></span> 
     </span>
    </p>
   </div>
   <div class='ocr_carea' id='block_1_108' title="bbox 1080 2306 1868 2343">
    <p class='ocr_par' dir='ltr' id='par_1_108' title="bbox 1080 2306 1868 2343">
     <span class='ocr_line' id='line_1_108' title="bbox 1080 2306 1868 2343; baseline 0.004 -11"><span class='ocrx_word' id='word_1_757' title='bbox 1080 2310 1251 2343; x_wconf 71' lang='grc' dir='ltr'>τραχυτέραν</span> <span class='ocrx_word' id='word_1_758' title='bbox 1270 2307 1441 2342; x_wconf 83' lang='grc' dir='ltr'>κατάκρισιν.</span> <span class='ocrx_word' id='word_1_759' title='bbox 1462 2307 1577 2343; x_wconf 85' lang='grc' dir='ltr'>Ποίησον</span> <span class='ocrx_word' id='word_1_760' title='bbox 1592 2306 1648 2341; x_wconf 80' lang='grc' dir='ltr'>οὖν,</span> <span class='ocrx_word' id='word_1_761' title='bbox 1666 2309 1691 2334; x_wconf 78' lang='lat' dir='ltr'><strong>at</strong></span> <span class='ocrx_word' id='word_1_762' title='bbox 1706 2308 1789 2340; x_wconf 81' lang='grc' dir='ltr'>δοκεῖ,</span> <span class='ocrx_word' id='word_1_763' title='bbox 1804 2308 1868 2335; x_wconf 77' lang='grc' dir='ltr'>κοῦ-</span> 
     </span>
    </p>
   </div>
   <div class='ocr_carea' id='block_1_109' title="bbox 1081 2352 1869 2389">
    <p class='ocr_par' dir='ltr' id='par_1_109' title="bbox 1081 2352 1869 2389">
     <span class='ocr_line' id='line_1_109' title="bbox 1081 2352 1869 2389; baseline 0.001 -11"><span class='ocrx_word' id='word_1_764' title='bbox 1081 2361 1130 2386; x_wconf 82' lang='grc' dir='ltr'><strong>φον</strong></span> <span class='ocrx_word' id='word_1_765' title='bbox 1145 2352 1175 2379; x_wconf 81' lang='grc' dir='ltr'>τὸ</span> <span class='ocrx_word' id='word_1_766' title='bbox 1193 2353 1334 2387; x_wconf 82' lang='grc' dir='ltr'>σταθμίον,</span> <span class='ocrx_word' id='word_1_767' title='bbox 1351 2353 1377 2379; x_wconf 75' lang='lat' dir='ltr'><strong>et</strong></span> <span class='ocrx_word' id='word_1_768' title='bbox 1386 2362 1430 2380; x_wconf 81' lang='grc' dir='ltr'><strong>πω</strong></span> <span class='ocrx_word' id='word_1_769' title='bbox 1442 2352 1531 2388; x_wconf 81' lang='grc' dir='ltr'>βούλει</span> <span class='ocrx_word' id='word_1_770' title='bbox 1543 2353 1581 2389; x_wconf 84' lang='grc' dir='ltr'><strong>μὴ</strong></span> <span class='ocrx_word' id='word_1_771' title='bbox 1596 2353 1664 2389; x_wconf 81' lang='grc' dir='ltr'>πρὸς</span> <span class='ocrx_word' id='word_1_772' title='bbox 1673 2353 1721 2389; x_wconf 82' lang='grc' dir='ltr'>τὴν</span> <span class='ocrx_word' id='word_1_773' title='bbox 1737 2354 1869 2389; x_wconf 77' lang='grc' dir='ltr'>κατακρε-</span> 
     </span>
    </p>
   </div>
   <div class='ocr_carea' id='block_1_110' title="bbox 1080 2398 1870 2435">
    <p class='ocr_par' dir='ltr' id='par_1_110' title="bbox 1080 2398 1870 2435">
     <span class='ocr_line' id='line_1_110' title="bbox 1080 2398 1870 2435; baseline 0.003 -11"><span class='ocrx_word' id='word_1_774' title='bbox 1080 2406 1179 2424; x_wconf 89' lang='grc' dir='ltr'>νουσαν</span> <span class='ocrx_word' id='word_1_775' title='bbox 1196 2398 1351 2432; x_wconf 85' lang='grc' dir='ltr'>πλάστιγγα</span> <span class='ocrx_word' id='word_1_776' title='bbox 1364 2398 1411 2425; x_wconf 75' lang='grc' dir='ltr'>καὶ</span> <span class='ocrx_word' id='word_1_777' title='bbox 1432 2398 1482 2430; x_wconf 82' lang='grc' dir='ltr'><strong>τὰς</strong></span> <span class='ocrx_word' id='word_1_778' title='bbox 1497 2398 1547 2430; x_wconf 79' lang='grc' dir='ltr'><strong>σὰς</strong></span> <span class='ocrx_word' id='word_1_779' title='bbox 1558 2399 1670 2435; x_wconf 82' lang='grc' dir='ltr'>πράξεις</span> <span class='ocrx_word' id='word_1_780' title='bbox 1685 2399 1870 2434; x_wconf 74' lang='grc' dir='ltr'>καθελκυσθῆ-</span> 
     </span>
    </p>
   </div>
   <div class='ocr_carea' id='block_1_111' title="bbox 1081 2444 1869 2481">
    <p class='ocr_par' dir='ltr' id='par_1_111' title="bbox 1081 2444 1869 2481">
     <span class='ocr_line' id='line_1_111' title="bbox 1081 2444 1869 2481; baseline 0.004 -12"><span class='ocrx_word' id='word_1_781' title='bbox 1081 2452 1136 2474; x_wconf 84' lang='grc' dir='ltr'>ναι,</span> <span class='ocrx_word' id='word_1_782' title='bbox 1152 2444 1216 2470; x_wconf 76' lang='grc' dir='ltr'>ὅταν</span> <span class='ocrx_word' id='word_1_783' title='bbox 1239 2445 1254 2470; x_wconf 87' lang='grc' dir='ltr'><strong>ὀ</strong></span> <span class='ocrx_word' id='word_1_784' title='bbox 1268 2444 1324 2479; x_wconf 86' lang='grc' dir='ltr'>βίος</span> <span class='ocrx_word' id='word_1_785' title='bbox 1345 2444 1433 2480; x_wconf 83' lang='grc' dir='ltr'>ἡμῶν,</span> <span class='ocrx_word' id='word_1_786' title='bbox 1450 2445 1488 2476; x_wconf 87' lang='grc' dir='ltr'>ὠς</span> <span class='ocrx_word' id='word_1_787' title='bbox 1510 2445 1538 2471; x_wconf 76' lang='grc' dir='ltr'>ἐν</span> <span class='ocrx_word' id='word_1_788' title='bbox 1551 2444 1634 2480; x_wconf 78' lang='grc' dir='ltr'>ζυγῷ,</span> <span class='ocrx_word' id='word_1_789' title='bbox 1654 2446 1687 2480; x_wconf 81' lang='grc' dir='ltr'>τῇ</span> <span class='ocrx_word' id='word_1_790' title='bbox 1713 2446 1802 2481; x_wconf 85' lang='grc' dir='ltr'>κρίσει</span> <span class='ocrx_word' id='word_1_791' title='bbox 1820 2445 1869 2472; x_wconf 73' lang='grc' dir='ltr'>τοῦ</span> 
     </span>
    </p>
   </div>
   <div class='ocr_carea' id='block_1_112' title="bbox 1081 2485 1869 2525">
    <p class='ocr_par' dir='ltr' id='par_1_112' title="bbox 1081 2485 1869 2525">
     <span class='ocr_line' id='line_1_112' title="bbox 1081 2485 1869 2525; baseline 0.003 -11"><span class='ocrx_word' id='word_1_792' title='bbox 1081 2488 1149 2515; x_wconf 78' lang='grc' dir='ltr'>Θεοῦ</span> <span class='ocrx_word' id='word_1_793' title='bbox 1175 2485 1382 2525; x_wconf 80' lang='grc' dir='ltr'>ταλαντεύηται.</span> <span class='ocrx_word' id='word_1_794' title='bbox 1400 2489 1483 2525; x_wconf 86' lang='grc' dir='ltr'>Σῶμα</span> <span class='ocrx_word' id='word_1_795' title='bbox 1504 2491 1693 2525; x_wconf 82' lang='grc' dir='ltr'>περικείμενος</span> <span class='ocrx_word' id='word_1_796' title='bbox 1712 2491 1759 2517; x_wconf 79' lang='grc' dir='ltr'>καὶ</span> <span class='ocrx_word' id='word_1_797' title='bbox 1769 2490 1869 2523; x_wconf 72' lang='grc' dir='ltr'>διαζῶν</span> 
     </span>
    </p>
   </div>
   <div class='ocr_carea' id='block_1_113' title="bbox 1081 2536 1870 2572">
    <p class='ocr_par' dir='ltr' id='par_1_113' title="bbox 1081 2536 1870 2572">
     <span class='ocr_line' id='line_1_113' title="bbox 1081 2536 1870 2572; baseline 0.004 -12"><span class='ocrx_word' id='word_1_798' title='bbox 1081 2536 1110 2560; x_wconf 76' lang='grc' dir='ltr'>ὲν</span> <span class='ocrx_word' id='word_1_799' title='bbox 1131 2536 1221 2571; x_wconf 80' lang='grc' dir='ltr'>σαρκὶ,</span> <span class='ocrx_word' id='word_1_800' title='bbox 1243 2537 1349 2571; x_wconf 83' lang='grc' dir='ltr'>μήποτε</span> <span class='ocrx_word' id='word_1_801' title='bbox 1366 2536 1506 2571; x_wconf 80' lang='grc' dir='ltr'>ἅπελάσῃς</span> <span class='ocrx_word' id='word_1_802' title='bbox 1519 2537 1566 2563; x_wconf 87' lang='grc' dir='ltr'>τοῦ</span> <span class='ocrx_word' id='word_1_803' title='bbox 1588 2536 1645 2571; x_wconf 86' lang='grc' dir='ltr'>βίου</span> <span class='ocrx_word' id='word_1_804' title='bbox 1654 2536 1703 2570; x_wconf 75' lang='grc' dir='ltr'>τὴν</span> <span class='ocrx_word' id='word_1_805' title='bbox 1714 2537 1767 2563; x_wconf 80' lang='grc' dir='ltr'><strong>ἀπὸ</strong></span> <span class='ocrx_word' id='word_1_806' title='bbox 1782 2537 1870 2572; x_wconf 83' lang='grc' dir='ltr'>ίατρι-</span> 
     </span>
    </p>
   </div>
   <div class='ocr_carea' id='block_1_114' title="bbox 1081 2580 1869 2617">
    <p class='ocr_par' dir='ltr' id='par_1_114' title="bbox 1081 2580 1869 2617">
     <span class='ocr_line' id='line_1_114' title="bbox 1081 2580 1869 2617; baseline 0 -11"><span class='ocrx_word' id='word_1_807' title='bbox 1081 2580 1132 2615; x_wconf 86' lang='grc' dir='ltr'>κῆς</span> <span class='ocrx_word' id='word_1_808' title='bbox 1142 2581 1298 2617; x_wconf 80' lang='grc' dir='ltr'>θεραπείαν.</span> <span class='ocrx_word' id='word_1_809' title='bbox 1316 2581 1374 2608; x_wconf 80' lang='grc' dir='ltr'>Κᾶν</span> <span class='ocrx_word' id='word_1_810' title='bbox 1386 2582 1440 2617; x_wconf 81' lang='grc' dir='ltr'><strong>γὰρ</strong></span> <span class='ocrx_word' id='word_1_811' title='bbox 1455 2583 1500 2608; x_wconf 74' lang='grc' dir='ltr'><strong>ἐπὶ</strong></span> <span class='ocrx_word' id='word_1_812' title='bbox 1513 2581 1636 2608; x_wconf 72' lang='grc' dir='ltr'>πλεῖστον</span> <span class='ocrx_word' id='word_1_813' title='bbox 1650 2582 1711 2608; x_wconf 81' lang='grc' dir='ltr'>ὅσον</span> <span class='ocrx_word' id='word_1_814' title='bbox 1735 2581 1826 2616; x_wconf 72' lang='grc' dir='ltr'>εὐεξίᾳ</span> <span class='ocrx_word' id='word_1_815' title='bbox 1838 2589 1869 2607; x_wconf 77' lang='grc' dir='ltr'><strong>τε</strong></span> 
     </span>
    </p>
   </div>
   <div class='ocr_carea' id='block_1_115' title="bbox 1082 2626 1869 2664">
    <p class='ocr_par' dir='ltr' id='par_1_115' title="bbox 1082 2626 1869 2664">
     <span class='ocr_line' id='line_1_115' title="bbox 1082 2626 1869 2664; baseline 0 -12"><span class='ocrx_word' id='word_1_816' title='bbox 1082 2627 1128 2652; x_wconf 74' lang='grc' dir='ltr'>καὶ</span> <span class='ocrx_word' id='word_1_817' title='bbox 1139 2626 1219 2662; x_wconf 68' lang='grc' dir='ltr'><strong>ὑγεία⁵</strong></span> <span class='ocrx_word' id='word_1_818' title='bbox 1238 2626 1367 2664; x_wconf 73' lang='grc' dir='ltr'>συξήσῃς,</span> <span class='ocrx_word' id='word_1_819' title='bbox 1388 2627 1445 2654; x_wconf 83' lang='grc' dir='ltr'>ἀλλ’</span> <span class='ocrx_word' id='word_1_820' title='bbox 1458 2628 1507 2662; x_wconf 85' lang='grc' dir='ltr'>οὐχ</span> <span class='ocrx_word' id='word_1_821' title='bbox 1521 2627 1607 2659; x_wconf 79' lang='grc' dir='ltr'>οὕτως</span> <span class='ocrx_word' id='word_1_822' title='bbox 1630 2627 1792 2659; x_wconf 80' lang='grc' dir='ltr'>διατελέσεις</span> <span class='ocrx_word' id='word_1_823' title='bbox 1808 2626 1869 2653; x_wconf 79' lang='grc' dir='ltr'>ἄνο-</span> 
     </span>
    </p>
   </div>
   <div class='ocr_carea' id='block_1_116' title="bbox 1084 2670 1869 2708">
    <p class='ocr_par' dir='ltr' id='par_1_116' title="bbox 1084 2670 1869 2708">
     <span class='ocr_line' id='line_1_116' title="bbox 1084 2670 1869 2708; baseline 0 -11"><span class='ocrx_word' id='word_1_824' title='bbox 1084 2678 1140 2703; x_wconf 80' lang='grc' dir='ltr'>σος,</span> <span class='ocrx_word' id='word_1_825' title='bbox 1155 2671 1193 2703; x_wconf 79' lang='grc' dir='ltr'>ὡς</span> <span class='ocrx_word' id='word_1_826' title='bbox 1206 2671 1235 2697; x_wconf 82' lang='grc' dir='ltr'>ὲν</span> <span class='ocrx_word' id='word_1_827' title='bbox 1251 2673 1330 2708; x_wconf 78' lang='grc' dir='ltr'>χρείᾳ</span> <span class='ocrx_word' id='word_1_828' title='bbox 1358 2672 1396 2708; x_wconf 85' lang='grc' dir='ltr'>μὴ</span> <span class='ocrx_word' id='word_1_829' title='bbox 1417 2673 1544 2707; x_wconf 84' lang='grc' dir='ltr'>γενέσθαι</span> <span class='ocrx_word' id='word_1_830' title='bbox 1561 2673 1610 2708; x_wconf 85' lang='grc' dir='ltr'>τῆς</span> <span class='ocrx_word' id='word_1_831' title='bbox 1640 2672 1796 2708; x_wconf 68' lang='grc' dir='ltr'>ἐπιμελείας</span> <span class='ocrx_word' id='word_1_832' title='bbox 1820 2670 1869 2697; x_wconf 76' lang='grc' dir='ltr'>τοῦ</span> 
     </span>
    </p>
   </div>
   <div class='ocr_carea' id='block_1_117' title="bbox 1084 2716 1870 2754">
    <p class='ocr_par' dir='ltr' id='par_1_117' title="bbox 1084 2716 1870 2754">
     <span class='ocr_line' id='line_1_117' title="bbox 1084 2716 1870 2754; baseline 0.001 -12"><span class='ocrx_word' id='word_1_833' title='bbox 1084 2716 1291 2752; x_wconf 76' lang='grc' dir='ltr'>θεραπεύοντος.</span> <span class='ocrx_word' id='word_1_834' title='bbox 1307 2719 1362 2745; x_wconf 78' lang='grc' dir='ltr'><strong>Καὶ</strong></span> <span class='ocrx_word' id='word_1_835' title='bbox 1378 2718 1465 2754; x_wconf 77' lang='grc' dir='ltr'>ψυχὴν</span> <span class='ocrx_word' id='word_1_836' title='bbox 1477 2718 1545 2753; x_wconf 69' lang='grc' dir='ltr'>ἔχων</span> <span class='ocrx_word' id='word_1_837' title='bbox 1557 2717 1787 2753; x_wconf 81' lang='grc' dir='ltr'>κατακλινομένην</span> <span class='ocrx_word' id='word_1_838' title='bbox 1802 2717 1870 2752; x_wconf 76' lang='grc' dir='ltr'>πρὸς</span> 
     </span>
    </p>
   </div>
   <div class='ocr_carea' id='block_1_118' title="bbox 1083 2762 1874 2799">
    <p class='ocr_par' dir='ltr' id='par_1_118' title="bbox 1083 2762 1874 2799">
     <span class='ocr_line' id='line_1_118' title="bbox 1083 2762 1874 2799; baseline 0.001 -11"><span class='ocrx_word' id='word_1_839' title='bbox 1083 2762 1118 2788; x_wconf 76' lang='grc' dir='ltr'>τὰ</span> <span class='ocrx_word' id='word_1_840' title='bbox 1130 2762 1224 2798; x_wconf 71' lang='grc' dir='ltr'>γήϊνα,</span> <span class='ocrx_word' id='word_1_841' title='bbox 1244 2763 1325 2798; x_wconf 70' lang='grc' dir='ltr'>ἡνίκα</span> <span class='ocrx_word' id='word_1_842' title='bbox 1340 2763 1373 2790; x_wconf 78' lang='grc' dir='ltr'><strong>ἂν</strong></span> <span class='ocrx_word' id='word_1_843' title='bbox 1391 2764 1492 2799; x_wconf 75' lang='grc' dir='ltr'>ἑαυτῆς</span> <span class='ocrx_word' id='word_1_844' title='bbox 1517 2763 1708 2799; x_wconf 70' lang='grc' dir='ltr'>ἐπιλαϐομένη,</span> <span class='ocrx_word' id='word_1_845' title='bbox 1735 2762 1788 2790; x_wconf 87' lang='grc' dir='ltr'>τῶν</span> <span class='ocrx_word' id='word_1_846' title='bbox 1805 2770 1874 2799; x_wconf 60' lang='grc' dir='ltr'>πηοί</span> 
     </span>
    </p>
   </div>
   <div class='ocr_carea' id='block_1_119' title="bbox 589 2859 1084 2895">
    <p class='ocr_par' dir='ltr' id='par_1_119' title="bbox 589 2859 1084 2895">
     <span class='ocr_line' id='line_1_119' title="bbox 589 2859 1084 2895; baseline 0.002 -9"><span class='ocrx_word' id='word_1_847' title='bbox 589 2859 672 2894; x_wconf 61' lang='grc' dir='ltr'>Ἶοιι.</span> <span class='ocrx_word' id='word_1_848' title='bbox 684 2868 720 2892; x_wconf 84' lang='lat' dir='ltr'><strong>iv,</strong></span> <span class='ocrx_word' id='word_1_849' title='bbox 736 2859 748 2886; x_wconf 83' lang='lat' dir='ltr'><strong>l</strong></span> <span class='ocrx_word' id='word_1_850' title='bbox 761 2867 820 2895; x_wconf 86' lang='lat' dir='ltr'><strong>sqq.</strong></span> <span class='ocrx_word' id='word_1_851' title='bbox 862 2861 872 2876; x_wconf 81' lang='lat'>&#39;</span> <span class='ocrx_word' id='word_1_852' title='bbox 886 2859 982 2888; x_wconf 73' lang='lat' dir='ltr'><strong>Matth.</strong></span> <span class='ocrx_word' id='word_1_853' title='bbox 997 2867 1045 2894; x_wconf 80' lang='lat' dir='ltr'><strong>vn,</strong></span> <span class='ocrx_word' id='word_1_854' title='bbox 1059 2859 1084 2887; x_wconf 73' lang='lat' dir='ltr'><strong>l.</strong></span> 
     </span>
    </p>
   </div>
  </div>
