2080 3156
167 213 214 241 am
574 209 718 238 IIOMILIA
737 207 804 235 XIII.
823 202 1045 235 ADIIORTATIO
1064 205 1109 232 AI)
1128 204 1388 233 PtENITENTIMI.

1748 206 1802 234 562

169 270 306 300 σπαοειῶν
323 268 469 304 ἐμπλησθῇ
497 267 544 294 τοῦ
573 267 709 303 σώματος,
733 267 770 303 μὴ
787 267 894 302 ἀναίρει
919 265 964 292 τὸν

1019 264 1213 293 nll‘ectionibus.
1226 264 1340 292 Proinde
1357 263 1412 292 noli
1432 263 1643 292 misericordiam
1656 265 1800 302 denegare,

168 318 251 348 ἔλεον,
280 317 325 344 ἵνα
353 315 391 352 μὴ
415 314 570 351 ἀμοιρήσῃς
602 313 776 350 συγγνώμης,
800 314 862 340 ὅταν
875 312 962 348 αὐτῆς

167 362 279 397 ἐπιδεὴς
292 362 440 396 καταστῇς.
463 359 562 395 Ἱερεύς
576 359 617 391 τίς
634 359 702 389 ἐστι,
720 359 766 385 καὶ
785 358 962 394 ἡγεμονεύειν

168 408 264 444 ἔλαχεν
278 406 326 433 τοῦ
337 402 419 433 λαοῦ·
446 403 594 441 συμπαθῶν
611 404 702 441 ὁράτω
720 405 775 431 τῶν
787 404 915 440 ὑπηκόων
928 404 963 430 τὰ

169 453 318 490 πτώματα,
335 452 422 484 εἰδὼς,
434 452 474 478 ὅτι
487 451 566 486 χᾶ.νὴ
583 450 659 484 τάξις
686 451 732 477 τοῦ
748 451 805 486 βίου
831 449 963 486 διαφορὰν

169 500 220 536 ἔχῃ
236 500 306 536 πρδς
330 498 394 530 τοὺς
409 497 534 529 πολλοὺς,
550 496 618 523 ἀλλὰ
634 497 668 532 τῇ
691 496 771 531 φύσει
784 495 838 523 τῶν
851 504 963 531 ποιμαι-

170 544 292 580 νομένων
308 543 383 570 οὐδὲν
399 542 563 577 διενήνοχεν·
581 540 716 568 κοινωνῶν
738 540 767 567 δὲ
785 541 881 576 αὐτῆς,
898 540 963 572 ἴσως

171 590 238 617 ποτέ
256 589 413 625 κοινωνήσει
426 587 473 614 καὶ
485 586 731 622 πλημμελήματος.

207 635 299 662 Ταῦτα
306 634 353 661 καὶ
364 634 483 669 Μωῦσῆς
495 632 556 659 ἰδὼν
570 632 722 668 (ἄνθρωπος
735 632 789 668 γὰρ
801 633 843 668 ἦν,
858 633 906 660 καὶ
915 632 964 668 τὴν

172 681 253 716 φύσιν
259 680 426 716 ἐγνώριζεν),
433 680 478 706 τὸν
488 679 588 715 μόσχον
594 679 664 716 ὑπὲρ
670 679 717 706 τοῦ
728 679 823 715 ἱερέως
835 681 857 706 ξε
861 677 982 715 ροόργεῖ-

172 727 235 754 σθαι
250 727 383 760 διέταξεν,
403 727 594 762 ἡμαρτηκότος
611 724 723 757 πάντως
739 725 786 752 καὶ
808 725 964 761 καθαρσίων

171 773 310 807 δεομένου,
335 773 383 799 καὶ
401 773 540 800 πλειόνων.
555 773 643 808 Ὅπερ
666 772 694 799 δὲ
709 770 742 808 ἦν
757 772 817 799 τότε
839 773 853 799 6
869 771 964 808 ένσαρ-

171 829 218 852 νιος
235 820 345 855 μόσχος,
370 819 449 846 τοῦτο
472 819 520 846 νῦν
544 820 617 846 ἐστιν
638 818 816 854 ὴάσώματος
846 817 965 854 μεταμέ-

171 865 241 898 λεια,
256 866 304 892 καὶ
318 866 335 900 ὴ
351 865 520 900 ἀναίμακτος
532 864 625 901 δέησις
635 873 642 879 ·
668 862 702 900 ἧς
721 864 964 900 ὑψηλολογούμενοι

172 911 219 938 καὶ
244 911 488 947 μεγαλαυχοῦντες,
510 910 560 947 τὴν
586 911 747 947 εὐεργεσίαν
765 911 802 946 μὴ
828 911 964 946 λύσωμεν,

172 957 282 989 ειδότες,
299 958 340 984 ὅτι
354 957 400 984 καὶ
417 956 522 993 Ἀαρὼν
534 958 548 984 ὁ
561 957 744 993 δοκιμώτατος
755 957 844 993 ἱερεὺς
857 957 895 992 τῷ
908 955 965 991 λαῷ

173 1002 299 1039 ζητοῦντι
326 1004 403 1035 θεοὺς
437 1003 607 1039 συναπήχθη,
623 1003 670 1029 καὶ
685 1003 756 1038 μετὰ
776 1003 825 1038 τῆς
846 1002 965 1037 ἀδελφῆς

172 1049 223 1084 τῆς
239 1049 348 1085 Μαρίας
360 1049 431 1076 ἑάλω
446 1050 485 1086 τῷ
504 1049 654 1085 γογγυσμῷ
664 1056 673 1065 ·
687 1049 734 1076 καὶ
744 1049 768 1075 εί
785 1049 823 1085 μὴ
837 1049 851 1074 ὀ
864 1056 967 1083 γογγυι

173 1095 249 1128 τεθεὶς
272 1096 418 1128 ἱκέτευσεν,
446 1097 496 1122 οὐκ
524 1095 557 1122 ἂν
573 1096 622 1131 τὴν
651 1095 788 1131 τιμωρίαν
812 1094 965 1128 διέφευγεν.

176 1141 272 1174 Ἄλλος
287 1142 371 1174 ἐστὶν,
401 1142 450 1177 οὐχ
465 1141 565 1177 ἱερεὺς,
577 1141 645 1168 ἀλλὰ
665 1138 705 1173 εἷς
718 1141 772 1168 τῶν
785 1139 900 1172 πολλῶν,
918 1148 966 1174 φο-

172 1188 276 1216 ϐείσθω
291 1189 376 1224 βαρὺν
395 1187 545 1215 ἐπιτιθέναι
560 1187 647 1222 ζυγόν
672 1187 703 1214 El.
724 1186 779 1223 γὰρ
793 1187 808 1213 ὁ
824 1185 968 1221 καθαίρειν

175 1236 222 1262 τὸν
234 1235 298 1262 λαὸν
312 1234 476 1272 προϐληθεὶς
492 1234 588 1270 χρῄζει
602 1234 759 1270 καθαρσίων
783 1233 881 1267 ἐνίοτε,
895 1232 922 1260 τί
935 1232 968 1260 ἂν

175 1281 257 1309 πάθοι
272 1281 287 1308 ό
303 1281 371 1316 μηδὲ
385 1280 434 1316 τῆς
450 1280 618 1316 χειροτονίας
632 1280 701 1316 ἔχων
717 1279 766 1316 τὴν
781 1279 914 1315 δύναμας

212 1415 409 1451 Μιμησώμεθα
422 1414 471 1450 τὴν
490 1415 671 1450 ποιμαντιιιὴν
692 1413 740 1440 τοῦ
756 1414 891 1441 Δεσπότου
902 1422 909 1428 ⁸
927 1414 970 1448 ὲγι

175 1461 309 1498 κόψωμεν
332 1463 389 1494 τοῖς
402 1461 588 1496 Εὐαγγελίοις,
617 1460 665 1487 καὶ
678 1459 775 1495 ὥσπερ
801 1461 831 1487 ὲν
845 1460 970 1496 ἐσόπτρῳ

175 1509 226 1545 τὴν
241 1508 311 1536 ἰδέαν
325 1507 528 1543 καταμάθωμεν
553 1506 604 1541 τῆς
618 1506 776 1541 ἐπιμελείας
789 1515 818 1533 τε
837 1506 885 1533 καὶ
902 1515 970 1542 χρη-

176 1555 317 1592 πότητος.
344 1554 439 1581 Βλέπω
453 1553 508 1589 γὰρ
536 1553 596 1579 ὲκεῖ
611 1552 640 1578 ἐν
668 1551 835 1588 παραδολαίς
849 1553 896 1579 καὶ
915 1553 971 1584 τοῖς

1015 318 1048 338 ne
1064 311 1171 338 veniam
1184 311 1241 345 ipse
1253 318 1305 337 non
1323 309 1457 342 invenias,
1478 309 1585 344 quando
1600 310 1684 344 ipsam
1698 311 1804 338 deside-

1015 357 1097 384 rabis.
1124 356 1257 384 Sacerdos
1271 359 1314 383 est
1334 355 1443 390 aliquis,
1460 355 1604 390 populique
1617 356 1725 390 regendi
1745 364 1806 383 tnu-

1014 411 1066 431 nus
1081 403 1191 430 εοιπιίῐιιε
1206 407 1248 430 est
1262 411 1269 428 ι
1286 403 1450 437 privatorum
1467 409 1547 429 casus
1559 402 1783 430 commisereatur
1795 423 1804 435 ν

1016 449 1226 484 metniueritque
1247 456 1287 482 se,
1315 449 1439 483 quamvis
1464 448 1595 483 dignitate
1623 454 1732 484 prteste!
1755 449 1803 482 iis,

1015 503 1084 531 quos
1101 495 1233 531 gubernat
1257 502 1290 522 ac
1312 495 1398 530 regit,
1417 500 1541 522 naturam
1571 499 1662 522 tamen
1682 496 1804 523 eamdem

1014 542 1127 574 habere,
1143 542 1258 576 ideoque
1274 549 1353 576 posse
1364 541 1510 576 aliquando
1521 541 1638 569 fortasse
1652 543 1677 569 in
1695 543 1805 570 eosdem

1014 595 1123 616 errores
1138 587 1266 615 incidere.

1050 634 1117 669 Quae
1134 642 1195 662 cum
1213 634 1319 669 Moyses
1337 642 1389 662 non
1401 633 1664 669 ignoraret(quippe
1677 639 1705 661 et
1725 635 1806 662 humo

1015 685 1075 708 erat
1100 685 1127 708 ct
1147 680 1265 708 hominis
1289 685 1413 707 naturam
1436 683 1606 714 perspectam
1629 684 1656 706 et
1670 680 1806 714 cognitam

1015 727 1155 763 habebat),
1174 727 1324 758 constituit.
1337 731 1367 754 ut
1378 734 1426 760 pro
1440 726 1582 754 sacerdote
1596 726 1695 754 vitulus
1708 727 1806 754 immo-

1015 773 1128 805 laretur,
1140 777 1269 807 peccante
1282 771 1409 799 nimirum
1428 777 1456 799 et
1468 773 1526 807 ipso
1537 773 1735 806 expiationibus
1748 773 1806 808 plu.

1017 819 1092 847 ribus
1113 819 1260 855 indigente.
1279 819 1357 853 Quod
1371 823 1460 846 autern
1475 823 1540 846 tunc
1551 824 1612 846 erat
1628 819 1653 846 in
1670 827 1753 846 carne
1767 819 1807 846 vi-

1017 865 1100 897 tulus,
1127 865 1197 892 idem
1227 873 1300 892 nunc
1325 870 1367 893 est
1391 866 1551 899 incorporea
1582 866 1750 900 paenitentia,
1767 865 1806 892 in-

1019 917 1187 948 cruentaque
1199 913 1371 947 deprecatio:
1389 920 1441 948 qua
1459 912 1567 948 quidem
1590 912 1739 939 cavendum
1753 916 1805 943 est,

1021 966 1054 986 ne
1071 958 1146 992 elati,
1163 958 1364 994 gloriantesque
1386 958 1592 991 humanitatem,
1608 962 1635 985 et
1652 958 1806 986 beneﬁcen-

1020 1004 1083 1030 tiam
1099 1004 1282 1038 repudiemus,
1298 1011 1360 1031 cum
1380 1004 1498 1031 sciamus
1521 1003 1611 1031 Aaron
1638 1003 1807 1031 sacerdotem

1019 1048 1092 1075 illiilli
1107 1049 1342 1084 probatissimum.
1359 1049 1458 1084 popqu
1481 1050 1545 1077 deos
1568 1049 1701 1083 ﬂagitanti
1717 1048 1808 1084 iqdul-

1018 1095 1097 1126 sisse,
1111 1100 1139 1122 et
1164 1100 1265 1122 temere
1279 1095 1423 1123 admodum
1449 1102 1589 1123 murmure
1604 1100 1713 1129 captum
1736 1101 1808 1122 esse.

1018 1139 1094 1173 Quod
1113 1140 1136 1168 si
1165 1140 1198 1173 is,
1219 1140 1263 1175 qui
1289 1145 1516 1172 murmuraverat,
1543 1147 1595 1167 non
1617 1140 1809 1175 supplicasset,

1018 1184 1178 1220 supplicium
1196 1192 1248 1212 non
1263 1185 1407 1212 evasisset.
1419 1185 1496 1213 Alius
1510 1190 1600 1213 autem
1615 1190 1667 1218 est,
1691 1194 1743 1213 nou
1763 1193 1808 1213 sa-

1018 1231 1124 1264 cerdos,
1140 1231 1187 1259 sed
1215 1239 1285 1259 unus
1301 1238 1317 1259 e
1337 1231 1445 1267 populo,
1464 1235 1559 1260 caveat
1573 1239 1606 1260 ne
1618 1232 1726 1267 gravius
1736 1232 1810 1267 judi-

1018 1277 1106 1305 cando
1120 1277 1213 1312 jugum
1235 1277 1340 1305 subeat.
1362 1277 1430 1304 Nam
1444 1278 1466 1305 si
1491 1277 1514 1304 is
1536 1278 1581 1312 qui
1597 1278 1631 1305 ad
1647 1278 1809 1312 expiandum

1018 1322 1146 1358 populum
1157 1322 1277 1350 delectus
1292 1328 1344 1356 est,
1362 1322 1463 1358 indiget
1478 1322 1536 1358 ipse
1558 1323 1721 1357 expiatione,
1745 1323 1809 1358 quid

1022 1369 1068 1397 liet
1083 1369 1130 1403 illi,
1146 1369 1192 1404 qui
1209 1369 1340 1404 ejusmodi
1353 1377 1449 1397 munus
1461 1377 1513 1397 non
1530 1369 1662 1396 sustinet?

1056 1415 1197 1443 Imitemur
1209 1423 1268 1443 eam
1289 1415 1415 1449 pascendi
1432 1415 1581 1448 rationem,
1608 1423 1661 1450 qua
1680 1416 1810 1443 Dominus

1021 1469 1085 1490 usus
1100 1465 1158 1494 est;
1175 1460 1319 1495 Evangelia
1334 1460 1566 1496 contemplemur;
1579 1461 1669 1496 ibique
1679 1467 1808 1496 tanquam

1022 1507 1047 1533 iu
1061 1506 1181 1541 speculo,
1202 1506 1348 1542 diligentia:
1363 1511 1390 1534 et
1411 1507 1586 1542 benignitatis
1605 1508 1756 1542 exemplum
1771 1509 1810 1535 in-

1021 1556 1140 1586 tuentes,
1156 1560 1203 1580 eas
1226 1553 1422 1588 perdiseamus.
1450 1552 1508 1580 Illic
1531 1553 1603 1581 enim
1632 1554 1658 1581 in
1676 1554 1810 1589 parabolis

174 1600 404 1636 ἓπεσκιασμένοις
428 1599 486 1641 τῶν⁴
511 1599 598 1633 λόγων
628 1598 711 1634 ἄνδρα
733 1598 849 1634 ποιμένα
873 1598 968 1625 ἑκατὸν

1025 1599 1244 1634 adumbratisque
1255 1600 1426 1628 sermonibus
1439 1600 1517 1628 video
1531 1606 1638 1628 centum
1654 1602 1744 1629 ovium
1761 1603 1811 1629 bo-

178 1648 338 1684 προϐάτωνι
355 1647 387 1679 ὃς
414 1647 474 1678 ἐνὸς
504 1646 660 1682 θρέμματος
685 1645 895 1680 ἀποσχισθέντος
919 1645 968 1680 τῆς

177 1694 278 1729 ἀγέλης
293 1693 341 1720 καὶ
355 1691 541 1727 πλανωμένου,
559 1692 590 1718 οὐ
609 1693 666 1723 τοῖς
682 1692 710 1718 ὲν
725 1691 801 1723 τάξει
817 1690 864 1718 καὶ
879 1691 967 1718 ἀπλα-

176 1741 230 1772 νῶς
241 1739 400 1775 νεμομένοις
419 1738 582 1775 παρέμεινεν
594 1746 601 1753 ·
620 1737 677 1764 ἀλλ’
701 1737 828 1773 ὁρμήσας
849 1737 895 1764 ἐπὶ
920 1737 969 1772 τὴν

179 1786 301 1821 ζήτησιν,
321 1783 422 1816 πολλὰς
439 1784 489 1819 μὲν
502 1783 628 1810 διώδευσε
644 1782 801 1818 κοιλότητάς
810 1791 839 1809 τε
859 1783 906 1809 καὶ
922 1782 971 1817 φάν

179 1839 295 1867 ρσγγας,
314 1830 438 1866 μεγάλων
450 1830 480 1857 δὲ
497 1830 543 1857 καὶ
558 1828 668 1865 ὑψηλῶν
682 1828 854 1865 ὑπερηνέχθη
872 1829 970 1855 σκοπέ-

177 1877 242 1910 λων,
263 1877 309 1904 καὶ
334 1877 394 1908 ταῖς
412 1876 540 1913 ἐρημίαις
565 1876 706 1912 καρτερῶς
732 1875 908 1912 ὲνεμόχθησε,
922 1875 970 1911 μέ-

178 1932 239 1960 χρις
267 1924 301 1950 ἂν
314 1920 407 1959 ηὗρεν.
427 1922 521 1960 Εὑρὼν
533 1923 561 1949 δὲ
582 1923 632 1949 οὐκ
646 1922 770 1958 ἔπληξεν,
788 1922 818 1948 οὺ
839 1922 892 1958 μὴν
909 1921 970 1949 οὐδὲ

178 1969 279 2005 ἤλασεν
294 1967 415 2004 σφοδρῶς
427 1968 544 2002 ἐπείγων
556 1969 625 2004 πρὸς
641 1968 690 2003 τὴν
706 1968 823 2003 ἀγέλην·
842 1967 899 1994 ἀλλ’
913 1968 970 1994 ἐπι-

178 2013 236 2046 θεὶς
249 2014 289 2048 τῷ
307 2013 400 2050 αὐχένι
419 2014 467 2040 καὶ
485 2014 603 2049 κομίσας
621 2014 690 2049 μετὰ
703 2013 821 2048 φειδοῦς,
834 2015 890 2045 τοῖς
912 2021 971 2040 συν-

178 2060 271 2095 νόμοις
286 2059 517 2095 ἀπεκατέστησεν,
536 2060 638 2095 χαίρων
665 2060 708 2086 ἐπ’
719 2059 816 2094 ἐκείνῳ
835 2058 926 2092 πλέον,
952 2059 969 2094 ἢ

177 2105 218 2141 τῷ
231 2105 327 2141 πλήθει
347 2105 401 2132 τῶν
414 2105 511 2133 ἄλλων.
542 2106 690 2141 Νοήσωμεν
706 2106 794 2132 τοίνυν
810 2105 840 2132 τὸ
855 2106 971 2141 πρᾶγμα

179 2153 210 2179 τὸ
223 2155 279 2186 τοῖς
294 2155 452 2190 αἰνίγμασιν
466 2154 687 2190 ἐγκρυπτὸμενον
696 2162 702 2169 ·
722 2154 753 2180 τδ
766 2155 821 2190 γὰρ
835 2153 970 2190 πρόσατον

177 2199 229 2226 οὐκ
247 2200 332 2232 ὄντως
355 2201 490 2236 πρόϐατον
501 2209 508 2216 ·
529 2201 576 2227 καί
592 2201 606 2227 ὸ
622 2199 722 2235 ποιμὴν
736 2200 765 2227 δὲ
784 2200 893 2231 πάντως
906 2199 970 2226 ἄλλο

178 2252 218 2276 τι,
231 2245 261 2271 οὐ
282 2246 335 2282 μὴν
353 2247 368 2272 ό
390 2246 444 2273 τῶν
460 2246 566 2280 ἀλόγων
577 2245 692 2281 νομεύς·
709 2245 766 2272 ἀλλ’
780 2245 853 2273 ἔστιν
869 2245 970 2272 ὑποδεί-

179 2297 272 2325 γματα
285 2290 372 2317 ταῦτα
390 2293 445 2317 τῶν
474 2291 568 2326 ἱερέων
587 2291 746 2318 παιδευτικά
757 2299 765 2307 ο
789 2291 831 2317 ἵνα
845 2290 899 2317 τῶν
925 2291 970 2318 ἀν-
984 2285 1007 2313 Ῑ)

177 2331 296 2369 θρώπων
310 2335 378 2370 μήτε
399 2335 550 2371 προχείρως
563 2335 766 2371 ἀπελπίζωμεν.
781 2336 848 2371 μήτε
866 2337 968 2371 καταρ-

178 2379 346 2416 ῥᾳθυμῶμεν
359 2381 575 2408 γινδυνευόντων.
592 2381 721 2417 Ζητῶμεν
734 2381 763 2408 δὲ
783 2382 829 2408 τὸν
843 2381 966 2417 ἐμπαθῆ,

178 2425 227 2452 καὶ
239 2426 420 2462 ἐπανάγωμεν
433 2428 474 2459 εἰς
497 2427 584 2461 τάξιν,
608 2428 655 2455 καὶ
669 2427 805 2464 χαίρωμεν
819 2429 876 2460 τοῖς
889 2429 968 2465 στρέ-

181 2479 284 2504 φουσιν,
301 2473 349 2499 καὶ
359 2473 398 2509 τῷ
410 2473 574 2510 πληρώματι
586 2474 641 2501 τῶν
655 2474 744 2510 ὀρθῶς
756 2474 883 2510 βιούντων
900 2476 967 2502 ἁνα-

181 2517 347 2552 μιγνύωμεν.

1022 1647 1122 1673 minem
1138 1650 1274 1680 pastorem
1299 1647 1310 1662 ³
1322 1667 1330 1678 ,
1349 1646 1395 1681 qui
1420 1654 1480 1673 cum
1497 1646 1603 1674 illarum
1620 1655 1674 1674 nua
1691 1655 1705 1674 a
1729 1655 1811 1683 grege

1020 1694 1202 1725 discessisset,
1220 1697 1247 1721 et
1269 1693 1423 1721 errabunda
1448 1699 1609 1729 vagaretur,
1639 1702 1692 1721 non
1711 1696 1811 1722 mansit

1021 1746 1082 1766 cum
1102 1738 1166 1772 illis,
1183 1746 1243 1774 quae
1258 1743 1397 1766 servantes
1414 1739 1535 1768 ordinem
1557 1738 1751 1774 pascebantur;
1765 1741 1810 1766 sed

1020 1785 1054 1812 ad
1079 1792 1138 1812 eam
1160 1785 1350 1820 requirendam
1376 1785 1523 1820 profectus,
1540 1785 1640 1813 multas
1661 1785 1743 1812 valles
1758 1786 1812 1812 sal~

1021 1835 1118 1866 tusque
1141 1831 1298 1865 superarit,
1326 1838 1440 1865 magnos
1470 1835 1552 1865 atque
1576 1831 1675 1858 arduos
1706 1837 1811 1858 tttoulcs

1022 1877 1198 1908 transcendit,
1214 1876 1241 1903 in
1260 1876 1449 1904 solitudinibus
1463 1876 1635 1911 peragrando
1654 1876 1737 1903 multo
1749 1884 1810 1903 cum

1022 1923 1114 1950 labore
1133 1922 1226 1950 tandiu
1253 1921 1457 1956 pervestigavit,
1480 1921 1566 1948 donee
1579 1927 1714 1949 errantem
1736 1922 1811 1950 inve-

1025 1969 1076 1996 nit.
1090 1968 1231 1996 Inventam
1248 1973 1338 1995 autem
1362 1975 1415 1995 non
1439 1967 1602 1999 verberavit,
1619 1974 1668 1995 nec
1690 1970 1811 2001 urgendo

1021 2014 1208 2042 vehementius
1220 2014 1253 2041 ad
1274 2021 1381 2050 gregent
1397 2014 1537 2049 compulit,
1559 2015 1606 2041 sed
1622 2014 1742 2041 humeris
1755 2015 1811 2040 suis

1022 2061 1186 2096 impositam,
1201 2063 1228 2086 et
1243 2059 1339 2087 leniter
1353 2063 1498 2086 tractatam
1515 2060 1547 2086 ad
1558 2067 1665 2094 gregem
1683 2059 1809 2095 gestavit,

1022 2108 1153 2143 majorem
1171 2114 1203 2134 ex
1220 2114 1271 2133 una
1289 2105 1334 2133 illa
1362 2106 1479 2139 inventa,
1497 2113 1578 2142 quant
1599 2113 1631 2134 ex
1647 2106 1809 2140 reliquarum

1022 2152 1206 2185 multitudine,
1233 2153 1353 2180 laetitiam
1380 2152 1541 2187 percipiens.
1563 2151 1630 2179 Rem
1645 2153 1811 2179 obscuritate

1022 2200 1206 2227 similitudinis
1216 2199 1384 2231 obvolutam,
1407 2203 1488 2233 atque
1507 2198 1672 2226 reconditam
1687 2198 1811 2225 conside-

1023 2254 1122 2274 remus.
1136 2246 1202 2274 Ovis
1223 2247 1281 2273 lizec
1297 2252 1350 2272 non
1365 2252 1443 2273 ovem
1459 2245 1579 2276 omnino,
1594 2253 1643 2272 nec
1660 2249 1753 2278 pastor
1767 2243 1811 2271 ille

1022 2292 1102 2326 plane
1116 2296 1262 2326 pastorem,
1285 2291 1332 2318 sed
1357 2290 1429 2317 aliud
1447 2290 1575 2325 quiddam
1591 2290 1736 2325 signiﬁcat.
1765 2290 1811 2316 llis

1021 2337 1153 2371 exemplis
1172 2343 1257 2364 sacrae
1271 2344 1314 2364 res
1329 2337 1511 2363 continentur.
1531 2335 1585 2363 Nos
1603 2335 1676 2362 enim
1690 2342 1811 2362 commo-

1023 2388 1097 2415 uent,
1125 2389 1158 2409 ne
1177 2382 1303 2410 homines
1323 2389 1372 2416 pro
1403 2381 1516 2416 perditis
1535 2388 1567 2408 ac
1584 2381 1736 2414 desperatis
1761 2381 1810 2406 Im-

1022 2430 1144 2462 beamus,
1159 2435 1226 2456 neve
1241 2435 1288 2455 eos
1299 2428 1326 2454 in
1337 2427 1466 2462 periculis
1480 2430 1621 2454 versantes
1632 2425 1810 2460 negligamus,

1022 2481 1069 2504 aut
1081 2483 1178 2511 segnes
1194 2475 1278 2502 simus
1293 2474 1326 2500 ad
1352 2473 1493 2500 ferendum
1510 2471 1650 2502 auxilium,
1667 2472 1715 2498 sed
1732 2477 1779 2497 eos
1795 2479 1810 2496 a

1023 2527 1099 2551 recta
1116 2521 1221 2548 vivendi
1238 2520 1343 2556 ratione
1357 2518 1539 2550 deﬂectentes,
1550 2522 1578 2545 et
1593 2522 1716 2544 errantes
1728 2517 1808 2543 redu-

180 2569 272 2589 camus
287 2565 312 2591 iu
331 2565 421 2599 viam,
439 2574 587 2602 eorumque
611 2567 734 2594 lmtcumr
761 2568 865 2600 reditu,
888 2576 970 2606 atque
986 2572 1059 2608 ipsos
1073 2579 1135 2599 cum
1152 2571 1220 2598 bene
1241 2569 1338 2605 pieque
1375 2567 1521 2594 viventium
1557 2565 1729 2593 multitudine
1745 2572 1811 2592 con-

177 2609 331 2645 iungamus.

219 2655 282 2682 Ἐπὶ
309 2656 436 2683 τοσοῦτον
461 2659 489 2683 δὲ
513 2660 559 2688 τὸν
581 2661 655 2697 ἱερέα
674 2661 812 2696 προσῆκεν
837 2663 898 2689 ἀντὶ
919 2663 968 2698 τῆς

179 2700 329 2737 ἀποτομίας
353 2703 403 2738 τὴν
426 2702 630 2739 φιλανθρωπίαν
653 2707 758 2739 ἀσκεῖν,
782 2707 851 2734 ὥστε
879 2708 931 2735 κᾶν
954 2709 969 2735 ὁ

177 2746 316 2782 Δεσπότης
343 2748 488 2775 ἐκκόπτειν
507 2749 605 2786 κελεύῃ
635 2750 706 2783 τινὰ,
721 2751 758 2784 ὠς
780 2753 863 2787 φυτὸν
880 2753 968 2790 ἄχρη-

180 2798 251 2825 στον,
267 2792 348 2820 αὑτὸν
363 2793 401 2826 ὡς
424 2794 576 2830 φυτοκόμον
606 2795 691 2822 αἰτεῖν
702 2795 742 2822 δεῖ
757 2797 807 2832 τὴν
827 2797 910 2832 φειδὼ
923 2797 970 2825 καὶ

176 2836 334 2873 ὑπέρθεσιν.
364 2839 465 2866 Τοῦτον
493 2840 548 2876 γὰρ
573 2841 638 2876 ἡμῖν
665 2842 815 2878 παρίστησι
834 2843 880 2870 τὸν
907 2842 970 2870 νοῦν

214 2940 224 2957 ⁸
242 2939 310 2967 Luc.
327 2947 370 2972 xv,
382 2940 398 2966 4
412 2947 472 2974 sqq.

341 2990 475 3019 Ριτιιοι..
490 2989 556 3020 .t‘m.
583 2991 644 3022 XL.

1059 2663 1126 2689 Tam
1143 2660 1247 2687 alienus
1273 2662 1364 2685 autem
1385 2667 1399 2685 a
1414 2658 1534 2685 cmdeudi
1558 2656 1706 2684 acerbitate
1720 2662 1809 2682 sacer-

1022 2708 1072 2735 dos
1087 2713 1148 2734 esse
1163 2706 1254 2736 debet,
1277 2709 1404 2738 tauquam
1426 2707 1568 2738 promptus
1591 2707 1618 2729 et
1644 2706 1754 2737 paratus
1776 2702 1809 2728 ad

1021 2752 1197 2781 excolendam
1214 2751 1419 2781 humanitatem,
1433 2754 1472 2783 ut,
1485 2749 1592 2777 etiamsi
1613 2747 1741 2775 Dominus
1759 2746 1809 2773 ali-

1021 2805 1113 2832 quem,
1130 2796 1168 2824 uti
1182 2796 1300 2832 plantam
1318 2795 1454 2829 inutilem,
1465 2795 1624 2823 exscindere
1635 2793 1740 2829 juhcat,
1752 2793 1810 2827 ipse

1023 2847 1152 2878 tanquam
1170 2842 1268 2870 insitor
1284 2842 1381 2871 debeat
1397 2840 1561 2876 supplicare,
1575 2845 1604 2868 ut
1621 2839 1741 2875 ignoscat
1759 2845 1807 2873 pa-

1613 2984 1650 3014 13
