2080 3156
279 206 332 233 365

920 202 948 228 Β.
968 202 988 228 Α
994 201 1032 227 51
1038 197 1106 226 ΕΙὶΙΙ
1128 200 1277 228 AMASENI

1859 205 1911 232 564

283 270 390 298 iumpcr
401 267 427 288 et
436 261 596 288 sententiam
607 260 723 287 tlill‘erat.
740 259 784 286 Sic
793 259 864 286 enim
877 264 968 285 monet
982 258 1070 284 oratio

1126 257 1169 291 τῆς
1184 258 1309 293 ἀκάρπου
1338 257 1421 292 συκῆς
1446 258 1459 283 ὀ
1471 257 1561 292 λόγος*
1575 259 1607 292 ἢν
1623 258 1762 293 ἐκτέμνειν
1793 259 1914 293 θέλοντος

282 310 325 336 illa
339 309 371 336 de
394 307 445 334 licu
454 307 475 339 ‘,
487 314 568 341 quam
589 306 628 333 uti
653 304 772 333 sterilem
789 311 850 331 cum
871 303 1000 331 Dominus
1020 301 1072 330 vel-

283 354 320 381 let
338 354 495 385 concidere,
507 357 567 379 orat
582 350 714 386 agricola,
726 355 755 377 ut
765 349 801 377 illi
817 349 952 384 paulisper
967 351 1072 382 parcat,

283 404 310 425 ut
327 405 431 426 moram
447 398 567 433 aliquam
585 397 740 431 interponat
758 404 765 422 :
785 394 887 429 aliquid
903 394 974 422 enim
996 393 1073 420 bonas

282 444 340 479 spei
367 446 394 471 in
418 444 557 479 diligentia
574 450 622 471 sua
648 443 781 477 reliquum
809 449 880 469 esse.
910 439 970 467 Noli
990 440 1072 475 igitur

282 497 343 518 esse
378 494 431 517 tam
459 489 546 517 facilis
570 490 603 516 ad
630 487 833 523 amputandum,
858 491 885 514 et
909 486 1071 514 exscinden-

283 537 358 568 dum,
375 541 418 568 tu,‘
433 536 479 571 qui
498 534 652 567 Dominum,
671 542 705 562 ne
737 534 763 561 id
787 533 877 567 faciat,
897 533 978 561 debes
995 532 1073 560 obse-

283 590 371 615 crare,
401 589 487 617 neque
521 586 574 608 tam
604 580 728 609 celeriter
756 579 952 614 desperandum
980 577 1074 607 existi-

283 637 340 656 ma.
359 628 531 664 Diligentiam
561 627 708 658 adhibeto,
734 624 993 665 reprehensionibus
1017 624 1073 652 cir-

284 675 448 706 cnmlodito,
474 673 707 701 cohortationibus
732 672 835 705 foveto,
851 676 978 706 tanquam
994 671 1072 702 limo;

284 722 520 752 documentorum,
534 719 612 754 quasi
623 726 756 754 aquarum
772 718 849 753 copia
864 718 995 753 irrigato;
1009 724 1074 751 prae-

284 767 382 801 ceptis,
395 771 425 793 ut
437 766 508 793 vallo
528 765 706 793 communito.
728 763 816 792 Tuum
834 769 905 796 esto,
915 762 1075 798 placareju-

285 813 356 840 dicis
378 813 510 840 animum.
536 812 635 839 Demus
652 818 772 846 operam,
793 815 823 838 ut
839 810 933 838 eodem
950 809 1073 840 nomine,

283 866 337 892 quo
354 857 494 889 Dominus,
510 856 679 892 appellemur
694 865 701 883 :
717 856 741 884 is
755 856 827 883 enim
840 854 1075 883 diciturconsola-

284 908 338 935 tor,
353 904 415 931 dum
431 903 570 930 hominum
582 903 676 937 generi
691 902 799 931 Patrem
816 901 960 936 propitium
977 901 1073 929 reddit.

1123 302 1169 330 τοῦ
1182 304 1284 338 Κυρίου
1311 303 1355 330 διὰ
1370 304 1419 339 τὴν
1445 304 1596 340 ἀκαρπίαν.
1611 305 1625 331 ὁ
1639 305 1760 340 γεωργὸς
1787 305 1913 338 ἱκετεύει,

1124 350 1170 376 καὶ
1197 349 1330 385 ἀναὸολὴν
1350 351 1421 377 αἰτεῖ
1448 350 1495 377 καὶ
1512 349 1672 386 ὑπέρθεσιν,
1699 351 1809 383 ἐλπίδας
1840 352 1915 388 αὐτῷ

1124 396 1244 430 χρηστὰς
1263 396 1410 423 ὑποτείνων
1425 396 1470 423 διὰ
1498 396 1548 432 τῆς
1566 397 1669 427 οἰκείας
1684 396 1851 432 ξπιμελείας.
1868 399 1914 434 Μὴ

1123 442 1211 469 τοίνυν
1222 443 1305 469 κόπτε
1321 442 1483 478 προχείρως,
1499 443 1513 469 ὁ
1527 443 1576 479 τὴν
1595 443 1682 480 τομὴν
1695 444 1772 479 παρὰ
1797 444 1844 471 τοῦ
1856 445 1913 473 Κυ-

1125 489 1183 524 ρίου
1196 489 1370 525 ἐπαγομένην
1400 489 1514 517 κωλύειν
1531 490 1657 524 ὀφείλων,
1680 490 1747 526 μηδὲ
1764 491 1914 524 καταγινω-

1125 544 1174 564 σκε
1190 536 1294 571 ταχέως
1321 536 1370 571 τὴν
1399 536 1581 571 ἀχρηστείοιν·
1595 536 1652 563 ἀλλ’
1664 537 1773 563 ἐκπόνει
1787 537 1837 572 τὴν
1853 537 1915 563 ἐπι-

1126 580 1246 615 μέλειαν.
1277 580 1386 608 Σκάπτε
1402 582 1460 613 τοῖς
1482 581 1621 617 ἐλέγχοις·
1653 581 1738 609 eam
1754 581 1791 612 ὡς
1819 581 1916 617 κόπρῳ

1123 628 1184 658 ταῖς
1198 627 1416 663 παρακλήσεσιν·
1431 627 1524 659 πότιζε
1534 629 1566 662 τῇ
1583 628 1710 663 ἐπιρροίᾳ
1721 627 1774 654 τῶν
1789 628 1915 663 μαθημά-

1124 681 1178 699 των
1187 681 1193 688 ·
1204 673 1375 709 περίφρασσε
1386 675 1442 705 τοῖς
1452 673 1681 709 προφυλακτικοῑς
1689 673 1743 700 τῶν
1758 673 1914 709 παραγγελσ

1127 720 1218 754 μάτων
1232 719 1270 751 ὡς
1299 714 1491 755 χαρὲκώματι.
1508 719 1557 746 Σόν
1581 720 1639 746 ἐστι
1654 719 1685 745 τὸ
1711 719 1914 755 παραιτεῖσθαι,

1124 763 1172 790 τοῦ
1183 764 1278 799 κριτοῦ
1289 764 1320 790 τὸ
1334 764 1454 797 δικάζειν
1466 772 1473 778 ·
1499 765 1589 792 ἐκεῖνο
1608 764 1739 799 κληθῆναι
1761 764 1916 791 σπουδάσω-

1128 819 1187 846 μεν,
1202 810 1216 836 ὃ
1240 809 1348 844 λέγεται
1365 811 1412 838 καὶ
1425 811 1440 837 ὀ
1454 810 1570 846 Κύριος·
1596 811 1773 846 Παράκλητος
1787 810 1841 846 γὰρ
1858 811 1918 837 ὀνο-
1935 820 1941 825 ·

1128 857 1242 892 μάζεται
1271 856 1342 892 ὑπὲρ
1373 856 1420 884 τοῦ
1438 858 1534 891 γένους
1549 856 1605 884 τῶν
1623 857 1784 892 ἀνθρώπων,
1800 857 1845 883 τὸν
1861 857 1916 883 Πα-

1126 903 1192 937 τέρα
1204 902 1403 938 ἑξιλεούμενος·
1427 903 1528 938 ὁμοίως
1542 903 1588 930 καὶ
1613 903 1642 930 τὺ
1656 903 1767 938 Πνεῦμα
1789 903 1837 938 τῆς
1851 903 1917 937 ἀλη-

285 950 345 983 Quo
358 950 467 984 quidem
485 949 595 977 nomine
609 953 722 976 vocatur
734 948 815 976 etiam
825 947 869 975 ille
880 947 1003 975 veritatis
1013 946 1074 980 Spi-

1126 949 1210 980 θείας,
1223 949 1272 984 τὴν
1287 949 1356 984 ὑπὲρ
1371 950 1386 985 ἡ
1392 949 1450 984 μῶν
1474 949 1591 985 σπουδὴν
1606 948 1701 976 ἔλαϐεν
1713 949 1807 984 ὄνομα.
1825 949 1918 983 Παρά-

284 997 363 1028 ritus,
380 1003 429 1030 pro
446 1003 495 1023 suo
508 1003 572 1031 erga
591 1003 640 1024 nos
665 995 755 1023 studio
770 999 852 1029 atque
875 994 1073 1022 benevolentia.

286 1042 348 1070 llaec
361 1049 452 1069 autem
476 1042 676 1077 deprecationis
693 1046 721 1069 et
735 1041 930 1069 consolationis
950 1048 1074 1072 munera,

287 1096 333 1124 pro
351 1088 540 1122 peccatoribus
557 1087 746 1122 suscipiuntur
765 1087 888 1118 omnino,
911 1095 963 1114 non
982 1094 1031 1121 pro
1043 1087 1075 1114 iis

285 1135 330 1166 qui
359 1139 422 1160 sunt
444 1134 605 1161 innocentes
620 1138 649 1161 et
670 1133 752 1160 nullis
775 1133 937 1160 criminibus
952 1132 1073 1160 obnoxii.

285 1179 366 1206 illusis
388 1187 493 1211 curam,
519 1179 664 1212 sacerdos,
680 1183 705 1206 et
729 1178 937 1206 sollicitudinem
957 1178 1074 1206 imitare.

285 1225 395 1252 Imitare
410 1225 481 1252 illius
491 1232 556 1260 erga
575 1225 703 1260 populum
716 1224 800 1252 animi
818 1224 988 1252 aﬂ'ectionem
1007 1231 1014 1250 :
1030 1224 1075 1258 qui

286 1270 370 1297 Deum
383 1271 543 1303 obsecrans,
554 1278 588 1298 ne
601 1271 698 1306 popqu
718 1271 765 1306 qui
776 1275 936 1306 peccaverat
948 1270 1077 1298 irascere-

285 1321 338 1347 tur,
349 1323 410 1343 cum
431 1323 488 1343 rem
505 1316 610 1352 longius
621 1316 694 1348 duci,
706 1323 757 1344 nec
764 1316 813 1344 sibi
825 1316 863 1350 id,
872 1317 943 1351 quod
956 1317 1075 1351 petebat,

285 1361 399 1388 concedi
419 1361 661 1393 animadverteret,
676 1361 856 1396 supplicabat,
868 1366 898 1388 ut
913 1360 964 1390 sibi
979 1361 1075 1388 saltent

285 1407 390 1440 liceret,
406 1412 469 1434 ante
489 1407 631 1439 decedere,
653 1413 687 1434 ne
709 1413 814 1439 eorum,
830 1413 900 1441 quos
922 1409 1033 1441 paverat
1050 1410 1076 1432 et

285 1453 450 1487 gubernarat
461 1472 469 1485 ,
483 1453 623 1480 interitum
637 1457 783 1488 spectaret.
796 1451 848 1480 Sed
861 1459 950 1487 operae
960 1452 1074 1486 pretium

285 1503 338 1530 est,
352 1502 382 1525 ut
397 1497 480 1525 verba
492 1497 576 1532 ipsius
588 1498 614 1525 in
630 1498 748 1526 medium
761 1497 906 1525 aderamus
922 1518 929 1525 .
943 1497 1075 1531 Obsecro,

285 1543 383 1578 inquit,
392 1543 514 1578 peccavit
522 1544 636 1579 populus
647 1549 786 1579 peccatum
795 1552 931 1580 ntagnmn,
941 1544 1076 1571 fecerunt-

285 1597 338 1624 que
354 1590 404 1617 sibi
422 1590 489 1617 deos
504 1597 612 1618 aureos.
634 1590 666 1617 Et
681 1598 752 1618 nunc
765 1591 788 1618 si
802 1590 940 1618 dimittitis
951 1590 991 1617 eis
1013 1598 1075 1625 pec-

286 1640 375 1662 catum
389 1636 451 1669 hoc,
460 1636 566 1663 dimitte
581 1645 588 1663 :
602 1634 632 1663 Si
645 1636 743 1669 minus,
754 1635 812 1663 dele
820 1644 860 1663 me
870 1637 902 1663 de
915 1635 991 1667 libro,
1001 1644 1076 1670 quem

285 1681 414 1716 scripsisti
425 1682 447 1708 '.
461 1682 567 1714 Cernis,
586 1682 721 1717 quomodo
735 1683 849 1716 propria:
864 1681 978 1710 salutent
993 1681 1079 1709 multi-

286 1726 388 1753 tudinis
413 1727 562 1760 anteponit,
581 1727 623 1756 cui
648 1727 699 1755 nisi
722 1727 850 1761 impetrat
880 1727 1076 1761 impunitatem,

285 1770 390 1805 ﬂagitat
405 1776 433 1798 ut
448 1771 507 1806 ipse
524 1771 665 1802 deleatur?
684 1771 761 1799 Nunc
772 1777 863 1799 autem
889 1771 934 1806 qui
953 1771 1079 1798 acerbio~

285 1825 330 1844 res
352 1824 381 1844 se
405 1817 595 1852 peccatoribus
623 1821 762 1852 praestant,
777 1824 824 1846 eos
840 1817 875 1845 ad
899 1824 928 1846 se
952 1819 1078 1845 acceden-

287 1868 327 1890 tes
354 1863 523 1898 propellunt,
550 1863 686 1898 supplices
700 1868 905 1898 prostratosque
928 1863 1044 1899 fugiant,
1062 1872 1076 1890 ιι

286 1907 499 1943 lucrytnantibus
512 1909 606 1937 oculos
619 1912 769 1942 removent,
783 1913 812 1936 et
822 1916 851 1936 se
863 1913 932 1936 totos
942 1912 1076 1936 avertunt.

320 1952 375 1979 Cur
411 1953 492 1988 igitur
521 1954 586 1981 mihi
609 1952 706 1988 Lucas,
724 1953 779 1982 imo
801 1961 864 1982 vero
879 1953 998 1989 Spiritus
1014 1960 1079 1982 san-

284 2004 344 2026 ctus
358 1999 502 2035 descripsit
516 2000 600 2028 lilium
616 2001 757 2036 prodigum
771 2000 794 2033 ‘,
816 2001 862 2035 qui
885 2001 1002 2036 primum
1020 2000 1077 2029 dis—

284 2052 365 2073 cessu
378 2054 427 2073 suo
447 2046 596 2081 ignominia
610 2050 714 2082 patrem
732 2046 832 2079 all'ecit,
848 2048 945 2075 deinde
956 2048 1077 2083 volupta-

286 2091 359 2119 tibus
373 2092 552 2127 ebrietatique
578 2092 696 2124 deditus,
714 2098 741 2120 et
757 2092 920 2120 feminarum
939 2093 1077 2121 amoribus

285 2142 391 2171 captus,
408 2141 536 2172 paternas
557 2145 653 2165 omnes
677 2138 786 2166 divitias
809 2138 967 2173 dilapidavit
996 2144 1077 2173 atque

285 2183 504 2211 exhausit?Post
519 2188 608 2210 autem
635 2184 730 2216 multo,
745 2191 806 2211 cum
825 2185 891 2212 satis
910 2185 964 2219 jam
982 2185 1008 2212 in
1025 2185 1076 2213 tui-

285 2228 356 2255 seria
373 2234 497 2257 versatus
514 2235 597 2262 esset,
615 2231 683 2258 adeo
694 2235 723 2259 ιιι
738 2230 867 2259 Subulcus
877 2231 989 2258 eﬂ‘ectns
1003 2238 1076 2258 mer-

1127 996 1223 1031 κ).ητο;
1238 995 1292 1030 γὰρ
1310 996 1420 1022 κάκεῖνο
1435 995 1542 1029 λέγεται
1556 1004 1562 1011 ’
1581 995 1713 1031 πρεσϐεία
1729 994 1757 1021 δὲ
1771 995 1816 1021 καὶ
1828 993 1917 1028 παρά-

1127 1041 1222 1076 κλησις
1233 1041 1302 1076 ὑπὲρ
1317 1041 1372 1068 τῶν
1387 1041 1586 1076 ἡμαρτηκότων
1604 1041 1712 1072 πάντως
1729 1039 1916 1072 σπουδάζεται,

1126 1088 1156 1114 οὗ
1173 1087 1227 1123 μὴν
1240 1087 1293 1113 τῶν
1307 1087 1460 1114 ἀνευθύνων
1476 1087 1522 1114 καὶ
1539 1087 1723 1121 ἀνεγκλήτων.
1753 1087 1889 1121 Ζήλωσον,
1903 1087 1918 1112 ὁ

1129 1122 1229 1168 ἱερεὺς,
1243 1133 1272 1159 τὸ
1297 1133 1475 1168 κηδεμονικὸν
1491 1122 1547 1159 ’ποῦ’
1569 1132 1690 1164 Μωσέως
1701 1140 1707 1146 ·
1722 1132 1840 1168 μίμησαι
1867 1131 1918 1166 τὴν

1127 1180 1231 1206 ἐκείνου
1244 1180 1308 1214 περὶ
1335 1180 1398 1211 τοὺς
1411 1179 1578 1215 ἀρχομένους
1593 1178 1727 1206 διάθεσιν·
1747 1178 1775 1210 ὃς
1789 1186 1919 1213 παρακαο

1127 1226 1181 1252 λῶν
1203 1226 1249 1254 τὸν
1276 1226 1353 1257 Θεὸν,
1378 1226 1421 1252 ἵνα
1442 1226 1478 1261 μὴ
1497 1225 1617 1261 δυσμενῇ
1633 1224 1671 1260 τῷ
1690 1224 1746 1260 λαῷ
1757 1224 1919 1259 πλημμελήο

1129 1281 1216 1306 σαντί,
1231 1272 1324 1308 ἐπειδὴ
1343 1272 1440 1308 μικρὸν
1456 1271 1554 1307 ᾔσθετο
1577 1272 1784 1307 παρελκομένης
1796 1272 1916 1306 χάριτος,

1127 1319 1207 1345 τοῦτο
1218 1318 1283 1352 γοῦν
1304 1318 1433 1348 ἱκέτευεν,
1449 1317 1631 1353 προαπελθεῖν
1647 1317 1694 1343 τοῦ
1709 1317 1785 1348 λαοῦ,
1798 1317 1835 1352 μὴ
1851 1316 1917 1343 θεά-

1129 1371 1209 1398 σηται
1225 1362 1278 1389 τῶν
1289 1362 1505 1396 ποιμαινομένων
1519 1362 1564 1388 τὸν
1586 1362 1706 1397 ὄλεθρον.
1721 1362 1802 1388 Οὐδὲν
1820 1362 1847 1388 δὲ
1861 1359 1918 1388 οἷον

1127 1410 1212 1445 αὐτῆς
1223 1408 1464 1445 ἀπομνημονεῦσαι
1479 1409 1527 1444 τῆς
1538 1409 1636 1441 λέξεως
1647 1418 1654 1425 ·
1666 1409 1776 1443 Δέομαι.
1793 1408 1918 1444 ἡμάρτη-

1127 1465 1176 1483 κεν
1190 1457 1204 1483 ὁ
1215 1455 1277 1487 λαδς
1293 1456 1430 1491 ἁμαρτίαν
1453 1455 1583 1490 μεγάλην,
1604 1455 1651 1482 καὶ
1668 1455 1798 1490 ἐποίησαν
1813 1455 1919 1487 ἑαυτοῖς

1128 1502 1206 1534 θεοὺς
1219 1501 1346 1537 χρυσοῦς.
1358 1502 1412 1528 Καὶ
1422 1501 1468 1528 νῦν
1483 1502 1506 1533 εἰ
1521 1501 1571 1536 μὲν
1585 1502 1658 1536 ἀφῇς
1670 1502 1761 1532 αὐτοῖς
1774 1500 1824 1536 τὴν
1832 1502 1921 1536 ἀμαρ-

1128 1547 1196 1577 τίαν,
1221 1548 1305 1581 ἄφες·
1335 1546 1413 1573 Εὶδὲ
1435 1546 1490 1581 μὴ,
1507 1545 1671 1580 ἐξάλειψόν
1690 1554 1729 1580 με
1750 1546 1784 1572 ἐκ
1800 1545 1855 1579 τῆς
1868 1545 1919 1577 βί-

1130 1595 1204 1620 ϐλου
1229 1591 1267 1628 ἧς
1292 1592 1436 1627 ἔγραψας.
1460 1592 1541 1628 Ὁρᾷς
1565 1592 1639 1623 ὅπως
1663 1591 1712 1627 τὴν
1737 1590 1784 1617 τοῦ
1800 1590 1920 1626 πλήθους

1131 1638 1266 1675 σωτηρίαν
1281 1638 1330 1674 τῆς
1347 1637 1450 1669 οἰκείας
1474 1637 1628 1673 προτίθησι,
1658 1637 1704 1663 καὶ
1728 1636 1920 1671 ἐξαλειφθῆναι

1129 1684 1214 1719 ζητεῖ,
1229 1684 1254 1710 εί
1271 1683 1308 1719 μὴ
1324 1682 1452 1719 κατορθοῖ
1468 1682 1507 1718 τῷ
1524 1682 1607 1718 κοινῴ
1619 1682 1668 1718 τὴν
1685 1682 1848 1717 συγγνώμην
1862 1691 1868 1714 ;
1888 1682 1919 1708 οι

1127 1730 1156 1757 δὲ
1167 1730 1214 1757 νῦν
1230 1729 1298 1766 πρὸς
1308 1729 1372 1761 τοὺς
1384 1728 1591 1764 ἁμαρτάνοντας
1604 1728 1819 1764 πικραινόμενοι,
1832 1735 1919 1763 προσ-

1130 1777 1219 1808 ιόντας
1247 1775 1421 1803 ἐλαύνουσιν·
1455 1775 1668 1808 ὑποπίπτοντας,
1700 1774 1918 1810 παρατρέχουσι-

1128 1823 1310 1858 δακρυόντων,
1324 1823 1374 1849 οὑκ
1383 1821 1515 1848 ἐπικλῶσι
1528 1822 1558 1848 τὸ
1576 1821 1731 1857 πρόσωπον.

1164 1956 1196 1982 Τί
1210 1954 1256 1983 οὖν
1267 1957 1280 1982 ὁ
1294 1956 1412 1989 Λουκᾶς,
1432 1955 1532 1990 μᾶλλον
1551 1955 1579 1982 δὲ
1593 1954 1624 1981 τδ
1634 1953 1748 1990 Πνεῦμα
1768 1954 1855 1987 ἅγιον,
1875 1953 1919 1980 ἀν-

1129 2001 1232 2038 έγραψέ
1249 2010 1294 2037 μοι
1307 2001 1353 2029 τὸν
1366 2001 1422 2028 υἱὸν
1441 2001 1486 2028 τὸν
1504 2002 1608 2028 ἄσωτον
1620 2009 1626 2015 ⁸
1651 2000 1680 2032 ὃς
1693 1999 1842 2035 καθύϐρισε
1869 2000 1919 2034 μὲν

1127 2048 1161 2082 τῇ
1174 2047 1345 2082 ἀναχωρήσει
1362 2045 1459 2082 πρώτῃ
1477 2046 1522 2073 τὸν
1538 2046 1750 2081 γεννησάμενον,
1769 2043 1829 2072 εἶτα
1848 2045 1918 2081 πρὸς

1127 2092 1176 2125 τὰς
1191 2093 1288 2128 ἡδονὰς
1318 2092 1365 2119 καὶ
1381 2092 1466 2127 μέθας
1482 2091 1686 2127 ὲκὸακχευθεὶς,
1707 2092 1753 2119 καὶ
1773 2091 1918 2126 φιλογύνης

1127 2139 1283 2174 γενόμενος,
1306 2138 1395 2165 πάντα
1408 2138 1453 2164 τὸν
1469 2138 1600 2174 πατρικὸν
1627 2137 1743 2164 πλοῦτον
1767 2137 1916 2167 ἐκένωσεν,

1134 2185 1243 2220 Ἐπειδὴ
1257 2185 1285 2211 δὲ
1299 2185 1405 2221 χρόνοις
1434 2184 1546 2220 ὓστερον
1563 2183 1663 2215 ἱκανῶς
1676 2183 1917 2218 ὲνταλαιπωρήσας

1128 2233 1184 2263 τοῖς
1215 2231 1336 2269 μόχθοις,
1354 2231 1391 2262 ὡς
1405 2230 1449 2257 καὶ
1481 2229 1605 2266 συϐώτης
1629 2229 1754 2263 γενέσθαι
1774 2228 1917 2264 μισθωτὸς,

284 2275 421 2310 cenarius,
438 2277 542 2309 eodem,
560 2285 613 2312 quo
630 2278 716 2312 porci,
731 2283 886 2306 vesceretnr
905 2278 982 2310 cibo;
1013 2282 1074 2304 lan-

1128 2278 1175 2305 καὶ
1194 2277 1244 2313 τῆς
1259 2277 1344 2311 αὐτῆς
1361 2277 1503 2312 μετασχεῖν
1519 2277 1574 2307 τοῖς
1589 2275 1689 2311 χοίροις
1704 2274 1817 2310 τροφῆς.
1836 2276 1918 2300 ἐπαν-

284 2323 345 2350 dem
358 2323 505 2358 aliquando
517 2324 682 2359 resipiscens
695 2332 756 2353 cum
776 2323 811 2352 ad
836 2325 950 2359 patriam
963 2325 1073 2352 domum

284 2369 454 2404 revertisset,
470 2377 522 2398 non
540 2371 638 2398 avertit
656 2378 686 2398 se
703 2376 789 2406 pater,
806 2378 856 2400 nec
871 2378 1008 2398 reversum
1026 2377 1075 2397 ex-

282 2416 363 2443 clusit
377 2416 471 2444 tilium.
490 2416 560 2450 Quin
574 2418 654 2445 etiam
670 2417 791 2446 occurrit
804 2417 910 2445 obviam
926 2417 1072 2452 appropin-

282 2463 389 2497 quanti,
405 2467 433 2490 et
456 2464 614 2498 complexus
633 2471 706 2496 eum,
726 2469 808 2498 atque
833 2463 968 2490 inhaerens
993 2462 1073 2495 collo,

283 2509 470 2536 misericordia
486 2515 638 2538 commotus
654 2510 789 2545 lacrymas
811 2509 890 2540 fudit,
910 2515 937 2537 et
959 2517 1006 2543 pro
1025 2509 1075 2534 n:i—

282 2561 343 2581 Sero
358 2561 451 2583 rursus
471 2556 578 2583 beatum
597 2555 723 2588 reddidit,
740 2556 856 2590 ingenuo
875 2555 947 2582 illum
961 2555 1076 2582 iuducns

243 2618 246 2619 ν
283 2600 456 2633 vestimento,
474 2605 502 2628 et
518 2601 543 2628 in
558 2609 638 2628 tnantt
652 2601 711 2635 ejus
722 2600 851 2628 annulum
875 2601 1028 2635 imponens,
1043 2608 1075 2628 ac

283 2645 353 2674 diem
372 2647 470 2675 festum
496 2656 590 2683 agens,
607 2648 832 2683 magniﬁcumque
854 2652 882 2674 et
902 2647 1070 2682 splendidum

282 2693 435 2721 conVivium
460 2694 611 2722 celebrans.
628 2694 689 2722 llaec
711 2694 787 2722 nobis
809 2693 957 2721 sintilitudo
973 2701 1073 2728 propo-

282 2738 334 2765 sita
347 2744 398 2771 est,
421 2744 450 2766 ut
474 2740 695 2774 resipiscentibus
714 2738 863 2766 Ecclesium
880 2743 1008 2774 tanquam
1025 2739 1074 2765 do-

282 2791 354 2811 mum
382 2789 523 2818 paternam
546 2786 699 2820 aperiamus
714 2805 721 2817 ,
746 2792 847 2820 eosque
872 2785 1026 2813 humaniter
1047 2789 1074 2811 et

281 2830 398 2866 benigne
416 2832 612 2867 suscipiamus,
632 2839 664 2859 ne
690 2839 751 2858 cum
770 2831 869 2866 porcis,
897 2830 922 2858 id
941 2836 994 2863 ρει,
1012 2838 1071 2858 ctnn

318 2920 327 2936 ⁸
339 2920 402 2947 Luc.
426 2928 485 2953 xm,
504 2919 519 2945 6
533 2927 592 2954 sqq.

1127 2324 1193 2360 ἦλθε
1220 2323 1288 2359 πρὸς
1305 2323 1353 2359 τὴν
1373 2323 1509 2359 πατρικὴν
1531 2323 1623 2348 ἑστίαν
1651 2321 1855 2357 σωφρονισθεὶς,
1869 2320 1917 2346 οὐκ

1128 2369 1292 2406 ἀπεστράφη
1309 2370 1323 2395 ὑ
1336 2368 1438 2404 πατὴρ,
1455 2367 1515 2394 οὑδὲ
1534 2367 1668 2402 ἐπέθηκεν
1683 2366 1757 2401 αὑτῷ
1772 2366 1821 2397 τὰς
1835 2365 1917 2400 θύρας

1128 2415 1317 2442 ἐπανελθόντι·
1334 2413 1404 2440 ἀλλὰ
1424 2414 1475 2440 πᾶν
1491 2413 1655 2443 τούναντίον,
1671 2412 1859 2447 προσέδραμεν
1873 2411 1916 2443 ἐγ-

1128 2461 1241 2496 γίζοντι,
1258 2461 1304 2487 καὶ
1315 2459 1444 2495 ἐπεκλιθη
1456 2459 1497 2494 τῷ
1511 2458 1649 2495 τραχήλῳ,
1666 2458 1712 2485 καὶ
1736 2458 1853 2492 δάκρυον
1871 2457 1906 2482 ἐπ

1129 2507 1225 2540 έσταξε
1259 2506 1410 2542 συμπαθῶς
1433 2505 1472 2541 τῷ
1496 2506 1607 2540 αὐχένι,
1640 2505 1767 2539 ἐποίησεν
1783 2504 1809 2530 οὲ
1838 2500 1917 2529 πάλιν

1125 2554 1185 2582 ἀντὶ
1197 2553 1289 2580 ἀθλίου
1308 2552 1487 2588 μακαριστόν,
1518 2552 1664 2587 ἐλευθερίῳ
1682 2551 1820 2586 ἀμφιέσας
1835 2546 1917 2581 ἐσθῆ-

1124 2610 1162 2633 τι,
1189 2600 1236 2626 καὶ
1261 2599 1404 2626 δακτύλιον
1432 2600 1465 2634 τῇ
1495 2599 1567 2634 χειρὶ
1598 2597 1730 2634 περιθεὶς,
1757 2594 1804 2621 καὶ
1819 2593 1914 2628 ἑορτὴν

1124 2646 1199 2679 ἄγων
1215 2644 1264 2680 τὴν
1279 2645 1395 2680 ἡμέραν,
1412 2644 1459 2671 καὶ
1470 2643 1635 2679 εὐτρεπίσας
1648 2639 1763 2674 εὐωχίαν
1778 2639 1915 2674 λαμπράν.

1123 2690 1215 2718 Ταῦτα
1231 2690 1259 2716 δὲ
1274 2690 1364 2716 πάντα
1381 2689 1460 2723 λόγος
1480 2689 1538 2712 ἐστὶ
1553 2685 1747 2721 παραϐολικὺς,
1764 2683 1917 2717 ὑπανοίγων

1122 2738 1160 2769 ὡς
1175 2737 1310 2773 πατρικὴν
1326 2736 1422 2763 ἑστίαν
1452 2734 1501 2769 τὴν
1519 2731 1695 2768 Ἐκκλησίαν,
1713 2732 1760 2759 καὶ
1774 2731 1917 2766 δεχόμενος

1123 2783 1301 2819 φιλοφρόνως,
1315 2783 1358 2808 ἴνα
1370 2781 1408 2817 μὴ
1421 2779 1487 2806 ὦσιν
1500 2779 1649 2814 ὁμοδίαιτοι
1669 2779 1723 2809 τοῖς
1740 2777 1851 2812 χοίροις1
1865 2777 1919 2807 τοῖς

1122 2830 1257 2865 δαίμοσιν,
1270 2829 1402 2863 γένωνται
1430 2826 1459 2853 δὲ
1475 2825 1555 2852 πάλιν
1578 2825 1608 2857 ἐξ
1632 2824 1779 2859 ἀλλοτρίων
1795 2823 1864 2850 υἱοί·
1877 2823 1920 2848 ἶνα

634 2920 644 2935 ⁵
661 2919 746 2946 Exod.
761 2927 847 2954 xxx",
863 2919 897 2946 5'2
913 2927 975 2954 sqq.
1015 2919 1024 2936 ⁸
1043 2918 1107 2946 an.
1128 2927 1152 2945 χ’
1165 2938 1172 2951 ,
1191 2919 1215 2944 11
1231 2926 1290 2952 κιμι.
