2080 3156
185 209 240 246 365

594 207 733 244 IIOMILIA
752 215 819 244 XIII.
842 215 1064 244 ADIIORTATIO
1091 216 1133 244 AI)
1150 217 1398 246 [’(ENI’I‘ENTIAM

1769 222 1821 250 366

185 278 226 313 τῷ
239 277 391 313 βουλήματι
415 277 463 304 τοῦ
476 276 544 303 Θεοῦ
561 277 679 310 συζῶσιν
705 277 743 310 ὡς
758 277 855 315 γνώμῃ
870 278 981 314 πατρὸς,

1036 278 1201 307 daemonibus
1212 280 1293 307 vitam
1311 280 1419 314 degant,
1436 280 1484 308 sed
1500 287 1533 308 ex
1554 280 1649 309 alienis
1665 289 1771 310 rursum
1786 284 1820 312 ad

186 324 234 351 καὶ
247 325 303 355 τοῖς
319 323 407 357 ἁγίοις
422 323 566 359 ἀνδράσιν,
579 323 615 355 ὡς
627 323 763 358 ἀδελφοῖς.
782 324 818 350 Σὺ
833 323 861 350 δὲ
876 324 914 360 μὴ
930 323 979 360 ζή-

186 370 232 396 λου
242 370 292 406 τὴν
305 369 420 406 γνώμην
434 369 480 396 τοῦ
493 368 691 405 πρεσϐυτέρου,
709 369 775 404 μηδὲ
789 370 979 404 καταγόγγυζε

186 417 237 451 τῆς
250 416 299 443 τοῦ
317 416 419 451 πατρὸς
436 408 652 452 φιλανθρωπίας,
674 416 715 442 ὅτι
747 417 794 443 καὶ
815 416 860 443 τὸν
874 416 978 444 ἄσωτον

187 463 236 489 καί
252 461 383 497 ὑϐριστὴν
395 461 565 497 είσῳκίσατο.
581 460 711 496 Θαύμαζε
725 460 825 496 μᾶλλον
844 460 894 496 ’τὴν
910 461 979 494 ἀγα-

187 509 300 544 θότητα,
316 508 362 534 καὶ
377 507 460 544 μιμοῦ
476 507 524 534 τοῦ
539 506 607 533 Θεοῦ
620 507 670 543 τὴν
687 507 842 542 εὐμένειαν,
860 506 907 533 καὶ
916 507 978 538 τοὺς

187 555 221 582 ὲκ
236 554 286 590 τῆς
303 554 406 589 πλάνης
429 552 649 589 ὑποστρέφοντας
665 551 844 586 ὲναγκαλίζου
860 552 906 580 καὶ
929 559 979 579 πε-

189 601 338 637 ριπτύσσου
349 609 356 616 ”
370 600 457 632 οὕτως
472 600 526 635 γὰρ
547 600 596 636 ἔσῃ
606 599 716 634 τυφλῶν
728 599 834 635 όδηγὸς,
848 599 895 626 καὶ
911 599 979 626 πλα-

188 648 315 683 νωμένων
325 646 494 678 διδάσκαλοςι

221 777 293 813 Πρὸς
312 777 362 810 μὲν
379 776 425 804 οὖν
440 778 504 810 τοὺς
518 777 704 814 τραχυτέρους
721 778 771 813 τὴν
785 778 898 814 γνώμην
908 799 915 810 ,
930 779 979 806 καὶ

185 823 234 858 τὴν
259 824 413 859 ἀποτομίαν
444 822 498 860 πρὸ
524 824 574 860 τῆς
602 823 774 860 συμπαθείας
809 822 977 856 ἀσκοῦντας,

187 863 287 901 ίκανῶς
306 871 372 905 ἡμῖν
400 870 525 906 εἴρηται,
551 871 597 897 καὶ
619 869 696 897 οὐδὲν
723 870 764 897 δεῖ
785 870 976 906 μακροτέρων·

185 916 267 943 ἄκουε
278 916 305 943 δὲ
319 916 411 943 λοιπὸν
425 916 473 943 καὶ
486 917 500 943 ό
516 917 565 952 τῆς
578 917 745 954 ἐπιστροφῆς
757 917 892 953 δεόμενος,
904 918 979 948 ὅπως

1033 323 1149 351 ﬁliorum
1166 332 1308 352 numerum
1322 325 1441 360 ascripti,
1459 330 1491 352 ex
1513 325 1560 354 Dei
1583 327 1740 363 praescripto
1760 332 1821 355 tan~

1032 377 1112 404 quant
1131 377 1163 398 ev
1184 371 1268 404 patris
1286 372 1419 399 sententia
1437 372 1538 404 vivant,
1550 376 1577 399 et
1597 378 1752 400 sanctorum
1774 373 1820 401 Ιιοα

1034 416 1147 448 tninum,
1165 421 1194 444 ut
1214 417 1327 444 fratrum
1347 419 1544 446 cousuetudine
1559 420 1743 454 perfruantur.
1763 419 1820 448 Noli

1033 461 1125 488 fratris
1139 462 1249 495 majoris
1265 467 1327 490 natu
1340 455 1503 490 sententiain
1523 465 1611 498 seqni,
1628 472 1678 491 nec
1692 465 1726 492 ob
1739 466 1823 499 patris

1034 507 1230 535 humanitatem
1247 508 1391 543 indignari,
1412 509 1484 543 quod
1504 510 1698 544 nequissimum
1726 510 1821 541 tilium;

1034 552 1079 587 qui
1095 551 1206 581 familia:
1217 554 1342 582 dedecori
1361 554 1421 587 fuit,
1441 555 1599 589 susceperit.
1619 555 1666 583 Dei
1678 556 1823 590 benignita-

1036 604 1089 626 tem
1104 601 1195 634 potius
1217 605 1244 628 et
1258 600 1430 628 clementiam
1441 601 1589 634 admirans,
1601 603 1711 637 ees,qni
1722 602 1823 630 relictis

1034 645 1173 673 erroribus
1195 646 1228 673 ad
1258 644 1363 682 frugem
1388 646 1486 674 bonam
1508 647 1634 681 redeunt,
1659 648 1824 683 amplectere

1033 694 1211 726 amanterque
1226 692 1296 720 fove.
1321 691 1366 720 Sic
1381 693 1454 720 enim
1480 693 1535 721 eris
1561 701 1694 721 caecorum
1718 695 1782 727 dux,
1795 700 1824 722 et

986 744 988 747 ·
1033 738 1104 765 viam
1121 739 1276 767 errantibus
1287 739 1495 767 demonstrabis.

1072 783 1146 812 Satis
1170 785 1253 813 multa
1276 785 1309 812 ad
1330 793 1387 818 eos,
1407 786 1452 821 qui
1478 786 1614 814 seVeriore
1637 791 1700 814 sunt
1722 787 1823 821 animo,

1033 830 1135 866 quique
1148 830 1321 859 acerbitatem
1338 831 1438 867 potius,
1452 840 1534 867 quam
1550 831 1686 861 lenitatem
1702 838 1729 862 et
1743 834 1824 861 mise-

1034 876 1178 904 ricordiam
1194 882 1332 905 exercent.
1350 877 1426 906 Nunc
1438 879 1503 906 mihi
1520 885 1580 912 ros,
1595 879 1692 914 quibus
1708 879 1734 906 in
1752 880 1822 907 viam

1035 923 1200 950 redeundum
1228 928 1286 956 est,
1313 931 1346 951 ac
1370 925 1603 959 resipisccndum,
1634 925 1774 953 attendite.
1794 926 1822 954 Si

187 969 217 988 σε
237 963 376 997 προσῆκεν
392 961 602 996 ἐπιστυγνάζειν
621 962 676 994 τοῖς
700 963 915 998 ἁμαρτήμασιν.
931 962 980 988 καὶ

1033 969 1114 996 vultis
1130 961 1239 997 discere
1261 976 1314 1004 quo
1338 970 1418 998 modo
1437 971 1556 1006 peccatis
1570 970 1662 999 dolere
1675 974 1701 999 el
1721 972 1824 999 errori-

185 1008 220 1034 τὰ
240 1007 452 1044 παραπτώματα
471 1009 522 1044 τῆς
544 1009 656 1044 καρδίας
678 1008 860 1045 ἀποθρηνεῖν
879 1009 979 1044 μᾶλλον

184 1052 214 1079 δὲ
224 1073 231 1085 ,
248 1053 272 1079 εἰ
286 1052 377 1085 δοκεῖ,
396 1054 532 1088 σκόπησον
551 1054 602 1090 τὴν
620 1054 782 1090 ἁμαρτωλὸν
796 1055 914 1089 γυναῖκα
929 1054 979 1091 τὴν

186 1098 262 1135 παρὰ
284 1099 330 1125 τοῦ
350 1099 443 1126 Λουκᾶ
463 1099 509 1126 ἐπὶ
534 1099 582 1126 τοῦ
606 1101 740 1136 παρόντος
759 1100 978 1135 ἀναγνωσθεῖσαν

186 1146 264 1181 ἡμῖν.
283 1145 421 1181 Κάκείνης
434 1145 466 1172 τὸ
478 1146 606 1173 ταπεινὸν
623 1147 670 1173 καί
685 1146 827 1174 εὖσύνετον
845 1146 977 1182 ζήλωσον,

187 1191 233 1218 καὶ
248 1190 313 1217 λάϐε
331 1190 446 1222 κανόνας
463 1190 607 1226 μετανοίας
622 1191 827 1227 ὴκριδωμένης.
849 1188 979 1219 Ἐλθοῦσα

186 1236 242 1273 γὰρ
255 1237 301 1263 ἐπὶ
312 1237 358 1263 τὸν
370 1234 445 1263 οἷκον
457 1237 505 1263 τοῦ
518 1237 677 1272 Φαρισαίου,
688 1236 751 1264 οὔτε
766 1237 796 1264 τὸ
809 1237 911 1274 πλῆθος
925 1237 979 1264 τῶν

187 1282 359 1318 ἑστιωμένων
371 1282 548 1319 ὴρυθρίασεν,
558 1282 620 1310 οὔτε
631 1284 676 1310 τὸν
691 1282 784 1319 καιρὸν
795 1283 846 1319 τῆς
863 1284 979 1319 εὐωχίας

182 1329 224 1361 ὡς
237 1329 351 1365 ᾶκαιρον
365 1330 405 1361 εἰς
421 1329 612 1365 ἰξομολόγησιν
626 1330 742 1365 ἔφευγεν
753 1337 760 1345 ο
776 1330 843 1357 ἀλλὰ
859 1332 892 1366 τῇ
907 1331 979 1366 λύπῃ

186 1375 364 1411 συνεχομένη,
389 1375 436 1402 καὶ
454 1375 568 1411 σφοδρὸν
585 1375 685 1410 ἔχουσα
700 1376 754 1402 τῶν
775 1375 980 1412 πλημμελημά-

184 1428 239 1448 των
262 1422 293 1447 τὸ
314 1420 421 1452 πένθος,
447 1420 508 1447 οὐδὲ
527 1420 559 1447 τὸ
581 1420 751 1456 βραχύτατον
770 1421 845 1455 ἠφίει
863 1421 909 1447 τὸν
925 1421 980 1447 τῶν

185 1467 329 1503 ἁμαρτιῶν
343 1467 445 1503 ἰατρόν.
463 1467 501 1493 Οὐ
521 1466 574 1502 μὴν
586 1466 647 1493 οὐδὲ
660 1467 700 1498 είς
711 1466 744 1493 τὸ
757 1466 903 1502 πρόσωπον
919 1466 979 1493 κατ’

185 1513 246 1547 ὄψιν
260 1512 395 1548 ἐρχομένη
411 1512 531 1539 ἱκέτευεν
541 1520 548 1526 ·
564 1511 633 1539 ἀλλὰ
649 1512 680 1538 τὸ
695 1512 804 1545 ἀνάξιον
819 1513 918 1549 ἑαυτῆς
933 1512 980 1540 καὶ

185 1559 410 1595 ἀπαρρησίαστον
426 1558 470 1585 διὰ
487 1557 535 1584 τοῦ
553 1558 693 1594 σχήματος
709 1559 914 1595 ἐρμηνεύουσα,
930 1559 980 1595 τὴν

186 1605 259 1632 κατὰ
278 1604 363 1631 νώτου
382 1604 474 1640 χώραν
500 1604 705 1638 καταλαϐοῦσα,
729 1605 776 1631 καὶ
796 1604 857 1631 οὐδὲ
874 1604 980 1631 ἑστῶσα

186 1650 290 1683 ἁπλῶς,
309 1649 378 1676 ἀλλὰ
396 1650 512 1676 κατόπιν
527 1649 581 1676 τῶν
599 1649 688 1676 ποδῶν
703 1649 840 1686 λαϐομένη
853 1670 860 1681 ,
877 1649 983 1676 λύσασα
997 1649 1018 1676 C

185 1694 216 1722 δὲ
231 1694 280 1726 τὰς
295 1694 383 1730 κόμας
393 1713 400 1726 ,
415 1694 462 1720 καὶ
477 1695 533 1726 τοῖς
550 1694 694 1730 πράγμασι
713 1695 914 1730 δημοσιεύουσα
933 1695 982 1731 τὴν

189 1740 338 1768 πενθοῦσαν
355 1741 460 1776 ψυχὴν,
476 1741 523 1767 καὶ
537 1742 594 1773 τοῖς
616 1742 696 1768 ποσὶν
710 1741 756 1768 τοῦ
781 1742 868 1777 Ἰησοῦ
884 1741 915 1768 τὸ
936 1741 982 1768 δά-

187 1796 271 1823 κρυον
285 1787 463 1823 ἐπιρρέουσα,
479 1787 547 1822 μετὰ
560 1787 660 1823 πολλῆς
674 1788 724 1823 τῆς
738 1788 910 1823 συμπαθείας
922 1789 981 1824 ᾔτει

187 1834 233 1860 τὸν
247 1834 336 1861 ἔλεον
361 1834 408 1860 καὶ
424 1833 550 1861 τοσοῦτον
568 1834 750 1870 προχεομένη,
765 1834 836 1861 ὥστε
853 1835 899 1861 καὶ
917 1834 982 1870 βρέ-

188 1888 246 1914 χειν
262 1880 326 1912 τοὺς
339 1880 433 1912 πόδας,
447 1880 494 1908 καὶ
507 1881 540 1916 τῇ
553 1880 626 1916 κόμῃ
643 1880 725 1907 πάλιν
742 1880 916 1916 ἑκμάττουσα
933 1881 982 1916 τὴν

188 1926 344 1962 ὑγρότητα,
361 1927 452 1954 πᾶσαν
476 1927 620 1954 εὐλάϐειαν
642 1927 774 1962 ταπεινὴν
798 1926 979 1955 ἐπεδείκνυτο.

187 1972 246 2000 Ἵνα
260 1973 288 2000 δὲ
302 1973 419 2000 συνελὼν
431 1974 510 2006 εἴπω,
526 1973 629 2005 πάσαις
641 1974 702 2005 ταῖς
713 1973 855 2009 αἰσθήσεσι
867 1973 913 1999 καὶ
926 1975 981 2004 τοῖς

189 2019 283 2055 μέλεσι
300 2021 356 2052 τοῖς
384 2019 574 2055 ἡμαρτηκόσιν
593 2020 609 2055 ὴ
625 2019 693 2055 γυνὴ
708 2019 757 2055 τὴν
780 2019 923 2054 μετάνοιαν
939 2019 982 2051 ἐξ·

187 2067 278 2093 επόνει
288 2075 295 2082 -
309 2067 325 2102 ἡ
343 2067 370 2093 δὲ
383 2066 502 2102 δημοσία
518 2067 565 2093 καὶ
579 2067 619 2097 είς
635 2066 666 2092 τδ
683 2065 804 2100 ἐμφανὲς
819 2065 905 2097 οὕτως
921 2065 982 2092 ὀδυ-

189 2113 292 2148 ρομένη
314 2112 363 2144 τὰς
381 2113 535 2148 ἁμαρτίας,
560 2112 622 2138 τίνα
649 2112 708 2138 κατ’
726 2111 791 2138 ίόίαν
813 2112 858 2137 ἐπὶ
883 2111 981 2146 σχολῆς

187 2151 332 2194 ἔπραττεν,
349 2158 452 2191 ἔξεστιν
471 2158 680 2194 τεκμηράμενον
696 2159 820 2193 σννορᾷν.
844 2158 936 2193 Ἰἰμῶν
953 2158 981 2184 δὲ

187 2204 205 2240 ή
220 2205 269 2240 μὲν
282 2205 439 2240 ὑπόσχεσις.
453 2204 596 2239 μετάνοιαν
610 2204 822 2238 ἐπαγγέλλεται·
838 2205 854 2238 ἡ
868 2204 896 2230 δὲ
911 2204 982 2239 rvpi.

188 2250 243 2284 ξις,
261 2251 336 2278 οὐδὲν
352 2252 479 2278 ἐπίπονον
495 2251 647 2278 δείκνυσιν·
668 2251 736 2277 ἀλλὰ
752 2251 801 2286 τὴν
817 2250 902 2286 αὐτὴν
919 2250 981 2285 ἔχο-

189 2306 239 2333 μεν
256 2297 303 2324 τοῦ
321 2297 379 2332 βίου
397 2298 581 2330 κατάστασιν,
597 2297 629 2332 ἦν
649 2297 694 2323 καὶ
710 2297 763 2332 πρὸ
777 2296 827 2332 τῆς
845 2296 982 2332 ἁμαρτίας

187 2343 308 2379 εἴχομεν.
325 2343 476 2380 Φαιόρότης
490 2343 544 2379 γὰρ
557 2344 638 2379 ὁμοία.
654 2343 700 2370 καὶ
715 2343 797 2378 ἐσθὴς
811 2343 828 2378 ἡ
843 2342 922 2378 αὐτὴ,
935 2343 983 2369 καὶ

187 2389 327 2426 ’τραπέζης
343 2390 492 2422 ἀπόλαυσις
505 2389 630 2424 δαψιλὴς,
644 2390 692 2416 καὶ
711 2389 794 2421 ὕπνος
813 2390 917 2425 μακρὸς
935 2389 982 2416 καὶ

187 2435 333 2469 λελυμένος
345 2437 383 2468 εἰς
395 2436 476 2472 κόρον
487 2443 494 2450 ·
506 2436 630 2472 ἀσχολίαι
641 2436 670 2463 δὲ
683 2436 730 2463 καὶ
744 2435 884 2471 φροντίδες
898 2435 982 2461 ἐπάλ-

190 2479 275 2515 ληλοι,
291 2481 375 2518 λήθην
391 2481 555 2517 ἐμποιοῦσαι
569 2484 602 2519 τῇ
616 2482 689 2518 ψυχῇ
703 2482 751 2517 τῆς
765 2482 869 2514 οἰκείας
885 2482 982 2517 ὲπιμε-

190 2524 264 2559 λείας
275 2535 282 2541 ·
299 2528 377 2563 μόνον
399 2528 428 2554 δὲ
443 2527 473 2555 τὸ
489 2529 575 2563 ὄνομα
596 2529 645 2564 τῆς
669 2528 813 2564 μετανοίας
829 2527 982 2564 ἐπιγραφό-

191 2570 261 2608 μεθα
277 2574 400 2611 ἄκαρπόν
416 2585 444 2602 τε
463 2576 510 2602 καὶ
523 2575 703 2611 ἀνενέργητον
715 2583 722 2590 ⁸
738 2574 792 2601 τῶν
814 2574 863 2610 μὲν
880 2583 983 2610 μυστη-

191 2620 256 2656 ρίων
278 2621 390 2651 ἑαυτοὺς
415 2622 579 2657 χωρίζοντες
613 2621 659 2648 καὶ
685 2621 735 2656 τῆς
759 2620 902 2652 κοινωνίας
930 2621 984 2647 τῶν

190 2667 354 2702 ἀπορρήτων
377 2667 574 2702 ἁγιασμόιτων,
601 2667 729 2702 οὐδεμίαν
752 2667 779 2693 δὲ
802 2667 918 2702 σπουδὴν
934 2667 984 2702 τῆς

191 2713 357 2748 ἑπιστροςρῆς
369 2713 417 2747 τῆς
432 2712 500 2748 πρὸς
516 2713 586 2739 αὐτὰ
603 2713 770 2747 ποιούμενοι,
786 2713 844 2739 ἀλλ’
861 2712 899 2744 ὡς
914 2712 984 2738 εὐώ-

190 2767 233 2784 νου
264 2757 499 2794 καταφρονοῦντες
525 2758 575 2793 τῆς
604 2758 791 2790 ἀπολαύσεως.
828 2758 983 2793 Ἐννόησον,

189 2803 325 2839 ἄνθρωπε,
341 2804 463 2839 πηλίκων
478 2804 637 2840 ἀξιούμενος
650 2803 802 2840 ὲχωρίσθης
818 2804 867 2839 τῆς
886 2812 983 2839 μετου-

188 2850 249 2881 σίας
263 2850 385 2876 ἐκείνων.
402 2850 431 2877 Εί
448 2850 591 2887 βασιλικῆς
605 2853 637 2879 σὺ
652 2851 792 2888 τραπέζης
803 2851 925 2886 μετέχων
938 2849 982 2888 ᾖς,

188 2892 248 2920 εἶτα
271 2894 463 2930 προσκρούσας
487 2897 535 2932 τῆς
554 2897 636 2933 τιμῆς
650 2896 824 2933 ἀπερρίφης,
841 2896 931 2923 πόσων
950 2896 982 2923 ἂν

189 2939 318 2976 ἑξωνήσω
331 2941 479 2976 χρημάτων
493 2942 522 2969 τδ
536 2943 615 2970 πάλιν
629 2943 756 2978 γενέσθαι
771 2942 846 2977 φίλος
861 2942 906 2969 καὶ
918 2943 982 2978 ὁμο-

1033 1016 1084 1044 bns
1103 1016 1200 1044 vestris
1219 1016 1398 1052 ingemisc‘ere
1424 1017 1555 1052 debeatis,
1578 1018 1718 1046 mulierem
1746 1019 1824 1046 nobis

1033 1070 1047 1089 a
1066 1061 1138 1090 Luca
1154 1063 1180 1089 in
1197 1063 1341 1098 praesentia
1356 1063 1521 1099 descriptam
1545 1065 1729 1092 considerate.
1747 1064 1823 1092 Illius

1033 1108 1225 1136 detnissionem
1249 1108 1332 1136 animi
1351 1113 1432 1144 atqtte
1454 1110 1625 1145 prudentiam
1645 1110 1821 1143 mmulatnini,

1033 1153 1240 1190 absolutumque
1260 1154 1286 1182 in
1315 1162 1347 1183 ea
1373 1155 1451 1184 nobis
1475 1157 1627 1192 exemplum
1658 1157 1825 1192 poenitentiae

1033 1201 1200 1234 conStituite,
1216 1209 1276 1237 quae
1287 1200 1418 1230 Pharisaei
1432 1203 1542 1231 dontum
1558 1204 1679 1239 ingressa
1697 1212 1747 1232 nec
1758 1212 1826 1232 con-

1035 1247 1157 1275 vivarum
1171 1247 1371 1275 multitudinem
1384 1247 1503 1282 erubuit,
1525 1257 1574 1277 nec
1586 1249 1701 1276 convivii
1720 1253 1825 1284 tempus

1033 1293 1221 1328 importunum
1237 1294 1416 1327 existimavit,
1434 1302 1489 1329 quo
1514 1296 1602 1323 minus
1622 1296 1655 1323 ad
1671 1296 1823 1324 confessio-

1034 1344 1095 1366 nem
1115 1339 1294 1375 confugeret;
1317 1340 1364 1367 sed
1390 1340 1482 1368 dolore
1516 1340 1625 1373 affecta,
1652 1345 1679 1369 et
1702 1346 1823 1376 peccata,

1033 1392 1094 1420 qua:
1120 1386 1306 1418 commiserat,
1329 1386 1504 1413 vehementer
1528 1386 1676 1419 detestata,
1707 1395 1742 1414 ne
1764 1394 1824 1414 mo-

1034 1436 1155 1458 mentum
1175 1432 1282 1466 quidem
1303 1432 1432 1467 temporis
1450 1432 1502 1460 sibi
1524 1433 1748 1467 interponendum
1767 1434 1826 1461 exi-

1033 1478 1165 1510 stimavit,
1185 1485 1238 1514 quo
1265 1478 1355 1506 minus
1376 1478 1468 1506 statim
1485 1477 1518 1506 ad
1540 1484 1711 1513 peccatorum
1740 1479 1826 1506 tnedi-
1878 1506 1884 1513 _

1034 1531 1095 1552 cum
1112 1524 1265 1551 accederet.
1283 1523 1338 1552 Nec
1353 1529 1442 1551 tamen
1465 1525 1491 1552 in
1514 1529 1686 1559 conspectum
1702 1524 1759 1559 ejus
1775 1525 1824 1552 ad.

1034 1570 1148 1597 veniens
1164 1569 1344 1605 supplicabat,
1357 1570 1403 1597 sed
1422 1577 1454 1597 ex
1469 1570 1560 1598 habitu
1578 1578 1606 1598 se
1622 1571 1758 1606 indignam
1776 1579 1826 1606 pu-

1035 1620 1105 1649 tans,
1127 1622 1187 1650 qtttc
1209 1615 1295 1650 ipsttm
1321 1614 1515 1650 alloqueretur,
1540 1623 1553 1642 a
1573 1621 1648 1651 tergo
1671 1616 1759 1643 locum
1778 1624 1825 1643 oc-

1034 1661 1152 1696 cupavit.
1167 1668 1216 1688 nec
1233 1661 1311 1696 plane
1331 1664 1416 1693 stans,
1430 1661 1478 1688 sed
1501 1665 1576 1688 retro
1589 1666 1723 1696 prostrata
1743 1662 1824 1697 pedes

1034 1707 1104 1734 illius
1127 1707 1267 1742 complexa
1291 1711 1342 1740 est,
1363 1704 1517 1742 solutisque
1531 1707 1616 1735 comis
1641 1707 1727 1742 reipsa
1756 1715 1824 1736 inae-

1035 1753 1121 1780 rentis
1145 1753 1227 1780 animi
1246 1752 1415 1780 affectionem
1434 1753 1605 1786 ostendebat,
1622 1757 1648 1780 et
1661 1752 1726 1781 Jesu
1743 1754 1826 1789 pcdcs

1034 1799 1160 1835 lacrymis
1183 1799 1283 1834 rigans,
1304 1799 1388 1826 tnulto
1412 1806 1473 1826 cum
1498 1799 1591 1827 dolore
1609 1799 1824 1828 misericordiam

1033 1844 1195 1879 postulabat.
1217 1844 1332 1871 Tantam
1357 1844 1429 1871 enim
1448 1843 1541 1871 eIIudit
1561 1845 1614 1872 vim
1629 1844 1824 1881 laerymarum,

1035 1895 1062 1917 nl
1081 1891 1162 1925 pedes
1186 1890 1245 1925 ejus
1262 1891 1393 1923 ablueret,
1418 1891 1581 1925 eosdemque
1601 1899 1695 1919 rursus
1720 1892 1825 1926 capillis

1033 1935 1213 1970 abstergeret,
1236 1940 1317 1970 atque
1334 1935 1370 1962 ita
1391 1943 1498 1963 omnem
1513 1936 1596 1964 animi
1614 1935 1705 1964 aﬂlicti
1723 1937 1823 1965 demis-

1033 1981 1135 2008 sioncm
1151 1981 1310 2008 declararet.
1327 1981 1445 2014 Etenim,
1461 1986 1490 2008 ιιι
1506 1982 1624 2009 breviter
1641 1983 1732 2010 Omnia
1750 1991 1826 2010 cont-

1032 2027 1146 2062 plectar,
1164 2024 1288 2054 sensibus
1305 2032 1332 2054 et
1346 2027 1475 2055 membris
1491 2028 1626 2061 omnibus,
1641 2029 1738 2063 quibus
1765 2038 1826 2065 pec-

1032 2078 1142 2101 caverat
1162 2073 1267 2107 mulier,
1285 2073 1470 2108 plenitentiam
1491 2074 1555 2110 egit.
1579 2073 1713 2107 Quantum
1735 2082 1823 2102 autent

1034 2123 1126 2152 postea
1143 2125 1191 2153 per
1204 2120 1290 2146 otium
1313 2124 1422 2154 peccata
1443 2119 1526 2147 fuerit
1540 2120 1684 2152 detestata,
1700 2127 1759 2155 quae
1776 2130 1825 2156 pu-

1032 2164 1101 2192 blice
1119 2168 1266 2199 aperteque
1288 2171 1318 2192 ca
1350 2169 1491 2200 tantopere
1514 2165 1590 2198 luxit,
1614 2165 1824 2201 conjicientibus

1033 2210 1097 2237 licet
1125 2210 1285 2245 intelligere.
1308 2209 1363 2237 Nos
1389 2215 1478 2237 autem
1501 2211 1590 2238 verbis
1612 2212 1718 2246 quidem
1739 2212 1827 2246 ι)ωηὶ-

1034 2255 1145 2282 tentiam
1174 2255 1342 2290 pollicemur.
1365 2255 1443 2283 factis
1462 2263 1527 2283 vero
1549 2256 1616 2283 nihil
1639 2257 1719 2283 studii
1753 2257 1826 2284 labo-

1000 2322 1021 2348 Β
1037 2301 1127 2336 risque
1142 2306 1313 2336 pratstantus,
1327 2300 1373 2328 sed
1391 2302 1484 2328 eadem
1502 2302 1609 2329 vivendi
1627 2302 1826 2329 consuetudine

1036 2347 1147 2379 utimur,
1172 2353 1225 2381 qua
1247 2347 1335 2381 prius,
1360 2354 1440 2381 quam
1465 2352 1574 2380 peccata
1597 2346 1750 2374 confitendo
1779 2347 1826 2374 de-

1036 2396 1211 2423 testaremur,
1234 2391 1385 2418 ntebamttr.
1411 2391 1512 2418 Eadem
1542 2392 1567 2418 in
1590 2391 1663 2417 vultu
1690 2391 1825 2422 hilaritas,

1035 2436 1105 2464 idetn
1133 2436 1158 2462 in
1183 2435 1304 2470 corporis
1319 2435 1391 2463 cnltu
1416 2436 1543 2470 victuque
1564 2435 1701 2470 splendor.
1723 2436 1825 2463 Somno

1035 2483 1067 2510 ad
1081 2483 1234 2511 satietatem
1250 2490 1336 2517 usque
1358 2482 1537 2517 indulgemus,
1555 2483 1671 2517 negotiis
1697 2488 1725 2510 et
1747 2491 1825 2510 occu-

1034 2529 1188 2564 pationibus
1214 2529 1305 2556 animo
1319 2528 1469 2556 sedulitatis
1484 2527 1647 2555 oblivionem
1676 2528 1824 2561 injicimus,
1876 2558 1878 2561 ,

1033 2575 1201 2611 paenitentia}
1224 2583 1322 2602 nomen
1345 2577 1424 2602 inane
1451 2574 1594 2607 duntaxat,
1619 2579 1646 2601 et
1672 2575 1754 2602 nullis
1776 2582 1826 2601 ex-

1035 2627 1159 2656 pressum
1182 2620 1261 2647 factis
1290 2621 1447 2647 retinemus.
1461 2619 1481 2646 A
1505 2619 1641 2654 mysteriis
1658 2619 1765 2655 quidem
1782 2627 1826 2646 ar-

1033 2673 1233 2701 canorumque'
1256 2666 1448 2693 communione
1486 2671 1717 2693 sacramentorum
1748 2665 1826 2700 culpa

1035 2716 1127 2739 nostra
1151 2711 1302 2739 decidimus
1333 2716 1361 2738 et
1384 2718 1553 2746 separamur,
1580 2720 1629 2740 ttec
1653 2716 1743 2740 tamen
1768 2717 1827 2739 stn—

1033 2757 1108 2785 dium
1133 2766 1165 2785 ae
1184 2758 1351 2793 diligentiam
1379 2759 1552 2791 adhibemus,
1567 2763 1595 2786 ut
1608 2759 1641 2785 ad
1664 2765 1695 2786 ea
1714 2758 1826 2786 fruenda

1035 2809 1215 2838 revertamur,
1230 2803 1277 2832 sed
1294 2809 1323 2832 ttt
1341 2804 1414 2838 vilia,
1427 2809 1453 2833 et
1469 2812 1529 2840 quae
1548 2813 1632 2840 parvo
1653 2805 1740 2840 pretio
1757 2805 1828 2832 redi-

1033 2850 1068 2876 mi
1091 2850 1212 2883 possint,
1236 2851 1449 2878 conlemnimus.
1473 2851 1637 2885 Considera,
1661 2851 1751 2883 homo,
1775 2858 1828 2884 qua

1037 2897 1167 2932 dignitate
1189 2897 1245 2932 jam
1268 2904 1380 2926 ornatus
1405 2898 1588 2931 fucris,nunc
1612 2904 1701 2926 autent
1723 2905 1825 2924 careas.

1037 2941 1064 2968 Si
1088 2942 1167 2977 regiae
1184 2950 1283 2971 mensa:
1300 2944 1435 2980 particeps
1458 2945 1491 2973 ab
1506 2952 1539 2973 eo
1558 2945 1659 2972 honore
1675 2944 1708 2972 ob
1722 2943 1826 2970 crimcu
