2080 3156
257 195 310 224 367

894 195 923 224 S.
945 196 1083 225 ASTERII
1102 197 1251 225 AMASENI

258 253 367 288 aliquod
380 252 526 287 excidisse:
537 256 663 287 quantam
672 252 792 288 pecunia
800 252 853 279 vim
866 252 1048 288 impenderes,

1101 254 1252 290 τράπεζος;
1273 254 1360 280 Τίνων
1375 252 1404 280 δὲ
1424 253 1510 290 θύρας
1529 254 1578 280 οὐκ
1597 253 1630 281 ἂν
1655 253 1806 290 διώχλησας
1831 255 1888 282 lu-

258 304 288 326 ut
299 299 324 326 in
337 299 406 334 regis
414 300 528 334 gratiam
540 300 653 333 redires,
662 304 690 326 ut
698 299 827 326 honorem
836 299 976 333 pristinum
985 299 1057 326 redi-

259 345 364 373 mercs?
373 345 491 378 Quorum
500 351 589 373 autem
599 346 670 373 fores
684 344 807 380 supplex,
815 344 952 377 haesitans,
963 344 1056 372 dolens

261 391 458 426 frequentares?
468 390 555 419 Vitam
566 391 686 426 profecto
706 391 789 426 ipsam
801 390 849 417 tibi
863 390 986 417 acerbam
1003 391 1053 417 du-

260 445 345 469 ceres,
356 438 492 472 squalore,
501 442 528 465 et
535 439 618 472 luctu,
631 442 658 465 et
666 437 753 464 vultus
762 436 925 464 demissione
932 436 1051 463 dolorem

259 485 341 511 animi
351 489 444 519 praete
457 485 542 512 terres
555 493 561 511 :
575 492 683 512 omnem
700 484 828 519 denique,
845 487 874 510 ιιι
888 483 974 515 aiunt,
990 490 1048 510 mo-

259 537 336 557 veres
361 530 487 566 lapidem,
514 535 543 557 ut
562 531 596 557 ab
612 537 642 557 ea
673 534 699 557 te
727 529 881 557 calamitate
908 528 1047 556 liberares.

258 575 334 603 Nunc
354 580 442 603 autem
463 576 510 611 qtti
531 575 671 610 seiunctus
692 579 734 603 est
752 576 787 602 ab
803 574 922 602 amicitia
946 573 1004 607 Dei,
1019 579 1047 602 et

258 628 321 649 vere
350 621 490 649 sublimem
520 621 592 648 illam
625 621 785 655 dignitatem
819 620 932 652 amisit,
967 627 1048 654 quem

259 667 376 694 laborem
413 667 556 701 impendit,
581 667 653 702 quod
684 667 801 694 studium
834 666 955 698 adhibet,
984 666 1047 701 quid

257 712 386 739 eximium
403 713 482 747 gerit,
507 720 560 746 quo
581 712 727 740 deruissum
760 718 842 746 alque
861 711 1002 745 humilem,
1021 717 1049 739 et

259 758 386 785 aﬁlictum
408 759 526 786 animum
549 760 674 787 ostendat
689 760 787 787 suum?
801 758 857 786 Non
870 763 913 786 est
931 765 1047 786 consen-

1103 300 1190 327 τεύων
1201 321 1208 332 ,
1231 300 1426 336 ἀπορούμενος,
1447 301 1558 332 στένων,
1575 300 1691 327 ἀϐίωτον
1705 301 1823 336 νομίζων
1844 300 1889 328 τὸν

1105 347 1171 382 βίον,
1188 349 1221 383 τῇ
1235 348 1312 382 τήξει
1327 348 1373 374 καὶ
1396 348 1484 382 σχέσει
1504 348 1551 374 τοῦ
1576 347 1722 384 προσώπου
1740 348 1791 383 τῆς
1807 348 1836 374 ἐν
1850 347 1890 379 τῷ

1103 393 1179 428 βάθει
1193 393 1282 429 λύπης
1295 394 1344 429 τὴν
1361 394 1457 429 ὀδύνην
1473 394 1628 429 ἐμφαίνων·
1652 394 1741 421 πάντα
1754 393 1837 426 λίθον,
1859 392 1892 420 τὺ

1101 439 1148 466 τοῦ
1163 440 1259 474 λόγου,
1281 440 1380 471 κινῶν,
1406 441 1503 476 μέχρις
1522 438 1552 467 οὗ
1571 440 1662 475 σαυτῷ
1683 440 1732 475 τὴν
1748 439 1888 474 συμφορὰν

1101 486 1317 521 ὲπηνώρθωσαςς
1340 486 1370 512 '0
1382 485 1409 512 δὲ
1425 487 1475 521 τῆς
1491 485 1559 521 πρὸς
1575 485 1640 512 Θεὸν
1657 484 1819 516 οίκειώσεως
1833 493 1888 520 χω-

1100 532 1216 568 ρισθεὶς,
1245 533 1292 559 καὶ
1312 532 1363 567 τῆς
1387 532 1470 564 ὅντως
1483 531 1586 567 ὑψηλῆς
1605 531 1688 567 τιμῆς
1706 530 1846 562 ἐκπεσὼν,
1861 531 1889 557 τί

1101 577 1171 613 μέγα
1186 578 1233 604 καὶ
1250 577 1388 612 ἀξιόλογον
1403 579 1518 614 ποιήσας
1530 578 1620 614 ψυχῆς
1634 578 1829 613 κεκακωμένης
1843 579 1887 605 ὲν-

1098 622 1218 657 δείξηται
1238 623 1434 658 ταπεινότητας
1455 623 1510 649 Οὐκ
1535 623 1608 650 ἐστιν
1631 622 1778 649 ἀκόλουθον
1801 624 1889 650 νοσεῖν

1099 667 1212 702 λέγοντα
1230 668 1280 703 τὴν
1296 667 1379 703 αὐτὴν
1397 667 1470 702 ζωὴν
1495 667 1616 703 μετιέναι
1634 669 1690 698 τοῖς
1711 666 1886 702 ὑγιαίνουσιν.

1101 712 1184 748 ’Δλλη
1198 712 1254 748 γὰρ
1268 712 1356 739 δίαιτα
1371 712 1418 739 τοῦ
1440 711 1592 748 ἀρρώστου,
1605 711 1653 738 καὶ
1665 711 1758 746 ἕτερος
1771 710 1827 746 βίος
1841 710 1888 737 τοῦ

1098 758 1276 793 ὑγιαίνοντος.

259 809 379 837 taneum,
402 809 432 831 ut
457 805 502 840 qui
528 811 558 832 se
581 809 714 840 mgrotare
737 804 892 836 conﬁtetur,
925 803 1021 831 eadem
1050 803 1138 831 victus
1156 804 1260 832 ratione
1285 807 1387 836 utatur,
1414 810 1466 838 qua
1488 806 1600 829 utuntur
1623 802 1671 834 illi,
1697 803 1742 838 qui
1761 807 1889 838 prospera

259 855 323 878 sunt
336 850 498 878 valetudine.
516 851 592 878 Alius
602 851 674 878 enim
689 851 858 885 aegrotantis,
871 849 941 878 alius
956 849 1070 876 valentis
1080 855 1122 876 est
1137 849 1243 876 vivendi
1259 849 1364 875 modus.

294 895 388 924 Nonne
404 897 479 924 vides
503 901 604 932 quanta
619 898 655 923 sit
670 898 741 924 inter
756 901 930 931 aegrotantem
958 896 1048 923 valen-
1066 899 1086 926 Β

258 947 366 977 temque
383 942 535 970 diﬂerentia
561 950 641 970 sensu
666 943 810 977 percepta?
828 942 873 970 Ille
895 950 943 977 pro
976 942 1048 970 arbi-

258 993 329 1015 tratu
355 996 404 1015 suo
433 989 518 1022 vivit,
539 996 699 1024 quocunque
727 989 783 1015 vult
813 989 1002 1024 proﬁciscitur,
1022 993 1049 1016 et

257 1035 331 1061 onmi
347 1034 434 1062 oﬁicio
458 1039 485 1062 et
506 1042 618 1062 munere
642 1035 726 1062 libere
746 1035 881 1070 fungitur:
895 1035 939 1062 hie
958 1039 1048 1062 autem

259 1077 285 1103 in
302 1083 417 1112 angusto
433 1078 507 1112 jacet
529 1078 665 1113 cubiculo,
686 1079 779 1113 procul
799 1079 833 1106 ab
846 1080 967 1106 omnium
983 1087 1049 1107 eon-

257 1124 401 1150 suetudine
435 1123 614 1158 omnibusque
638 1124 754 1159 negotiis
776 1129 906 1152 remotus.
924 1124 1049 1160 Agricul-

259 1174 346 1196 turam
363 1169 476 1202 omittit,
497 1169 560 1197 licet
582 1169 654 1197 illius
679 1173 757 1196 antea
785 1174 859 1198 esset
881 1169 1050 1198 studiosissi-

259 1222 328 1242 tnus.
345 1214 521 1243 Cumulandaz
540 1216 662 1251 pecuniae
684 1224 777 1243 curam
804 1215 908 1251 abjicit,
926 1216 1051 1251 quamvis

259 1259 291 1287 ad
308 1267 364 1287 rem
383 1261 420 1288 uti
445 1265 581 1288 mercator
598 1260 652 1296 jam
677 1266 750 1289 esset
765 1262 902 1289 attentior.
916 1261 967 1296 Qui
989 1269 1052 1289 con-

257 1305 337 1333 viviis
359 1305 423 1334 olim
449 1306 599 1341 magniﬁcis
623 1311 649 1335 et
669 1307 826 1343 sybariticis
848 1307 1048 1340 delectabatur,

257 1357 326 1386 aqua
351 1359 422 1379 nunc
442 1356 470 1379 et
493 1352 571 1387 panis
592 1351 708 1380 frustulu
731 1354 860 1386 vescitur,
883 1361 936 1381 non
957 1354 1050 1382 liberis

259 1397 422 1430 oblectatur,
443 1406 495 1425 non
512 1398 605 1426 uxoris
620 1399 706 1426 utitur
720 1399 934 1433 consuetudine;
950 1400 988 1428 illi
1007 1400 1050 1428 die

258 1449 393 1478 noctuque
417 1451 460 1471 res
484 1449 524 1472 est
542 1451 604 1472 cum
628 1445 750 1478 medicis,
769 1452 837 1480 quos
862 1445 966 1480 magnis
982 1454 1051 1480 pra:-

260 1490 321 1516 miis
348 1492 473 1520 accersit,
500 1495 529 1516 ut
553 1497 646 1517 eorum
667 1498 749 1525 opera
776 1491 957 1519 convalescat.
976 1491 1048 1525 Haec,

259 1534 304 1569 qui
327 1535 449 1569 corporis
476 1535 569 1562 morbo
590 1535 703 1562 laborat.
733 1535 772 1562 Tu
805 1544 868 1563 vero
890 1536 967 1572 cujus
994 1537 1050 1564 ani-

1139 897 1220 932 Ὀρᾷς
1233 896 1284 931 ὅση
1305 895 1379 922 ἐστὶν
1395 895 1412 930 ή
1429 894 1476 921 τοῦ
1496 894 1662 929 ὑγιαίνοντος
1678 894 1822 930 μεταϐολὴ,
1838 894 1889 928 τῆς

1097 941 1146 969 τοῦ
1157 941 1333 973 ἀσθενοῦντος
1348 941 1509 976 μεταϐολῆς,
1520 940 1571 976 τῆς
1585 940 1656 967 κατὰ
1667 941 1717 976 τὴν
1730 940 1786 974 ἕξιν
1798 940 1889 967 αίσθό·

1101 997 1196 1024 μενος;
1214 988 1257 1014 Ἑν
1269 988 1396 1023 δωματίῳ
1410 987 1500 1022 μικρῷ
1522 987 1692 1018 κατάκειται,
1712 987 1803 1021 πάσης
1825 994 1888 1012 συν-

1099 1033 1180 1069 ήθους
1202 1033 1383 1068 ἀναχωρήσας
1398 1031 1555 1067 φροντίδος”
1576 1031 1672 1067 ἀμελεῖ
1686 1031 1822 1066 γεωργίας
1843 1030 1890 1057 καὶ

1101 1080 1203 1116 σφόδρα
1221 1078 1373 1115 γεωργικὸς
1393 1078 1542 1113 ὑπάρχων
1563 1078 1660 1112 ἀφίησι
1679 1077 1792 1104 πλούτου
1810 1076 1890 1112 μέριο

1101 1135 1180 1162 μναν,
1197 1126 1212 1152 ὁ
1232 1124 1423 1161 χρηματιστὴς
1447 1124 1495 1150 καὶ
1520 1124 1697 1160 φιλέμπορος.
1718 1123 1815 1150 ’Υδατι
1841 1122 1889 1149 καὶ

1099 1171 1188 1207 ψωμῴ
1205 1171 1394 1207 διατρέφεται,
1411 1173 1436 1198 εί
1451 1171 1499 1198 καὶ
1517 1171 1650 1206 πρότερον
1670 1170 1775 1206 τρυφῆς
1788 1168 1890 1204 γέμου-

1101 1226 1151 1245 σαν
1167 1217 1215 1245 καὶ
1228 1217 1410 1253 Συϐαριτικὴν
1433 1216 1596 1252 παρετίθετο
1620 1215 1758 1250 τράπεζαν
1768 1224 1776 1230 -
1793 1214 1888 1240 παισὶν

1100 1264 1150 1290 οὐκ
1171 1263 1382 1300 ἐπευφραίνεται
1398 1262 1432 1289 τὰ
1451 1263 1553 1298 συνήθη
1564 1283 1571 1293 ,
1592 1261 1716 1297 γαμετῆς
1733 1259 1889 1296 χωρισθείς⁵

1101 1310 1156 1341 τοῖς
1180 1310 1279 1344 ἰατροῖς
1299 1307 1421 1334 σύνεστιν
1441 1307 1550 1342 νύκτωρ
1572 1315 1602 1332 τε
1628 1307 1675 1332 καὶ
1693 1305 1752 1340 μεθ’
1772 1305 1889 1340 ἡμέραν,

1101 1356 1149 1382 καὶ
1166 1355 1273 1386 πολλοῖς
1291 1354 1396 1390 μισθοῖς
1416 1353 1485 1389 πρὸς
1506 1352 1646 1387 ἀγαπητὸν
1661 1351 1755 1385 κέρδος
1780 1350 1890 1378 σπεύδει

1100 1402 1150 1438 τὴν
1168 1401 1271 1435 ὑγείαν.
1290 1399 1384 1427 Ταῦτα
1399 1401 1413 1426 ὁ
1433 1399 1480 1425 τοῦ
1497 1398 1623 1434 σώματος
1646 1397 1796 1433 ἄρρωστος.
1818 1396 1846 1423 '0
1860 1396 1890 1423 δὲ

1100 1447 1150 1483 τὴν
1161 1446 1249 1482 ψυχὴν
1270 1445 1361 1476 κακῶς
1378 1445 1549 1480 διακείμενος
1569 1443 1617 1470 τὸν
1643 1442 1786 1478 ἀσώματον
1810 1450 1888 1477 περι-

1101 1494 1242 1529 νοστήσας,
1262 1491 1301 1527 τῷ
1317 1491 1402 1527 ἰατρῷ
1421 1491 1468 1518 καὶ
1483 1489 1674 1526 «poenam-.6);
1691 1487 1828 1524 ὁμολογῶν
1843 1488 1891 1514 καὶ

1101 1538 1208 1570 δεικνὺς
1223 1537 1271 1573 τὴν
1287 1537 1428 1564 ἀσθένειαν
1439 1557 1446 1568 ,
1465 1535 1681 1570 χαταλιμπάνεις
1696 1533 1826 1569 νέμεσθαι
1842 1533 1891 1560 καὶ

261 1588 321 1606 mus
334 1587 404 1615 a-gcr
415 1586 466 1612 est,
484 1589 533 1608 cur
546 1589 598 1608 non
617 1583 649 1608 ad
668 1582 800 1609 medicum
819 1582 971 1610 animorum
987 1591 1049 1618 pro~

1101 1582 1272 1619 σφακελίζειν
1283 1583 1314 1609 τὸ
1327 1583 1429 1614 πάθος,
1446 1582 1489 1608 ἱνα
1510 1581 1578 1618 πρὸς
1592 1581 1638 1608 τὶν
1657 1579 1717 1606 ὅλον
1737 1579 1818 1613 ὄγκον
1831 1579 1890 1605 δια-

261 1626 356 1660 peras?
381 1634 428 1653 cur
454 1634 506 1653 non
538 1627 562 1654 ei
587 1628 743 1655 conﬁtendo
772 1628 894 1656 morbum
929 1629 1049 1656 ostendis

261 1671 357 1699 tuum?
372 1670 440 1704 Quid
460 1672 570 1706 pateris,
589 1677 618 1699 ut
640 1673 810 1707 depamatur,
833 1677 861 1700 ut
884 1679 1003 1707 superet,
1021 1678 1050 1700 ut

262 1715 463 1744 iuﬂammetur?
485 1717 603 1745 Tandem
624 1718 768 1752 aliquando
798 1719 936 1754 resipisce,
959 1727 990 1746 ac
1010 1724 1050 1747 te-

262 1762 348 1797 ipsum
373 1770 471 1795 noet'e;
488 1762 571 1790 Deum
597 1762 738 1795 oﬁ‘endisti,
757 1769 956 1798 procreatorem
975 1769 1049 1792 tuum

264 1807 388 1841 irritanti,
404 1816 476 1842 eum,
490 1808 536 1843 qui
549 1813 577 1835 et
593 1810 734 1844 pra-sentis
748 1810 810 1837 vitae
821 1815 980 1845 potestatem
999 1811 1049 1838 ha-

263 1854 322 1886 bet,
337 1858 363 1880 et
379 1854 475 1881 futura:
502 1853 632 1881 Dominus
650 1861 681 1881 ac
702 1854 784 1889 iudex
808 1860 859 1884 est.
879 1856 986 1884 Deliciis
1009 1856 1051 1883 in-

260 1900 372 1935 dulgens
392 1900 417 1927 iu
440 1901 562 1927 morbum
583 1899 710 1936 delapsus
723 1901 774 1929 es?
789 1909 850 1930 eum
869 1902 997 1931 iuedia'et
1009 1903 1050 1938 je-

258 1949 343 1984 juniis
361 1957 436 1977 cura.
451 1950 565 1978 Animus
578 1949 684 1978 laborat
698 1950 894 1980 incontinentia
904 1952 916 1978 ’ί
926 1952 1052 1979 adhibea-

259 2003 306 2024 tur
321 1997 507 2031 temperantiae
516 1998 755 2026 medicamentum.
769 1998 908 2033 Multiplici
923 2006 954 2026 ac
969 1999 1050 2026 nimia

261 2041 381 2076 pecunia:
396 2042 542 2076 cupiditate
555 2043 581 2070 in
598 2042 692 2070 febrim
708 2043 790 2070 animi
806 2043 941 2071 incidisti?
952 2044 1050 2071 libera-

262 2086 337 2115 litate
356 2093 383 2115 et
403 2088 573 2123 eleemosyna
595 2088 754 2124 depellatur.
779 2088 842 2116 Hatc
866 2089 937 2116 enim
959 2093 1001 2116 est
1016 2090 1053 2116 ni-

263 2132 344 2158 mimn
364 2132 477 2167 expleta:
494 2133 593 2161 mentis
612 2134 727 2161 curatio.
742 2133 824 2161 Laesit
839 2139 864 2161 te
880 2142 971 2162 rerum
986 2135 1052 2162 alie-

263 2185 358 2205 narum
382 2179 518 2213 direptio?
546 2187 605 2213 quae
621 2184 697 2214 rapta
721 2185 795 2214 sunt,
815 2181 849 2208 ad
865 2181 988 2215 proprios
1001 2181 1050 2208 do-

267 2224 355 2251 minos
382 2229 563 2251 revertantur.
594 2224 762 2252 Mendacium
791 2230 817 2252 te
837 2226 960 2260 proxime
974 2225 1051 2253 duxit

263 2270 295 2297 ad
309 2270 444 2298 interitum
455 2270 564 2306 (Perdet
577 2270 660 2303 enim,
673 2270 769 2306 inquit,
782 2279 870 2298 omnes
879 2273 925 2306 qui
936 2272 1048 2307 loquun-

261 2325 305 2347 tur
327 2317 535 2353 mendacium');
550 2317 672 2345 veritatis
696 2317 786 2345 studio
802 2318 950 2352 periculum
971 2319 1052 2346 evite-

264 2371 318 2391 tur.
339 2362 520 2398 Jurisjurandi
547 2362 657 2390 violatio
681 2362 823 2390 sublimem
842 2362 981 2390 Zachariae
1004 2363 1050 2390 ﬁlii

262 2410 378 2436 securim
409 2408 517 2436 sustulit
539 2416 587 2444 per
614 2415 678 2434 aera
707 2407 865 2435 volitantem
892 2415 923 2434 ac
943 2408 1045 2434 eadem

267 2454 480 2482 minitantem"?
497 2455 646 2482 induantur
661 2453 750 2481 omnia
770 2460 845 2480 arma
868 2453 1049 2488 poenitentiae,

265 2507 293 2528 ut
307 2502 410 2528 securis
428 2501 510 2533 acies,
524 2505 551 2527 et
566 2501 636 2528 ictus
659 2499 841 2535 propulsetur.
859 2498 951 2533 lmpiis
969 2499 1053 2526 haere-

265 2547 379 2572 ticorum
395 2545 569 2580 opinionibus
581 2545 679 2580 aliquis
698 2544 814 2572 infectus
831 2544 894 2571 est?
911 2543 993 2570 rectis
1007 2543 1054 2570 Ec-

265 2591 354 2618 clesiae
373 2590 490 2618 decretis
512 2590 631 2625 scipstttn
653 2589 755 2624 expiet,
777 2587 1054 2623 superstitionemque

1101 1630 1184 1666 χεθῇ;
1209 1629 1288 1656 Ἀλλὰ
1310 1629 1484 1664 σωφρόνησον
1496 1648 1503 1660 ,
1517 1627 1602 1662 γνῶθι
1620 1626 1728 1653 σαυτόν.
1741 1625 1807 1652 Θεὸν
1828 1624 1889 1652 ἐλύ-

1101 1685 1201 1712 πησας·
1215 1677 1260 1703 τὴν
1276 1675 1441 1711 δημιουργόν
1453 1683 1499 1701 σου
1515 1673 1704 1709 παρώργισσς,
1720 1672 1765 1698 τὸν
1777 1671 1824 1698 καὶ
1839 1670 1892 1706 τῆς

1101 1723 1241 1759 παρούσης
1252 1723 1323 1757 ζωῆς
1339 1722 1388 1757 τὴν
1403 1721 1526 1754 ἐξουσίαν
1538 1720 1642 1755 ἔχοντα,
1659 1717 1764 1752 καὶτῆς
1781 1715 1892 1752 μελλοὺ-

1102 1778 1152 1805 σης
1179 1769 1272 1805 κύριον
1300 1769 1346 1795 καὶ
1371 1768 1477 1804 κριτήν.
1511 1766 1577 1793 Ἀπὸ
1600 1765 1706 1802 τρυφῆς
1731 1761 1891 1797 ὲκακώθης;

1101 1814 1212 1850 νηστείᾳ.
1229 1814 1396 1849 θεράπευσον
1420 1813 1469 1848 τὴν
1493 1812 1650 1839 ἀπόλαυσιν.
1678 1809 1821 1837 ’Δκολασία
1842 1808 1892 1843 τὴν

1101 1859 1189 1895 ψυχὴν
1202 1859 1317 1894 ἔϐλαψεν
1330 1868 1337 1892 ;
1356 1858 1525 1894 σωφροσύνη,
1535 1857 1655 1892 γενέσθω
1669 1856 1718 1891 τῆς
1737 1853 1892 1890 ἀρρωστίας

1102 1906 1256 1941 φάρμακον,
1271 1904 1414 1936 Πλεονεξία
1432 1903 1564 1935 πολύυλος
1580 1902 1625 1929 τὸν
1639 1901 1733 1937 νοητὸν
1745 1899 1894 1936 εἰργάσατο

1102 1951 1233 1987 πυρετόν;
1249 1951 1415 1986 ἐλεημοσύνη
1428 1949 1574 1977 κενωσάτω
1587 1948 1636 1983 τὴν
1652 1947 1821 1982 πλησμονήν.
1835 1945 1894 1971 Κα-

1103 1996 1213 2032 θάρσιον
1231 1996 1284 2032 γὰρ
1300 1996 1353 2022 τῶν
1374 1995 1597 2031 πεπληρωμένων
1620 1992 1772 2029 μετάδοσις.
1791 1989 1892 2017 Ἐϐλα-

1102 2044 1152 2078 ᾥεν
1167 2044 1241 2080 ἡμᾶς
1259 2042 1371 2078 ἁρπαγὴ
1388 2042 1441 2069 τῶν
1459 2040 1620 2076 ἀλλοτρίων;
1640 2037 1810 2068 ὲπανελθέτω
1824 2035 1893 2070 πρὸς

1102 2089 1148 2116 τὸν
1163 2088 1226 2116 ῐδιον
1245 2088 1379 2123 δεσπότην
1398 2087 1429 2114 τὸ
1444 2087 1588 2122 ἅρπαγμα.
1605 2083 1710 2115 Ψεῦδος
1724 2084 1798 2118 ἡμᾶς
1810 2082 1892 2115 ἐγγὺς

1103 2135 1152 2170 τῆς
1178 2134 1316 2166 ἀπωλείας
1341 2135 1444 2169 ἤγαγεν
1467 2131 1621 2168 (Ἀπολεῖς
1637 2130 1707 2165 γὰρ,
1725 2129 1801 2165 φησὶ,
1817 2127 1893 2154 πάν-

1103 2189 1156 2213 τας
1171 2180 1242 2213 τοὺς
1259 2179 1431 2212 ,λαλοῦντας
1449 2178 1482 2204 τὸ
1504 2176 1655 2212 ψεῦδος);
1680 2174 1794 2210 ἀλήθεια
1813 2172 1893 2208 μελε-

1103 2227 1216 2262 τηθεῖσα
1234 2226 1360 2261 στησάτω
1377 2225 1423 2251 τὸν
1446 2223 1579 2251 κίνδυνον.
1597 2223 1697 2257 Ὅρκος
1724 2218 1894 2256 παραῦαθεὶς

1104 2272 1165 2307 ἄγει
1182 2273 1331 2308 πετόμενον
1347 2272 1378 2299 τὸ
1396 2271 1514 2307 διαέριον
1534 2269 1580 2296 τοῦ
1604 2267 1739 2304 Ζαχαρίου
1762 2266 1894 2302 δρέπανον

1104 2318 1153 2354 τὴν
1173 2319 1258 2354 τομὴν
1280 2317 1425 2350 ἀπειλοῠν;
1448 2315 1623 2351 ἐνδυσώμεθα
1645 2315 1735 2341 πᾶσαν
1754 2313 1803 2348 τὴν
1828 2320 1895 2338 παν-

1105 2364 1200 2390 οπλίαν
1211 2364 1260 2399 τῆς
1275 2363 1479 2399 μετανοίας,ἱ’να
1489 2362 1539 2397 τὴν
1553 2361 1646 2396 ἀκμὴν
1659 2356 1896 2394 ἀποκρουσώμεθα

1105 2409 1151 2436 τοῦ
1168 2410 1313 2445 δρεπάνου.
1330 2410 1483 2446 Λίρετικοῖς
1497 2408 1630 2443 δόγμασιν
1645 2405 1750 2436 ἀσεϐῶς
1765 2413 1805 2434 τις
1823 2403 1892 2429 ἐδού-

1102 2455 1213 2488 λευσεν;
1233 2456 1315 2492 ὀρθῆς
1336 2456 1414 2490 δόξης
1437 2456 1593 2491 φρονήματι
1617 2453 1666 2489 τὴν
1688 2449 1896 2486 δεισιδαιμονίαν

1103 2501 1309 2534 φυγαδευσάτω.
1333 2500 1418 2526 Τοῦτο
1442 2500 1497 2534 γάρ
1519 2499 1592 2525 ἐστιν
1615 2498 1632 2532 ὴ
1657 2496 1805 2532 μετάνοια·
1821 2491 1895 2521 λύσις

1103 2546 1150 2572 καὶ
1170 2546 1323 2581 ἁφανισμὸς
1337 2546 1392 2572 τῶν
1415 2545 1510 2580 πρώην
1527 2544 1544 2580 ἢ
1569 2542 1640 2570 κατὰ
1661 2541 1759 2577 πρᾶξιν
1777 2540 1895 2571 ἐνεργου-

1104 2589 1207 2624 μένων..
1226 2590 1242 2624 ἧ
1259 2590 1329 2616 κατὰ
1344 2590 1466 2617 διάθεσιν
1482 2587 1649 2623 νοουμένων.

265 2639 390 2672 deponat.
403 2637 472 2671 Quid
494 2637 566 2664 enim
585 2636 657 2664 aliud
681 2640 722 2664 est
744 2635 914 2669 poenitentia,
929 2635 979 2661 nisi
1009 2634 1151 2664 dissolutio
1177 2643 1203 2663 ct
1230 2639 1334 2664 eversio
1351 2636 1562 2671 praeteritorum,
1588 2640 1648 2669 qua)
1676 2630 1716 2658 vel
1732 2636 1772 2660 re,
1788 2627 1829 2654 Vel
1850 2635 1896 2652 co-

265 2684 392 2718 gitatione
405 2689 468 2711 sunt
479 2683 615 2711 admissa?

301 2730 350 2763 Qui
372 2737 435 2757 vero
453 2730 559 2765 cognita
584 2729 750 2765 pmuitentize
770 2728 886 2755 utilitate
911 2728 1000 2755 adhuc
1026 2728 1050 2754 in

1150 2731 1177 2757 '0
1187 2729 1215 2756 δὲ
1232 2729 1372 2764 γνωρίζων
1386 2728 1415 2754 τὸ
1428 2727 1478 2761 τῆς
1493 2722 1634 2760 μετανοίας
1647 2720 1796 2769 ὠφέλιμον,
1813 2715 1900 2769 (italos

265 2762 427 2812 ﬂagitiorum
448 2781 474 2803 et
488 2762 637 2811 impietatis
650 2783 728 2803 cinno
740 2775 886 2807 volutatur,
904 2773 999 2802 similis
1011 2778 1050 2801 est

1109 2773 1173 2809 περὶ
1188 2762 1376 2809 τὺννβόρὸορον
1396 2772 1446 2807 τῆς
1465 2769 1581 2805 ἀνομίας
1604 2762 1901 2812 στρεφομενος,.δού)ιρ

266 2822 303 2851 illi
319 2829 410 2854 scrvo,
421 2822 465 2857 qui
482 2822 619 2849 dominum
642 2821 692 2849 sibi
716 2821 816 2848 iratum
831 2820 930 2855 sciens,
948 2820 974 2847 in
990 2820 1050 2855 eius

1108 2807 1462 2854 ‘E‘J‘kXdVEtVﬁVapiﬂXiﬂtog,
1490 2812 1651 2850 γνωρίζοντι
1670 2809 1719 2845 τὴν
1747 2807 1831 2844 ὀργὴν
1853 2807 1901 2832 τοῦ

302 2909 394 2940 Ῥειιί.
410 2918 435 2942 v,
451 2910 476 2937 7.
521 2913 530 2925 '
543 2911 606 2939 Luc.
623 2918 662 2944 III,
679 2911 695 2938 9
711 2917 772 2944 sqq.
