2080 3156
206 166 259 195 369

665 170 806 198 IIOMlLlA
826 171 896 199 XIV.
915 171 948 199 IN
965 171 1164 204 PIllNCIPlUM
1184 176 1408 209 JUUMORUM.

1777 181 1830 210 570

204 227 351 262 δεσπότου,
367 230 396 256 ἔν
419 230 497 266 hinc:
510 231 538 258 δὲ
556 231 639 258 αὐτοῦ
656 232 688 259 τὸ
704 233 788 260 κακὸν
811 233 984 270 ἐργαζομένῳ

1051 243 1198 272 conspectu
1211 239 1341 268 scelerate
1352 248 1381 267 se
1396 241 1477 275 gerit,
1493 245 1684 276 peccatumque
1700 241 1827 276 duplicat.

208 274 254 300 καὶ
267 274 315 310 τὴν
328 276 466 311 ἁμαρτίαν
483 276 715 311 τριπλασιάζοντι.
733 279 899 314 Εὐαισθητος
914 280 992 314 γενοῦ

205 320 274 354 πρὸς
289 320 340 356 τὴν
362 322 543 358 περιέχουσαν
565 331 595 349 σε
619 323 707 350 νόσον.
733 325 879 360 Σύντριψον
897 326 992 353 σαυτὸν

204 365 266 392 ὅσον
279 365 390 394 δύνασαι
400 376 407 382 ·
423 367 540 403 ζήτησον
561 369 607 395 καὶ
627 369 750 404 ἀδελφῶν
765 371 909 406 ὀμοψύχων
928 372 992 398 πένα

204 409 251 441 θος
265 409 379 446 βοηθοῦν
397 420 436 438 σοι
454 412 521 448 πρὸς
534 412 583 448 τὴν
600 413 770 450 ἐλευθερίαν·
787 415 872 447 δεῖξόν
889 425 934 451 μοι
952 425 992 442 πι-

205 455 270 491 κρόν
287 464 335 483 σου
354 457 401 484 καὶ
414 457 523 492 δαψιλὲς
544 458 574 485 τὸ
594 459 721 495 δάκρυον,
738 461 782 487 ἵνα
807 461 875 496 μίξω
896 462 942 488 καὶ
961 463 992 488 τὺ

204 500 287 536 ἐμόν·
306 501 371 528 λάϐε
385 503 432 530 καὶ
447 504 493 530 τὸν
511 504 586 540 ἱερέα
603 506 732 532 κοινωνὸν
748 506 798 541 τῆς
814 507 938 542 θλίψεως,
954 507 992 540 ὡς

205 548 320 584 πατέρα.
341 549 388 581 Τίς
404 550 458 586 γὰρ
481 550 566 582 οὕτως
584 552 678 587 Πατὴρ
699 552 882 588 ψευδώνυμος.
905 554 920 588 ἢ
942 555 992 590 τὴν

205 593 292 629 ψυχὴν
305 595 492 630 ἀδαμάντινος,
506 597 544 628 ὡς
560 597 596 632 μὴ
608 598 801 634 συνοδύρεσθαι
816 601 871 631 τοῖς
886 600 991 632 τέκνοις

205 638 396 674 λυπουμένοις,
415 641 430 676 ἢ
456 641 537 669 πάλιν
560 644 805 679 συνευφραίνεσῦαι
828 646 989 680 χαίρουσινς

209 684 307 719 Ἱερεὺς
330 685 388 712 υἱοῦ
410 686 458 712 τοῦ
482 687 552 714 κατά
576 687 724 723 θρησκείαν
754 689 839 721 οὕτως
864 690 989 726 ὀδύρεται

201 729 349 764 ἁμαρτίαν,
364 731 402 763 ὡς
421 731 518 758 Ἰακὼὸ
533 733 580 760 τοῦ
600 734 699 769 Ἰωσὴφ
714 734 759 762 τὸν
775 736 934 771 ᾑμαγμένον
950 746 991 772 χι-

201 773 288 800 τῶνα·
303 774 341 807 ὼς
358 776 441 802 Δαϐὶδ
456 777 502 804 τοῦ
525 778 701 814 Ἀὃεσσαλὼμ
715 779 759 806 τὸν
780 781 889 817 ὄλεθρον
901 801 907 813 ,
922 782 959 813 ὼς
976 783 990 808 6

206 818 269 855 Ἐλὴ
283 820 328 847 τὸν
359 822 435 856 Ὀφνὶ
450 823 498 849 καὶ
517 824 609 855 Φινεὲς
625 825 757 857 πεσόντας
775 827 821 852 ἐπὶ
837 827 886 861 τῆς
901 836 988 862 παρα-

199 865 312 897 τάξεως,
325 866 362 898 ὡς
380 868 501 903 Μωῦσῆς
516 869 561 895 τὸν
576 869 638 896 λαὸν
652 870 697 897 τὸν
718 871 796 898 ἄθεον
812 873 987 908 μοσχοποιίαν

200 913 445 947 καινοτομήσαντα.
459 914 516 950 Πρὸ
526 915 578 941 τῶν
595 917 758 951 σωματικῶν
770 905 905 954 πατέρων,
921 919 986 954 Οάρ-
1002 905 1023 932 Β

200 957 282 992 ρησον
307 957 346 992 τῷ
369 958 439 985 κατὰ
464 959 529 986 Θεόν
549 969 577 987 σε
602 965 778 997 γεννήσαντι·
806 964 891 997 δεῖξον
911 965 986 1001 αὐτῷ

200 1002 418 1039 ἀνερυθριάστως
438 1005 472 1031 τὰ
497 1008 689 1042 κεκρυμμένα·
714 1009 857 1044 γύμνωσον
879 1011 913 1038 τὰ
937 1011 987 1047 τῆς

197 1047 287 1082 ψυχῆς
298 1048 450 1084 ἀπὸῤῥητα,
462 1051 499 1083 ὡς
514 1052 598 1087 ἰατρῷ
609 1053 695 1085 πάθος
708 1054 837 1081 δεικνύων
853 1056 988 1093 κεκαλυμ-

199 1092 296 1127 μένον”
314 1094 395 1126 αὐτὸς
415 1096 611 1133 ἐπιμελήσεται
633 1099 679 1126 καὶ
706 1100 755 1134 τῆς
782 1092 987 1138 εὐσχημοσύνης

197 1139 245 1165 καὶ
259 1139 309 1173 τῆς
325 1139 480 1176 (lapsi-tela:
499 1143 579 1169 πλέον
593 1144 608 1178 ἡ
624 1144 706 1176 αἰδὼς
719 1146 773 1172 τῶν
785 1147 886 1180 γονέων
905 1148 987 1175 ἀπτε-

197 1191 244 1209 ται
262 1184 320 1211 τῶν
340 1186 511 1213 πεπονθότων
532 1188 632 1216 αὐτῶν.
659 1190 689 1215 Ἡ
711 1191 765 1226 γὰρ
786 1192 899 1219 ἐκείνων
923 1193 986 1227 δόξα

196 1228 250 1255 τῶν
273 1232 481 1266 γεννησαμένων
509 1233 598 1265 ἐστὶν,
630 1236 676 1262 καὶ
700 1237 715 1271 ἡ
737 1237 850 1272 αἰσχύνη
875 1239 984 1274 ὁμοίως.

199 1274 322 1310 Ἃὸηλος,
339 1276 456 1312 ἀδελφοὶ,
473 1279 523 1314 τῆς
538 1280 611 1315 ζωῆς
626 1282 642 1316 ἠ
655 1282 818 1318 προθεσμία.
837 1284 985 1320 Φθάσωμεν

196 1321 228 1355 τῇ
246 1321 388 1366 ἐπιμελείᾳ
409 1323 457 1360 τὴν
475 1325 572 1358 ἔξοδον.
587 1327 768 1364 Ἄτοπον-(ἀρ
785 1330 848 1361 τοὺς
875 1330 923 1365 μὲν
936 1331 985 1366 τῆς

197 1365 296 1399 σαρκὸς
311 1365 507 1402 λελογισμένως
523 1371 698 1406 ποιουμένους
710 1373 759 1408 τὴν
777 1374 903 1409 πρόνοιαν
913 1394 920 1406 ,
938 1365 985 1401 κα-

196 1409 298 1445 θαίρειν
311 1413 423 1445 ἑαυτοὺς
439 1414 493 1441 τῶν
508 1415 578 1442 ὑλῶν
594 1417 708 1452 πρὸτῆς
726 1419 853 1454 ἐπιτολῆς
875 1419 922 1446 τοῦ
940 1421 982 1446 λε-

196 1457 311 1491 γομένου
333 1459 427 1490 κυνός·
442 1461 486 1488 ἴνα
509 1461 545 1497 μὴ
569 1462 699 1490 διασαπὲν
715 1464 748 1490 ὲκ
768 1464 816 1499 τῆς
839 1465 908 1500 ἄγαν
926 1465 985 1501 θερ-

195 1502 312 1538 μότητος
327 1504 358 1532 τὸ
378 1505 470 1541 ὑγρὸν,
487 1508 625 1535 νοσοποιὸν
641 1509 722 1544 σῆψιν
739 1510 899 1547 ἐργάσηται·
921 1513 983 1544 τοὺς

194 1547 313 1601 δὲκατά
328 1550 448 1604 διάνοιαν
465 1553 624 1588 ἐπιμελείας
637 1555 786 1590 χρῄζοντας
803 1557 840 1593 μὴ
858 1558 980 1593 προφθά-
994 1574 1017 1604 6

195 1602 251 1620 νειν
267 1596 314 1622 τοῦ
335 1597 449 1625 θανάτου
468 1599 516 1634 τὴν
539 1600 650 1635 ἀδηλίαν
667 1602 714 1628 καὶ
734 1602 781 1628 τοῦ
801 1604 980 1640 κολαστηρίου

193 1639 279 1676 πυρὸς
293 1641 342 1677 τὴν
356 1642 428 1674 ζέσιν
438 1665 444 1674 ,
462 1645 507 1672 τοῦ
525 1646 650 1681 ἀλήκτως
671 1647 823 1681 φλέγοντος,
840 1650 887 1676 καὶ
902 1639 979 1686 μηδέ-

194 1692 257 1731 ¹’τοτε
268 1685 430 1722 ψυχομένου.
444 1688 499 1725 Τὴν
511 1690 635 1727 δραχμὴν
646 1690 718 1727 εἶχες
727 1693 776 1729 τὴν
789 1685 978 1731 εὐαγγελικῆν,

193 1730 341 1777 καὶ-καλῶς
356 1733 495 1766 ἐπλούτεις
505 1736 544 1771 τῷ
557 1737 695 1772 χρήματι·
711 1736 770 1766 εἶτα
783 1739 827 1766 διὰ
842 1730 978 1777 ρᾳθυμίαν

191 1774 345 1808 ἀπώλεσας.
364 1779 448 1813 Ἄψον
463 1780 507 1806 τὸν
528 1781 560 1808 ὲκ
574 1782 623 1817 τῆς
643 1783 786 1817 μετανοίας
799 1774 976 1820 λύχνον-’κα-

190 1820 312 1856 τάκυψον
335 1824 488 1860 ἐπιμελῶς·
513 1826 629 1862 ζήτησον
647 1828 677 1854 τὺ
696 1830 835 1865 κειμήλιον
852 1832 907 1863 τοῖς
920 1833 977 1868 γηί-

191 1875 246 1899 νοις
263 1869 483 1905 ὲγκρυπτόμενον
509 1873 632 1901 πάθεσιν.
665 1874 798 1911 Εὐρηκὼς
824 1877 918 1904 ἀνελοῦ
934 1879 981 1905 καὶ

192 1913 295 1961 σῶσον·
316 1916 359 1943 ἵνα
371 1926 417 1961 σοι
438 1920 618 1955 συγχαρῶμεν
640 1921 665 1947 οι
685 1922 804 1956 γείτονες
825 1925 912 1959 χαρὰν
931 1925 980 1961 τὴν

190 1959 221 1985 ἔν
236 1960 356 1997 Χριστῷ.
369 1960 405 1998 ᾯ
425 1964 523 2000 πρέπει
537 1965 600 1998 δόξα
612 1966 660 1993 νῦν
679 1967 726 1994 καὶ
740 1968 782 1994 ἀεὶ
797 1969 844 1995 xa‘t
865 1971 905 2002 είς
917 1959 981 2003 τους

190 2004 290 2038 αἰῶνας
301 2007 354 2033 τῶν
369 2009 484 2036 αἰώνων.
505 2010 601 2046 Ἀμήν.

1042 282 1155 315 Explora
1181 285 1306 313 celeriter
1331 292 1357 314 et
1387 287 1528 321 diligenter
1551 287 1733 314 animadverte
1757 295 1830 314 mor-

1043 328 1116 362 bum,
1133 337 1186 364 quo
1197 331 1306 359 allectus
1321 340 1360 360 es.
1376 333 1488 367 Stucipe
1504 340 1536 359 cx
1553 340 1584 360 eo
1595 333 1725 366 dolorem,
1739 340 1828 368 quau-

1043 380 1099 401 Ium
1117 376 1263 403 maximum
1282 383 1367 412 potes;
1386 377 1472 412 amigc
1489 383 1526 412 te,
1543 378 1694 412 fratresque
1713 379 1829 406 benevo-

1043 421 1118 448 volos
1142 426 1221 456 atque
1237 423 1378 450 unanimes
1398 424 1506 456 adhibe,
1531 424 1577 458 qui
1612 424 1690 450 simul
1718 425 1827 452 doleant

1042 465 1249 500 adjumeuloque
1285 467 1357 499 sint,
1389 474 1418 494 ut
1445 468 1575 495 libereris.
1613 467 1730 496 Ostende
1756 469 1823 496 mihi

1041 518 1146 538 amaras
1169 517 1250 547 atque
1267 512 1364 540 uberes
1383 513 1513 547 lacrymas
1538 518 1607 545 tuas,
1633 519 1661 541 ut
1681 522 1754 541 meas
1775 522 1825 549 ego

1041 563 1148 591 quoque
1183 558 1385 585 commisceam.
1416 557 1574 586 Alllicliouis
1607 560 1767 594 participem
1799 565 1827 587 et

1041 602 1145 629 socium
1172 610 1249 629 sume
1275 603 1456 636 sacerdotem,
1473 608 1502 630 ut
1527 608 1642 638 patrem.
1665 604 1731 638 Quis
1755 605 1825 632 enim

1042 651 1095 673 tam
1120 646 1186 674 falso
1206 647 1359 674 nominatur
1383 647 1475 680 Pater,
1500 655 1545 675 aut
1567 653 1620 675 tam
1645 649 1712 676 duro
1747 655 1828 684 atque

1041 693 1215 720 adamantin
1230 693 1321 720 animo
1337 694 1466 729 praditus
1476 699 1528 726 est,
1548 695 1592 729 qui
1611 702 1664 722 non
1679 695 1742 722 ﬁliis
1761 703 1827 723 mm-

1043 739 1164 766 rentibus
1180 738 1279 771 doleat,
1298 744 1325 766 et
1344 740 1524 774 gaudentibus
1545 740 1673 768 laetetur?
1692 741 1826 769 Sacerdos

1042 783 1076 810 ita
1099 784 1222 811 tristatur
1238 785 1272 811 ob
1288 789 1429 818 peccatum
1448 784 1528 816 illius,
1546 792 1625 819 quem
1649 791 1761 820 propter
1785 793 1826 812 rc—

1041 828 1164 864 ligiouent
1190 829 1271 856 habet
1293 829 1352 858 loco
1373 829 1430 862 ﬁlii,
1446 834 1475 857 ut
1492 829 1576 858 Iacob
1594 830 1649 857 visa
1667 831 1758 858 tunica
1781 830 1827 858 Jo-

1040 875 1105 910 seph
1131 875 1261 910 sanguine
1290 883 1436 911 conspersa
1467 875 1660 910 querebatur',
1688 880 1717 903 ut
1743 877 1825 903 David

1038 920 1104 947 luxit
1118 919 1260 948 Absalouis
1275 921 1412 948 interitum
1423 921 1456 952 ὀ,
1476 926 1504 948 ut
1517 920 1576 948 Heli
1591 919 1706 954 Opbuim
1720 925 1746 948 ct
1759 920 1822 948 Phi-

1038 973 1125 997 neem,
1148 966 1192 1001 qui
1211 966 1237 992 in
1256 967 1315 993 acie
1334 967 1532 998 ceciderant”,
1556 971 1585 992 ut
1605 965 1692 994 llloses
1713 966 1824 1001 impium

1037 1010 1162 1046 populum
1192 1012 1236 1046 qui
1264 1019 1353 1039 rerum
1384 1019 1513 1039 novarum
1545 1012 1682 1039 studiosus
1711 1011 1824 1039 vitttlum

1037 1057 1088 1084 sibi
1115 1056 1320 1085 conﬂaverat".
1338 1057 1519 1091 Quamobrem
1554 1057 1642 1093 major
1667 1057 1714 1084 tibi
1741 1058 1767 1084 in
1793 1065 1826 1084 eo

1037 1103 1134 1130 llducia
1151 1103 1197 1136 sit,
1212 1103 1258 1138 qui
1281 1108 1306 1130 te
1331 1103 1357 1130 iu
1385 1103 1438 1131 Deo
1462 1103 1566 1138 genuit,
1584 1110 1664 1137 quam
1685 1101 1712 1129 iu
1732 1101 1794 1134 illis,
1809 1110 1825 1130 ι

1036 1149 1133 1184 quibus
1149 1155 1262 1183 corpore
1279 1154 1434 1183 procreatus
1451 1156 1489 1177 es.
1506 1148 1640 1175 Audacter
1661 1147 1775 1175 ostende
1787 1149 1825 1175 illi

1035 1201 1095 1229 qua:
1113 1198 1176 1221 sunt
1193 1194 1339 1222 reeondita.
1352 1194 1441 1221 Animi
1457 1201 1556 1221 arcana
1574 1199 1698 1228 tanquam
1720 1193 1824 1221 occulta

1037 1240 1145 1268 vulnera
1177 1241 1281 1268 medico
1309 1245 1411 1275 relege.
1436 1240 1494 1275 Ipse
1518 1244 1545 1267 et
1569 1240 1689 1273 honoris,
1704 1244 1732 1266 et
1751 1240 1823 1266 vale-

1038 1285 1138 1313 tudinis
1167 1291 1218 1313 tuaa
1242 1286 1375 1313 rationem
1396 1285 1516 1313 habebit.
1541 1285 1670 1313 Filiorum
1693 1285 1825 1313 dedecore

1037 1332 1122 1366 magis
1139 1336 1282 1359 moventur
1305 1336 1441 1366 parentes,
1458 1339 1539 1366 quam
1567 1331 1616 1365 ipsi
1638 1331 1695 1360 lilii.
1711 1330 1777 1358 Nam
1795 1335 1825 1358 ut

1037 1375 1152 1403 ﬁliorum
1172 1376 1255 1411 gloria
1278 1376 1311 1403 ad
1334 1379 1461 1410 parentes
1484 1375 1610 1410 pertinet,
1626 1376 1665 1403 sic
1680 1376 1762 1403 etiam
1776 1376 1823 1403 de-

1036 1421 1117 1448 decus
1133 1426 1160 1448 et
1173 1421 1320 1456 turpitudo.
1342 1420 1463 1447 Incertus
1488 1425 1540 1453 εει,
1559 1420 1668 1454 fratres,
1691 1421 1824 1448 terminus

1035 1466 1109 1498 vitm,
1123 1467 1271 1494 discessum
1287 1473 1302 1493 e
1319 1466 1374 1493 vita
1389 1466 1527 1501 diligentia
1555 1471 1758 1501 praevertamus.
1772 1467 1824 1494 Ab-

1035 1511 1145 1538 surdum
1159 1511 1231 1539 enim
1246 1517 1298 1544 est,
1311 1519 1372 1539 cum
1394 1511 1443 1544 illi,
1458 1510 1503 1546 qui
1525 1510 1647 1544 corporis
1660 1512 1822 1539 valetudinis

1036 1559 1165 1585 rationem
1189 1557 1300 1590 habent,
1315 1557 1419 1592 seipsos
1434 1561 1586 1591 expurgem
1608 1561 1671 1584 aute
1691 1557 1820 1584 caniculae

1034 1601 1170 1635 exortum,
1189 1611 1232 1636 ne,
1246 1603 1318 1638 quod
1333 1602 1472 1629 humidum
1489 1602 1519 1629 in
1533 1601 1583 1629 illis
1598 1607 1658 1635 est,
1669 1602 1820 1630 vehementi

1034 1649 1117 1684 ipsius
1137 1649 1234 1676 ardore
1249 1652 1447 1683 corrumpatur,
1461 1652 1487 1675 et
1511 1648 1619 1675 morbos
1643 1647 1820 1681 pariat;_cos,

1032 1696 1078 1730 qui
1091 1695 1172 1722 animi
1194 1701 1286 1722 curam
1298 1698 1407 1730 gerunt,
1425 1693 1556 1720 incertum
1571 1693 1667 1721 mortis
1680 1694 1751 1721 diem
1767 1701 1819 1722 non

1032 1744 1213 1770 autevertcre,
1237 1743 1264 1765 et
1285 1738 1409 1765 ardorem
1432 1737 1612 1765 excruciantis
1640 1737 1712 1766 illius
1739 1738 1821 1773 ignis,

1033 1785 1078 1820 qui
1095 1789 1225 1812 aeternum
1247 1783 1391 1816 comburit,
1407 1787 1434 1810 et
1459 1783 1560 1810 nullum
1575 1790 1693 1817 unquam
1710 1783 1822 1819 refrige-

1033 1831 1101 1861 rium
1114 1830 1242 1857 admittit.
1259 1829 1420 1856 Drachmam
1433 1828 1628 1864 evangelicam,
1642 1837 1724 1864 quam
1740 1837 1818 1857 acce-

1030 1884 1119 1912 peras,
1143 1880 1171 1903 et
1191 1883 1244 1911 qua
1269 1875 1342 1902 dives
1371 1874 1482 1902 ellectus
1507 1873 1607 1906 fueras,
1639 1874 1745 1909 ignavia
1774 1878 1818 1900 tua

1031 1922 1183 1958 perdidisti,
1198 1920 1361 1956 paenitentia
1379 1919 1515 1947 lucernam
1537 1919 1655 1947 accende
1667 1920 1699 1946 ".
1718 1919 1819 1946 lncliua

1031 1974 1057 1997 te
1073 1968 1225 2005 diligenter.
1244 1965 1319 1995 Illam
1334 1973 1430 2001 gazam
1451 1966 1478 1992 in
1499 1965 1613 1994 terrenis
1632 1964 1820 1993 allectiOnibus

1029 2015 1165 2044 dellossam
1182 2013 1327 2047 conquire,
1338 2012 1473 2039 inventam
1491 2011 1553 2038 tolle
1582 2015 1662 2045 atque
1677 2017 1818 2043 conserva,

191 2053 220 2076 ut
244 2057 291 2076 "Os
311 2051 390 2079 vicini
417 2054 593 2089 gratulentur,
609 2061 635 2083 ct
658 2063 690 2083 co
704 2059 801 2092 gaudio
820 2060 979 2096 anlt'lﬂllllﬂ',
999 2062 1072 2098 quod
1092 2065 1135 2089 est
1161 2062 1189 2088 iu
1213 2058 1330 2091 Christo,
1366 2057 1408 2085 cui
1444 2057 1526 2093 gloria
1545 2057 1571 2083 in
1588 2058 1683 2084 saecula
1705 2057 1818 2083 smculo-

189 2102 257 2122 tum.
276 2097 372 2124 Amen.

560 2147 608 2174 IA'.

295 2188 390 2222 Λόγος
402 2190 446 2223 εις
458 2189 515 2225 τὴν
527 2191 626 2226 ἀρχὴν
641 2192 700 2220 τῶν
710 2195 867 2228 νηστειῶν.

223 2232 354 2261 Σύνθετον
383 2234 451 2267 ζῶον
477 2237 492 2264 ὁ
515 2238 667 2275 ἄνθρωπος,
697 2240 751 2267 ἀπὸ
777 2241 902 2277 σώματος
929 2244 976 2270 τοῦ

189 2278 362 2323 φαινομένου,
390 2281 500 2316 καὶτῆς
514 2281 627 2318 λογικῆς
654 2284 700 2311 καὶ
727 2285 872 2321 ἀσωμάτου
886 2286 976 2323 ψυχῆς

187 2322 276 2359 λαχὼν
302 2322 371 2352 εῐναι
396 2326 464 2362 ὅπερ
485 2328 568 2355 ἐστιν.
595 2330 655 2356 Τῶν
684 2331 712 2357 δὲ
735 2330 781 2357 δύο
797 2331 898 2358 τούτων
921 2333 975 2361 τῶν

188 2369 397 2405 προρρηθέντων
424 2372 474 2407 οὐχ
501 2373 631 2410 ὁμότιμος
655 2375 672 2410 ἡ
699 2376 779 2410 φύσις
806 2376 852 2403 καὶ
868 2378 884 2412 ὴ
900 2377 973 2410 ἀξία·

189 2414 256 2441 ἀλλὰ
274 2416 304 2442 τδ
321 2416 370 2452 μὲν
386 2417 500 2454 ὄργανον
516 2419 730 2456 ὲδημιουργήθη,
749 2422 817 2457 πρὸς
839 2422 888 2459 τὴν
903 2424 975 2450 οἰκο-

189 2460 284 2495 νομίαν
297 2462 346 2497 τῆς
363 2464 517 2500 κρατούσης
533 2465 701 2502 κινούμενον·
718 2467 738 2502 ἡ
757 2467 784 2493 δὲ
799 2468 974 2504 ἡγεμονεύειν

189 2504 288 2550 ἐτάχθη
307 2509 352 2534 καὶ
376 2509 537 2544 βασιλεύειν,
561 2511 598 2544 ὡς
620 2513 752 2548 κρείττων
773 2513 820 2540 τοῦ
842 2515 972 2550 χείρονος.

188 2549 314 2578 Λαὸοὖσα
335 2552 361 2579 δὲ
377 2554 445 2589 αὕτη
461 2555 491 2581 τὸ
516 2555 681 2591 διακριτικὸν
705 2558 759 2584 ἀπὸ
780 2558 827 2585 τοῦ
844 2549 901 2590 νοῦ,
927 2560 974 2586 καὶ

188 2594 233 2621 τοῦ
243 2595 332 2630 λόγου,
346 2598 393 2624 καῖ
402 2599 456 2625 τῶν
469 2600 569 2633 καλῶν,
587 2601 634 2627 καὶ
646 2602 699 2628 τῶν
720 2602 847 2629 τοιούτων
859 2604 974 2638 τὴνδια-

188 2640 272 2676 φορὰν
289 2641 446 2678 ἐξευροῦσα,
475 2646 602 2681 γνωρίζει
634 2647 683 2682 μὲν
703 2648 749 2674 τὸν
771 2649 837 2675 Θεὸν
860 2650 975 2685 ποιητὴν

190 2686 235 2731 καὶ
245 2686 412 2723 δημιουργὸν
434 2689 489 2717 τῶν
512 2700 542 2717 τε
565 2692 594 2718 ἐν
617 2693 680 2719 ποσὶ
693 2693 793 2721 τούτων
807 2695 854 2721 καὶ
867 2696 899 2731 τῇ
931 2697 973 2722 al-

192 2729 284 2765 σοήσει
300 2733 491 2768 καταληπτῶν,
510 2736 541 2762 οὺ
561 2736 614 2772 μὴν
627 2737 694 2764 ἀλλὰ
710 2738 756 2764 καὶ
769 2739 823 2765 τῶν
839 2729 973 2776 ἀοράτων,

1071 2188 1078 2192 ’
1131 2195 1224 2223 Oratio
1242 2202 1271 2221 ut
1289 2193 1448 2229 principium
1465 2193 1629 2228 jejumorum
1649 2193 1714 2228 (61).

1065 2241 1251 2276 Compositum
1270 2240 1371 2268 animal
1385 2245 1427 2268 est
1445 2240 1541 2272 homo,
1560 2247 1592 2267 ex
1609 2247 1723 2274 corpore
1736 2246 1816 2274 aspe-

1028 2288 1135 2320 ctabili,
1155 2293 1181 2315 et
1197 2295 1230 2314 ex
1248 2287 1337 2314 anima
1351 2286 1474 2314 rationali
1493 2290 1519 2313 et
1535 2286 1692 2320 incorporea
1713 2284 1817 2311 habens

1028 2338 1114 2362 totum
1136 2333 1206 2368 quod
1231 2337 1282 2360 est.
1308 2331 1440 2359 Ceterum
1462 2332 1593 2363 duormu,
1616 2339 1675 2365 qua:
1688 2330 1744 2364 jam
1771 2337 1816 2356 re-

1028 2379 1198 2410 censuitnus,
1219 2386 1272 2405 non
1291 2383 1332 2405 est
1347 2377 1458 2412 aequalis
1475 2377 1584 2403 honoris
1600 2381 1711 2408 natura,
1727 2381 1816 2409 neque

1027 2424 1163 2459 dignitas:
1190 2425 1237 2451 sed
1265 2430 1363 2457 corpus
1388 2415 1495 2457 quidem
1522 2422 1660 2449 conditum
1685 2425 1726 2448 est
1756 2425 1813 2447 tau-

1027 2477 1109 2505 quam
1141 2470 1371 2499 iustrumentum,
1406 2468 1440 2496 ad
1474 2468 1615 2502 imperium
1650 2466 1815 2494 dominantis

1028 2517 1124 2543 animae
1158 2515 1259 2543 moveri
1291 2514 1410 2542 solitum.
1439 2513 1474 2540 At
1501 2513 1589 2540 anima
1616 2520 1648 2540 eo
1680 2512 1814 2539 dest-inata

1027 2565 1083 2592 est,
1109 2565 1137 2588 ut
1163 2561 1277 2596 imperet
1301 2560 1372 2587 velut
1396 2559 1567 2594 praestantior
1593 2558 1730 2586 deteriori.
1755 2557 1814 2591 Qua

1026 2607 1196 2634 discernendi
1218 2607 1346 2633 facultate
1365 2614 1378 2632 a
1401 2610 1490 2633 mente
1509 2609 1536 2633 et
1557 2605 1663 2632 ratione
1680 2608 1789 2638 accepta
1805 2624 1813 2636 ,

1027 2657 1052 2679 et
1069 2652 1174 2680 honesti
1192 2660 1224 2679 ac
1241 2652 1371 2679 contrarii
1395 2651 1547 2679 diﬂ'ereulia
1570 2655 1691 2684 reperta,
1714 2656 1814 2683 cogno-

1026 2699 1077 2726 scit
1098 2698 1179 2725 Deum
1200 2705 1260 2726 esse
1278 2703 1429 2726 creatorem
1451 2702 1477 2725 et
1498 2697 1665 2726 conditorem
1687 2699 1743 2723 tam
1764 2702 1814 2722 eo-

1027 2753 1085 2772 tuut
1097 2765 1104 2777 ,
1122 2752 1182 2779 quae
1197 2750 1259 2771 ante
1276 2745 1368 2772 oculos
1389 2749 1416 2772 et
1439 2745 1521 2780 pedes
1538 2748 1692 2775 Versantur,
1715 2749 1812 2770 sensu-

224 2809 234 2824 ’
253 2811 320 2838 Gen.
337 2820 443 2846 xxxvii,
460 2815 494 2842 53
507 2824 583 2852 seqq.
622 2818 643 2834 "
658 2817 675 2846 Il
692 2818 754 2853 Reg.
773 2827 828 2851 xu,
843 2820 869 2847 4.
910 2821 928 2836 ¹¹
941 2821 949 2848 l
963 2822 1027 2856 Heg.
1044 2830 1080 2854 Iv,
1096 2823 1136 2850 l8.
1176 2824 1198 2839 ”
1215 2823 1299 2850 Exod.
1315 2830 1399 2857 xuii,
1417 2822 1451 2852 ‘39
1464 2830 1524 2858 sqq.
1565 2828 1662 2852 «huc.
1676 2827 1721 2854 XV,
1739 2819 1767 2853 8,
1784 2818 1811 2846 9-

225 2869 281 2904 (61)
303 2869 373 2898 Inter
403 2871 488 2908 Opera
519 2875 640 2911 Gregorii
668 2877 801 2912 Nyssrni,
832 2879 873 2906 cd.
896 2878 961 2907 1658
975 2885 1039 2908 tom.
1060 2879 1098 2913 ll,
1115 2887 1175 2916 pag.
1193 2881 1255 2908 2n.
1273 2880 1345 2908 Edit.
