2080 3156
255 145 305 173 571

896 147 924 175 S.
945 146 1084 176 ASTERH
1103 147 1255 176 AMASEM

1841 150 1894 180 5H

259 211 313 238 que
327 204 606 238 comprehenduntur,
619 214 700 241 quam
718 207 953 240 iuaspectabilinm
965 229 973 242 ,
989 215 1050 242 quae

1112 208 1151 235 ἰσα
1163 209 1224 241 νοῦς
1241 208 1384 245 ἀσώματος
1396 209 1624 245 φαντασιούμενος
1637 209 1740 245 βλέπει.
1770 211 1895 239 Anteia:

260 258 338 278 mens
357 251 478 285 corporis
501 259 598 287 expers
622 253 785 288 cogitatione
810 253 939 281 informat
959 259 986 282 et
1007 255 1050 282 in-

260 302 361 324 tuetur.
381 297 465 326 Porro
479 298 614 333 justitiam
635 304 662 327 et
680 299 805 327 virtutem
825 307 874 327 ceu
900 300 954 328 Deo
973 305 1049 336 grata

259 350 412 375 exercens,
439 350 546 371 sacram
572 343 768 372 institutionem
796 345 914 380 appetit,
939 346 1051 381 ejusque

260 388 363 423 legibus
386 393 412 416 et
435 389 545 417 monitis
563 390 767 422 ohsecundans,
784 399 865 426 quant
894 391 1051 427 longissime

260 435 377 468 Scipsam
394 443 407 461 a
423 435 577 462 carnalibus
591 436 733 463 desideriis
745 435 855 463 abducit
868 444 876 469 ;
893 436 946 463 Deo
961 441 1050 464 autem

261 485 288 509 et
305 481 436 515 quantum
454 481 511 508 ﬁeri
528 487 616 517 potest
633 490 738 509 sttmruo
760 482 798 509 illi
820 482 890 510 bono
906 482 1050 510 assimilari

259 527 362 555 Studet.
386 527 445 561 Ipsa
472 527 554 556 etiam
578 535 656 555 sacra
682 527 850 563 philosophia
875 528 947 555 circa
972 536 1049 560 eam.

259 581 340 608 quam
368 574 576 609 temperantiam
601 582 650 603 seu
672 574 870 602 continentiam
894 574 1051 609 appellant,

260 619 408 657 plurimum
436 625 464 649 et
491 620 621 655 primario
647 625 777 656 occupata
806 625 868 648 est:
892 628 954 648 cum
979 620 1051 648 enim

261 674 338 694 mens
361 667 405 695 bit:
429 667 532 702 absque
553 667 606 694 ulla
626 667 832 703 perturbatione
851 671 984 700 versetur,
1004 674 1052 694 ne—

260 720 313 747 quc
330 713 412 740 ullam
436 713 624 741 admistioncm
648 713 785 746 sordium,
805 721 865 750 qua:
885 712 928 740 vel
950 720 964 740 a
987 719 1052 740 ven-

262 765 321 791 tre,
340 760 380 787 vel
403 759 511 788 aliunde
531 760 712 795 proveniunt,
735 759 864 794 patiatur,
888 759 974 787 libere
998 766 1054 786 sua:

261 806 430 840 operatioui,
459 811 487 834 et
510 814 598 835 rerum
624 807 775 834 caelestium
799 806 851 834 sibi
878 811 1053 840 cognatarum

262 852 482 888 contemplationi
504 859 592 881 vacat.

299 897 382 939 Igitur
409 904 543 933 quotquot
570 899 746 935 philosophia:
771 899 889 933 alumni,
912 904 940 928 et
964 907 1053 928 rerum

261 942 416 974 sublimium
429 949 565 974 amatores
588 952 620 972 ac
635 945 758 981 discipuli
774 946 908 974 sermonis
922 945 1000 978 estis,
1014 945 1055 973 di-

263 990 338 1024 ligite
353 995 459 1024 tempus
477 999 615 1026 prwsens,
629 997 655 1018 ct
673 997 797 1020 sanctam
813 991 1054 1027 Quadragesimam

263 1044 326 1067 cum
355 1037 452 1071 gaudio
470 1037 632 1071 suscipite,
660 1037 734 1065 velut
758 1038 944 1072 temperantiae
970 1037 1055 1071 magi-

264 1087 348 1110 stram
362 1103 369 1115 ,
382 1083 490 1110 virtutis
506 1088 640 1115 matrem,
659 1085 789 1111 nutricem
806 1083 922 1112 ﬁliorum
936 1084 998 1115 Dei,
1012 1084 1055 1111 in-

263 1128 415 1163 composite
438 1129 586 1156 viventium
612 1129 847 1163 informatricem,
872 1129 1055 1165 tranquillita-

264 1180 318 1203 tem
334 1174 505 1208 auimarum,
523 1175 701 1202 constantiam
722 1182 770 1203 seu
792 1175 891 1204 bonam
914 1176 1053 1204 habitudi-

267 1228 328 1247 nem
344 1220 423 1252 vitte,
441 1227 588 1255 pacemque
604 1220 762 1248 inviolatam
776 1225 804 1248 et
818 1220 1054 1257 imperturbatam.

267 1266 355 1301 Hujus
371 1267 442 1294 enim
460 1267 592 1295 severitas
609 1271 636 1295 et
661 1267 781 1302 gravitas
802 1275 901 1302 pravas
921 1268 1058 1303 cupidita-

266 1319 307 1341 tes
322 1314 411 1348 sopit,
436 1313 503 1341 iram
530 1318 558 1341 ct
585 1314 782 1343 commotiones
810 1314 974 1349 exstinguit,
1000 1322 1057 1342 om-

266 1367 382 1394 nemque
399 1360 545 1393 procellam
556 1381 563 1393 ,
580 1367 642 1395 quae
658 1367 690 1388 ex
710 1360 794 1388 nimio
810 1360 870 1387 cibo
887 1360 998 1393 ebullit,
1015 1368 1058 1388 res

266 1407 379 1442 [riserat
393 1412 421 1434 et
435 1413 553 1436 coercet.
572 1407 604 1434 Et
619 1407 846 1443 quemadmodum
863 1408 966 1435 aestatis
990 1411 1058 1435 tem-

267 1461 351 1487 pore,
368 1454 476 1488 quando
494 1454 594 1483 nimius
609 1453 675 1482 solis
698 1453 780 1482 ardor
805 1459 885 1481 terra:
909 1454 1058 1486 incumbit,

267 1499 358 1533 aquilo
375 1498 480 1526 leuibus
496 1499 570 1526 auris
586 1499 677 1527 omnia
700 1507 847 1531 recreans.
872 1500 1002 1535 impedit,
1026 1507 1059 1527 ne

267 1542 435 1571 suﬂ‘ocentur
451 1552 458 1576 ;
476 1543 511 1570 ita
529 1548 557 1571 et
568 1543 702 1578 jejunium
718 1544 957 1572 inﬂammationem
970 1553 1001 1572 ex
1017 1553 1057 1572 sn-
1073 1559 1094 1587 ο

269 1588 371 1624 perﬂuo
384 1589 444 1617 cibo
464 1595 584 1626 potnque
597 1595 684 1617 ortam
703 1598 717 1617 a
733 1591 893 1626 corporibus
913 1591 1039 1625 dispellit.

304 1647 337 1674 Et
361 1646 418 1674 lucc
443 1647 551 1681 quidem
575 1647 707 1675 beneﬁcia
727 1647 859 1682 jejunium
887 1649 912 1675 in
942 1648 1059 1674 animam

269 1693 394 1725 confert,
419 1692 494 1727 cnjns
520 1700 572 1720 non
589 1693 692 1720 minora
707 1699 769 1720 sunt
786 1694 812 1721 in
838 1701 938 1729 corptts
953 1694 1059 1721 merita.

270 1740 404 1776 Extenuat
421 1740 493 1767 enim
510 1740 631 1767 materiae
649 1740 803 1767 crassitiem
814 1760 822 1772 ,
851 1740 946 1768 molem
963 1748 1060 1774 corpo-

271 1792 344 1812 ream
362 1784 492 1818 destruit,
516 1792 653 1820 venasque
675 1793 707 1812 ex
731 1785 898 1813 abundantia
923 1787 1062 1820 sanguinis

271 1830 435 1864 rumpendas
452 1829 576 1863 relaxat,
593 1834 620 1858 et
636 1828 715 1865 spatii
733 1830 833 1865 aliquid
849 1831 982 1866 angustiis
999 1839 1062 1859 con-

269 1877 358 1909 cedit,
374 1884 408 1903 ne
422 1876 476 1904 illis
492 1877 651 1912 contingat,
665 1879 737 1912 quod
752 1877 892 1905 canalibus
903 1898 910 1910 ,
925 1878 1023 1912 quibus
1038 1878 1062 1905 si

269 1923 328 1959 plus
343 1930 419 1958 aqua:
431 1922 598 1956 infundatur,
613 1930 693 1958 quam
707 1923 814 1959 capiant
825 1943 832 1956 ,
845 1923 1061 1959 confringuntur,

270 1962 333 2004 quia
365 1969 513 1997 violentum
536 1970 610 1996 illum
637 1970 780 2005 impulsum
807 1977 975 2004 nequaquam
991 1969 1062 1996 l'erre

271 2022 403 2052 possunt,
419 2021 498 2051 caput
529 2021 650 2050 pacatam
679 2021 706 2043 et
733 2016 907 2050 tranquillam
932 2015 1063 2042 constitu-

273 2063 372 2089 tionem
394 2063 492 2094 habet,
509 2070 596 2099 neque
613 2063 819 2090 subsilieutibus
834 2062 957 2095 arteriis,
976 2069 1065 2098 neque

267 2102 386 2142 cerebro
407 2117 454 2143 per
479 2110 659 2136 ascendentes
677 2115 791 2143 vapores
814 2107 979 2136 obscurato:
1007 2114 1065 2136 sto-

274 2157 367 2184 macho
391 2157 446 2191 jam
470 2165 517 2183 sua
546 2157 656 2183 libertas
673 2164 721 2190 per
735 2155 927 2184 continentiam
950 2160 1062 2183 constat.

272 2203 350 2230 Tunc
365 2203 436 2235 enim
452 2211 465 2229 a
485 2208 578 2229 ceacta
593 2202 724 2230 ser\itnte
738 2201 881 2234 liberatur,
899 2209 933 2229 ne
948 2207 977 2228 ut
993 2201 1065 2228 lebes

274 2250 366 2278 hulliat
377 2269 384 2281 ,
401 2249 622 2279 concoctiouibus
637 2248 776 2276 laborans.
793 2248 870 2276 Oculi
885 2255 952 2282 pure
964 2252 992 2276 et
1006 2248 1063 2274 sine
1080 2239 1102 2267 Ῑ)

273 2296 333 2323 ullis
350 2295 468 2323 tenebris
483 2295 592 2327 vident,
611 2294 716 2322 sublata
734 2294 806 2322 omni
829 2293 960 2329 caligine,
982 2300 1063 2328 quain

273 2341 387 2369 satietas
401 2340 486 2368 oculis
500 2339 640 2368 otfundere
654 2339 795 2367 conSuevit
810 2347 817 2372 ;
841 2339 937 2374 pedum
958 2345 1066 2373 quoque

272 2387 377 2419 stabilis
393 2391 434 2414 est
449 2387 535 2418 aetio,
551 2391 578 2413 et
601 2394 730 2413 manuum
749 2386 808 2413 sine
825 2386 978 2412 turbatione
1000 2392 1065 2419 ope-

274 2436 352 2465 ratio.
366 2435 520 2470 llespiratio
535 2435 657 2462 ordinata
675 2439 702 2461 et
719 2434 751 2460 ad
766 2434 979 2461 mediocritatem
999 2433 1063 2460 red-

273 2487 348 2513 acta,
366 2482 465 2516 quippe
480 2489 540 2516 qua:
569 2481 641 2508 intus
660 2480 814 2508 turbulento
829 2479 925 2514 spiritu
943 2487 995 2506 non
1021 2486 1066 2505 ur-

274 2529 382 2562 geatur.
408 2527 505 2555 Sermo
520 2527 669 2562 jcjunantis
685 2530 725 2554 est
741 2529 900 2561 perspicuus
922 2530 950 2552 et
970 2525 1066 2551 distin-

273 2581 349 2606 ctus,
367 2582 444 2603 mens
457 2575 576 2609 jucunda
590 2583 597 2601 :
613 2581 640 2602 et
654 2579 718 2602 tunc
732 2582 795 2602 vere
812 2573 844 2600 ad
860 2572 1064 2601 similitudinem

274 2622 394 2649 divinam
411 2622 535 2654 accedit,
549 2623 657 2657 quando
671 2621 748 2657 quasi
764 2621 790 2648 in
807 2621 967 2655 incorporea
983 2627 1066 2647 carne

275 2668 380 2702 absque
395 2667 451 2696 ulla
465 2667 574 2695 tristitia
587 2672 614 2695 et
628 2668 743 2695 tumultu
757 2667 879 2695 actiones
900 2674 964 2693 suas
987 2665 1068 2700 perti-

274 2714 321 2740 cit.
339 2713 456 2741 Somnus
469 2713 605 2748 iucundus
619 2719 662 2741 est
673 2735 682 2747 ,
696 2718 723 2741 et
737 2712 934 2741 insomniorum
947 2715 1068 2746 spectro—

278 2767 392 2793 rtttnque
404 2766 501 2794 expers
511 2779 519 2793 ,
535 2764 562 2787 et
577 2765 606 2786 ut
621 2759 712 2787 multis
728 2759 920 2795 praetermissis
930 2779 937 2792 ,
960 2758 1048 2785 dicam
1060 2777 1066 2789 ,

276 2804 409 2840 jejunium
422 2809 464 2832 est
476 2812 527 2840 pax
542 2806 694 2834 communis
709 2805 807 2833 anima:
821 2810 848 2832 et
861 2804 1000 2839 corporis,
1014 2803 1068 2830 vita

279 2851 340 2879 sine
355 2851 575 2886 perturbatione,
592 2856 720 2878 constans
734 2851 831 2884 agetidi
844 2855 872 2878 et
885 2849 1065 2878 conversandi

281 2897 364 2934 ratio,
387 2902 440 2926 Vllil
464 2905 523 2932 qua:
549 2897 632 2925 Deunt
657 2897 792 2930 laetiﬁcat,
818 2897 955 2924 inimicum
977 2900 1066 2924 autem

1101 253 1130 280 δὲ
1153 254 1327 290 δικαιοσύνην
1354 255 1402 282 καὶ
1428 255 1540 291 ἀρετὴν,
1559 256 1597 288 ὡς
1612 256 1671 292 Θεῷ
1695 256 1770 292 φίλη,
1791 257 1895 291 ἐφίεται

1102 301 1270 336 φιλοσοφίας,
1289 302 1335 328 καὶ
1361 303 1418 334 τοῖς
1439 303 1546 337 ἐκείνης
1563 303 1657 338 νόμοις
1676 304 1723 330 καὶ
1737 304 1894 339 παραγγέλ-

1103 356 1170 382 μασι
1185 347 1344 384 πειθομένη,
1365 349 1467 383 ἀπάγει
1483 349 1532 385 μὲν
1544 350 1644 386 ἑαυτὴν
1656 350 1697 378 ὅτι
1706 350 1829 378 πλεῖστον
1840 351 1895 377 τῶν

1103 394 1244 430 σαρκικῶν
1268 394 1496 431 ὲπιθυμημάτων,
1524 396 1628 430 ἐγγίζει
1654 395 1682 424 δὲ
1699 395 1759 432 Θεῷ
1781 396 1828 423 καὶ
1845 397 1895 431 ὅση

1102 439 1217 475 δύναμις
1231 440 1397 467 οἰκειοῦσθαι
1422 440 1461 476 τῷ
1477 441 1574 476 ἀγαθῷ
1589 441 1823 476 πραγματεύεται.
1840 441 1895 468 Αὐ-

1101 485 1152 521 τῆς
1178 486 1206 513 δὲ
1241 486 1292 522 τῆς
1321 487 1396 521 ἱερᾶς
1422 486 1581 521 φιλοσοφίας
1609 487 1674 522 περὶ
1701 487 1751 522 τὴν
1776 487 1892 522 λεγομέ-

1103 541 1152 568 νην
1165 533 1330 568 ἐγκράτειαν
1344 533 1374 559 τὸ
1389 533 1514 561 πλεῖστον
1537 533 1585 560 καὶ
1599 532 1766 569 κυριώτερον
1783 533 1897 569 στρέςςετ

1103 587 1158 606 ται·
1175 579 1292 606 ἐνταῦθα
1316 580 1370 616 γὰρ
1386 580 1401 607 ό
1417 579 1480 611 νοῦς
1497 579 1631 612 ἀθόλωτος
1650 580 1749 615 μένων,
1764 580 1811 607 καὶ
1821 579 1897 607 οὐδε-

1105 625 1170 660 μίαν
1184 625 1325 661 ἐπιμιξίαν
1341 625 1396 652 τῶν
1410 626 1464 653 ἀπὸ
1484 626 1604 662 γαστρὸς
1628 626 1644 661 ἦ
1666 625 1721 653 τῶν
1733 625 1821 653 ἄλλων
1851 626 1898 661 ῥυ-

1104 672 1256 707 πασμάτων
1272 671 1426 708 δεχόμενος,
1443 673 1642 708 ἀνεμπόδιστον
1667 672 1724 708 ἔχει
1751 672 1802 708 τὴν
1823 672 1898 707 ἐνέρ-

1104 725 1192 752 γειαν,
1205 718 1251 744 καὶ
1266 716 1314 753 τὴν
1327 717 1392 752 περὶ
1406 717 1461 745 τῶν
1474 718 1609 755 οὐρανίων
1624 719 1670 745 καὶ
1687 718 1825 752 συγγενῶν
1839 718 1899 744 ἐαυ-

1104 763 1141 798 τῷ
1155 763 1280 799 θεωρίαν.

1141 895 1247 923 Οὐκοῦν
1272 897 1329 922 ὅσοι
1355 895 1404 930 τῆς
1426 895 1586 929 φιλοσοφίας
1614 894 1753 929 τρόφιμοι,
1774 894 1820 920 καὶ
1844 892 1900 920 τῶν

1107 941 1216 978 ὑψηλῶν
1229 942 1343 977 ἐρασταὶ
1356 942 1404 969 καὶ
1419 941 1540 977 μαθηταὶ
1567 939 1614 966 τοῦ
1627 939 1717 973 λόγου,
1737 939 1899 974 ἀγαπήσατε

1106 988 1152 1016 τὸν
1167 988 1301 1015 ἐνεστῶτα
1317 988 1423 1024 καιρὸν,
1441 988 1488 1014 καὶ
1500 987 1549 1023 τὴν
1567 986 1648 1020 ἁγίαν
1671 985 1900 1022 Τεσσαρακοστὴν

1107 1035 1247 1071 χαίροντες
1265 1034 1442 1067 ὑποδέξασθε,
1469 1034 1508 1066 ὡς
1535 1033 1714 1068 σωφροσύνης
1729 1033 1899 1064 διδάσκαλον,

1107 1082 1155 1108 καὶ
1169 1083 1269 1118 ἀρετῆς
1290 1081 1407 1118 μητέρα,
1423 1081 1471 1108 καὶ
1490 1080 1590 1116 τροφὸν
1604 1079 1658 1106 τῶν
1672 1079 1738 1106 υἱῶν
1756 1079 1803 1106 τοῦ
1820 1079 1899 1110 Θεοῦ,

1108 1129 1155 1156 καὶ
1173 1128 1346 1162 παιδαγωγὸν
1360 1127 1413 1154 τῶν
1433 1127 1572 1158 ἀτάκτων,
1590 1126 1638 1153 καὶ
1660 1125 1781 1161 γαλήνην
1796 1125 1900 1160 ψυχῶν,

1108 1175 1156 1202 καὶ
1173 1174 1332 1201 εὐστάθειαν
1361 1173 1430 1209 βίου,
1461 1172 1508 1199 καὶ
1535 1172 1648 1207 εἰρήνην
1673 1171 1825 1202 ἐνσπονδον,
1853 1171 1901 1197 καὶ

1108 1222 1255 1258 ἀτάραχον.
1271 1220 1380 1256 Ταύτης
1387 1220 1443 1256 γὰρ
1457 1220 1488 1246 τὸ
1505 1219 1643 1255 αὐστηρὸν
1653 1218 1701 1245 καὶ
1716 1217 1814 1253 σεμνὸν
1826 1217 1900 1252 πάθη

1109 1268 1240 1303 κοιμίζει,
1270 1266 1356 1302 ὀργὰς
1383 1267 1430 1293 καὶ
1454 1265 1558 1302 θυμοὺς
1590 1264 1782 1295 ἀποσϐέννυσι,
1813 1263 1902 1290 πάντα

1109 1315 1231 1342 κλύδωνα
1247 1314 1293 1340 τὸν
1317 1314 1350 1340 ἐκ
1377 1312 1550 1347 πολυφαγίας
1577 1310 1726 1343 ἀναζέοντα
1752 1309 1902 1344 καταψύχει

1111 1362 1158 1389 καὶ
1182 1360 1370 1388 καταστέλλει.
1389 1358 1442 1386 Και
1468 1359 1537 1394 ὅπερ
1565 1358 1612 1384 ἐπὶ
1638 1357 1684 1384 τοῦ
1708 1357 1814 1394 θέρους,
1839 1357 1903 1382 ὅταν

1108 1408 1185 1444 ἡλίου
1195 1407 1225 1434 τὸ
1238 1406 1374 1441 φλογῶδες
1389 1405 1557 1441 καταλάμπῃ
1582 1406 1615 1440 τῇ
1631 1406 1679 1440 γῇ,
1693 1405 1708 1430 ὀ
1726 1404 1827 1439 βορρᾶς
1839 1403 1902 1434 τοὺς

1110 1453 1295 1489 θαλπομένους
1313 1453 1463 1488 εὐεργετεῖ,
1480 1451 1609 1487 πραείαις
1625 1450 1721 1486 αὔραις
1745 1448 1904 1477 ἀπελαύνων

1110 1501 1254 1534 convbio:
1272 1499 1352 1526 τοῦτο
1377 1498 1424 1525 καὶ
1444 1499 1460 1534 ἡ
1487 1497 1599 1533 νηστεία
1624 1497 1778 1533 χαρίζεται,
1804 1496 1853 1532 τὴν
1870 1496 1904 1522 ἐκ

1110 1545 1161 1580 τῆς
1186 1543 1408 1580 γαστριμαργίας
1420 1543 1544 1579 πύρωσιν
1558 1542 1613 1570 τῶν
1628 1542 1762 1578 σωμάτων
1786 1540 1904 1568 ἀποδιὼ-

1111 1600 1206 1618 κουσα.

1146 1649 1271 1676 Τοσαῦτα
1286 1649 1314 1675 δέ
1331 1648 1421 1685 ψυχὴν
1435 1646 1628 1683 εὐεργετοῦσά,
1646 1647 1696 1682 οὐχ
1711 1643 1792 1682 ἦττον
1805 1644 1906 1680 ὠφελεῖ

1112 1696 1158 1722 καὶ
1171 1695 1200 1722 τὸ
1214 1695 1302 1730 σῶμα.
1316 1693 1450 1721 Λεπτῦνει
1465 1694 1519 1729 γὰρ
1535 1695 1582 1720 καὶ
1595 1693 1650 1719 τῶν
1668 1692 1739 1729 ὑλῶν
1755 1692 1803 1723 τὰς
1818 1690 1901 1726 παχύ-

1112 1750 1207 1776 τητας,
1225 1741 1272 1768 καὶ
1283 1741 1328 1767 τὸν
1344 1741 1425 1775 όγκον
1451 1739 1635 1772 άποσκευάζει
1647 1739 1694 1766 τοῦ
1709 1738 1844 1774 σώματος,
1860 1737 1907 1764 καὶ

1112 1788 1162 1819 τὰς
1174 1787 1274 1822 φλέϐας
1286 1787 1324 1822 τῷ
1339 1786 1436 1821 πλήθει
1454 1786 1627 1822 ῥηγνυμένας
1643 1785 1690 1812 τοῦ
1706 1785 1822 1820 αἵματος
1833 1783 1908 1818 ἀνίη-

1114 1843 1151 1866 σι,
1173 1835 1220 1861 καὶ
1239 1833 1346 1860 δίδωσιν
1359 1833 1447 1867 ὀλίγον
1461 1833 1580 1868 χώρημα
1597 1833 1630 1868 τῇ
1649 1831 1798 1866 στενότητι,
1813 1830 1857 1856 ἵνα
1869 1829 1908 1864 μὴ

1114 1880 1220 1908 πάθωσι
1247 1880 1278 1906 τὸ
1305 1879 1359 1905 τῶν
1377 1878 1504 1914 σωλήνων
1524 1877 1617 1909 πάθος.
1646 1877 1702 1904 Καὶ
1727 1877 1780 1913 γὰρ
1798 1876 1906 1907 ἐκεῖνοι,

1114 1926 1178 1952 ὅταν
1195 1925 1287 1956 αὐτοῖς
1302 1924 1369 1951 πολύ
1388 1932 1413 1950 τι
1437 1923 1484 1950 καὶ
1496 1923 1614 1959 ἄμετρον
1634 1922 1706 1958 ὑπὲρ
1718 1922 1767 1958 τὴν
1788 1920 1908 1957 χώρησιν

1115 1974 1282 2010 ἐποχετεύσῃ
1308 1973 1337 1999 τὸ
1353 1972 1435 2007 ὕδωρ,
1449 1973 1642 2008 ἐκρήγνυνται,
1669 1970 1714 1997 τὸν
1728 1971 1759 1996 ἐκ
1773 1969 1823 2005 τῆς
1848 1968 1908 2004 βίας

1115 2019 1311 2055 εἰσωθούμενον
1323 2018 1404 2054 ὖγκον
1414 2019 1451 2054 μὴ
1465 2018 1615 2052 στέγοντες.
1630 2016 1742 2052 Κεφαλὴ
1753 2015 1781 2042 δὲ
1793 2016 1908 2052 πραεῖαν

1115 2067 1232 2104 ἔχεικαὶ
1247 2066 1419 2102 γαληνιῶσαν
1431 2064 1609 2096 κατάστασιν,
1626 2063 1688 2091 οὔτε
1701 2059 1755 2090 τῶν
1770 2061 1908 2099 ἀρτηριῶν

1117 2113 1305 2148 παλλομένων,
1322 2111 1384 2139 οὕτε
1400 2111 1446 2138 τοῦ
1461 2111 1615 2146 ἐγκεφάλου
1636 2111 1680 2138 διὰ
1696 2110 1745 2146 τῆς
1758 2109 1910 2140 ἀναδόσεως

1116 2160 1170 2188 τῶν
1183 2159 1278 2196 ἀτμῶν
1296 2158 1474 2194 ζοφουμένου.
1493 2158 1634 2194 Στομὰχου
1649 2157 1678 2184 δὲ
1693 2156 1844 2192 ἐλευθερία,
1865 2157 1910 2189 ἐγ-

1117 2207 1242 2244 κράτεια.
1265 2205 1332 2232 Τότε
1347 2205 1402 2241 γὰρ
1425 2204 1534 2239 ἀφίεται
1547 2203 1597 2239 τῆς
1618 2202 1832 2239 ἡναγκασμένης
1851 2201 1910 2228 δου-

1118 2253 1204 2285 λείας,
1219 2253 1268 2279 καὶ
1281 2251 1328 2278 τοῦ
1344 2251 1414 2284 ζέειν
1429 2251 1466 2282 ὡς
1481 2250 1573 2286 λέϐης,
1589 2250 1700 2285 κάμνων
1713 2250 1773 2280 ταῖς
1784 2248 1907 2283 πέψεσιν.

1126 2299 1275 2335 ὀφθαλμοὶ
1285 2297 1403 2334 καθαρὸν
1419 2297 1466 2324 καὶ
1481 2296 1695 2331 ἁνεπισκότητον
1709 2295 1849 2331 βλέπουσι,
1865 2294 1911 2320 πά-

1120 2355 1170 2382 σης
1185 2344 1283 2381 ἀχλύος
1297 2343 1552 2380 ἀφαιρουμένης;ἢν
1563 2344 1578 2370 ό
1596 2343 1678 2378 κόρος
1691 2344 1820 2378 καταχεῖν
1832 2340 1910 2368 εἴωθε

1119 2391 1173 2419 τῶν
1191 2391 1332 2427 ὀμμάτων·
1351 2389 1398 2417 καὶ
1413 2389 1467 2416 τῶν
1484 2389 1572 2416 ποδῶν
1591 2389 1697 2424 ἐδραία,
1720 2388 1868 2423 ἁκλόνητος
1882 2386 1910 2413 δὲ

1118 2437 1172 2464 τῶν
1186 2437 1284 2473 χειρῶν
1299 2438 1316 2472 ἡ
1332 2437 1466 2472 ἐνέργεια.
1487 2432 1556 2462 Ἀσο
1562 2444 1600 2471 μα
1615 2434 1782 2470 τεταγμένον
1798 2434 1846 2460 καὶ
1866 2433 1911 2468 μέ-

1119 2493 1203 2520 τριον,
1218 2484 1282 2519 παρ’
1308 2483 1415 2514 οὐδενὸς
1430 2482 1484 2509 τῶν
1508 2481 1658 2517 ὀχλούντων
1680 2481 1844 2516 πνευμάτων
1870 2479 1910 2505 Ev-

1120 2530 1196 2558 δοθεν
1211 2530 1398 2565 ἐπειγόμενον.
1423 2529 1510 2563 Λόγος
1525 2528 1573 2556 τοῦ
1590 2527 1738 2564 νηστευτοῦ
1755 2527 1845 2561 σαφὴς
1867 2524 1911 2551 καὶ

1120 2576 1333 2613 διηρθρωμένος,
1357 2575 1420 2608 νοῦς
1445 2575 1574 2612 καθαρὸς,
1601 2575 1648 2602 καὶ
1671 2574 1732 2601 τότε
1753 2571 1860 2608 ἀληθῶς
1883 2571 1911 2598 τὸ

1121 2623 1236 2654 θεοειδὲς
1255 2622 1335 2657 ἔχων,
1350 2622 1414 2649 ὅταν
1436 2620 1474 2652 ὡς
1487 2622 1516 2647 ἐν
1527 2620 1666 2656 ἀσωμάτῳ
1686 2621 1718 2654 τῇ
1742 2618 1825 2653 σαρκὶ
1847 2617 1911 2644 ἄλυ-

1121 2677 1172 2696 πον
1193 2669 1239 2696 καὶ
1257 2667 1426 2704 ἀϐορύϐητον
1447 2666 1567 2693 ἐπιτελεῖ
1591 2666 1639 2701 τὴν
1668 2665 1737 2692 ἰδίαν
1762 2664 1908 2699 ἐνέργειαν.

1123 2715 1222 2741 Ὕπνοι
1242 2713 1340 2741 ἄλυποι
1357 2713 1404 2740 καὶ
1425 2711 1648 2747 ἀφαντασίαστοι·
1675 2710 1721 2737 καὶ
1737 2710 1782 2737 ἵνα
1798 2709 1833 2735 τὰ
1848 2708 1909 2734 πολ-

1122 2761 1155 2788 λὰ
1178 2760 1365 2797 παραδραμὼν
1387 2760 1467 2792 εἴπω,
1482 2757 1595 2793 νηστεία
1622 2757 1697 2784 ἐστὶν
1721 2756 1818 2791 είρήνη
1838 2753 1912 2788 κοινὴ

1123 2806 1213 2842 ψυχῆς
1230 2805 1278 2833 καὶ
1301 2805 1437 2840 σώματος,
1460 2804 1597 2839 ἀτάραχος
1620 2802 1688 2836 ζωὴ,
1710 2800 1845 2834 εὐσταθὴς
1866 2806 1913 2824 τιο-

1121 2851 1218 2883 λιτεία,
1244 2851 1299 2886 βίος
1312 2851 1379 2877 Θεὸν
1397 2850 1562 2885 εὐφραίνων,
1581 2849 1627 2875 καὶ
1645 2847 1736 2874 λυπῶν
1750 2847 1795 2873 τὸν
1809 2844 1912 2880 ἐχθρόν.

1125 2897 1229 2931 Ὥσπερ
1250 2896 1303 2931 γὰρ
1326 2896 1339 2921 ό
1359 2894 1496 2930 πολέμιος,
1520 2894 1583 2920 ὅταν
1600 2893 1642 2928 ἴδῃ
1660 2892 1705 2920 τὸν
1723 2890 1842 2918 ἐναντίον
1853 2887 1918 2931 γρὶξ.⁵
