2080 3156
207 145 260 174 573

652 146 794 176 HOMILIA
818 147 887 176 XIV.
904 147 936 175 IN
957 145 1155 175 PBINCIPIUM
1171 124 1397 174 JUUNIOIiUM.

1790 147 1840 174 574

210 213 289 241 γορον
309 206 355 232 καὶ
370 206 511 242 νηφάλιον,
531 206 711 242 ὀπλιζόμενον
733 208 881 243 ἐπιμελῶς,
900 208 1003 245 καὶτὴν

1056 214 1173 236 maerore
1189 207 1278 236 slilcit.
1293 206 1525 241 Quemadmodum
1541 206 1612 234 enim
1627 206 1723 239 hostis,
1735 208 1840 240 quando

208 250 319 278 ἀνδρίαν
338 250 485 283 ἀσκοῦντα,
503 248 587 288 ἧτταν
613 252 716 280 οἰκείαν
737 254 843 289 ἡγεῖται
861 254 910 290 τὴν
925 254 999 289 φιλό-

210 303 290 322 πονον
312 297 416 324 ἐκείνου
446 298 633 333 παρασκευήν·
658 297 730 325 οὕτω
750 299 797 325 καὶ
818 300 832 326 ὁ
855 299 906 333 τῆς
932 301 1000 334 ἡμε-

208 342 292 377 τέρας
316 343 454 380 σωτηρίας
477 343 628 376 ἐπίϐουλος,
651 345 742 371 πᾶσαν
769 345 847 380 ἡμῶν
870 346 919 381 τὴν
939 347 1000 373 κατ’

209 388 310 424 ἀρετὴν
332 389 476 425 ἀκρίϐειαν
511 388 549 422 ὡς
565 390 630 416 ἰδίαν
652 392 727 426 μισεῖ
748 391 900 427 συμφοράν.

245 520 301 546 Καὶ
320 520 364 547 διά
384 521 463 547 τοῦτο
485 521 614 556 γίνωσκε,
645 523 782 559 ἄνθρωπε,
806 524 855 559 τῆς
886 525 934 560 μέν
954 524 1000 552 τοῦ

211 566 358 602 νηστευτοῦ
387 568 486 600 οἰκίας,
520 569 652 603 ἀγγέλους
687 567 756 597 εἶναι
785 570 909 604 φύλακας
922 591 928 602 ,
955 572 1002 598 καὶ

212 612 347 646 φρουροὺς
367 611 530 648 παρέδρους.
545 613 598 640 Τοῦ
617 614 645 640 δέ
664 616 724 647 ταῖς
741 615 908 643 ἀπολαύσεσι
932 616 1002 643 κατὰ

211 657 259 691 τῆς
279 657 506 693 Τεσσαρακοστῆς
522 659 707 694 κωμάζοντος,
731 660 872 696 δαίμονας,
885 661 1002 694 οίκείους

211 702 323 738 κνίσσης
344 702 447 737 φίλους,
470 703 517 730 καὶ
545 703 663 739 ἐραστὰς
688 705 822 741 αἱμάτων,
851 705 1003 742 παρέδρους

211 747 307 783 μέθης.
337 749 393 775 Καὶ
420 749 475 785 γὰρ
501 750 548 776 καὶ
573 750 629 777 τῶν
657 751 830 786 πνευμάτων,
863 751 919 778 είτε
948 751 1003 778 τῶν

209 793 310 827 ἁγίων,
336 794 392 821 εἴτε
427 795 481 822 τῶν
514 795 679 832 ἀκαθάρτων
705 796 822 824 ἕκαστον
848 798 1004 833 προσχωρεῖ

209 840 265 871 τοῖς
285 839 397 872 οίκείοις
429 841 476 868 καὶ¹
499 841 597 876 φίλοις,
623 841 719 878 ὥσπερ
743 843 777 879 δὴ
798 843 844 870 καὶ
875 843 922 870 ἐπὶ
947 843 1003 870 τῶν

1051 254 1238 282 adversarium
1254 260 1333 281 suum
1349 253 1421 280 videt
1434 260 1494 280 esse
1510 252 1684 287 vigilantem,
1700 252 1819 280 sobrium
1831 273 1839 286 ,

1051 305 1179 328 accurate
1194 305 1348 333 armatum,
1365 303 1475 327 strenue
1487 303 1514 326 et
1532 298 1640 326 fortiter
1662 306 1722 326 sese
1743 306 1841 334 geren—

1050 350 1121 380 tem,
1137 347 1206 374 hanc
1220 353 1312 373 curam
1336 350 1364 372 ct
1386 345 1554 380 diligentiam
1570 352 1618 380 pro
1637 353 1684 372 sua
1704 345 1780 373 clade
1801 345 1841 372 in-

1052 396 1216 427 terpretatur
1229 400 1236 425 ;
1252 392 1291 419 sic
1305 395 1333 419 et
1347 391 1443 419 salutis
1457 395 1558 418 nostrae
1572 391 1714 418 insidiator
1731 398 1841 418 omnem

1052 438 1160 465 virtutis
1174 438 1416 470 exercitationem,
1432 442 1564 472 tanquam
1578 437 1718 473 propriam
1733 437 1841 464 calami-

1052 489 1134 510 tatem
1150 484 1309 512 detestatur.

1087 530 1258 564 Quapmpter
1280 530 1404 562 noveris,
1421 538 1438 558 ο
1452 531 1534 559 11οηιο
1545 551 1552 563 ,
1569 531 1643 565 ejus.
1658 530 1703 566 qui
1718 529 1842 564 jejunat,

1051 577 1148 602 domus
1170 575 1297 603 custodes
1320 583 1380 604 esse
1402 576 1528 611 angelos,
1552 581 1579 604 et
1604 575 1676 604 velut
1699 575 1842 603 continuos

1052 620 1207 654 stipatores.
1232 620 1297 656 Ejus
1319 625 1409 648 autem
1428 622 1555 653 domum,
1575 621 1618 656 qui
1637 621 1664 647 in
1684 621 1843 656 Quadrage-

1052 665 1119 692 sima
1137 664 1241 693 deliciis
1256 670 1317 694 sese
1333 666 1433 698 tradit,
1450 666 1596 701 stipatores
1612 673 1673 694 esse
1688 666 1841 699 daemOnes,

1053 711 1178 746 proprios
1193 711 1297 740 nidoris
1313 713 1432 745 amicos,
1448 717 1476 740 ct
1491 711 1632 748 sanguinis
1650 715 1800 744 amatores,
1817 715 1845 738 et

1053 757 1192 784 ebrietatis
1207 763 1369 786 assessores.
1384 757 1490 785 Etenim
1507 757 1648 793 spiritibus
1662 765 1769 792 quoque
1787 756 1844 784 sive

1053 801 1169 832 sanctis.
1185 801 1242 830 sive
1258 802 1372 837 impuris
1390 803 1434 831 hic
1450 810 1509 830 mos
1524 807 1584 836 est,
1600 807 1630 830 ut
1647 802 1844 835 familiaribus,

1054 846 1159 881 sibique
1175 847 1266 875 charis
1281 855 1342 876 sese
1359 848 1508 884 adiungant
1519 868 1526 881 ,
1542 853 1622 884 prout
1637 849 1719 877 etiam
1743 850 1768 876 in
1787 849 1845 876 avi-

209 885 323 921 ὸρνίθων
338 886 412 913 ἐστιν
433 887 508 914 ίδεῖν.
533 888 687 924 Περιστερὰ
706 889 756 924 μὲν
776 889 831 925 γὰρ
851 890 916 925 περὶ
938 890 1001 922 τοὺς

1056 892 1103 919 bus
1123 899 1235 920 cernere
1257 893 1330 921 licet.
1349 893 1417 922 Nam
1437 894 1560 922 columba
1581 895 1653 922 circa
1671 894 1729 923 loca
1745 893 1844 922 munda

210 930 347 966 καθαροὺς
360 932 416 958 τῶν
427 932 518 959 τόπων
537 933 692 970 φιλοχωρεί,
712 934 759 960 καὶ
775 935 841 970 περὶ
856 934 905 967 τὰς
920 934 1001 971 ἀρού-

211 985 261 1012 ρας
284 977 443 1014 στρέφεται,
463 979 546 1015 ἑαυτῇ
574 980 621 1006 καὶ
642 981 698 1011 τοῖς
719 980 826 1012 τέκνοις
848 982 1001 1017 σπερμολο-

209 1024 304 1058 γοῦσα’
329 1025 376 1052 καὶ
393 1026 410 1061 ἡ
428 1025 537 1062 τρυγὼν
558 1026 645 1062 ἡδέως
666 1028 722 1059 τοῖς
741 1027 867 1060 πετάλοις
878 1028 933 1055 τῶν
945 1029 1002 1056 δέν-

208 1071 280 1107 δρων
301 1072 468 1108 ἐγκάθηται,
492 1073 540 1109 ἡδύ
565 1082 591 1100 τι
615 1073 662 1100 καὶ
683 1073 780 1101 λεπτὸν
801 1073 1000 1111 ὑποτρύζσυσα.

215 1117 245 1143 '0
260 1117 289 1144 δὲ
309 1118 518 1155 γαστρίμαργος
533 1119 628 1155 κόραξ,
647 1121 703 1151 τοῖς
713 1120 906 1155 κρεοπωλείοις
919 1129 1003 1156 προσ-

209 1163 342 1200 κάθηται,
365 1165 434 1200 βαρύ
456 1173 481 1192 τι
503 1166 550 1193 καὶ
580 1166 662 1202 ἀηδὲς
689 1166 745 1194 τῶν
778 1167 1003 1203 κρεανομούντων

210 1211 360 1238 καταῦοῶν.
385 1212 477 1244 Ὥστε,
497 1211 546 1248 τὴν
570 1213 732 1249 ἐγκράτειαν
751 1213 1003 1249 ἀγαπήσωμενλνα

209 1257 275 1292 παρ’
290 1257 415 1292 ἀγγέλων
428 1258 627 1294 ἀγαπηθῶμεν·
654 1260 815 1295 μισήσωμεν
832 1260 861 1286 δέ
873 1259 923 1296 τὴν
937 1269 1002 1296 τρυ-

209 1302 262 1338 φὴν
278 1303 328 1338 τὴν
346 1303 506 1336 ἀκόλαστον,
531 1304 574 1331 ἵνα
595 1304 632 1340 μὴ
653 1306 711 1340 μετ’
740 1305 848 1341 ἐκείνης
866 1306 916 1341 τὴν
935 1306 1005 1342 πρὸς

208 1349 340 1384 δαίμονας
371 1349 560 1387 ἐνεκὸάλωμεν
589 1351 742 1379 κοινωνίαν.
771 1352 866 1384 Οὐδεὶς
893 1352 1004 1388 τρυφῶν

209 1396 318 1430 ἐγένετο
342 1397 497 1429 σπουδαῖος·
514 1398 576 1424 οὐδὲ
598 1398 727 1434 εὐωχίαις
745 1398 892 1434 σχολάζων,
905 1400 1005 1434 ἀρετῆς

211 1442 346 1479 μαθητής·
363 1443 424 1470 οὐδὲ
442 1444 581 1480 φιλήδονος
597 1444 684 1479 ἅγιος,
703 1445 764 1471 οὐδὲ
787 1444 926 1481 σαρκικῶς
939 1445 1004 1478 ζῶν,

210 1489 337 1521 κοινωνὸς
357 1490 506 1525 βασιλείας.

251 1535 327 1563 Ἐλοὲ
342 1538 374 1572 τῇ
390 1538 484 1573 μνήμῃ
500 1537 568 1574 πρὸς
575 1538 625 1573 τὴν
638 1537 725 1574 ἀρχὴν
736 1537 782 1564 τοῦ
803 1538 898 1572 γένους
914 1537 1002 1574 ἡμῶν,

209 1582 258 1610 καὶ
277 1582 325 1618 τὴν
350 1571 451 1619 πεῖραν
465 1571 591 1620 εὖρήσεις
603 1571 837 1621 ’ὧν-μεμφόμεθα
866 1571 1004 1620 μάρτυρα.
1019 1571 1041 1601 c‘

211 1630 268 1657 Οὐκ
284 1630 317 1657 ἂν
335 1630 389 1666 γὰρ
408 1631 475 1666 ἡμῖν
490 1631 568 1667 ἐτέθη
590 1631 672 1666 νόμος
691 1631 829 1667 νηστείας,
850 1633 873 1659 εἰ
887 1632 924 1668 μὴ
937 1640 1007 1668 ’παρ⁴

210 1676 295 1713 εὸάθη
315 1677 365 1712 τῆς
390 1677 503 1713 πρώτης
537 1677 703 1714 ἐγκρατείας
731 1679 745 1705 ὁ
773 1679 865 1714 νόμος
897 1678 947 1705 οὐκ
972 1677 1004 1705 ἂν

211 1720 358 1757 ὠνομάσθη
382 1722 490 1757 γαστὴρ
513 1721 672 1754 ἐπίϐουλος,
692 1723 769 1758 εἰμὴ
786 1723 921 1759 πρόφασις
946 1723 1006 1758 ἠδο-

211 1768 258 1802 νῆς
278 1767 326 1802 τὴν
341 1767 479 1803 ἁμαρτίαν
493 1768 651 1803 εἰσήγαγεν.
662 1768 718 1797 Οὐκ
734 1766 768 1804 ἦν
788 1769 904 1804 ἀρότρου
916 1769 1005 1804 χρεία,

213 1814 259 1840 καὶ
277 1813 346 1848 βοῶν
365 1814 521 1849 ἀροτήρων,
548 1814 595 1841 καὶ
615 1814 785 1850 τεμνομένης
808 1813 938 1846 αὕλακος,
959 1815 1005 1841 οὺ-

211 1860 240 1887 δὲ
260 1861 312 1896 μὴν
330 1861 508 1897 σπερμάτων,
531 1861 578 1888 καὶ
605 1860 702 1893 ὕδατος
721 1861 859 1898 ἄρδοντος,
885 1861 932 1888 καὶ
958 1869 1005 1888 πε·-

214 1907 300 1942 ριόὸου
321 1908 435 1944 καιρῶν,
457 1908 504 1934 καὶ
530 1907 665 1943 χειμῶνος
688 1908 864 1940 πυκνοῦντος,
889 1907 935 1934 καὶ
960 1907 1005 1934 θέ-

213 1960 277 1988 ρους
295 1952 414 1985 λύοντος,
436 1953 483 1979 καὶ
501 1952 592 1988 πάσης
609 1951 713 1988 ταύτης
728 1953 778 1988 τῆς
796 1952 940 1986 ἐγκυκλίου
959 1960 1007 1979 τα-

212 1997 376 2033 λαιπωρίας,
406 1998 429 2024 εί
453 1997 490 2034 μὴ
510 1997 554 2024 διὰ
569 1998 715 2034 πρόχειρον
742 1998 916 2034 προπάτορος
937 1998 1006 2025 dmi-

213 2043 307 2070 λαυσιν
338 2043 452 2079 ταύτην.
479 2043 723 2080 κατεψηφίσθημεν
753 2044 803 2080 τὴν
830 2044 885 2070 τῶν
917 2043 1006 2070 πόνων

213 2089 346 2124 περίοδον·
363 2089 420 2116 ἀλλ’
437 2089 586 2126 ἐμέλλομεν
606 2090 702 2126 ἑτέραν
717 2090 777 2117 τινὰ
794 2090 869 2126 παρὰ
882 2090 932 2126 τὴν
943 2091 1008 2126 ὀρω-

215 2134 300 2171 μένην
314 2135 419 2171 διάγειν
432 2136 479 2163 τοῦ
498 2137 556 2172 βίου
579 2137 755 2169 κατάστασιν,
773 2134 808 2173 ἦς
829 2137 910 2164 πάλιν
932 2137 1008 2164 ἐλπιι

214 2180 296 2217 ζομεν
323 2182 473 2218 ἐπιτυχεῖν,
491 2183 556 2210 ὅταν
572 2183 621 2218 τὴν
648 2182 761 2218 ἐμπαθῆ
792 2184 865 2220 ζωὴν
890 2183 934 2211 διά
958 2184 1007 2220 τῆς

214 2227 388 2260 ἀναστάσεως
402 2228 665 2264 ἀποσκευασώμεθα.
679 2228 752 2265 Αὕτη
766 2229 820 2266 γὰρ
832 2231 849 2266 ἠ
862 2231 1007 2266 εὐεργεσία
1024 2246 1045 2273 D

213 2273 263 2309 τῆς
275 2274 321 2301 τοῦ
342 2275 410 2302 Θεοῦ
433 2274 502 2311 πρὸς
513 2275 586 2310 ἡμᾶς
610 2275 855 2310 συγκαταὸάςεως,
872 2276 915 2302 ἵνα
940 2276 1007 2312 πρὸς

213 2319 263 2355 τὴν
277 2320 395 2347 παλαιὰν
409 2321 645 2357 ἀποκαταστῶμεν
658 2320 747 2355 ἀξίαν⁸
762 2319 796 2357 ἧς
808 2320 1007 2358 φιλανθρώπως

216 2366 423 2401 μεταλαϐόντες,
433 2367 601 2403 εὐαισθήτως
616 2367 666 2403 τὴν
676 2368 755 2403 χάριν
763 2367 813 2394 οὐκ
824 2367 1006 2403 ἐφυλάξαμεν.

215 2413 335 2448 Νηστεία
352 2414 402 2450 τῆς
429 2413 580 2450 μελλούσης
598 2415 669 2450 ζωῆς
687 2414 778 2441 εἰκών·
793 2414 842 2450 τῆς
865 2413 1006 2449 ἀφθάρτου

215 2458 352 2494 διαγωγῆς
368 2459 489 2496 μίμημα.
513 2460 586 2488 Ἐκεῐ
602 2460 651 2487 οὐκ
672 2460 726 2487 εἰσὶ
745 2460 834 2492 πότοι,
855 2459 915 2491 οὐδὲ
940 2460 1007 2490 ἀπο-

215 2503 335 2537 λαύσεις.

251 2634 351 2661 Ἐασον
362 2634 407 2661 τὸν
424 2635 532 2671 πρῶτον
552 2634 707 2670 ἄνθρωπον,
726 2635 779 2670 ὀδῴ
800 2636 847 2662 καὶ
864 2636 928 2670 ἑξῆς
945 2636 1007 2666 τοὺς

219 2680 276 2714 μετ’
291 2681 395 2707 ἐκεῖνον
411 2681 614 2716 ἀπαρίθμησαι.
628 2681 661 2707 Τί
677 2681 723 2708 τὸν
741 2681 845 2708 δίκαιον
852 2681 912 2707 Νῶε
925 2682 1008 2716 ἀσχη-

219 2728 307 2762 μονεῖν
323 2727 458 2762 ἐποίησεν.
475 2729 503 2754 ἐν
522 2727 686 2763 ἀναισθησίᾳ
701 2727 878 2762 γυμνωθέντα
893 2727 947 2754 τῶν
961 2736 1008 2763 με·

217 2771 281 2803 λῶν.
301 2773 319 2799 ἃ
332 2772 482 2799 σκέπτεσθαι
499 2773 592 2808 νόμος,
608 2773 656 2799 καὶ
667 2773 712 2800 τὸν
724 2773 849 2808 προπετῆ
867 2773 932 2808 Χὰμ
949 2774 1009 2800 ἐπι-

256 2873 278 2887 "'
297 2872 366 2902 (ἇς-ιι.
386 2879 430 2903 ιιι,
453 2872 460 2898 l
480 2881 539 2908 sqq.
581 2874 601 2889 ”
621 2874 689 2902 Gen.
709 2882 732 2900 I.\'
746 2893 752 2905 ,
767 2873 797 2900 2|
820 2881 879 2908 sum,

1054 942 1188 971 versatur,
1203 943 1229 965 et
1243 945 1323 974 agros
1336 940 1415 972 obit,
1429 945 1459 967 ut
1475 941 1526 968 sibi
1542 943 1569 968 et
1589 940 1669 975 pullis
1692 940 1782 975 aliqua
1801 947 1846 967 se-

1055 984 1126 1011 mina
1142 982 1259 1021 colligat.
1275 986 1378 1013 Turtur
1397 986 1490 1014 itidem
1506 986 1651 1015 arboribus
1666 987 1787 1014 suaviter
1805 987 1846 1013 iu-

1054 1029 1125 1058 sidet
1144 1031 1224 1059 dulce
1244 1031 1373 1066 quiddam
1394 1037 1421 1060 et
1443 1039 1570 1069 argutum
1587 1033 1792 1061 submodnlans.
1812 1033 1847 1059 At

1054 1083 1119 1103 vero
1142 1082 1226 1104 vorax
1249 1082 1348 1105 corvus
1373 1079 1443 1106 circa
1470 1079 1581 1107 macella
1607 1079 1698 1114 degit,
1724 1078 1846 1106 odiosum

1054 1122 1182 1157 quiddam
1199 1127 1226 1150 et
1247 1122 1423 1157 iniucundum
1446 1125 1577 1152 adversus
1601 1132 1647 1152 eas
1660 1144 1667 1156 ,
1685 1125 1729 1159 qui
1751 1132 1848 1151 carnes

1057 1167 1198 1202 vendunt,
1214 1170 1363 1198 crocitans.
1377 1169 1472 1206 Itaque
1489 1170 1696 1207 temperantiam
1713 1178 1845 1202 amemus,

1055 1219 1084 1242 ut
1109 1214 1144 1242 ab
1170 1215 1274 1250 angelis
1298 1222 1439 1250 amemur;
1461 1216 1524 1244 odio
1550 1216 1698 1244 habeamus
1720 1216 1848 1243 lascivam

1056 1259 1220 1295 voluptatem
1233 1282 1240 1294 ,
1262 1268 1296 1289 ne
1315 1261 1395 1289 simul
1415 1270 1475 1290 cum
1497 1262 1541 1289 illa
1561 1263 1594 1290 ad
1615 1262 1775 1290 societatem
1793 1262 1849 1289 d;e-

1057 1311 1166 1332 mor-um
1183 1307 1387 1341 pertraltamttr.
1403 1307 1497 1334 Nullus
1514 1306 1621 1335 deliciis
1640 1308 1745 1334 deditus
1761 1307 1848 1334 evasit.

1057 1359 1175 1386 unquam
1194 1352 1302 1380 sedulus
1318 1357 1344 1380 et
1358 1353 1516 1386 studiosus,
1535 1361 1623 1388 neque
1647 1353 1779 1380 conviviis
1801 1360 1848 1379 va—

1056 1405 1137 1431 cans,
1155 1396 1265 1425 virtulis
1280 1397 1427 1433 discipulus
1438 1419 1445 1432 ,
1464 1406 1552 1434 neque
1570 1400 1716 1435 voluptatis
1731 1403 1847 1432 amator,

1056 1447 1181 1474 sanctus,
1201 1449 1288 1478 neque
1307 1443 1353 1478 qui
1373 1444 1522 1471 secundum
1540 1452 1650 1473 carnem
1666 1445 1789 1477 viveret,
1808 1444 1848 1472 fa-»

1057 1495 1118 1517 ctus
1134 1494 1175 1517 est
1193 1496 1310 1525 unquam
1327 1491 1402 1526 regni
1420 1491 1541 1519 cmleslis
1559 1492 1705 1527 particeps.

1095 1533 1248 1570 Regredere
1268 1536 1398 1564 memoria
1425 1537 1458 1564 ad
1482 1537 1645 1566 incunabula
1669 1541 1777 1575 generis
1800 1541 1850 1568 liu-

1059 1581 1131 1608 mani
1152 1581 1185 1614 κ,
1213 1581 1355 1617 discesqne
1380 1583 1578 1619 experientiam
1609 1592 1641 1613 ea
1669 1587 1762 1614 testari
1790 1595 1851 1623 quae

1059 1627 1294 1662 reprehendimus.
1313 1627 1406 1663 Neque
1422 1629 1495 1657 enim
1516 1629 1559 1657 lex
1578 1630 1674 1666 jejunii
1692 1632 1769 1660 nobis
1787 1633 1850 1660 data

1058 1677 1149 1706 esset,
1173 1674 1223 1701 nisi
1244 1673 1287 1702 lex
1305 1675 1399 1709 prima:
1421 1677 1610 1711 temperantiae
1630 1681 1658 1705 et
1677 1679 1850 1708 abstinentia:

1058 1719 1157 1746 violata
1179 1720 1284 1748 fuisset.
1306 1720 1362 1749 Nec
1382 1726 1479 1749 venter
1504 1723 1670 1752 insidiatoris
1690 1732 1787 1753 nomen
1810 1731 1852 1754 tu-

1059 1764 1143 1799 lisset,
1163 1766 1216 1794 nisi
1235 1771 1366 1802 prtetextu
1391 1768 1538 1805 voluptatis
1560 1776 1702 1806 peccatum
1730 1772 1852 1800 induxis-

1059 1817 1110 1838 set.
1126 1812 1182 1839 Nec
1196 1820 1265 1848 optts
1281 1813 1379 1842 fuisset
1393 1820 1501 1847 aratro,
1516 1823 1566 1844 nec
1583 1817 1668 1844 bobus
1684 1819 1850 1851 aratoribus,

1059 1864 1147 1892 neque
1173 1859 1316 1892 proscissis
1345 1859 1446 1892 sulcis,
1467 1868 1556 1894 neque
1575 1863 1742 1895 seminibus,
1764 1872 1852 1899 neque

1058 1910 1128 1938 aqua
1145 1903 1179 1931 ad
1197 1904 1381 1939 irrigandum,
1402 1913 1491 1941 neque
1504 1907 1616 1941 periodo
1634 1912 1802 1943 temporum,
1823 1914 1853 1936 ut

1059 1949 1164 1982 bieme,
1182 1956 1242 1984 qua:
1261 1950 1386 1986 astringit
1405 1956 1432 1979 et
1457 1953 1624 1985 condensat,
1640 1958 1667 1980 et
1682 1958 1776 1982 :cstate
1792 1962 1852 1989 quae

1058 1995 1161 2023 Solvit:
1181 1996 1235 2024 imo
1255 1997 1289 2024 ab
1309 1997 1382 2024 omni
1409 1997 1459 2025 ista
1486 1998 1612 2026 circulari
1637 1999 1746 2026 miseria
1773 2000 1850 2028 liberi

1059 2040 1225 2074 fuissemus,
1246 2041 1298 2069 nisi
1320 2041 1354 2069 ob
1374 2042 1453 2077 primi
1474 2043 1594 2078 parentis
1621 2045 1706 2071 nostri
1732 2053 1852 2080 praepro-

1059 2092 1157 2123 peram.
1168 2085 1330 2121 voluptatem
1346 2088 1380 2114 ad
1398 2088 1467 2114 hanc
1489 2087 1611 2115 laborum
1630 2089 1770 2124 periodum
1786 2097 1852 2117 con-

1059 2130 1179 2158 demnati
1200 2131 1370 2166 fuissemus;
1390 2133 1437 2160 sed
1457 2133 1538 2160 aliam
1560 2135 1707 2168 quamdam
1729 2136 1789 2162 vit-.e
1807 2140 1851 2162 ra-

1060 2178 1160 2206 tionem
1181 2178 1216 2206 ab
1235 2179 1285 2207 ista
1313 2184 1448 2214 prtescnte
1468 2180 1583 2208 multum
1604 2180 1740 2209 diversam
1762 2182 1851 2209 acturi

1059 2229 1180 2255 eramus,
1192 2231 1274 2258 quant
1290 2232 1340 2252 nos
1356 2216 1564 2259 recuperaturos
1578 2233 1729 2260 speramus,
1745 2227 1853 2261 quando

1060 2267 1143 2294 vitam
1163 2268 1234 2296 hanc
1252 2269 1342 2303 pravis
1360 2268 1549 2298 affectionibus
1567 2270 1712 2298 obnoxiam
1738 2279 1787 2307 per
1813 2279 1854 2300 re-

1060 2313 1257 2341 surrectionem
1277 2315 1444 2343 exuerimus.
1465 2316 1522 2343 Hoc
1540 2316 1614 2343 enim
1632 2317 1794 2344 beneficium
1811 2322 1854 2345 est

1061 2357 1108 2385 Dei
1127 2359 1161 2384 ad
1177 2364 1227 2385 nos
1244 2359 1447 2391 descensionis,
1469 2364 1495 2387 ut
1515 2360 1542 2387 in
1571 2360 1709 2394 antiquam
1731 2360 1851 2395 dignita-

1062 2406 1117 2430 tem
1135 2403 1321 2436 restituantur,
1340 2404 1419 2440 cujus
1435 2412 1496 2432 cum
1516 2404 1632 2440 benigne
1646 2405 1794 2440 participes
1810 2405 1852 2432 fa-

1060 2450 1096 2478 cti
1113 2456 1256 2484 essemus,
1275 2451 1393 2486 gratiam
1410 2451 1610 2486 circumspecte
1629 2458 1681 2478 tton
1700 2451 1849 2479 eustodivi-

1062 2503 1134 2524 mus.
1157 2496 1293 2531 Jejunium
1316 2497 1378 2525 vita:
1403 2497 1499 2525 futura:
1521 2498 1610 2532 imago
1624 2502 1676 2525 est.
1701 2497 1852 2532 lncorrupti

1062 2547 1149 2570 status
1170 2543 1295 2571 imitatio.
1313 2543 1351 2571 lbi
1368 2551 1421 2572 non
1436 2548 1500 2572 sunt
1514 2545 1746 2579 compotationes,
1766 2551 1852 2579 neque

1062 2589 1285 2616 comessationes.

1097 2635 1131 2661 At
1151 2635 1272 2670 relinque
1291 2636 1407 2670 primum
1429 2635 1566 2663 hominem
1580 2655 1587 2668 ,
1609 2642 1692 2671 perge
1712 2635 1825 2663 ulterius
1843 2644 1859 2670 ςν

1061 2684 1089 2708 et
1105 2685 1227 2714 posteros
1241 2681 1301 2716 ejus
1322 2689 1462 2709 enumera.
1476 2682 1549 2723 ρυῑά
1574 2681 1650 2716 justo
1666 2681 1721 2709 Noe
1737 2682 1852 2717 ignomi-

1063 2727 1135 2753 niam
1151 2727 1323 2761 wnciliaVit,
1341 2735 1402 2754 cttnt
1422 2730 1539 2754 nudatus
1559 2733 1632 2755 esset
1649 2728 1682 2755 iis
1703 2728 1832 2756 membris
1845 2748 1853 2760 ,

1064 2782 1123 2809 qua:
1144 2779 1241 2802 natura
1263 2775 1314 2810 tegi
1333 2775 1409 2811 jubet
1425 2776 1468 2802 "1'
1488 2775 1557 2809 Quid
1573 2774 1749 2803 temerarium
1766 2774 1852 2803 Citam
