2080 3156
270 125 323 153 575

914 130 944 156 S.
964 130 1099 159 ASTERII
1121 131 1268 160 AMASENI

1848 133 1901 161 376

273 183 378 210 induxit
390 204 397 216 ,
415 188 443 211 ut
461 189 566 219 patrem
583 184 734 212 irrideret?
749 185 784 213 ita
802 191 831 213 ut
845 194 879 214 ex
894 195 948 215 uno
966 189 1062 216 delicto

1120 190 1228 224 γελάσαι
1239 192 1272 226 τῇ
1291 191 1361 227 μέθῃ
1377 190 1424 217 τοῦ
1440 191 1543 226 πατρὸς
1561 189 1776 226 παρεσκεύασεν,
1793 190 1837 217 ἵνα
1853 190 1901 225 γε.

271 229 325 256 duo
342 229 411 256 mala
424 230 597 258 exstiterint:
615 238 666 258 una
682 232 753 258 enim
766 232 882 260 ebrietas
896 239 998 268 patrem
1014 236 1062 262 de-

273 274 329 301 bito
347 279 512 310 legumento.
529 280 557 303 et
574 275 657 303 ﬁlium
684 276 808 305 libertate
826 279 949 313 privavit.

312 363 446 390 Cancrum
462 365 571 398 quando
590 365 687 393 iterum
704 368 797 395 oculos
813 375 888 396 meos
904 369 1013 397 reﬁecto
1029 371 1062 398 ad

276 407 333 436 Ilcli
351 411 520 438 sacerdotem
539 411 571 445 ",
587 413 654 440 etin
673 413 753 441 rebus
773 414 807 441 ab
822 415 880 450 ipso
893 416 975 450 gestis
989 424 1063 444 meno

275 460 327 481 tem
348 463 466 491 occupo,
486 458 620 493 integram
639 463 762 486 catenam
780 461 966 489 calamitatum
984 470 1017 490 ex
1034 471 1063 491 se

275 505 368 528 mutuo
389 509 520 529 nexarum
550 503 675 537 invenio;
700 511 761 538 qua:
780 506 813 532 ab
834 514 886 534 uno
913 507 1061 542 principio,

275 553 370 582 nempe
381 555 394 574 a
407 553 501 576 ventre
515 554 542 576 et
554 550 678 578 satietate
691 551 822 586 originem
837 554 981 581 duxerunt.
995 553 1062 582 Nam

277 592 323 620 ﬁlii
341 593 401 621 lleli
421 595 507 628 patris
523 596 564 622 sui
583 596 764 624 sacerdotium
781 605 829 632 pro
845 600 990 628 occasione
1003 600 1064 628 libi-

274 639 344 666 dinis
358 644 384 666 et
398 640 477 667 luxus
493 641 664 676 arripientes,
678 644 809 672 sacriﬁcia
822 646 1000 679 profanabant
1014 667 1022 680 ,
1036 652 1064 674 et

275 684 350 718 prius
374 686 461 712 ventri
486 693 553 719 suo,
577 695 658 722 quam
687 689 742 716 Deo
765 689 798 717 de
820 691 915 720 hostiis
931 692 1064 726 primitias

277 730 437 758 oﬁ'ercbant.
453 732 552 760 Secuta
567 739 610 760 est
625 734 770 763 fornicatio
781 756 789 768 ,
802 744 880 764 soror
894 738 1062 766 deliciarum.

281 775 334 803 Sed
361 776 404 803 his
427 778 554 806 omnibus
585 781 742 814 supervenit
764 781 898 815 judicium
925 783 1062 816 divinum,

275 822 346 856 quod
377 830 498 850 severam
526 824 603 852 valde
628 830 655 853 et
682 826 876 855 inexorabilem
899 829 1063 856 sententiam

1114 244 1193 271 νηται
1205 235 1251 262 δύο
1262 235 1335 264 κακὰ
1357 236 1389 262 δι’
1405 235 1463 267 ἐνὸς
1486 235 1738 270 πλημμελήματος;
1766 235 1825 262 Μία
1847 236 1901 271 γὰρ

1115 281 1184 316 μέθη
1202 281 1308 308 καὶτὸν
1327 281 1432 316 πατέρα
1462 281 1513 315 τῆς
1538 280 1690 316 εὐπρεποῦς
1710 279 1825 312 σκέπης,
1853 281 1901 307 καὶ

1106 327 1152 354 τὸν
1159 326 1214 354 υἱὸν
1226 326 1275 361 τῆς
1286 326 1450 361 ἐλευθερίας,
1466 325 1633 361 ἐγύμνωσεν.

1150 371 1234 399 Ὅταν
1247 372 1275 400 δὲ
1291 372 1370 400 πάλιν
1391 372 1458 407 πρὸς
1470 372 1533 402 τοὺς
1548 371 1646 402 παῖδας
1663 370 1751 397 ἀπίδω
1770 370 1844 400 Ἠλεὶ
1853 370 1901 397 τοῦ

1116 417 1210 453 ίερέως
1224 417 1271 444 καὶ
1291 417 1358 452 πρὸς
1375 418 1481 452 ἐκείνην
1502 416 1550 452 τὴν
1565 416 1685 452 ἱστορίαν
1702 416 1843 455 ἀσχολήσω
1856 416 1902 442 τὸν

1114 463 1186 494 νοῦν,
1204 462 1324 498 ὀρμαθὸν
1349 463 1469 499 εὑρίσκω
1486 462 1646 497 συμφορῶν,
1663 461 1791 498 ἀλλήλαις
1810 461 1900 488 συνδε-

1113 508 1233 544 δεμένων
1250 508 1304 535 ἀπὸ
1316 509 1380 544 μιᾶς
1390 508 1488 544 ἀρχῆς,
1502 509 1552 544 τῆς
1559 508 1603 535 διὰ
1611 508 1741 544 γαστέρα,
1751 508 1798 535 καὶ
1811 509 1900 544 κόρον.

1115 553 1242 581 Κάκεῖνοι
1260 553 1314 588 γάρ
1329 553 1379 589 τὴν
1398 553 1446 580 τοῦ
1469 554 1572 589 πατρὸς
1597 553 1760 590 ἱερωσύνην,
1776 554 1902 589 ἀφορμὴν

1115 599 1222 634 θέμενοι
1248 599 1415 634 ἡδυπαθείας
1450 600 1497 626 καὶ
1527 599 1703 631 ἀπολαύσεως
1731 599 1780 631 τάς
1808 599 1903 630 θυσίας

1115 645 1259 681 ὲδεϐἠλουν
1277 645 1324 672 καὶ
1342 646 1374 681 τῇ
1391 645 1490 681 γαστρὶ
1507 645 1559 680 πρὸ
1577 645 1623 672 τοῦ
1639 645 1707 672 Θεοῦ
1718 645 1772 671 τῶν
1796 645 1903 680 ἱερείων

1114 693 1279 729 ἀπήρχοντο.
1300 692 1454 720 ’Ἠκολούθει
1473 693 1558 719 δὲκαὶ
1571 694 1587 728 ἡ
1601 693 1723 728 πορνεία,
1738 691 1839 728 ἀδελφὴ
1854 693 1904 728 τῆς

1114 740 1219 774 τρυφῆς
1243 739 1375 775 ἁμαρτία,
1402 739 1448 765 καὶ
1477 739 1582 770 τούτοις
1610 739 1696 765 πᾶσιν
1724 737 1833 774 ἠπαρά
1856 737 1903 765 τοῦ

1114 783 1182 811 Θεοῦ
1201 784 1301 819 κρίσις,
1317 783 1456 819 αὐστηρὰν
1472 783 1519 810 καὶ
1534 783 1670 818 ἀπότομον
1695 781 1744 817 τὴν
1758 782 1836 818 δίκην
1856 782 1905 808 ἑπ-

1115 831 1230 865 άγουσα.
1250 830 1345 862 Ἐθνος
1359 830 1414 866 γὰρ
1435 830 1562 865 πολέμιον
1573 829 1606 856 δι’
1627 829 1746 860 ἐκείνους
1762 829 1831 856 κατὰ
1850 828 1904 854 τῶν

276 868 406 901 induxit;
437 877 498 896 nam
528 874 637 906 propter
661 871 721 900 illos
746 880 813 908 gens
840 873 945 901 hostilis
970 880 1064 902 contra

1121 876 1314 913 Ἱεροσολύμων
1332 877 1507 913 ἐστράτευσε.
1524 877 1579 903 Καὶ
1598 876 1640 902 ἵνα
1655 875 1756 910 πλῆθος
1782 874 1905 911 σκυθρω-
1924 870 1927 873 ¹

276 912 494 950 Hierosolymam
520 917 668 951 pugnabat.
692 918 724 945 Et
740 923 769 946 ut
787 919 910 948 tristibus
930 920 1065 948 narratio-

276 959 356 986 nibus
372 961 561 995 compendium
582 962 714 991 faciamus
725 984 732 995 .
749 964 841 992 lascivi
856 965 895 992 illi
909 965 1023 1001 juvenes
1038 966 1065 994 in

275 1005 334 1032 acie
347 1006 519 1039 ceciderunt,
545 1009 632 1042 patria
651 1009 731 1036 simul
753 1018 814 1037 cum
836 1012 890 1039 reis
912 1011 1063 1047 periclitata

276 1055 317 1078 cst
331 1071 338 1083 ,
357 1059 420 1079 arca
437 1052 482 1080 Dei
499 1058 576 1088 capta
594 1060 621 1081 et
636 1055 669 1082 ab
685 1056 808 1083 hostibus
824 1057 941 1085 abducta
957 1067 962 1084 :
980 1063 1005 1085 et
1020 1065 1064 1086 se-

278 1097 323 1123 nio
336 1097 478 1125 conlectus
496 1099 624 1127 sacerdos
638 1101 739 1128 nuntiis
753 1101 878 1130 infaustis
892 1104 1064 1132 immortuus.

276 1140 392 1169 Tantum
408 1143 540 1171 malorum
554 1144 588 1171 ob
603 1145 672 1180 gulae
685 1146 849 1182 voluptatem
868 1149 970 1176 civitati
988 1149 1064 1176 inve~

275 1192 347 1214 ctum
362 1192 412 1216 est.

313 1233 412 1262 Omnes
426 1235 508 1270 igitur
516 1236 679 1271 jejunemus.
691 1239 726 1266 At
735 1240 908 1268 sacerdotum
921 1241 1067 1270 familiares

275 1278 410 1314 jejunium
432 1289 481 1316 pro
496 1282 647 1311 domestico
661 1288 688 1311 et
699 1285 775 1319 quasi
795 1285 916 1320 ejusdem
931 1287 998 1315 laris
1011 1295 1068 1315 ma-

277 1326 362 1360 gistro
387 1329 574 1362 temperantiae
601 1329 718 1363 habere,
745 1335 772 1359 et
795 1329 914 1366 ejusdem
933 1338 1067 1369 praecepta

277 1372 372 1400 audire
394 1374 516 1407 debent;
546 1376 693 1404 absurdum
720 1377 793 1405 enim
822 1379 1067 1408 nummulariorum

278 1419 347 1448 ﬁlios
361 1422 465 1456 argenti
479 1423 610 1457 probandi
625 1423 751 1458 peritiam
765 1429 859 1453 tenere
871 1446 879 1458 ,
891 1430 919 1453 et
931 1426 1067 1455 fabrorum

277 1465 425 1494 familiares
439 1467 512 1495 circa
529 1469 618 1503 ignem
632 1474 659 1496 et
671 1470 795 1498 incudem
809 1472 911 1498 versari
926 1481 933 1506 ;
947 1480 994 1500 eos
1006 1481 1069 1500 vero

278 1511 324 1545 qui
347 1519 409 1538 cum
434 1513 623 1541 sacerdotibus
648 1515 761 1550 degunt,
785 1516 844 1544 sive
865 1517 919 1544 sint
942 1519 1067 1553 cognati,

279 1557 337 1584 sive
357 1557 411 1585 alio
433 1559 512 1586 modo
533 1559 559 1586 in
586 1560 714 1588 familiam
741 1563 877 1597 cooptati.
906 1571 1033 1592 exerrare
1053 1573 1068 1591 a

279 1611 380 1639 scopo,
395 1603 428 1630 ad
445 1611 525 1639 quem
549 1605 657 1633 familia:
682 1606 780 1635 ductor
799 1614 825 1635 et
849 1608 978 1636 Dominus
995 1617 1070 1637 suam

278 1650 362 1677 vitam
379 1649 551 1678 conformare
565 1651 654 1680 debet.
908 1652 911 1657 '

316 1695 357 1723 0b
370 1697 474 1724 ventris
489 1697 642 1732 cupidinem
657 1698 757 1733 ingenti
773 1700 872 1727 damno
891 1699 1004 1727 aﬁ'ectus
1028 1707 1068 1728 est

281 1742 352 1770 Esau
368 1743 460 1770 senior
477 1743 548 1771 ﬁlius
565 1742 650 1772 lsaaci
667 1745 700 1770 ".
720 1744 787 1772 Cum
807 1746 878 1773 enim
898 1753 931 1774 ex
951 1747 1071 1781 professo

281 1791 394 1815 venator
413 1793 501 1822 esset,
522 1794 550 1817 et
569 1789 652 1817 semel
676 1794 739 1825 post
760 1790 872 1818 multam
900 1791 1071 1827 defatigatio-

281 1841 343 1862 nem
359 1835 470 1862 domum
488 1843 614 1863 reversus
629 1843 693 1871 erga
709 1837 875 1872 propositam
891 1845 982 1866 escam
1001 1838 1071 1866 fame

285 1886 313 1908 et
341 1881 480 1910 desiderio
514 1881 674 1910 intolerabili
702 1881 866 1916 afﬁceretur,
893 1884 1072 1919 primogenita

284 1935 332 1955 sua
345 1935 395 1962 pro
416 1928 544 1955 lenticula
560 1928 637 1955 fratri
652 1935 702 1956 suo
725 1929 855 1956 vendidit.
872 1929 909 1956 Ex
924 1937 977 1964 quo
990 1930 1071 1957 etiam

281 1974 392 2006 evenit,
411 1978 440 2001 ut
461 1979 553 2008 postea
578 1974 665 2002 eidem
690 1974 909 2003 benedictionem
931 1979 1071 2011 paternam

282 2020 441 2055 prazriperet
459 2019 500 2046 ηε
529 2025 556 2047 et.
580 2019 620 2047 sic
642 2020 770 2054 paulatim
791 2028 806 2048 a
828 2021 928 2049 virtute
951 2026 1003 2050 eta
1018 2022 1073 2049 Deo

283 2064 468 2097 abalienatus,
485 2065 696 2099 patriarchalem
727 2065 840 2101 gloriam
864 2066 964 2094 amisit.
989 2067 1021 2095 Et
1040 2068 1074 2095 ab

283 2107 392 2135 lsraelis
406 2107 591 2136 familiaritate
605 2114 748 2144 separatus
760 2131 767 2143 ,
786 2110 844 2144 ipse
859 2116 887 2138 et
900 2112 1032 2140 barbarus
1046 2118 1074 2140 et

282 2154 434 2188 alienigena
455 2153 563 2186 factus,
579 2159 632 2181 tam
654 2163 828 2183 numerosum
844 2163 878 2184 ex
895 2164 925 2185 se
944 2158 1071 2192 populum

240 2228 243 2231 λ
283 2200 446 2234 procreavit.

320 2246 369 2273 llic
385 2246 441 2281 ipse
461 2247 572 2274 morbus
584 2247 666 2275 etiam
687 2248 795 2277 Veteris
808 2248 976 2278 Testamenti
990 2257 1075 2285 popu-

284 2293 339 2319 lum
354 2292 388 2320 ad
405 2293 650 2328 transgressionem
674 2295 825 2322 divinarum
849 2295 936 2331 legum
959 2295 1073 2324 induxit.

283 2339 350 2366 Cum
376 2339 448 2367 enim
475 2339 583 2376 Moyses
605 2342 632 2368 in
654 2341 711 2378 lege
730 2342 887 2377 accipienda
911 2347 937 2369 et
962 2342 1074 2370 ferenda

282 2391 433 2422 occupatus
448 2393 537 2421 esset,
555 2389 600 2417 isti
616 2390 738 2424 abruptis
753 2391 879 2418 omnibus
892 2390 1027 2426 repagulis
1041 2391 1074 2418 ad

283 2433 374 2460 luxum
391 2437 419 2461 et
436 2434 550 2462 choreas
577 2437 699 2463 conversi
720 2441 783 2463 sunt
799 2436 820 2451 "
835 2445 842 2463 :
860 2443 928 2471 quos
953 2435 1075 2463 diabolus

284 2479 321 2505 ita
341 2479 514 2512 vacillantes,
530 2484 558 2508 et
572 2480 714 2508 honestam
732 2481 794 2508 vitae
809 2481 941 2507 rationem
961 2480 1074 2507 concul-

284 2530 378 2551 cantes
406 2526 507 2553 sensim
535 2527 569 2553 ad
595 2527 760 2562 impietatem
782 2526 896 2555 induxit.
917 2526 984 2554 Hinc
999 2525 1074 2553 vituli

285 2571 440 2604 fabricatio,
453 2572 603 2600 diabolicns
618 2573 717 2605 cultus,
731 2573 821 2599 Aaron
840 2572 937 2607 piaculi
952 2579 1074 2602 consors.

285 2615 352 2651 legis
364 2617 519 2651 corruptio,
540 2617 689 2644 tabularum
712 2618 859 2649 contritio,
875 2622 903 2644 et
920 2617 1019 2652 Moysis
1033 2624 1076 2644 se-

285 2661 390 2688 cundus
415 2661 441 2688 in
465 2667 582 2690 montem
607 2671 753 2696 ascensus,
772 2669 798 2691 et
814 2664 905 2691 omnia
931 2665 1077 2698 haec,quae

285 2713 362 2732 sacra
385 2707 497 2735 historia
524 2713 577 2736 tam
601 2708 727 2737 flebiliter
747 2709 920 2742 lamentatur,
937 2717 970 2736 ex
984 2709 1077 2736 immo-

285 2750 347 2778 dico
362 2751 422 2779 cibo
439 2753 600 2789 principium
615 2759 642 2781 et
654 2760 768 2783 "ausam
782 2759 968 2790 sumpserunt.

326 2840 346 2855 ”'
366 2839 374 2867 l
392 2841 454 2879 Heg.
472 2851 509 2878 tv,
529 2845 538 2872 1
556 2853 615 2879 sqq.
657 2846 674 2859 ’⁷
697 2845 764 2873 Gun.
782 2853 843 2877 xxv,
858 2844 892 2872 δυ
907 2851 967 2880 sqq.

1005 2845 1025 2860 ”'
1039 2844 1105 2872 Gen.
1121 2852 1205 2877 XM‘H,
1221 2844 1252 2872 l9
1272 2851 1332 2879 sqq.

1116 923 1175 949 πῶν
1189 923 1366 958 διηγημάτων
1386 922 1519 958 συντέμω,
1544 923 1568 949 oi
1586 922 1635 957 μὲν
1654 921 1799 948 ἀκόλαστοι
1817 920 1905 947 νεανίσ

1117 978 1186 1000 σκοι,
1198 969 1243 996 ἐπὶ
1260 969 1310 1003 τῆς
1326 968 1505 1004 παρατάξεως
1520 968 1628 999 ἔπεσον,
1648 968 1696 995 καὶ
1708 969 1725 1003 ἡ
1738 967 1837 1003 πατρὶς
1850 967 1905 998 τοῖς

1116 1015 1269 1052 ἁμαρτοῦσι
1285 1014 1513 1042 συνεκινδύνευσε.
1541 1015 1588 1041 καὶ
1607 1015 1623 1049 ή
1638 1013 1686 1040 τοῦ
1706 1012 1773 1040 Θεοῦ
1790 1012 1905 1043 κιϐωτὸς

1116 1061 1287 1097 αἰχμάλωτος
1305 1060 1380 1096 παρὰ
1393 1060 1448 1087 τῶν
1467 1060 1602 1095 πολεμίων
1619 1058 1743 1094 ἀπήχθη,
1763 1058 1810 1085 καὶ
1833 1058 1847 1083 ὁ
1861 1057 1907 1091 γέν

1119 1115 1173 1142 ρων
1186 1107 1201 1133 ὁ
1212 1107 1302 1142 ἱερεὺς
1318 1106 1378 1137 ταῖς
1397 1104 1540 1138 ἀγγελίαις
1564 1103 1618 1130 τῶν
1633 1101 1725 1130 κακῶν
1741 1100 1905 1132 ὲπαπὲθανε,

1117 1153 1163 1179 καὶ
1176 1151 1303 1183 τοσοῦτος
1323 1151 1405 1186 ἐσμὸς
1421 1149 1513 1176 κακῶν
1535 1148 1580 1176 διὰ
1598 1148 1738 1184 φάρυγγος
1756 1146 1850 1182 ἡδονὴν
1858 1147 1907 1172 suo

1117 1198 1218 1233 ηνέχθη
1234 1199 1266 1233 τῇ
1276 1197 1361 1224 πόλει.
1580 1231 1585 1241 ι

1153 1245 1258 1275 Πάντες
1267 1241 1313 1270 οὖν
1328 1243 1531 1278 νηστεύσωμεν⁹
1546 1242 1571 1267 οἰ
1580 1237 1615 1266 ’δὲ
1626 1239 1680 1266 τῶν
1698 1239 1792 1274 ἱερέων
1801 1237 1907 1268 οἰκεῖοι,

1119 1291 1166 1318 καὶ
1197 1290 1308 1326 μᾶλλον,
1336 1289 1374 1321 ὡς
1399 1288 1523 1315 σύνοικον
1539 1286 1647 1322 ἔχοντες
1670 1283 1829 1311 διδάσκαλον
1857 1282 1908 1317 τῆς

1119 1335 1293 1371 ἐγκρατείας.
1309 1334 1355 1361 καὶ
1369 1333 1418 1368 ἀφ’
1434 1332 1539 1364 ἑστίας,
1559 1331 1594 1358 τὰ
1607 1331 1737 1365 φιλόσοφα
1754 1328 1910 1364 παραγγέλᾳ

1121 1389 1203 1416 ματα.
1231 1381 1347 1406 Ἄτοπον
1371 1379 1424 1415 γὰρ
1437 1379 1500 1410 τοὺς
1524 1378 1574 1413 μὲν
1590 1377 1687 1408 παῖδας
1710 1375 1765 1402 τῶν
1781 1373 1910 1410 τραπεζιτ

1120 1427 1184 1460 τῶν,
1208 1424 1458 1461 ἀργυρογνώμονας
1475 1423 1556 1455 εἶναι,
1571 1423 1618 1450 καὶ
1641 1422 1704 1453 τοὺς
1721 1420 1835 1452 οἰκείους
1854 1419 1911 1446 τῶν

1121 1470 1243 1507 χαλκέων
1258 1470 1323 1506 περὶ
1339 1470 1370 1496 τὸ
1387 1468 1443 1505 πῦρ
1466 1467 1631 1504 στρέφεσθαι
1655 1466 1702 1493 καὶ⁴
1724 1466 1770 1492 τὸν
1792 1465 1909 1500 ἆκμονιιτ

1120 1518 1184 1549 τοὺς
1197 1516 1226 1543 δὲ
1241 1516 1293 1543 τῶν
1307 1515 1402 1551 ἱερέων
1418 1515 1503 1549 ἐγγὺς
1514 1514 1569 1540 εἴτε
1586 1513 1737 1547 συγγενεῖς,
1753 1511 1807 1538 εἴτε
1824 1510 1911 1541 ἄλλως

1121 1563 1239 1594 οἰκείους
1255 1561 1418 1597 ἀφηνιάζειν
1427 1560 1475 1586 τοῦ
1489 1560 1603 1592 σκοποῦ,
1619 1555 1640 1593 ᾧ
1653 1558 1702 1593 ζῇν
1713 1557 1807 1592 ἔλαχεν
1829 1557 1843 1583 6
1861 1556 1911 1591 τῆς

1122 1609 1214 1641 ἑστίας
1226 1606 1340 1644 ἡγεμὼν
1356 1607 1403 1633 καὶ
1412 1606 1562 1641 Δεσπότης.

1165 1699 1280 1735 Ἑόλὰὃη
1300 1699 1344 1725 διὰ
1372 1698 1494 1734 γαστέρα
1527 1697 1643 1733 μέγιστα
1668 1697 1715 1725 καὶ
1741 1698 1755 1724 ὁ
1775 1696 1839 1728 Ral;
1863 1694 1912 1726 τοῦ

1129 1745 1222 1772 Ἰσαὰκ
1232 1747 1246 1772 ὁ
1259 1744 1454 1780 πρεσϐύτερος.
1478 1744 1588 1780 Ἐπειδὴ
1609 1743 1663 1780 γὰρ
1679 1742 1812 1779 θηρευτὴς
1825 1742 1912 1777 ὑπάρ-

1122 1801 1177 1828 χων
1189 1792 1220 1818 τὸ
1233 1790 1412 1826 ἐπιτήδευμα,
1427 1790 1471 1817 καί
1488 1798 1551 1816 ποτε
1568 1789 1636 1825 μετά
1652 1789 1751 1825 δρόμον
1768 1787 1853 1815 πολὺν
1866 1787 1912 1817 ἐπὶ

1121 1838 1171 1873 τὴν
1188 1837 1277 1865 οἰκίαν
1291 1836 1464 1871 ὑποστρέψας
1475 1836 1582 1870 ἀσχέτῳ
1599 1835 1677 1870 πείνῃ
1693 1833 1731 1870 τῷ
1749 1833 1911 1869 προφανέντι

1123 1883 1247 1919 βρώματι
1259 1882 1404 1918 περιέχειν,
1420 1882 1533 1908 ἀπέδοτο
1546 1881 1594 1916 μὲν
1608 1880 1648 1916 τῷ
1656 1880 1764 1915 ἀδελφῷ
1779 1879 1865 1914 φακοῦ
1879 1878 1912 1909 τὰ

1123 1929 1305 1964 πρωτοτόκιαι
1326 1927 1430 1954 ἐκεῖθέν
1451 1936 1481 1954 τε
1508 1927 1602 1954 λοιπὸν
1629 1926 1676 1953 καὶ
1704 1926 1753 1962 τὴν
1777 1925 1912 1961 πατρικὴν

1123 1975 1246 2008 εὐλογίαν
1263 1973 1381 2008 ἐκλάπη-
1402 1973 1449 1999 καὶ
1463 1972 1547 2004 οὕτως
1571 1972 1640 2000 κατὰ
1655 1971 1751 2007 μικρὸν
1766 1971 1911 2006 ἀλλοτριω-

1124 2020 1180 2052 θεὶς
1194 2020 1295 2055 ἀρετῆς
1306 2019 1353 2045 καὶ
1366 2019 1444 2049 Θεοῦ,
1465 2018 1515 2052 τὴν
1534 2017 1736 2053 πατριαρχικὴν
1760 2016 1839 2049 δόξαν
1859 2015 1913 2045 ἀσι-
1934 2022 1940 2025 ”

1123 2064 1216 2092 ὡλεσε”
1229 2065 1276 2092 καὶ
1282 2064 1329 2091 τοῦ
1348 2064 1454 2100 Ἰσραὴλ
1466 2063 1536 2091 κατὰ
1552 2064 1600 2098 τὴν
1612 2063 1747 2090 οἰκείωσιν
1759 2060 1912 2097 χωρισθεὶς,

1124 2110 1205 2141 αὐτός
1235 2118 1264 2135 τε
1298 2109 1435 2144 βάρὸαρος
1464 2108 1573 2142 ἐγένετο
1604 2108 1651 2134 καὶ
1684 2106 1843 2141 ἀλλόφυλος,
1867 2104 1913 2133 καὶ

1124 2156 1243 2184 τοιοῦτον
1258 2156 1288 2188 ἐξ
1306 2155 1389 2183 αὑτοῦ
1405 2156 1467 2182 λαὸν
1481 2155 1675 2189 ἀπεγέννησεν.
1712 2167 1715 2170 -

1092 2208 1114 2236 D
1163 2203 1237 2239 Αὕτη
1255 2204 1270 2238 ἡ
1284 2203 1371 2235 νόσος,
1385 2202 1432 2229 καὶ
1446 2202 1492 2228 τὸν
1506 2202 1555 2236 τῆς
1570 2200 1691 2231 Παλαιᾶς
1703 2199 1840 2235 Διαθήκης
1853 2198 1913 2225 λαὸν

1127 2250 1167 2280 εἰς
1182 2249 1337 2286 παράϐασιν
1347 2248 1400 2274 τῶν
1412 2248 1490 2274 θείων
1501 2247 1547 2274 καὶ
1562 2245 1641 2282 ἱερῶν
1656 2245 1757 2280 νόμων,
1770 2245 1911 2280 ἐξήγαγεν.

1135 2295 1246 2330 Ἐπειδὴ
1259 2294 1314 2330 γὰρ
1327 2293 1465 2324 Μωῦσέως
1477 2293 1510 2327 τῇ
1527 2291 1678 2325 ἐπαγγελίᾳ
1689 2290 1736 2317 τοῦ
1753 2290 1834 2325 νόμου
1853 2297 1912 2324 σχο-

1127 2341 1271 2373 λάζοντος,
1293 2338 1508 2374 ἐκδιαιτηθέντες
1522 2338 1545 2363 οἱ
1561 2337 1711 2372 ἄνθρωποι,
1730 2337 1798 2371 πρὸς
1813 2335 1914 2371 τρυφὴν

1127 2387 1175 2414 καὶ
1188 2386 1296 2422 χορείας
1312 2385 1480 2421 ἐτράπησαν,
1498 2383 1569 2410 κατὰ
1584 2383 1666 2419 μέρος
1681 2382 1780 2413 αὐτοὺς
1796 2380 1913 2407 ὀλισθαί-

1129 2441 1223 2464 νοντας
1239 2432 1285 2459 καὶ
1301 2431 1452 2462 πατοῦντας
1468 2430 1517 2466 τὴν
1534 2430 1663 2464 εὐνομίαν
1688 2428 1736 2455 τοῦ
1754 2428 1812 2463 βίου
1825 2447 1832 2459 ,
1850 2427 1915 2462 προς

1128 2478 1257 2506 ἀσέϐειαν
1278 2479 1291 2504 ό
1313 2476 1435 2508 διάϐολος
1457 2475 1646 2510 ἐφειλκύσατο.
1668 2474 1802 2504 Κάκεῖθεν
1825 2472 1915 2501 λοιπὸν

1130 2523 1334 2559 μοσχοποίησις,
1360 2522 1533 2557 ἐπιτήδευσις
1553 2520 1724 2556 δαιμονῶσα,
1741 2520 1787 2546 καὶ
1814 2517 1916 2554 Ἀαρὼν

1129 2569 1266 2597 κοινωνῶν
1293 2568 1340 2595 τοῦ
1362 2568 1525 2604 μιάσματος,
1551 2567 1598 2593 καὶ
1613 2566 1659 2593 τοῦ
1672 2566 1755 2602 νόμου
1770 2564 1914 2599 διαφθορὰ,

1128 2618 1176 2644 καὶ
1189 2616 1242 2642 τῶν
1261 2613 1373 2642 πλακῶν
1391 2614 1568 2649 συντριμμδς,
1583 2613 1628 2639 καὶ
1642 2611 1781 2643 Μωῦσέως
1794 2610 1916 2645 δεύτερος

1127 2662 1228 2697 δρόμος
1243 2661 1289 2688 ἐπὶ
1305 2660 1334 2687 τὸ
1351 2660 1424 2695 ὅρος,
1440 2661 1487 2686 καὶ
1499 2660 1588 2687 πάντα
1602 2659 1698 2690 ταῦτα,
1719 2659 1770 2685 ὅσα
1783 2658 1800 2692 ἡ
1814 2655 1917 2691 ἱστορία

1129 2706 1324 2743 σχετλιάζουσα
1337 2707 1507 2743 ὀλοφύρεται,
1520 2706 1575 2732 ἀπὸ
1587 2705 1715 2741 βρώσεως
1731 2703 1853 2739 ἀμέτρου
1871 2700 1918 2739 τὴν

1129 2753 1215 2790 ἀρχὴν
1232 2753 1295 2789 ἔσχε
1313 2753 1360 2780 καὶ
1376 2753 1424 2788 τὴν
1439 2751 1538 2779 αἰτίαν.

1372 2843 1391 2858 ”
1409 2841 1494 2870 Exod.
1510 2848 1601 2874 xxxii,
1615 2839 1659 2872 22,
1679 2847 1738 2875 sqq.
