  <div class='ocr_page' id='page_1' title='image "/cluster/home/n/w/nwhite01/storage/ocr_20150623/40/njp.32101012273239/204.png"; bbox 0 0 2080 3156; ppageno 0'>
   <div class='ocr_carea' id='block_1_1' title="bbox 228 147 280 177">
    <p class='ocr_par' dir='ltr' id='par_1_1' title="bbox 228 147 280 177">
     <span class='ocr_line' id='line_1_1' title="bbox 228 147 280 177; baseline -0.077 0"><span class='ocrx_word' id='word_1_1' title='bbox 228 147 280 177; x_wconf 73' lang='grc'><strong>377</strong></span> 
     </span>
    </p>
   </div>
   <div class='ocr_carea' id='block_1_2' title="bbox 686 147 1424 179">
    <p class='ocr_par' dir='ltr' id='par_1_2' title="bbox 686 147 1424 179">
     <span class='ocr_line' id='line_1_2' title="bbox 686 147 1424 179; baseline 0.005 -4"><span class='ocrx_word' id='word_1_2' title='bbox 686 147 828 176; x_wconf 70' lang='grc' dir='ltr'><strong>ΙΙΟΜΞΙΛΑ</strong></span> <span class='ocrx_word' id='word_1_3' title='bbox 849 149 918 177; x_wconf 71' lang='lat' dir='ltr'><strong>XIV.</strong></span> <span class='ocrx_word' id='word_1_4' title='bbox 936 148 968 176; x_wconf 75' lang='grc' dir='ltr'><strong>ΙΝ</strong></span> <span class='ocrx_word' id='word_1_5' title='bbox 985 148 1185 178; x_wconf 63' lang='grc' dir='ltr'><strong>ΡΒΙΝΕΙΡΙΗᾹΙ</strong></span> <span class='ocrx_word' id='word_1_6' title='bbox 1203 149 1424 179; x_wconf 73' lang='lat' dir='ltr'><strong>JEJUMORUM.</strong></span> 
     </span>
    </p>
   </div>
   <div class='ocr_carea' id='block_1_3' title="bbox 1803 148 1857 177">
    <p class='ocr_par' dir='ltr' id='par_1_3' title="bbox 1803 148 1857 177">
     <span class='ocr_line' id='line_1_3' title="bbox 1803 148 1857 177; baseline 0 0"><span class='ocrx_word' id='word_1_7' title='bbox 1803 148 1857 177; x_wconf 73' lang='lat'><strong>318</strong></span> 
     </span>
    </p>
   </div>
   <div class='ocr_carea' id='block_1_4' title="bbox 261 205 1013 246">
    <p class='ocr_par' dir='ltr' id='par_1_4' title="bbox 261 205 1013 245">
     <span class='ocr_line' id='line_1_4' title="bbox 261 205 1013 245; baseline 0.007 -14"><span class='ocrx_word' id='word_1_8' title='bbox 261 205 336 232; x_wconf 72' lang='grc' dir='ltr'>Θέλω</span> <span class='ocrx_word' id='word_1_9' title='bbox 345 205 373 232; x_wconf 72' lang='grc' dir='ltr'>δι</span> <span class='ocrx_word' id='word_1_10' title='bbox 388 205 452 242; x_wconf 79' lang='grc' dir='ltr'>ὑμῖν</span> <span class='ocrx_word' id='word_1_11' title='bbox 467 207 513 233; x_wconf 71' lang='grc' dir='ltr'>καὶ</span> <span class='ocrx_word' id='word_1_12' title='bbox 528 206 592 233; x_wconf 72' lang='grc' dir='ltr'>ἄλλο</span> <span class='ocrx_word' id='word_1_13' title='bbox 613 207 783 243; x_wconf 70' lang='grc' dir='ltr'><strong>παραθέσθαι</strong></span> <span class='ocrx_word' id='word_1_14' title='bbox 805 209 936 245; x_wconf 76' lang='grc' dir='ltr'>διήγημα,</span> <span class='ocrx_word' id='word_1_15' title='bbox 955 209 1013 236; x_wconf 87' lang='grc' dir='ltr'>δεύ-</span> 
     </span>
    </p>
   </div>
   <div class='ocr_carea' id='block_1_5' title="bbox 1064 205 1855 246">
    <p class='ocr_par' dir='ltr' id='par_1_5' title="bbox 1102 209 1855 246">
     <span class='ocr_line' id='line_1_5' title="bbox 1102 209 1855 246; baseline -0.003 -9"><span class='ocrx_word' id='word_1_16' title='bbox 1102 209 1180 238; x_wconf 85' lang='lat' dir='ltr'><strong>Libet</strong></span> <span class='ocrx_word' id='word_1_17' title='bbox 1194 218 1258 238; x_wconf 82' lang='lat' dir='ltr'><strong>vero</strong></span> <span class='ocrx_word' id='word_1_18' title='bbox 1276 215 1303 238; x_wconf 91' lang='lat' dir='ltr'><strong>et</strong></span> <span class='ocrx_word' id='word_1_19' title='bbox 1316 210 1388 238; x_wconf 83' lang='lat' dir='ltr'><strong>aliud</strong></span> <span class='ocrx_word' id='word_1_20' title='bbox 1401 210 1529 246; x_wconf 81' lang='lat' dir='ltr'><strong>quiddam</strong></span> <span class='ocrx_word' id='word_1_21' title='bbox 1549 216 1772 242; x_wconf 82' lang='lat' dir='ltr'><strong>connucmorare,</strong></span> <span class='ocrx_word' id='word_1_22' title='bbox 1787 214 1855 236; x_wconf 89' lang='lat' dir='ltr'><strong>tem-</strong></span> 
     </span>
    </p>
   </div>
   <div class='ocr_carea' id='block_1_6' title="bbox 227 251 1018 290">
    <p class='ocr_par' dir='ltr' id='par_1_6' title="bbox 227 251 1018 290">
     <span class='ocr_line' id='line_1_6' title="bbox 227 251 1018 290; baseline 0.005 -12"><span class='ocrx_word' id='word_1_23' title='bbox 227 260 305 287; x_wconf 75' lang='grc' dir='ltr'>τερον</span> <span class='ocrx_word' id='word_1_24' title='bbox 329 251 378 287; x_wconf 75' lang='grc' dir='ltr'>μὲν</span> <span class='ocrx_word' id='word_1_25' title='bbox 399 251 446 280; x_wconf 76' lang='grc' dir='ltr'><strong>τοῦ</strong></span> <span class='ocrx_word' id='word_1_26' title='bbox 468 252 661 288; x_wconf 76' lang='grc' dir='ltr'>προλεχθέντος</span> <span class='ocrx_word' id='word_1_27' title='bbox 682 255 738 285; x_wconf 87' lang='grc' dir='ltr'>τοῖς</span> <span class='ocrx_word' id='word_1_28' title='bbox 763 255 880 290; x_wconf 82' lang='grc' dir='ltr'>χρόνοις,</span> <span class='ocrx_word' id='word_1_29' title='bbox 899 256 1018 282; x_wconf 75' lang='grc' dir='ltr'>ἰσοδυνα-</span> 
     </span>
    </p>
   </div>
   <div class='ocr_carea' id='block_1_7' title="bbox 230 297 1016 337">
    <p class='ocr_par' dir='ltr' id='par_1_7' title="bbox 230 297 1016 337">
     <span class='ocr_line' id='line_1_7' title="bbox 230 297 1016 337; baseline 0.006 -14"><span class='ocrx_word' id='word_1_30' title='bbox 230 297 297 334; x_wconf 81' lang='grc' dir='ltr'>μοῦν</span> <span class='ocrx_word' id='word_1_31' title='bbox 312 297 340 325; x_wconf 79' lang='grc' dir='ltr'>δὲ</span> <span class='ocrx_word' id='word_1_32' title='bbox 353 297 423 325; x_wconf 86' lang='grc' dir='ltr'>κατὰ</span> <span class='ocrx_word' id='word_1_33' title='bbox 438 297 485 333; x_wconf 83' lang='grc' dir='ltr'>τὴν</span> <span class='ocrx_word' id='word_1_34' title='bbox 501 299 608 334; x_wconf 72' lang='grc' dir='ltr'>πρᾶξιν.</span> <span class='ocrx_word' id='word_1_35' title='bbox 630 299 658 325; x_wconf 86' lang='lat' dir='ltr'><strong>&#39;O</strong></span> <span class='ocrx_word' id='word_1_36' title='bbox 676 300 760 326; x_wconf 76' lang='grc' dir='ltr'>Σαοὺλ</span> <span class='ocrx_word' id='word_1_37' title='bbox 776 301 790 326; x_wconf 88' lang='grc' dir='ltr'><strong>ὀ</strong></span> <span class='ocrx_word' id='word_1_38' title='bbox 805 300 930 335; x_wconf 81' lang='grc' dir='ltr'>βασιλεὺς</span> <span class='ocrx_word' id='word_1_39' title='bbox 946 310 1016 337; x_wconf 83' lang='grc' dir='ltr'>παρ-</span> 
     </span>
    </p>
   </div>
   <div class='ocr_carea' id='block_1_8' title="bbox 229 343 1015 382">
    <p class='ocr_par' dir='ltr' id='par_1_8' title="bbox 229 343 1015 382">
     <span class='ocr_line' id='line_1_8' title="bbox 229 343 1015 382; baseline 0.004 -11"><span class='ocrx_word' id='word_1_40' title='bbox 229 343 364 375; x_wconf 79' lang='grc' dir='ltr'>ετάττετο,</span> <span class='ocrx_word' id='word_1_41' title='bbox 385 343 432 369; x_wconf 80' lang='grc' dir='ltr'>καὶ</span> <span class='ocrx_word' id='word_1_42' title='bbox 453 343 497 370; x_wconf 83' lang='grc' dir='ltr'><strong>διὰ</strong></span> <span class='ocrx_word' id='word_1_43' title='bbox 512 343 611 379; x_wconf 77' lang='grc' dir='ltr'>πολλῆς</span> <span class='ocrx_word' id='word_1_44' title='bbox 623 346 760 380; x_wconf 80' lang='grc' dir='ltr'><strong>φροντίδος</strong></span> <span class='ocrx_word' id='word_1_45' title='bbox 771 344 821 381; x_wconf 81' lang='grc' dir='ltr'>ἦγε</span> <span class='ocrx_word' id='word_1_46' title='bbox 833 347 878 373; x_wconf 72' lang='grc' dir='ltr'>τὸν</span> <span class='ocrx_word' id='word_1_47' title='bbox 890 347 1015 382; x_wconf 84' lang='grc' dir='ltr'>πόλεμον·</span> 
     </span>
    </p>
   </div>
   <div class='ocr_carea' id='block_1_9' title="bbox 229 388 1017 429">
    <p class='ocr_par' dir='ltr' id='par_1_9' title="bbox 229 388 1017 429">
     <span class='ocr_line' id='line_1_9' title="bbox 229 388 1017 429; baseline 0.008 -15"><span class='ocrx_word' id='word_1_48' title='bbox 229 388 402 424; x_wconf 74' lang='grc' dir='ltr'>ἀπηγόρευσε</span> <span class='ocrx_word' id='word_1_49' title='bbox 419 389 447 416; x_wconf 84' lang='grc' dir='ltr'>δὲ</span> <span class='ocrx_word' id='word_1_50' title='bbox 461 389 499 424; x_wconf 80' lang='grc' dir='ltr'>τῷ</span> <span class='ocrx_word' id='word_1_51' title='bbox 521 389 578 425; x_wconf 82' lang='grc' dir='ltr'>λαῷ</span> <span class='ocrx_word' id='word_1_52' title='bbox 591 391 695 426; x_wconf 71' lang='grc' dir='ltr'>τροφῆς</span> <span class='ocrx_word' id='word_1_53' title='bbox 710 392 739 418; x_wconf 84' lang='grc' dir='ltr'>ὲν</span> <span class='ocrx_word' id='word_1_54' title='bbox 761 392 852 428; x_wconf 78' lang='grc' dir='ltr'>ἐκείνῃ</span> <span class='ocrx_word' id='word_1_55' title='bbox 875 394 907 428; x_wconf 86' lang='grc' dir='ltr'>τῇ</span> <span class='ocrx_word' id='word_1_56' title='bbox 926 393 1017 429; x_wconf 76' lang='grc' dir='ltr'>ἡμέρα</span> 
     </span>
    </p>
   </div>
   <div class='ocr_carea' id='block_1_10' title="bbox 231 433 1016 473">
    <p class='ocr_par' dir='ltr' id='par_1_10' title="bbox 231 433 1016 473">
     <span class='ocr_line' id='line_1_10' title="bbox 231 433 1016 473; baseline 0.008 -14"><span class='ocrx_word' id='word_1_57' title='bbox 231 433 403 470; x_wconf 69' lang='grc' dir='ltr'>μεταλαϐεῖν,</span> <span class='ocrx_word' id='word_1_58' title='bbox 439 435 512 471; x_wconf 81' lang='grc' dir='ltr'>ὅρκῳ</span> <span class='ocrx_word' id='word_1_59' title='bbox 536 436 586 471; x_wconf 77' lang='grc' dir='ltr'>τὴν</span> <span class='ocrx_word' id='word_1_60' title='bbox 609 436 699 471; x_wconf 83' lang='grc' dir='ltr'>κρίσιν</span> <span class='ocrx_word' id='word_1_61' title='bbox 724 437 942 473; x_wconf 71' lang='grc' dir='ltr'>ὲπισφραγίσας,</span> <span class='ocrx_word' id='word_1_62' title='bbox 970 439 1016 467; x_wconf 79' lang='grc' dir='ltr'><strong>καὶ</strong></span> 
     </span>
    </p>
   </div>
   <div class='ocr_carea' id='block_1_11' title="bbox 231 478 1016 519">
    <p class='ocr_par' dir='ltr' id='par_1_11' title="bbox 231 478 1016 519">
     <span class='ocr_line' id='line_1_11' title="bbox 231 478 1016 519; baseline 0.006 -13"><span class='ocrx_word' id='word_1_63' title='bbox 231 478 343 512; x_wconf 81' lang='grc' dir='ltr'>θάνατος</span> <span class='ocrx_word' id='word_1_64' title='bbox 365 478 399 516; x_wconf 79' lang='grc' dir='ltr'>ἦν</span> <span class='ocrx_word' id='word_1_65' title='bbox 421 480 437 515; x_wconf 83' lang='grc' dir='ltr'>ἡ</span> <span class='ocrx_word' id='word_1_66' title='bbox 462 480 547 516; x_wconf 77' lang='grc' dir='ltr'>ζημία</span> <span class='ocrx_word' id='word_1_67' title='bbox 570 481 609 517; x_wconf 85' lang='grc' dir='ltr'>τῷ</span> <span class='ocrx_word' id='word_1_68' title='bbox 634 482 848 518; x_wconf 84' lang='grc' dir='ltr'>παρακούσαντι.</span> <span class='ocrx_word' id='word_1_69' title='bbox 873 484 965 519; x_wconf 85' lang='grc' dir='ltr'>Πάσης</span> <span class='ocrx_word' id='word_1_70' title='bbox 988 485 1016 511; x_wconf 84' lang='grc' dir='ltr'>δὲ</span> 
     </span>
    </p>
   </div>
   <div class='ocr_carea' id='block_1_12' title="bbox 229 526 1014 564">
    <p class='ocr_par' dir='ltr' id='par_1_12' title="bbox 229 526 1014 564">
     <span class='ocr_line' id='line_1_12' title="bbox 229 526 1014 564; baseline 0.003 -11"><span class='ocrx_word' id='word_1_71' title='bbox 229 526 280 562; x_wconf 78' lang='grc' dir='ltr'>τῆς</span> <span class='ocrx_word' id='word_1_72' title='bbox 308 527 433 563; x_wconf 72' lang='grc' dir='ltr'>στρατιᾶς</span> <span class='ocrx_word' id='word_1_73' title='bbox 457 526 593 559; x_wconf 77' lang='grc' dir='ltr'><strong>εὐπειθῶς</strong></span> <span class='ocrx_word' id='word_1_74' title='bbox 615 527 766 563; x_wconf 78' lang='grc' dir='ltr'><strong>δεξαμένης</strong></span> <span class='ocrx_word' id='word_1_75' title='bbox 787 528 817 554; x_wconf 75' lang='grc' dir='ltr'>τὸ</span> <span class='ocrx_word' id='word_1_76' title='bbox 841 528 1014 564; x_wconf 79' lang='grc' dir='ltr'><strong>πρόσταγμα,</strong></span> 
     </span>
    </p>
   </div>
   <div class='ocr_carea' id='block_1_13' title="bbox 232 572 1016 610">
    <p class='ocr_par' dir='ltr' id='par_1_13' title="bbox 232 572 1016 610">
     <span class='ocr_line' id='line_1_13' title="bbox 232 572 1016 610; baseline 0.004 -11"><span class='ocrx_word' id='word_1_77' title='bbox 232 573 311 609; x_wconf 80' lang='grc' dir='ltr'>μόνος</span> <span class='ocrx_word' id='word_1_78' title='bbox 323 574 337 600; x_wconf 79' lang='grc' dir='ltr'><strong><em>ὁ</em></strong></span> <span class='ocrx_word' id='word_1_79' title='bbox 353 572 399 600; x_wconf 82' lang='grc' dir='ltr'><strong>τοῦ</strong></span> <span class='ocrx_word' id='word_1_80' title='bbox 413 572 547 608; x_wconf 80' lang='grc' dir='ltr'>βασιλέως</span> <span class='ocrx_word' id='word_1_81' title='bbox 561 574 625 604; x_wconf 84' lang='grc' dir='ltr'>παῖς</span> <span class='ocrx_word' id='word_1_82' title='bbox 646 573 774 600; x_wconf 79' lang='grc' dir='ltr'>Ὶωνάθαν</span> <span class='ocrx_word' id='word_1_83' title='bbox 790 575 887 609; x_wconf 81' lang='grc' dir='ltr'>σμήνει</span> <span class='ocrx_word' id='word_1_84' title='bbox 907 583 1016 610; x_wconf 80' lang='grc' dir='ltr'>περιτυ-</span> 
     </span>
    </p>
   </div>
   <div class='ocr_carea' id='block_1_14' title="bbox 230 617 1015 658">
    <p class='ocr_par' dir='ltr' id='par_1_14' title="bbox 230 617 1015 658">
     <span class='ocr_line' id='line_1_14' title="bbox 230 617 1015 658; baseline 0.004 -14"><span class='ocrx_word' id='word_1_85' title='bbox 230 617 295 655; x_wconf 83' lang='grc' dir='ltr'>χὼν,</span> <span class='ocrx_word' id='word_1_86' title='bbox 309 618 411 645; x_wconf 74' lang='grc' dir='ltr'>καὶτοῦ</span> <span class='ocrx_word' id='word_1_87' title='bbox 425 618 532 654; x_wconf 75' lang='grc' dir='ltr'>μέλιτος</span> <span class='ocrx_word' id='word_1_88' title='bbox 545 619 680 658; x_wconf 77' lang='grc' dir='ltr'>ἡττηθεὶς,</span> <span class='ocrx_word' id='word_1_89' title='bbox 696 619 823 655; x_wconf 76' lang='grc' dir='ltr'><strong>ἐμπήξας</strong></span> <span class='ocrx_word' id='word_1_90' title='bbox 838 622 893 652; x_wconf 89' lang='grc' dir='ltr'>τοῖς</span> <span class='ocrx_word' id='word_1_91' title='bbox 910 620 1015 656; x_wconf 78' lang='grc' dir='ltr'>κηρίοις</span> 
     </span>
    </p>
   </div>
   <div class='ocr_carea' id='block_1_15' title="bbox 229 663 1014 700">
    <p class='ocr_par' dir='ltr' id='par_1_15' title="bbox 229 663 1014 700">
     <span class='ocr_line' id='line_1_15' title="bbox 229 663 1014 700; baseline 0.004 -10"><span class='ocrx_word' id='word_1_92' title='bbox 229 664 259 690; x_wconf 83' lang='grc' dir='ltr'><strong>τὺ</strong></span> <span class='ocrx_word' id='word_1_93' title='bbox 275 663 422 700; x_wconf 85' lang='grc' dir='ltr'>σκῆπτρον,</span> <span class='ocrx_word' id='word_1_94' title='bbox 437 663 485 691; x_wconf 86' lang='grc' dir='ltr'>τοῦ</span> <span class='ocrx_word' id='word_1_95' title='bbox 508 664 700 700; x_wconf 77' lang='grc' dir='ltr'>γλυκάσματος</span> <span class='ocrx_word' id='word_1_96' title='bbox 723 665 903 699; x_wconf 78' lang='grc' dir='ltr'><strong>ἀπεγεύσατο.</strong></span> <span class='ocrx_word' id='word_1_97' title='bbox 929 665 1014 693; x_wconf 84' lang='grc' dir='ltr'>Ἦλθε</span> 
     </span>
    </p>
   </div>
   <div class='ocr_carea' id='block_1_16' title="bbox 228 709 1013 748">
    <p class='ocr_par' dir='ltr' id='par_1_16' title="bbox 228 709 1013 748">
     <span class='ocr_line' id='line_1_16' title="bbox 228 709 1013 748; baseline 0.003 -12"><span class='ocrx_word' id='word_1_98' title='bbox 228 709 257 736; x_wconf 80' lang='grc' dir='ltr'>δὲ</span> <span class='ocrx_word' id='word_1_99' title='bbox 275 709 359 743; x_wconf 74' lang='grc' dir='ltr'>ἐγγὺς</span> <span class='ocrx_word' id='word_1_100' title='bbox 374 709 420 736; x_wconf 72' lang='grc' dir='ltr'>τοῦ</span> <span class='ocrx_word' id='word_1_101' title='bbox 438 709 572 742; x_wconf 78' lang='grc' dir='ltr'>κινδύνου,</span> <span class='ocrx_word' id='word_1_102' title='bbox 589 711 613 736; x_wconf 83' lang='grc' dir='ltr'><strong>εί</strong></span> <span class='ocrx_word' id='word_1_103' title='bbox 632 710 669 746; x_wconf 82' lang='grc' dir='ltr'>μὴ</span> <span class='ocrx_word' id='word_1_104' title='bbox 687 711 716 737; x_wconf 78' lang='grc' dir='ltr'><strong>τὸ</strong></span> <span class='ocrx_word' id='word_1_105' title='bbox 732 711 834 747; x_wconf 80' lang='grc' dir='ltr'>πλῆθος</span> <span class='ocrx_word' id='word_1_106' title='bbox 850 712 922 739; x_wconf 78' lang='grc' dir='ltr'>ἅπαν</span> <span class='ocrx_word' id='word_1_107' title='bbox 937 713 1013 748; x_wconf 78' lang='grc' dir='ltr'>κοινῇ</span> 
     </span>
    </p>
   </div>
   <div class='ocr_carea' id='block_1_17' title="bbox 228 753 1012 792">
    <p class='ocr_par' dir='ltr' id='par_1_17' title="bbox 228 753 1012 792">
     <span class='ocr_line' id='line_1_17' title="bbox 228 753 1012 792; baseline 0.003 -12"><span class='ocrx_word' id='word_1_108' title='bbox 228 753 296 790; x_wconf 78' lang='grc' dir='ltr'>πρὸς</span> <span class='ocrx_word' id='word_1_109' title='bbox 309 754 357 790; x_wconf 77' lang='grc' dir='ltr'>τὴν</span> <span class='ocrx_word' id='word_1_110' title='bbox 371 755 458 791; x_wconf 81' lang='grc' dir='ltr'>ὁρμὴν</span> <span class='ocrx_word' id='word_1_111' title='bbox 471 754 517 785; x_wconf 82' lang='grc' dir='ltr'>τοῦ</span> <span class='ocrx_word' id='word_1_112' title='bbox 534 755 636 791; x_wconf 78' lang='grc' dir='ltr'>πατρὸς</span> <span class='ocrx_word' id='word_1_113' title='bbox 658 756 704 782; x_wconf 72' lang='grc' dir='ltr'><strong>καὶ</strong></span> <span class='ocrx_word' id='word_1_114' title='bbox 725 755 857 791; x_wconf 79' lang='grc' dir='ltr'>βασιλέως</span> <span class='ocrx_word' id='word_1_115' title='bbox 873 757 1012 792; x_wconf 73' lang='grc' dir='ltr'>ἀντέσχεν,</span> 
     </span>
    </p>
   </div>
   <div class='ocr_carea' id='block_1_18' title="bbox 228 800 888 838">
    <p class='ocr_par' dir='ltr' id='par_1_18' title="bbox 228 800 888 838">
     <span class='ocr_line' id='line_1_18' title="bbox 228 800 888 838; baseline 0.005 -12"><span class='ocrx_word' id='word_1_116' title='bbox 228 800 381 834; x_wconf 82' lang='grc' dir='ltr'>ἀπαγαγεῖν</span> <span class='ocrx_word' id='word_1_117' title='bbox 397 800 445 837; x_wconf 83' lang='grc' dir='ltr'>τὴν</span> <span class='ocrx_word' id='word_1_118' title='bbox 461 801 576 837; x_wconf 76' lang='grc' dir='ltr'>ἀπειλὴν</span> <span class='ocrx_word' id='word_1_119' title='bbox 590 803 629 833; x_wconf 86' lang='grc' dir='ltr'>εἰς</span> <span class='ocrx_word' id='word_1_120' title='bbox 642 801 722 838; x_wconf 72' lang='grc' dir='ltr'>ἔργον</span> <span class='ocrx_word' id='word_1_121' title='bbox 736 802 888 837; x_wconf 78' lang='grc' dir='ltr'>ὁρίσαντος.</span> 
     </span>
    </p>
   </div>
   <div class='ocr_carea' id='block_1_19' title="bbox 262 844 1013 881">
    <p class='ocr_par' dir='ltr' id='par_1_19' title="bbox 262 844 1013 881">
     <span class='ocr_line' id='line_1_19' title="bbox 262 844 1013 881; baseline 0.007 -11"><span class='ocrx_word' id='word_1_122' title='bbox 262 844 334 880; x_wconf 78' lang='grc' dir='ltr'>Πρὸς</span> <span class='ocrx_word' id='word_1_123' title='bbox 348 845 377 871; x_wconf 82' lang='grc' dir='ltr'>δὲ</span> <span class='ocrx_word' id='word_1_124' title='bbox 390 847 444 877; x_wconf 81' lang='grc' dir='ltr'>τοῖς</span> <span class='ocrx_word' id='word_1_125' title='bbox 456 846 611 881; x_wconf 79' lang='grc' dir='ltr'>εἰρημένοις</span> <span class='ocrx_word' id='word_1_126' title='bbox 623 846 707 881; x_wconf 76' lang='grc' dir='ltr'>μυρία</span> <span class='ocrx_word' id='word_1_127' title='bbox 718 846 830 874; x_wconf 81' lang='grc' dir='ltr'>τοιαῦτα</span> <span class='ocrx_word' id='word_1_128' title='bbox 843 847 946 879; x_wconf 72' lang='grc' dir='ltr'>ἔξεστιν</span> <span class='ocrx_word' id='word_1_129' title='bbox 959 848 1013 875; x_wconf 73' lang='grc' dir='ltr'><strong>ἀπὸ</strong></span> 
     </span>
    </p>
   </div>
   <div class='ocr_carea' id='block_1_20' title="bbox 1069 256 1853 291">
    <p class='ocr_par' dir='ltr' id='par_1_20' title="bbox 1069 256 1853 291">
     <span class='ocr_line' id='line_1_20' title="bbox 1069 256 1853 291; baseline -0.004 -8"><span class='ocrx_word' id='word_1_130' title='bbox 1069 263 1133 290; x_wconf 85' lang='lat' dir='ltr'><strong>pore</strong></span> <span class='ocrx_word' id='word_1_131' title='bbox 1156 257 1264 291; x_wconf 83' lang='lat' dir='ltr'><strong>quidem</strong></span> <span class='ocrx_word' id='word_1_132' title='bbox 1290 256 1424 290; x_wconf 71' lang='lat' dir='ltr'><strong>posterius</strong></span> <span class='ocrx_word' id='word_1_133' title='bbox 1444 256 1489 284; x_wconf 87' lang='lat' dir='ltr'><strong>sed</strong></span> <span class='ocrx_word' id='word_1_134' title='bbox 1513 256 1584 290; x_wconf 91' lang='lat' dir='ltr'><strong>quod</strong></span> <span class='ocrx_word' id='word_1_135' title='bbox 1613 256 1646 283; x_wconf 81' lang='lat' dir='ltr'><strong>ad</strong></span> <span class='ocrx_word' id='word_1_136' title='bbox 1669 263 1724 282; x_wconf 75' lang='lat' dir='ltr'><strong>rem</strong></span> <span class='ocrx_word' id='word_1_137' title='bbox 1747 256 1853 286; x_wconf 63' lang='lat' dir='ltr'><strong>attinet,</strong></span> 
     </span>
    </p>
   </div>
   <div class='ocr_carea' id='block_1_21' title="bbox 1068 299 1853 336">
    <p class='ocr_par' dir='ltr' id='par_1_21' title="bbox 1068 299 1853 336">
     <span class='ocr_line' id='line_1_21' title="bbox 1068 299 1853 336; baseline -0.001 -9"><span class='ocrx_word' id='word_1_138' title='bbox 1068 302 1146 336; x_wconf 86' lang='lat' dir='ltr'><strong>plane</strong></span> <span class='ocrx_word' id='word_1_139' title='bbox 1158 301 1332 335; x_wconf 68' lang='lat' dir='ltr'><strong>mquivalens.</strong></span> <span class='ocrx_word' id='word_1_140' title='bbox 1346 301 1409 329; x_wconf 85' lang='lat' dir='ltr'><strong>Saul</strong></span> <span class='ocrx_word' id='word_1_141' title='bbox 1430 308 1475 328; x_wconf 83' lang='lat' dir='ltr'><strong>rex</strong></span> <span class='ocrx_word' id='word_1_142' title='bbox 1502 302 1527 328; x_wconf 94' lang='lat' dir='ltr'><strong>in</strong></span> <span class='ocrx_word' id='word_1_143' title='bbox 1542 302 1639 329; x_wconf 75' lang='lat' dir='ltr'><strong>castris</strong></span> <span class='ocrx_word' id='word_1_144' title='bbox 1651 305 1720 332; x_wconf 81' lang='lat' dir='ltr'><strong>erat.</strong></span> <span class='ocrx_word' id='word_1_145' title='bbox 1733 305 1760 328; x_wconf 91' lang='lat' dir='ltr'><strong>et</strong></span> <span class='ocrx_word' id='word_1_146' title='bbox 1772 299 1853 327; x_wconf 81' lang='lat' dir='ltr'><strong>multa</strong></span> 
     </span>
    </p>
   </div>
   <div class='ocr_carea' id='block_1_22' title="bbox 1068 346 1853 374">
    <p class='ocr_par' dir='ltr' id='par_1_22' title="bbox 1068 346 1853 374">
     <span class='ocr_line' id='line_1_22' title="bbox 1068 346 1853 374; baseline -0.001 -1"><span class='ocrx_word' id='word_1_147' title='bbox 1068 347 1251 374; x_wconf 72' lang='lat' dir='ltr'><strong>sollicitudine</strong></span> <span class='ocrx_word' id='word_1_148' title='bbox 1275 347 1374 374; x_wconf 86' lang='lat' dir='ltr'><strong>bellum</strong></span> <span class='ocrx_word' id='word_1_149' title='bbox 1397 347 1616 374; x_wconf 72' lang='lat' dir='ltr'><strong>administrabat.</strong></span> <span class='ocrx_word' id='word_1_150' title='bbox 1643 346 1782 373; x_wconf 89' lang='lat' dir='ltr'><strong>lnterdixit</strong></span> <span class='ocrx_word' id='word_1_151' title='bbox 1803 353 1853 372; x_wconf 83' lang='lat' dir='ltr'><strong>au—</strong></span> 
     </span>
    </p>
   </div>
   <div class='ocr_carea' id='block_1_23' title="bbox 1069 390 1851 426">
    <p class='ocr_par' dir='ltr' id='par_1_23' title="bbox 1069 390 1851 426">
     <span class='ocr_line' id='line_1_23' title="bbox 1069 390 1851 426; baseline -0.001 -8"><span class='ocrx_word' id='word_1_152' title='bbox 1069 396 1121 418; x_wconf 91' lang='lat' dir='ltr'><strong>tem</strong></span> <span class='ocrx_word' id='word_1_153' title='bbox 1133 391 1247 426; x_wconf 88' lang='lat' dir='ltr'><strong>populo,</strong></span> <span class='ocrx_word' id='word_1_154' title='bbox 1263 399 1295 418; x_wconf 91' lang='lat' dir='ltr'><strong>ne</strong></span> <span class='ocrx_word' id='word_1_155' title='bbox 1307 392 1368 425; x_wconf 86' lang='lat' dir='ltr'><strong>quis</strong></span> <span class='ocrx_word' id='word_1_156' title='bbox 1391 391 1435 418; x_wconf 91' lang='lat' dir='ltr'><strong>illo</strong></span> <span class='ocrx_word' id='word_1_157' title='bbox 1452 391 1496 418; x_wconf 90' lang='lat' dir='ltr'><strong>die</strong></span> <span class='ocrx_word' id='word_1_158' title='bbox 1510 391 1598 418; x_wconf 89' lang='lat' dir='ltr'><strong>cibum</strong></span> <span class='ocrx_word' id='word_1_159' title='bbox 1613 397 1730 418; x_wconf 89' lang='lat' dir='ltr'><strong>sumeret</strong></span> <span class='ocrx_word' id='word_1_160' title='bbox 1739 390 1776 422; x_wconf 86' lang='lat'>&quot;;</span> <span class='ocrx_word' id='word_1_161' title='bbox 1789 397 1851 418; x_wconf 83' lang='lat' dir='ltr'><strong>sen-</strong></span> 
     </span>
    </p>
   </div>
   <div class='ocr_carea' id='block_1_24' title="bbox 1068 436 1853 472">
    <p class='ocr_par' dir='ltr' id='par_1_24' title="bbox 1068 436 1853 472">
     <span class='ocr_line' id='line_1_24' title="bbox 1068 436 1853 472; baseline -0.001 -9"><span class='ocrx_word' id='word_1_162' title='bbox 1068 436 1179 463; x_wconf 81' lang='lat' dir='ltr'><strong>tentiam</strong></span> <span class='ocrx_word' id='word_1_163' title='bbox 1198 444 1275 464; x_wconf 85' lang='lat' dir='ltr'><strong>suam</strong></span> <span class='ocrx_word' id='word_1_164' title='bbox 1294 436 1470 471; x_wconf 84' lang='lat' dir='ltr'><strong>jurejurando</strong></span> <span class='ocrx_word' id='word_1_165' title='bbox 1485 437 1641 472; x_wconf 77' lang='lat' dir='ltr'><strong>obsignans,</strong></span> <span class='ocrx_word' id='word_1_166' title='bbox 1656 437 1765 464; x_wconf 89' lang='lat' dir='ltr'><strong>decreto</strong></span> <span class='ocrx_word' id='word_1_167' title='bbox 1781 443 1853 463; x_wconf 79' lang='lat' dir='ltr'><strong>mor-</strong></span> 
     </span>
    </p>
   </div>
   <div class='ocr_carea' id='block_1_25' title="bbox 1067 481 1854 517">
    <p class='ocr_par' dir='ltr' id='par_1_25' title="bbox 1067 481 1854 517">
     <span class='ocr_line' id='line_1_25' title="bbox 1067 481 1854 517; baseline 0 -10"><span class='ocrx_word' id='word_1_168' title='bbox 1067 482 1102 509; x_wconf 93' lang='lat' dir='ltr'><strong>tis</strong></span> <span class='ocrx_word' id='word_1_169' title='bbox 1116 481 1250 516; x_wconf 89' lang='lat' dir='ltr'><strong>supplicio</strong></span> <span class='ocrx_word' id='word_1_170' title='bbox 1279 482 1301 508; x_wconf 87' lang='lat' dir='ltr'><strong>si</strong></span> <span class='ocrx_word' id='word_1_171' title='bbox 1331 482 1391 517; x_wconf 80' lang='lat' dir='ltr'><strong>quis</strong></span> <span class='ocrx_word' id='word_1_172' title='bbox 1418 489 1469 509; x_wconf 89' lang='lat' dir='ltr'><strong>non</strong></span> <span class='ocrx_word' id='word_1_173' title='bbox 1488 482 1707 516; x_wconf 83' lang='lat' dir='ltr'><strong>obtemperasset.</strong></span> <span class='ocrx_word' id='word_1_174' title='bbox 1725 482 1791 509; x_wconf 86' lang='lat' dir='ltr'><strong>Cum</strong></span> <span class='ocrx_word' id='word_1_175' title='bbox 1805 489 1854 508; x_wconf 86' lang='lat' dir='ltr'><strong>att-</strong></span> 
     </span>
    </p>
   </div>
   <div class='ocr_carea' id='block_1_26' title="bbox 1066 527 1852 562">
    <p class='ocr_par' dir='ltr' id='par_1_26' title="bbox 1066 527 1852 562">
     <span class='ocr_line' id='line_1_26' title="bbox 1066 527 1852 562; baseline 0.001 -9"><span class='ocrx_word' id='word_1_176' title='bbox 1066 531 1119 554; x_wconf 90' lang='lat' dir='ltr'><strong>tem</strong></span> <span class='ocrx_word' id='word_1_177' title='bbox 1137 531 1208 554; x_wconf 88' lang='lat' dir='ltr'><strong>Iotus</strong></span> <span class='ocrx_word' id='word_1_178' title='bbox 1224 527 1360 554; x_wconf 80' lang='lat' dir='ltr'><strong>exercitus</strong></span> <span class='ocrx_word' id='word_1_179' title='bbox 1386 528 1540 555; x_wconf 87' lang='lat' dir='ltr'><strong>mandatum</strong></span> <span class='ocrx_word' id='word_1_180' title='bbox 1562 527 1651 555; x_wconf 84' lang='lat' dir='ltr'><strong>debito</strong></span> <span class='ocrx_word' id='word_1_181' title='bbox 1662 527 1790 562; x_wconf 81' lang='lat' dir='ltr'><strong>obsequio</strong></span> <span class='ocrx_word' id='word_1_182' title='bbox 1805 535 1852 554; x_wconf 83' lang='lat' dir='ltr'><strong>ac-</strong></span> 
     </span>
    </p>
   </div>
   <div class='ocr_carea' id='block_1_27' title="bbox 1066 572 1853 608">
    <p class='ocr_par' dir='ltr' id='par_1_27' title="bbox 1066 572 1853 608">
     <span class='ocr_line' id='line_1_27' title="bbox 1066 572 1853 608; baseline 0.001 -9"><span class='ocrx_word' id='word_1_183' title='bbox 1066 573 1182 607; x_wconf 80' lang='lat' dir='ltr'><strong>cepisset</strong></span> <span class='ocrx_word' id='word_1_184' title='bbox 1195 594 1202 603; x_wconf 89' lang='lat'><strong>.</strong></span> <span class='ocrx_word' id='word_1_185' title='bbox 1235 572 1308 600; x_wconf 86' lang='lat' dir='ltr'><strong>solus</strong></span> <span class='ocrx_word' id='word_1_186' title='bbox 1336 572 1468 600; x_wconf 79' lang='lat' dir='ltr'><strong>Jonalhas</strong></span> <span class='ocrx_word' id='word_1_187' title='bbox 1479 593 1487 606; x_wconf 86' lang='lat'><strong>,</strong></span> <span class='ocrx_word' id='word_1_188' title='bbox 1511 573 1582 600; x_wconf 91' lang='lat' dir='ltr'><strong>ﬁlius</strong></span> <span class='ocrx_word' id='word_1_189' title='bbox 1597 574 1667 608; x_wconf 74' lang='lat' dir='ltr'><strong>regis</strong></span> <span class='ocrx_word' id='word_1_190' title='bbox 1679 594 1686 604; x_wconf 91' lang='lat'><strong>.</strong></span> <span class='ocrx_word' id='word_1_191' title='bbox 1702 573 1728 600; x_wconf 88' lang='lat' dir='ltr'><strong>in</strong></span> <span class='ocrx_word' id='word_1_192' title='bbox 1745 573 1853 600; x_wconf 75' lang='lat' dir='ltr'><strong>alveare</strong></span> 
     </span>
    </p>
   </div>
   <div class='ocr_carea' id='block_1_28' title="bbox 1066 618 1851 653">
    <p class='ocr_par' dir='ltr' id='par_1_28' title="bbox 1066 618 1851 653">
     <span class='ocr_line' id='line_1_28' title="bbox 1066 618 1851 653; baseline 0.001 -9"><span class='ocrx_word' id='word_1_193' title='bbox 1066 618 1195 651; x_wconf 87' lang='lat' dir='ltr'><strong>incidens.</strong></span> <span class='ocrx_word' id='word_1_194' title='bbox 1211 618 1352 653; x_wconf 86' lang='lat' dir='ltr'><strong>mellisque</strong></span> <span class='ocrx_word' id='word_1_195' title='bbox 1367 618 1508 646; x_wconf 75' lang='lat' dir='ltr'><strong>dulcedine</strong></span> <span class='ocrx_word' id='word_1_196' title='bbox 1532 619 1630 651; x_wconf 83' lang='lat' dir='ltr'><strong>victus.</strong></span> <span class='ocrx_word' id='word_1_197' title='bbox 1641 618 1702 646; x_wconf 80' lang='lat' dir='ltr'><strong>favo</strong></span> <span class='ocrx_word' id='word_1_198' title='bbox 1716 624 1851 653; x_wconf 79' lang='lat' dir='ltr'><strong>sceptrum</strong></span> 
     </span>
    </p>
   </div>
   <div class='ocr_carea' id='block_1_29' title="bbox 1065 662 1852 698">
    <p class='ocr_par' dir='ltr' id='par_1_29' title="bbox 1065 662 1852 698">
     <span class='ocr_line' id='line_1_29' title="bbox 1065 662 1852 698; baseline 0.001 -9"><span class='ocrx_word' id='word_1_199' title='bbox 1065 662 1193 698; x_wconf 77' lang='lat' dir='ltr'><strong>inﬁgens,</strong></span> <span class='ocrx_word' id='word_1_200' title='bbox 1214 663 1382 691; x_wconf 79' lang='lat' dir='ltr'><strong>dulcedinem</strong></span> <span class='ocrx_word' id='word_1_201' title='bbox 1400 663 1472 691; x_wconf 88' lang='lat' dir='ltr'><strong>illam</strong></span> <span class='ocrx_word' id='word_1_202' title='bbox 1498 664 1628 698; x_wconf 74' lang='lat' dir='ltr'><strong>gustavit.</strong></span> <span class='ocrx_word' id='word_1_203' title='bbox 1647 663 1788 691; x_wconf 80' lang='lat' dir='ltr'><strong>Proximus</strong></span> <span class='ocrx_word' id='word_1_204' title='bbox 1804 672 1852 690; x_wconf 84' lang='lat' dir='ltr'><strong>an-</strong></span> 
     </span>
    </p>
   </div>
   <div class='ocr_carea' id='block_1_30' title="bbox 1065 710 1854 747">
    <p class='ocr_par' dir='ltr' id='par_1_30' title="bbox 1065 710 1854 747">
     <span class='ocr_line' id='line_1_30' title="bbox 1065 710 1854 747; baseline 0.003 -11"><span class='ocrx_word' id='word_1_205' title='bbox 1065 713 1118 737; x_wconf 87' lang='lat' dir='ltr'><strong>tem</strong></span> <span class='ocrx_word' id='word_1_206' title='bbox 1137 710 1258 744; x_wconf 88' lang='lat' dir='ltr'><strong>periculu</strong></span> <span class='ocrx_word' id='word_1_207' title='bbox 1270 711 1332 743; x_wconf 77' lang='lat' dir='ltr'><strong>fuit,</strong></span> <span class='ocrx_word' id='word_1_208' title='bbox 1354 711 1405 739; x_wconf 80' lang='lat' dir='ltr'><strong>nisi</strong></span> <span class='ocrx_word' id='word_1_209' title='bbox 1423 716 1494 740; x_wconf 87' lang='lat' dir='ltr'><strong>lotus</strong></span> <span class='ocrx_word' id='word_1_210' title='bbox 1508 712 1622 747; x_wconf 82' lang='lat' dir='ltr'><strong>populus</strong></span> <span class='ocrx_word' id='word_1_211' title='bbox 1640 711 1776 739; x_wconf 87' lang='lat' dir='ltr'><strong>communi</strong></span> <span class='ocrx_word' id='word_1_212' title='bbox 1789 719 1854 739; x_wconf 88' lang='lat' dir='ltr'><strong>eon-</strong></span> 
     </span>
    </p>
   </div>
   <div class='ocr_carea' id='block_1_31' title="bbox 1064 749 1853 790">
    <p class='ocr_par' dir='ltr' id='par_1_31' title="bbox 1064 749 1853 790">
     <span class='ocr_line' id='line_1_31' title="bbox 1064 749 1853 790; baseline 0 -9"><span class='ocrx_word' id='word_1_213' title='bbox 1064 761 1144 781; x_wconf 84' lang='lat' dir='ltr'><strong>scnsu</strong></span> <span class='ocrx_word' id='word_1_214' title='bbox 1169 755 1334 783; x_wconf 85' lang='lat' dir='ltr'><strong>retardasset</strong></span> <span class='ocrx_word' id='word_1_215' title='bbox 1361 749 1490 790; x_wconf 83' lang='lat' dir='ltr'><strong>inipetum</strong></span> <span class='ocrx_word' id='word_1_216' title='bbox 1519 755 1621 790; x_wconf 62' lang='lat' dir='ltr'><strong>patris,</strong></span> <span class='ocrx_word' id='word_1_217' title='bbox 1645 755 1689 790; x_wconf 90' lang='lat' dir='ltr'><strong>qni</strong></span> <span class='ocrx_word' id='word_1_218' title='bbox 1710 755 1853 782; x_wconf 71' lang='lat' dir='ltr'><strong>intentans</strong></span> 
     </span>
    </p>
   </div>
   <div class='ocr_carea' id='block_1_32' title="bbox 1064 799 1552 828">
    <p class='ocr_par' dir='ltr' id='par_1_32' title="bbox 1064 799 1552 828">
     <span class='ocr_line' id='line_1_32' title="bbox 1064 799 1552 828; baseline 0.006 -3"><span class='ocrx_word' id='word_1_219' title='bbox 1064 799 1152 826; x_wconf 85' lang='lat' dir='ltr'><strong>minas</strong></span> <span class='ocrx_word' id='word_1_220' title='bbox 1164 800 1197 827; x_wconf 91' lang='lat' dir='ltr'><strong>ad</strong></span> <span class='ocrx_word' id='word_1_221' title='bbox 1217 808 1274 828; x_wconf 85' lang='lat' dir='ltr'><strong>rem</strong></span> <span class='ocrx_word' id='word_1_222' title='bbox 1292 800 1416 828; x_wconf 79' lang='lat' dir='ltr'><strong>conferre</strong></span> <span class='ocrx_word' id='word_1_223' title='bbox 1437 800 1552 828; x_wconf 85' lang='lat' dir='ltr'><strong>volebat.</strong></span> 
     </span>
    </p>
   </div>
   <div class='ocr_carea' id='block_1_33' title="bbox 1099 845 1852 880">
    <p class='ocr_par' dir='ltr' id='par_1_33' title="bbox 1099 845 1852 880">
     <span class='ocr_line' id='line_1_33' title="bbox 1099 845 1852 880; baseline 0.001 -8"><span class='ocrx_word' id='word_1_224' title='bbox 1099 845 1200 873; x_wconf 64' lang='lat' dir='ltr'><strong>Praeter</strong></span> <span class='ocrx_word' id='word_1_225' title='bbox 1220 847 1287 878; x_wconf 54' lang='lat' dir='ltr'><strong>hate,</strong></span> <span class='ocrx_word' id='word_1_226' title='bbox 1306 852 1432 874; x_wconf 81' lang='lat' dir='ltr'><strong>sexcenta</strong></span> <span class='ocrx_word' id='word_1_227' title='bbox 1448 846 1500 874; x_wconf 82' lang='lat' dir='ltr'><strong>alia</strong></span> <span class='ocrx_word' id='word_1_228' title='bbox 1517 854 1551 874; x_wconf 75' lang='lat' dir='ltr'><strong>ex</strong></span> <span class='ocrx_word' id='word_1_229' title='bbox 1566 846 1714 880; x_wconf 91' lang='lat' dir='ltr'><strong>Scripturis</strong></span> <span class='ocrx_word' id='word_1_230' title='bbox 1727 848 1852 879; x_wconf 77' lang='lat' dir='ltr'><strong>colligere</strong></span> 
     </span>
    </p>
   </div>
   <div class='ocr_carea' id='block_1_34' title="bbox 227 877 1013 928">
    <p class='ocr_par' dir='ltr' id='par_1_34' title="bbox 227 877 1012 928">
     <span class='ocr_line' id='line_1_34' title="bbox 227 877 1012 928; baseline 0.005 -11"><span class='ocrx_word' id='word_1_231' title='bbox 227 890 281 917; x_wconf 80' lang='grc' dir='ltr'><strong>τῶν</strong></span> <span class='ocrx_word' id='word_1_232' title='bbox 289 877 412 926; x_wconf 65' lang='grc' dir='ltr'>Τραφῶν</span> <span class='ocrx_word' id='word_1_233' title='bbox 427 877 633 928; x_wconf 55' lang='grc' dir='ltr'>συλλεξαμενον,</span> <span class='ocrx_word' id='word_1_234' title='bbox 652 877 744 926; x_wconf 58' lang='grc' dir='ltr'>σαφῶς</span> <span class='ocrx_word' id='word_1_235' title='bbox 759 877 886 926; x_wconf 78' lang='grc' dir='ltr'>κατιδεῖν,</span> <span class='ocrx_word' id='word_1_236' title='bbox 900 894 938 925; x_wconf 82' lang='grc' dir='ltr'><strong>ὡς</strong></span> <span class='ocrx_word' id='word_1_237' title='bbox 949 894 1012 928; x_wconf 82' lang='grc' dir='ltr'>ἀγα-</span> 
     </span>
    </p>
   </div>
   <div class='ocr_carea' id='block_1_35' title="bbox 1064 877 1852 928">
    <p class='ocr_par' dir='ltr' id='par_1_35' title="bbox 1064 877 1852 927">
     <span class='ocr_line' id='line_1_35' title="bbox 1064 877 1852 927; baseline 0 -9"><span class='ocrx_word' id='word_1_238' title='bbox 1064 890 1140 923; x_wconf 88' lang='lat' dir='ltr'><strong>licet.</strong></span> <span class='ocrx_word' id='word_1_239' title='bbox 1161 892 1233 919; x_wconf 90' lang='lat' dir='ltr'><strong>unde</strong></span> <span class='ocrx_word' id='word_1_240' title='bbox 1256 877 1370 920; x_wconf 87' lang='lat' dir='ltr'><strong>dilucide</strong></span> <span class='ocrx_word' id='word_1_241' title='bbox 1383 892 1536 924; x_wconf 82' lang='lat' dir='ltr'><strong>elucescat.</strong></span> <span class='ocrx_word' id='word_1_242' title='bbox 1557 877 1651 927; x_wconf 78' lang='lat' dir='ltr'><strong>quanti</strong></span> <span class='ocrx_word' id='word_1_243' title='bbox 1675 877 1801 919; x_wconf 67' lang='lat' dir='ltr'><strong>facienda</strong></span> <span class='ocrx_word' id='word_1_244' title='bbox 1817 891 1852 918; x_wconf 83' lang='lat' dir='ltr'><strong>sit</strong></span> 
     </span>
    </p>
   </div>
   <div class='ocr_carea' id='block_1_36' title="bbox 228 935 1013 973">
    <p class='ocr_par' dir='ltr' id='par_1_36' title="bbox 228 935 1013 973">
     <span class='ocr_line' id='line_1_36' title="bbox 228 935 1013 973; baseline 0.004 -11"><span class='ocrx_word' id='word_1_245' title='bbox 228 935 273 962; x_wconf 79' lang='grc' dir='ltr'>θὸν</span> <span class='ocrx_word' id='word_1_246' title='bbox 283 937 300 970; x_wconf 80' lang='grc' dir='ltr'>ἡ</span> <span class='ocrx_word' id='word_1_247' title='bbox 314 937 471 972; x_wconf 71' lang='grc' dir='ltr'>ἐγκράτεια,</span> <span class='ocrx_word' id='word_1_248' title='bbox 486 937 532 963; x_wconf 80' lang='grc' dir='ltr'>καὶ</span> <span class='ocrx_word' id='word_1_249' title='bbox 544 937 705 969; x_wconf 70' lang='grc' dir='ltr'>τούναντίον,</span> <span class='ocrx_word' id='word_1_250' title='bbox 719 938 835 973; x_wconf 77' lang='grc' dir='ltr'>χαλεπὸν</span> <span class='ocrx_word' id='word_1_251' title='bbox 848 939 864 973; x_wconf 84' lang='grc' dir='ltr'>ἡ</span> <span class='ocrx_word' id='word_1_252' title='bbox 875 938 1013 971; x_wconf 81' lang='grc' dir='ltr'>ἀκώλυτος</span> 
     </span>
    </p>
   </div>
   <div class='ocr_carea' id='block_1_37' title="bbox 226 981 1012 1019">
    <p class='ocr_par' dir='ltr' id='par_1_37' title="bbox 226 981 1012 1019">
     <span class='ocr_line' id='line_1_37' title="bbox 226 981 1012 1019; baseline 0 -9"><span class='ocrx_word' id='word_1_253' title='bbox 226 981 281 1010; x_wconf 73' lang='grc' dir='ltr'><strong>τῶν</strong></span> <span class='ocrx_word' id='word_1_254' title='bbox 297 982 384 1009; x_wconf 82' lang='grc' dir='ltr'>πότων</span> <span class='ocrx_word' id='word_1_255' title='bbox 404 983 450 1009; x_wconf 74' lang='grc' dir='ltr'>καὶ</span> <span class='ocrx_word' id='word_1_256' title='bbox 475 983 528 1010; x_wconf 70' lang='grc' dir='ltr'>τῶν</span> <span class='ocrx_word' id='word_1_257' title='bbox 551 983 622 1018; x_wconf 57' lang='grc' dir='ltr'>δᾴων</span> <span class='ocrx_word' id='word_1_258' title='bbox 640 983 800 1015; x_wconf 83' lang='grc' dir='ltr'>ἀπόλαυσις.</span> <span class='ocrx_word' id='word_1_259' title='bbox 822 984 942 1019; x_wconf 85' lang='grc' dir='ltr'>Νηστεία</span> <span class='ocrx_word' id='word_1_260' title='bbox 959 984 1012 1011; x_wconf 86' lang='grc' dir='ltr'>τῶν</span> 
     </span>
    </p>
   </div>
   <div class='ocr_carea' id='block_1_38' title="bbox 228 1027 1012 1065">
    <p class='ocr_par' dir='ltr' id='par_1_38' title="bbox 228 1027 1012 1065">
     <span class='ocr_line' id='line_1_38' title="bbox 228 1027 1012 1065; baseline 0.004 -12"><span class='ocrx_word' id='word_1_261' title='bbox 228 1027 314 1061; x_wconf 71' lang='grc' dir='ltr'>ἁγίων</span> <span class='ocrx_word' id='word_1_262' title='bbox 329 1027 493 1064; x_wconf 71' lang='grc' dir='ltr'>σύντροφος·</span> <span class='ocrx_word' id='word_1_263' title='bbox 520 1029 629 1063; x_wconf 77' lang='grc' dir='ltr'>νηστεία</span> <span class='ocrx_word' id='word_1_264' title='bbox 652 1029 742 1064; x_wconf 79' lang='grc' dir='ltr'>πάσης</span> <span class='ocrx_word' id='word_1_265' title='bbox 764 1029 869 1064; x_wconf 79' lang='grc' dir='ltr'>ἀγαθῆς</span> <span class='ocrx_word' id='word_1_266' title='bbox 888 1029 1012 1065; x_wconf 77' lang='grc' dir='ltr'>πράξεως</span> 
     </span>
    </p>
   </div>
   <div class='ocr_carea' id='block_1_39' title="bbox 227 1072 1013 1111">
    <p class='ocr_par' dir='ltr' id='par_1_39' title="bbox 227 1072 1013 1111">
     <span class='ocr_line' id='line_1_39' title="bbox 227 1072 1013 1111; baseline 0.003 -12"><span class='ocrx_word' id='word_1_267' title='bbox 227 1072 357 1107; x_wconf 84' lang='grc' dir='ltr'>ἀρχηγός.</span> <span class='ocrx_word' id='word_1_268' title='bbox 377 1073 431 1100; x_wconf 80' lang='grc' dir='ltr'><strong>Καὶ</strong></span> <span class='ocrx_word' id='word_1_269' title='bbox 443 1073 536 1108; x_wconf 82' lang='grc' dir='ltr'>ὥσπερ</span> <span class='ocrx_word' id='word_1_270' title='bbox 553 1074 577 1100; x_wconf 82' lang='grc' dir='ltr'>οἱ</span> <span class='ocrx_word' id='word_1_271' title='bbox 591 1074 709 1109; x_wconf 86' lang='grc' dir='ltr'>τεχνῖται</span> <span class='ocrx_word' id='word_1_272' title='bbox 724 1074 808 1109; x_wconf 73' lang='grc' dir='ltr'>χωρὶς</span> <span class='ocrx_word' id='word_1_273' title='bbox 824 1073 946 1111; x_wconf 83' lang='grc' dir='ltr'>ὁργάνων</span> <span class='ocrx_word' id='word_1_274' title='bbox 963 1075 1013 1101; x_wconf 80' lang='grc' dir='ltr'>οὐκ</span> 
     </span>
    </p>
   </div>
   <div class='ocr_carea' id='block_1_40' title="bbox 225 1118 1012 1157">
    <p class='ocr_par' dir='ltr' id='par_1_40' title="bbox 225 1118 1012 1157">
     <span class='ocr_line' id='line_1_40' title="bbox 225 1118 1012 1157; baseline 0.004 -13"><span class='ocrx_word' id='word_1_275' title='bbox 225 1118 367 1154; x_wconf 73' lang='grc' dir='ltr'>ἐνεργοῦσι</span> <span class='ocrx_word' id='word_1_276' title='bbox 382 1119 431 1151; x_wconf 79' lang='grc' dir='ltr'><strong>τὰς</strong></span> <span class='ocrx_word' id='word_1_277' title='bbox 445 1119 541 1154; x_wconf 81' lang='grc' dir='ltr'>τέχνας</span> <span class='ocrx_word' id='word_1_278' title='bbox 554 1128 560 1134; x_wconf 90' lang='grc'><strong>·</strong></span> <span class='ocrx_word' id='word_1_279' title='bbox 579 1119 650 1146; x_wconf 78' lang='grc' dir='ltr'>οὕτω</span> <span class='ocrx_word' id='word_1_280' title='bbox 664 1120 711 1157; x_wconf 65' lang='grc' dir='ltr'><strong>καὶ</strong></span> <span class='ocrx_word' id='word_1_281' title='bbox 729 1120 754 1146; x_wconf 84' lang='grc' dir='ltr'><strong>οι</strong></span> <span class='ocrx_word' id='word_1_282' title='bbox 771 1120 908 1146; x_wconf 82' lang='grc' dir='ltr'>σπουδαῖοι</span> <span class='ocrx_word' id='word_1_283' title='bbox 922 1120 969 1146; x_wconf 82' lang='grc' dir='ltr'><strong>καὶ</strong></span> <span class='ocrx_word' id='word_1_284' title='bbox 983 1120 1012 1147; x_wconf 82' lang='grc' dir='ltr'>ὲν</span> 
     </span>
    </p>
   </div>
   <div class='ocr_carea' id='block_1_41' title="bbox 226 1165 1013 1202">
    <p class='ocr_par' dir='ltr' id='par_1_41' title="bbox 226 1165 1013 1202">
     <span class='ocr_line' id='line_1_41' title="bbox 226 1165 1013 1202; baseline 0.004 -12"><span class='ocrx_word' id='word_1_285' title='bbox 226 1166 425 1200; x_wconf 81' lang='grc' dir='ltr'>πνευματικαῖς</span> <span class='ocrx_word' id='word_1_286' title='bbox 455 1166 545 1201; x_wconf 78' lang='grc' dir='ltr'>χάρισι</span> <span class='ocrx_word' id='word_1_287' title='bbox 573 1165 731 1201; x_wconf 78' lang='grc' dir='ltr'>βοηθέντες,</span> <span class='ocrx_word' id='word_1_288' title='bbox 758 1166 822 1194; x_wconf 76' lang='grc' dir='ltr'>ἄνευ</span> <span class='ocrx_word' id='word_1_289' title='bbox 851 1167 1013 1202; x_wconf 77' lang='grc' dir='ltr'>ἐγκρατείας</span> 
     </span>
    </p>
   </div>
   <div class='ocr_carea' id='block_1_42' title="bbox 224 1209 1011 1248">
    <p class='ocr_par' dir='ltr' id='par_1_42' title="bbox 224 1209 1011 1248">
     <span class='ocr_line' id='line_1_42' title="bbox 224 1209 1011 1248; baseline 0.004 -12"><span class='ocrx_word' id='word_1_290' title='bbox 224 1209 323 1236; x_wconf 76' lang='grc' dir='ltr'>οὕποτέ</span> <span class='ocrx_word' id='word_1_291' title='bbox 338 1218 365 1236; x_wconf 89' lang='grc' dir='ltr'><strong>τι</strong></span> <span class='ocrx_word' id='word_1_292' title='bbox 379 1210 433 1237; x_wconf 84' lang='grc' dir='ltr'>τῶν</span> <span class='ocrx_word' id='word_1_293' title='bbox 448 1210 593 1246; x_wconf 82' lang='grc' dir='ltr'>θαυμάτων</span> <span class='ocrx_word' id='word_1_294' title='bbox 610 1211 654 1238; x_wconf 77' lang='grc' dir='ltr'><strong>καὶ</strong></span> <span class='ocrx_word' id='word_1_295' title='bbox 675 1211 825 1246; x_wconf 82' lang='grc' dir='ltr'>τεραστίων</span> <span class='ocrx_word' id='word_1_296' title='bbox 840 1212 1011 1248; x_wconf 76' lang='grc' dir='ltr'>εἰργάσαντο.</span> 
     </span>
    </p>
   </div>
   <div class='ocr_carea' id='block_1_43' title="bbox 226 1255 1010 1294">
    <p class='ocr_par' dir='ltr' id='par_1_43' title="bbox 226 1255 1010 1294">
     <span class='ocr_line' id='line_1_43' title="bbox 226 1255 1010 1294; baseline 0.003 -12"><span class='ocrx_word' id='word_1_297' title='bbox 226 1255 373 1291; x_wconf 72' lang='grc' dir='ltr'>Νηστεὺων</span> <span class='ocrx_word' id='word_1_298' title='bbox 403 1256 534 1289; x_wconf 80' lang='grc' dir='ltr'>Ἑλισαῖος</span> <span class='ocrx_word' id='word_1_299' title='bbox 563 1257 656 1294; x_wconf 74' lang='grc' dir='ltr'>ἠγειρε</span> <span class='ocrx_word' id='word_1_300' title='bbox 678 1256 774 1294; x_wconf 79' lang='grc' dir='ltr'>νεκρὸν</span> <span class='ocrx_word' id='word_1_301' title='bbox 798 1257 844 1285; x_wconf 75' lang='grc' dir='ltr'>καὶ</span> <span class='ocrx_word' id='word_1_302' title='bbox 866 1257 1010 1292; x_wconf 73' lang='grc' dir='ltr'>ὲψύχωσε·</span> 
     </span>
    </p>
   </div>
   <div class='ocr_carea' id='block_1_44' title="bbox 228 1297 1013 1338">
    <p class='ocr_par' dir='ltr' id='par_1_44' title="bbox 228 1297 1013 1338">
     <span class='ocr_line' id='line_1_44' title="bbox 228 1297 1013 1338; baseline 0.005 -14"><span class='ocrx_word' id='word_1_303' title='bbox 228 1297 366 1334; x_wconf 81' lang='grc' dir='ltr'>νηστεύων</span> <span class='ocrx_word' id='word_1_304' title='bbox 386 1299 488 1334; x_wconf 85' lang='grc' dir='ltr'>Μωσῆς</span> <span class='ocrx_word' id='word_1_305' title='bbox 506 1297 557 1326; x_wconf 72' lang='grc' dir='ltr'>εἶδε</span> <span class='ocrx_word' id='word_1_306' title='bbox 573 1300 652 1326; x_wconf 83' lang='grc' dir='ltr'>Θεόν·</span> <span class='ocrx_word' id='word_1_307' title='bbox 673 1300 808 1335; x_wconf 82' lang='grc' dir='ltr'>νηστεύων</span> <span class='ocrx_word' id='word_1_308' title='bbox 825 1301 941 1336; x_wconf 77' lang='grc' dir='ltr'>Δανιὴλ,</span> <span class='ocrx_word' id='word_1_309' title='bbox 963 1303 1013 1338; x_wconf 81' lang='grc' dir='ltr'>τῆς</span> 
     </span>
    </p>
   </div>
   <div class='ocr_carea' id='block_1_45' title="bbox 225 1344 1012 1383">
    <p class='ocr_par' dir='ltr' id='par_1_45' title="bbox 225 1344 1012 1383">
     <span class='ocr_line' id='line_1_45' title="bbox 225 1344 1012 1383; baseline 0.004 -13"><span class='ocrx_word' id='word_1_310' title='bbox 225 1344 353 1380; x_wconf 73' lang='grc' dir='ltr'>γοητείας</span> <span class='ocrx_word' id='word_1_311' title='bbox 369 1345 415 1371; x_wconf 77' lang='grc' dir='ltr'>καὶ</span> <span class='ocrx_word' id='word_1_312' title='bbox 436 1344 537 1380; x_wconf 80' lang='grc' dir='ltr'>πλάνης</span> <span class='ocrx_word' id='word_1_313' title='bbox 551 1344 605 1371; x_wconf 84' lang='grc' dir='ltr'>τῶν</span> <span class='ocrx_word' id='word_1_314' title='bbox 627 1345 775 1381; x_wconf 76' lang='grc' dir='ltr'>Ἀσσυρίων</span> <span class='ocrx_word' id='word_1_315' title='bbox 792 1346 927 1382; x_wconf 77' lang='grc' dir='ltr'>ἐκράτησε</span> <span class='ocrx_word' id='word_1_316' title='bbox 940 1355 946 1362; x_wconf 91' lang='grc'>·</span> <span class='ocrx_word' id='word_1_317' title='bbox 965 1356 1012 1383; x_wconf 90' lang='grc' dir='ltr'>νη-</span> 
     </span>
    </p>
   </div>
   <div class='ocr_carea' id='block_1_46' title="bbox 227 1390 1012 1427">
    <p class='ocr_par' dir='ltr' id='par_1_46' title="bbox 227 1390 1012 1427">
     <span class='ocr_line' id='line_1_46' title="bbox 227 1390 1012 1427; baseline 0.005 -11"><span class='ocrx_word' id='word_1_318' title='bbox 227 1390 330 1417; x_wconf 79' lang='grc' dir='ltr'>στεύων</span> <span class='ocrx_word' id='word_1_319' title='bbox 351 1390 398 1417; x_wconf 78' lang='grc' dir='ltr'><strong>καὶ</strong></span> <span class='ocrx_word' id='word_1_320' title='bbox 418 1390 432 1416; x_wconf 77' lang='grc' dir='ltr'><strong>ό</strong></span> <span class='ocrx_word' id='word_1_321' title='bbox 448 1390 550 1425; x_wconf 84' lang='grc' dir='ltr'>Κύριος</span> <span class='ocrx_word' id='word_1_322' title='bbox 573 1390 619 1417; x_wconf 84' lang='grc' dir='ltr'>τοῦ</span> <span class='ocrx_word' id='word_1_323' title='bbox 640 1390 761 1417; x_wconf 75' lang='grc' dir='ltr'>διαϐόλου</span> <span class='ocrx_word' id='word_1_324' title='bbox 778 1391 831 1417; x_wconf 83' lang='grc' dir='ltr'>τῶν</span> <span class='ocrx_word' id='word_1_325' title='bbox 852 1392 1012 1427; x_wconf 70' lang='grc' dir='ltr'>πειρασμῶν</span> 
     </span>
    </p>
   </div>
   <div class='ocr_carea' id='block_1_47' title="bbox 220 1435 1011 1474">
    <p class='ocr_par' dir='ltr' id='par_1_47' title="bbox 220 1435 1011 1474">
     <span class='ocr_line' id='line_1_47' title="bbox 220 1435 1011 1474; baseline 0.006 -14"><span class='ocrx_word' id='word_1_326' title='bbox 220 1435 369 1470; x_wconf 64' lang='grc' dir='ltr'>ἠνέσχετοε</span> <span class='ocrx_word' id='word_1_327' title='bbox 391 1435 565 1470; x_wconf 74' lang='grc' dir='ltr'>νηστεύοντες</span> <span class='ocrx_word' id='word_1_328' title='bbox 589 1435 636 1462; x_wconf 75' lang='grc' dir='ltr'>καὶ</span> <span class='ocrx_word' id='word_1_329' title='bbox 659 1436 683 1462; x_wconf 86' lang='grc' dir='ltr'>οἱ</span> <span class='ocrx_word' id='word_1_330' title='bbox 699 1436 852 1469; x_wconf 78' lang='grc' dir='ltr'>ἀπόστολοι,</span> <span class='ocrx_word' id='word_1_331' title='bbox 868 1438 917 1469; x_wconf 69' lang='grc' dir='ltr'><strong>τὰς</strong></span> <span class='ocrx_word' id='word_1_332' title='bbox 941 1438 1011 1474; x_wconf 77' lang='grc' dir='ltr'>ὑπὲρ</span> 
     </span>
    </p>
   </div>
   <div class='ocr_carea' id='block_1_48' title="bbox 218 1480 1013 1519">
    <p class='ocr_par' dir='ltr' id='par_1_48' title="bbox 218 1480 1013 1519">
     <span class='ocr_line' id='line_1_48' title="bbox 218 1480 1013 1519; baseline 0.003 -12"><span class='ocrx_word' id='word_1_333' title='bbox 218 1480 280 1507; x_wconf 74' lang='grc' dir='ltr'><strong>τῶν</strong></span> <span class='ocrx_word' id='word_1_334' title='bbox 294 1481 444 1508; x_wconf 75' lang='grc' dir='ltr'>σπουδαίων</span> <span class='ocrx_word' id='word_1_335' title='bbox 458 1481 626 1517; x_wconf 80' lang='grc' dir='ltr'>πραγμάτων</span> <span class='ocrx_word' id='word_1_336' title='bbox 641 1481 746 1516; x_wconf 80' lang='grc' dir='ltr'>δεήσεις</span> <span class='ocrx_word' id='word_1_337' title='bbox 759 1482 867 1508; x_wconf 77' lang='grc' dir='ltr'>ἐτέλουν</span> <span class='ocrx_word' id='word_1_338' title='bbox 877 1490 884 1497; x_wconf 90' lang='grc'>·</span> <span class='ocrx_word' id='word_1_339' title='bbox 902 1483 1013 1519; x_wconf 84' lang='grc' dir='ltr'>νηστείᾳ</span> 
     </span>
    </p>
   </div>
   <div class='ocr_carea' id='block_1_49' title="bbox 218 1525 1046 1576">
    <p class='ocr_par' dir='ltr' id='par_1_49' title="bbox 218 1525 1046 1576">
     <span class='ocr_line' id='line_1_49' title="bbox 218 1525 1046 1576; baseline 0.002 -23"><span class='ocrx_word' id='word_1_340' title='bbox 218 1525 365 1553; x_wconf 71' lang='grc' dir='ltr'>Νινευῖται</span> <span class='ocrx_word' id='word_1_341' title='bbox 376 1527 425 1562; x_wconf 85' lang='grc' dir='ltr'>τὴν</span> <span class='ocrx_word' id='word_1_342' title='bbox 438 1526 552 1562; x_wconf 82' lang='grc' dir='ltr'>ἀπειλὴν</span> <span class='ocrx_word' id='word_1_343' title='bbox 563 1526 691 1562; x_wconf 66' lang='grc' dir='ltr'>ἐνίκησαν</span> <span class='ocrx_word' id='word_1_344' title='bbox 705 1526 751 1553; x_wconf 78' lang='grc' dir='ltr'>τοῦ</span> <span class='ocrx_word' id='word_1_345' title='bbox 766 1527 881 1554; x_wconf 81' lang='grc' dir='ltr'>θανάτου</span> <span class='ocrx_word' id='word_1_346' title='bbox 891 1535 898 1542; x_wconf 88' lang='grc'><strong>·</strong></span> <span class='ocrx_word' id='word_1_347' title='bbox 914 1528 961 1555; x_wconf 78' lang='grc' dir='ltr'>καὶ</span> <span class='ocrx_word' id='word_1_348' title='bbox 973 1528 1011 1560; x_wconf 82' lang='grc' dir='ltr'>ὼς</span> <span class='ocrx_word' id='word_1_349' title='bbox 1025 1547 1046 1576; x_wconf 72' lang='lat' dir='ltr'>c</span> 
     </span>
    </p>
   </div>
   <div class='ocr_carea' id='block_1_50' title="bbox 217 1572 1011 1612">
    <p class='ocr_par' dir='ltr' id='par_1_50' title="bbox 217 1572 1011 1612">
     <span class='ocr_line' id='line_1_50' title="bbox 217 1572 1011 1612; baseline 0.003 -14"><span class='ocrx_word' id='word_1_350' title='bbox 217 1573 328 1599; x_wconf 74' lang='grc' dir='ltr'>ἐπίπαν</span> <span class='ocrx_word' id='word_1_351' title='bbox 343 1573 438 1605; x_wconf 72' lang='grc' dir='ltr'>εἰπεῖν,</span> <span class='ocrx_word' id='word_1_352' title='bbox 457 1572 526 1612; x_wconf 72' lang='grc' dir='ltr'>αὕτη</span> <span class='ocrx_word' id='word_1_353' title='bbox 542 1572 609 1608; x_wconf 69' lang='grc' dir='ltr'>πρὸς</span> <span class='ocrx_word' id='word_1_354' title='bbox 627 1573 693 1599; x_wconf 72' lang='grc' dir='ltr'>Θεὸν</span> <span class='ocrx_word' id='word_1_355' title='bbox 714 1573 887 1609; x_wconf 82' lang='grc' dir='ltr'>παράκλητος</span> <span class='ocrx_word' id='word_1_356' title='bbox 898 1582 905 1589; x_wconf 88' lang='grc'><strong>·</strong></span> <span class='ocrx_word' id='word_1_357' title='bbox 922 1573 1011 1606; x_wconf 84' lang='grc' dir='ltr'>αἰδοῦς</span> 
     </span>
    </p>
   </div>
   <div class='ocr_carea' id='block_1_51' title="bbox 215 1618 1012 1654">
    <p class='ocr_par' dir='ltr' id='par_1_51' title="bbox 215 1618 1012 1654">
     <span class='ocr_line' id='line_1_51' title="bbox 215 1618 1012 1654; baseline 0.001 -9"><span class='ocrx_word' id='word_1_358' title='bbox 215 1618 303 1650; x_wconf 67' lang='grc' dir='ltr'>ἀξία,</span> <span class='ocrx_word' id='word_1_359' title='bbox 321 1618 367 1645; x_wconf 74' lang='grc' dir='ltr'><strong>καὶ</strong></span> <span class='ocrx_word' id='word_1_360' title='bbox 390 1618 509 1654; x_wconf 77' lang='grc' dir='ltr'>πρέσϐυς</span> <span class='ocrx_word' id='word_1_361' title='bbox 526 1618 698 1650; x_wconf 80' lang='grc' dir='ltr'>ἀξιόπιστος,</span> <span class='ocrx_word' id='word_1_362' title='bbox 725 1619 830 1654; x_wconf 82' lang='grc' dir='ltr'>ταχέως</span> <span class='ocrx_word' id='word_1_363' title='bbox 850 1619 1012 1647; x_wconf 81' lang='grc' dir='ltr'>δυσωποῦσα</span> 
     </span>
    </p>
   </div>
   <div class='ocr_carea' id='block_1_52' title="bbox 221 1661 1013 1703">
    <p class='ocr_par' dir='ltr' id='par_1_52' title="bbox 221 1661 1013 1703">
     <span class='ocr_line' id='line_1_52' title="bbox 221 1661 1013 1703; baseline 0.004 -13"><span class='ocrx_word' id='word_1_364' title='bbox 221 1663 298 1698; x_wconf 60' lang='grc' dir='ltr'>ᾦπὲρ</span> <span class='ocrx_word' id='word_1_365' title='bbox 312 1661 349 1690; x_wconf 85' lang='grc' dir='ltr'>ὧν</span> <span class='ocrx_word' id='word_1_366' title='bbox 368 1664 528 1699; x_wconf 79' lang='grc' dir='ltr'>προσαγάγῃ</span> <span class='ocrx_word' id='word_1_367' title='bbox 543 1664 582 1703; x_wconf 82' lang='grc' dir='ltr'>τῷ</span> <span class='ocrx_word' id='word_1_368' title='bbox 596 1664 654 1700; x_wconf 88' lang='grc' dir='ltr'><strong>Θεῷ</strong></span> <span class='ocrx_word' id='word_1_369' title='bbox 667 1664 716 1700; x_wconf 79' lang='grc' dir='ltr'>τὴν</span> <span class='ocrx_word' id='word_1_370' title='bbox 734 1665 883 1700; x_wconf 78' lang='grc' dir='ltr'>ἱκετηρίαν.</span> <span class='ocrx_word' id='word_1_371' title='bbox 899 1666 944 1693; x_wconf 78' lang='grc' dir='ltr'><strong>Διὸ</strong></span> <span class='ocrx_word' id='word_1_372' title='bbox 959 1667 1013 1698; x_wconf 79' lang='grc' dir='ltr'><strong>πᾶς</strong></span> 
     </span>
    </p>
   </div>
   <div class='ocr_carea' id='block_1_53' title="bbox 221 1709 1013 1747">
    <p class='ocr_par' dir='ltr' id='par_1_53' title="bbox 221 1709 1013 1747">
     <span class='ocr_line' id='line_1_53' title="bbox 221 1709 1013 1747; baseline 0.003 -11"><span class='ocrx_word' id='word_1_373' title='bbox 221 1709 296 1744; x_wconf 75' lang='grc' dir='ltr'>ἀνὴρ</span> <span class='ocrx_word' id='word_1_374' title='bbox 314 1709 436 1745; x_wconf 70' lang='grc' dir='ltr'>εὐσεϐὴς,</span> <span class='ocrx_word' id='word_1_375' title='bbox 459 1710 505 1737; x_wconf 76' lang='grc' dir='ltr'>καὶ</span> <span class='ocrx_word' id='word_1_376' title='bbox 526 1710 600 1745; x_wconf 79' lang='grc' dir='ltr'>ὅστις</span> <span class='ocrx_word' id='word_1_377' title='bbox 614 1709 735 1747; x_wconf 74' lang='grc' dir='ltr'>φιλόθεος</span> <span class='ocrx_word' id='word_1_378' title='bbox 753 1711 852 1745; x_wconf 75' lang='grc' dir='ltr'>μᾶλλον</span> <span class='ocrx_word' id='word_1_379' title='bbox 869 1710 885 1746; x_wconf 87' lang='grc' dir='ltr'><strong>ῆ</strong></span> <span class='ocrx_word' id='word_1_380' title='bbox 902 1711 948 1738; x_wconf 76' lang='grc' dir='ltr'>καὶ</span> <span class='ocrx_word' id='word_1_381' title='bbox 969 1720 1013 1746; x_wconf 82' lang='grc' dir='ltr'><strong>φι-</strong></span> 
     </span>
    </p>
   </div>
   <div class='ocr_carea' id='block_1_54' title="bbox 221 1754 1012 1795">
    <p class='ocr_par' dir='ltr' id='par_1_54' title="bbox 221 1754 1012 1795">
     <span class='ocr_line' id='line_1_54' title="bbox 221 1754 1012 1795; baseline 0.005 -15"><span class='ocrx_word' id='word_1_382' title='bbox 221 1754 349 1790; x_wconf 78' lang='grc' dir='ltr'>λήδονος,</span> <span class='ocrx_word' id='word_1_383' title='bbox 372 1755 475 1795; x_wconf 89' lang='grc' dir='ltr'>χαίρων</span> <span class='ocrx_word' id='word_1_384' title='bbox 505 1765 550 1791; x_wconf 87' lang='grc' dir='ltr'><strong>μοι</strong></span> <span class='ocrx_word' id='word_1_385' title='bbox 586 1755 633 1782; x_wconf 80' lang='grc' dir='ltr'>καὶ</span> <span class='ocrx_word' id='word_1_386' title='bbox 654 1755 854 1794; x_wconf 78' lang='grc' dir='ltr'>εὐθυμοὺμενος</span> <span class='ocrx_word' id='word_1_387' title='bbox 881 1757 1012 1792; x_wconf 82' lang='grc' dir='ltr'>πρόσελθε</span> 
     </span>
    </p>
   </div>
   <div class='ocr_carea' id='block_1_55' title="bbox 221 1800 1013 1839">
    <p class='ocr_par' dir='ltr' id='par_1_55' title="bbox 221 1800 1013 1839">
     <span class='ocr_line' id='line_1_55' title="bbox 221 1800 1013 1839; baseline 0.005 -12"><span class='ocrx_word' id='word_1_388' title='bbox 221 1801 287 1832; x_wconf 64' lang='grc' dir='ltr'>ταῖς</span> <span class='ocrx_word' id='word_1_389' title='bbox 300 1800 416 1836; x_wconf 82' lang='grc' dir='ltr'>ἡμέραις</span> <span class='ocrx_word' id='word_1_390' title='bbox 430 1801 479 1837; x_wconf 85' lang='grc' dir='ltr'>τῆς</span> <span class='ocrx_word' id='word_1_391' title='bbox 493 1801 666 1838; x_wconf 75' lang='grc' dir='ltr'>ἐγκρατείας.</span> <span class='ocrx_word' id='word_1_392' title='bbox 680 1802 774 1838; x_wconf 75' lang='grc' dir='ltr'>Οὐδεὶς</span> <span class='ocrx_word' id='word_1_393' title='bbox 785 1802 839 1838; x_wconf 74' lang='grc' dir='ltr'><strong>γὰρ</strong></span> <span class='ocrx_word' id='word_1_394' title='bbox 854 1803 1013 1839; x_wconf 77' lang='grc' dir='ltr'>σκυθρωπά-</span> 
     </span>
    </p>
   </div>
   <div class='ocr_carea' id='block_1_56' title="bbox 223 1846 1012 1885">
    <p class='ocr_par' dir='ltr' id='par_1_56' title="bbox 223 1846 1012 1885">
     <span class='ocr_line' id='line_1_56' title="bbox 223 1846 1012 1885; baseline 0.003 -13"><span class='ocrx_word' id='word_1_395' title='bbox 223 1846 281 1878; x_wconf 82' lang='grc' dir='ltr'>ζων</span> <span class='ocrx_word' id='word_1_396' title='bbox 297 1847 325 1872; x_wconf 79' lang='grc' dir='ltr'>ὲν</span> <span class='ocrx_word' id='word_1_397' title='bbox 340 1847 411 1882; x_wconf 83' lang='grc' dir='ltr'>ἀρχῇ</span> <span class='ocrx_word' id='word_1_398' title='bbox 431 1846 486 1873; x_wconf 87' lang='grc' dir='ltr'><strong>τῶν</strong></span> <span class='ocrx_word' id='word_1_399' title='bbox 501 1846 625 1882; x_wconf 81' lang='grc' dir='ltr'>ἀγώνων,</span> <span class='ocrx_word' id='word_1_400' title='bbox 643 1849 764 1882; x_wconf 86' lang='grc' dir='ltr'>γενναῖος</span> <span class='ocrx_word' id='word_1_401' title='bbox 781 1848 944 1883; x_wconf 82' lang='grc' dir='ltr'>ἀγωνιστής.</span> <span class='ocrx_word' id='word_1_402' title='bbox 967 1849 1012 1885; x_wconf 80' lang='grc' dir='ltr'><strong>Μὴ</strong></span> 
     </span>
    </p>
   </div>
   <div class='ocr_carea' id='block_1_57' title="bbox 223 1891 1013 1930">
    <p class='ocr_par' dir='ltr' id='par_1_57' title="bbox 223 1891 1013 1930">
     <span class='ocr_line' id='line_1_57' title="bbox 223 1891 1013 1930; baseline 0.004 -13"><span class='ocrx_word' id='word_1_403' title='bbox 223 1891 302 1930; x_wconf 77' lang='grc' dir='ltr'>γίνου</span> <span class='ocrx_word' id='word_1_404' title='bbox 318 1891 441 1925; x_wconf 78' lang='grc' dir='ltr'>στυγνὸς,</span> <span class='ocrx_word' id='word_1_405' title='bbox 456 1891 493 1923; x_wconf 85' lang='grc' dir='ltr'>ὡς</span> <span class='ocrx_word' id='word_1_406' title='bbox 511 1891 620 1928; x_wconf 69' lang='grc' dir='ltr'>βρέφος,</span> <span class='ocrx_word' id='word_1_407' title='bbox 637 1892 682 1919; x_wconf 76' lang='grc' dir='ltr'><strong>ἐπὶ</strong></span> <span class='ocrx_word' id='word_1_408' title='bbox 699 1892 729 1918; x_wconf 81' lang='grc' dir='ltr'>τὸ</span> <span class='ocrx_word' id='word_1_409' title='bbox 741 1892 922 1920; x_wconf 75' lang='grc' dir='ltr'>διδασκαλεῖον</span> <span class='ocrx_word' id='word_1_410' title='bbox 937 1893 1013 1920; x_wconf 79' lang='grc' dir='ltr'>ἑλκο-</span> 
     </span>
    </p>
   </div>
   <div class='ocr_carea' id='block_1_58' title="bbox 225 1937 1014 1974">
    <p class='ocr_par' dir='ltr' id='par_1_58' title="bbox 225 1937 1014 1974">
     <span class='ocr_line' id='line_1_58' title="bbox 225 1937 1014 1974; baseline 0.004 -11"><span class='ocrx_word' id='word_1_411' title='bbox 225 1937 329 1973; x_wconf 80' lang='grc' dir='ltr'>μένου·</span> <span class='ocrx_word' id='word_1_412' title='bbox 345 1937 383 1972; x_wconf 82' lang='grc' dir='ltr'>μὴ</span> <span class='ocrx_word' id='word_1_413' title='bbox 397 1937 587 1972; x_wconf 73' lang='grc' dir='ltr'>καταγόγγυζε</span> <span class='ocrx_word' id='word_1_414' title='bbox 608 1939 657 1973; x_wconf 85' lang='grc' dir='ltr'>τῆς</span> <span class='ocrx_word' id='word_1_415' title='bbox 679 1937 733 1964; x_wconf 87' lang='grc' dir='ltr'>τῶν</span> <span class='ocrx_word' id='word_1_416' title='bbox 758 1938 869 1974; x_wconf 79' lang='grc' dir='ltr'>ἡμερῶν</span> <span class='ocrx_word' id='word_1_417' title='bbox 894 1938 1014 1974; x_wconf 82' lang='grc' dir='ltr'>καθαρό-</span> 
     </span>
    </p>
   </div>
   <div class='ocr_carea' id='block_1_59' title="bbox 223 1982 1014 2020">
    <p class='ocr_par' dir='ltr' id='par_1_59' title="bbox 223 1982 1014 2020">
     <span class='ocr_line' id='line_1_59' title="bbox 223 1982 1014 2020; baseline 0.003 -12"><span class='ocrx_word' id='word_1_418' title='bbox 223 1990 318 2018; x_wconf 72' lang='grc' dir='ltr'>τητος*</span> <span class='ocrx_word' id='word_1_419' title='bbox 337 1982 374 2018; x_wconf 79' lang='grc' dir='ltr'>μὴ</span> <span class='ocrx_word' id='word_1_420' title='bbox 399 1982 475 2018; x_wconf 82' lang='grc' dir='ltr'>ζήτει</span> <span class='ocrx_word' id='word_1_421' title='bbox 491 1984 540 2020; x_wconf 82' lang='grc' dir='ltr'>τῆς</span> <span class='ocrx_word' id='word_1_422' title='bbox 563 1982 708 2018; x_wconf 80' lang='grc' dir='ltr'>ἑϐδομάδος</span> <span class='ocrx_word' id='word_1_423' title='bbox 729 1983 759 2010; x_wconf 82' lang='grc' dir='ltr'>τὸ</span> <span class='ocrx_word' id='word_1_424' title='bbox 781 1983 872 2016; x_wconf 83' lang='grc' dir='ltr'>τέλος,</span> <span class='ocrx_word' id='word_1_425' title='bbox 892 1984 929 2016; x_wconf 86' lang='grc' dir='ltr'>ὡς</span> <span class='ocrx_word' id='word_1_426' title='bbox 946 1984 1014 2019; x_wconf 75' lang='grc' dir='ltr'>μετὰ</span> 
     </span>
    </p>
   </div>
   <div class='ocr_carea' id='block_1_60' title="bbox 223 2027 1013 2065">
    <p class='ocr_par' dir='ltr' id='par_1_60' title="bbox 223 2027 1013 2065">
     <span class='ocr_line' id='line_1_60' title="bbox 223 2027 1013 2065; baseline 0.004 -12"><span class='ocrx_word' id='word_1_427' title='bbox 223 2027 348 2063; x_wconf 82' lang='grc' dir='ltr'>χειμῶνα</span> <span class='ocrx_word' id='word_1_428' title='bbox 365 2028 472 2063; x_wconf 77' lang='grc' dir='ltr'>πικρὸν,</span> <span class='ocrx_word' id='word_1_429' title='bbox 490 2028 640 2062; x_wconf 76' lang='grc' dir='ltr'>παρουσίαν</span> <span class='ocrx_word' id='word_1_430' title='bbox 655 2028 734 2064; x_wconf 75' lang='grc' dir='ltr'>ἔαρος</span> <span class='ocrx_word' id='word_1_431' title='bbox 745 2037 751 2044; x_wconf 87' lang='grc'>·</span> <span class='ocrx_word' id='word_1_432' title='bbox 771 2030 808 2064; x_wconf 78' lang='grc' dir='ltr'>μὴ</span> <span class='ocrx_word' id='word_1_433' title='bbox 823 2029 951 2065; x_wconf 82' lang='grc' dir='ltr'>ὲπιθύμει</span> <span class='ocrx_word' id='word_1_434' title='bbox 967 2028 1013 2056; x_wconf 76' lang='grc' dir='ltr'>τοῦ</span> 
     </span>
    </p>
   </div>
   <div class='ocr_carea' id='block_1_61' title="bbox 225 2073 1014 2111">
    <p class='ocr_par' dir='ltr' id='par_1_61' title="bbox 225 2073 1014 2111">
     <span class='ocr_line' id='line_1_61' title="bbox 225 2073 1014 2111; baseline 0.003 -11"><span class='ocrx_word' id='word_1_435' title='bbox 225 2073 367 2100; x_wconf 77' lang='grc' dir='ltr'>Σαεὸάτου</span> <span class='ocrx_word' id='word_1_436' title='bbox 382 2073 425 2100; x_wconf 82' lang='grc' dir='ltr'><strong>διὰ</strong></span> <span class='ocrx_word' id='word_1_437' title='bbox 441 2073 535 2109; x_wconf 81' lang='grc' dir='ltr'>μέθην,</span> <span class='ocrx_word' id='word_1_438' title='bbox 556 2074 593 2105; x_wconf 88' lang='grc' dir='ltr'>ὠς</span> <span class='ocrx_word' id='word_1_439' title='bbox 621 2075 763 2106; x_wconf 79' lang='grc' dir='ltr'>Ἰουδαῖοςο</span> <span class='ocrx_word' id='word_1_440' title='bbox 781 2075 817 2110; x_wconf 81' lang='grc' dir='ltr'>μὴ</span> <span class='ocrx_word' id='word_1_441' title='bbox 842 2075 951 2111; x_wconf 83' lang='grc' dir='ltr'>ἀρίΘμει</span> <span class='ocrx_word' id='word_1_442' title='bbox 965 2076 1014 2108; x_wconf 73' lang='grc' dir='ltr'><strong>τὰς</strong></span> 
     </span>
    </p>
   </div>
   <div class='ocr_carea' id='block_1_62' title="bbox 224 2119 1013 2156">
    <p class='ocr_par' dir='ltr' id='par_1_62' title="bbox 224 2119 1013 2156">
     <span class='ocr_line' id='line_1_62' title="bbox 224 2119 1013 2156; baseline 0.004 -11"><span class='ocrx_word' id='word_1_443' title='bbox 224 2120 332 2155; x_wconf 76' lang='grc' dir='ltr'>ἡμέρας</span> <span class='ocrx_word' id='word_1_444' title='bbox 357 2119 406 2155; x_wconf 85' lang='grc' dir='ltr'>τῆς</span> <span class='ocrx_word' id='word_1_445' title='bbox 433 2121 675 2156; x_wconf 82' lang='grc' dir='ltr'>Τεσσαρακοστῆς,</span> <span class='ocrx_word' id='word_1_446' title='bbox 699 2120 737 2152; x_wconf 85' lang='grc' dir='ltr'>ὼς</span> <span class='ocrx_word' id='word_1_447' title='bbox 766 2120 850 2156; x_wconf 83' lang='grc' dir='ltr'>ἀργὸς</span> <span class='ocrx_word' id='word_1_448' title='bbox 879 2121 1013 2155; x_wconf 81' lang='grc' dir='ltr'>μισθωτὸς</span> 
     </span>
    </p>
   </div>
   <div class='ocr_carea' id='block_1_63' title="bbox 225 2165 1013 2203">
    <p class='ocr_par' dir='ltr' id='par_1_63' title="bbox 225 2165 1013 2203">
     <span class='ocr_line' id='line_1_63' title="bbox 225 2165 1013 2203; baseline 0 -11"><span class='ocrx_word' id='word_1_449' title='bbox 225 2165 368 2200; x_wconf 74' lang='grc' dir='ltr'>ἀναμένων</span> <span class='ocrx_word' id='word_1_450' title='bbox 387 2165 436 2200; x_wconf 81' lang='grc' dir='ltr'>τῆς</span> <span class='ocrx_word' id='word_1_451' title='bbox 457 2165 589 2200; x_wconf 82' lang='grc' dir='ltr'>ὲμμίσϐου</span> <span class='ocrx_word' id='word_1_452' title='bbox 611 2166 779 2201; x_wconf 82' lang='grc' dir='ltr'>προθεσμίας</span> <span class='ocrx_word' id='word_1_453' title='bbox 801 2166 832 2192; x_wconf 80' lang='grc' dir='ltr'>τὸ</span> <span class='ocrx_word' id='word_1_454' title='bbox 858 2166 950 2201; x_wconf 84' lang='grc' dir='ltr'>τέλος·</span> <span class='ocrx_word' id='word_1_455' title='bbox 977 2167 1013 2203; x_wconf 84' lang='grc' dir='ltr'>μὴ</span> 
     </span>
    </p>
   </div>
   <div class='ocr_carea' id='block_1_64' title="bbox 1062 935 1852 972">
    <p class='ocr_par' dir='ltr' id='par_1_64' title="bbox 1062 935 1852 972">
     <span class='ocr_line' id='line_1_64' title="bbox 1062 935 1852 972; baseline -0.003 -9"><span class='ocrx_word' id='word_1_456' title='bbox 1062 938 1250 970; x_wconf 85' lang='lat' dir='ltr'><strong>temperantia.</strong></span> <span class='ocrx_word' id='word_1_457' title='bbox 1270 943 1296 965; x_wconf 89' lang='lat' dir='ltr'><strong>et</strong></span> <span class='ocrx_word' id='word_1_458' title='bbox 1313 945 1328 964; x_wconf 83' lang='lat' dir='ltr'><strong>e</strong></span> <span class='ocrx_word' id='word_1_459' title='bbox 1347 937 1496 971; x_wconf 86' lang='lat' dir='ltr'><strong>contrario,</strong></span> <span class='ocrx_word' id='word_1_460' title='bbox 1508 945 1588 972; x_wconf 88' lang='lat' dir='ltr'><strong>quam</strong></span> <span class='ocrx_word' id='word_1_461' title='bbox 1604 944 1686 971; x_wconf 77' lang='lat' dir='ltr'><strong>grave</strong></span> <span class='ocrx_word' id='word_1_462' title='bbox 1700 935 1799 964; x_wconf 87' lang='lat' dir='ltr'><strong>malum</strong></span> <span class='ocrx_word' id='word_1_463' title='bbox 1816 936 1852 962; x_wconf 87' lang='lat' dir='ltr'><strong>sit</strong></span> 
     </span>
    </p>
   </div>
   <div class='ocr_carea' id='block_1_65' title="bbox 1062 979 1849 1017">
    <p class='ocr_par' dir='ltr' id='par_1_65' title="bbox 1062 979 1849 1017">
     <span class='ocr_line' id='line_1_65' title="bbox 1062 979 1849 1017; baseline -0.001 -10"><span class='ocrx_word' id='word_1_464' title='bbox 1062 979 1275 1015; x_wconf 86' lang='lat' dir='ltr'><strong>intemperanter</strong></span> <span class='ocrx_word' id='word_1_465' title='bbox 1295 989 1325 1009; x_wconf 88' lang='lat' dir='ltr'><strong>se</strong></span> <span class='ocrx_word' id='word_1_466' title='bbox 1348 982 1409 1009; x_wconf 86' lang='lat' dir='ltr'><strong>cibo</strong></span> <span class='ocrx_word' id='word_1_467' title='bbox 1435 987 1552 1017; x_wconf 79' lang='lat' dir='ltr'><strong>potuqne</strong></span> <span class='ocrx_word' id='word_1_468' title='bbox 1580 982 1757 1017; x_wconf 77' lang='lat' dir='ltr'><strong>ingurgitare.</strong></span> <span class='ocrx_word' id='word_1_469' title='bbox 1776 980 1849 1014; x_wconf 79' lang='lat' dir='ltr'><strong>Jeju-</strong></span> 
     </span>
    </p>
   </div>
   <div class='ocr_carea' id='block_1_66' title="bbox 1063 1026 1852 1061">
    <p class='ocr_par' dir='ltr' id='par_1_66' title="bbox 1063 1026 1852 1061">
     <span class='ocr_line' id='line_1_66' title="bbox 1063 1026 1852 1061; baseline 0.001 -9"><span class='ocrx_word' id='word_1_470' title='bbox 1063 1026 1136 1053; x_wconf 91' lang='lat' dir='ltr'><strong>nium</strong></span> <span class='ocrx_word' id='word_1_471' title='bbox 1163 1031 1320 1054; x_wconf 86' lang='lat' dir='ltr'><strong>sanctorum</strong></span> <span class='ocrx_word' id='word_1_472' title='bbox 1344 1027 1509 1055; x_wconf 87' lang='lat' dir='ltr'><strong>collactanea</strong></span> <span class='ocrx_word' id='word_1_473' title='bbox 1540 1032 1596 1060; x_wconf 87' lang='lat' dir='ltr'><strong>est;</strong></span> <span class='ocrx_word' id='word_1_474' title='bbox 1618 1026 1747 1061; x_wconf 84' lang='lat' dir='ltr'><strong>jejunium</strong></span> <span class='ocrx_word' id='word_1_475' title='bbox 1763 1026 1852 1053; x_wconf 79' lang='lat' dir='ltr'><strong>omnis</strong></span> 
     </span>
    </p>
   </div>
   <div class='ocr_carea' id='block_1_67' title="bbox 1063 1070 1851 1108">
    <p class='ocr_par' dir='ltr' id='par_1_67' title="bbox 1063 1070 1851 1108">
     <span class='ocr_line' id='line_1_67' title="bbox 1063 1070 1851 1108; baseline 0.003 -11"><span class='ocrx_word' id='word_1_476' title='bbox 1063 1070 1124 1097; x_wconf 89' lang='lat' dir='ltr'><strong>boni</strong></span> <span class='ocrx_word' id='word_1_477' title='bbox 1137 1072 1226 1107; x_wconf 76' lang='lat' dir='ltr'><strong>operis</strong></span> <span class='ocrx_word' id='word_1_478' title='bbox 1239 1072 1357 1099; x_wconf 89' lang='lat' dir='ltr'><strong>initium.</strong></span> <span class='ocrx_word' id='word_1_479' title='bbox 1380 1073 1412 1100; x_wconf 87' lang='lat' dir='ltr'><strong>Et</strong></span> <span class='ocrx_word' id='word_1_480' title='bbox 1429 1073 1655 1108; x_wconf 81' lang='lat' dir='ltr'><strong>quemadmodum</strong></span> <span class='ocrx_word' id='word_1_481' title='bbox 1671 1071 1781 1107; x_wconf 76' lang='lat' dir='ltr'><strong>opiﬁces</strong></span> <span class='ocrx_word' id='word_1_482' title='bbox 1792 1072 1851 1099; x_wconf 84' lang='lat' dir='ltr'><strong>siue</strong></span> 
     </span>
    </p>
   </div>
   <div class='ocr_carea' id='block_1_68' title="bbox 1063 1116 1851 1153">
    <p class='ocr_par' dir='ltr' id='par_1_68' title="bbox 1063 1116 1851 1153">
     <span class='ocr_line' id='line_1_68' title="bbox 1063 1116 1851 1153; baseline 0.001 -11"><span class='ocrx_word' id='word_1_483' title='bbox 1063 1116 1251 1145; x_wconf 84' lang='lat' dir='ltr'><strong>instrumentis</strong></span> <span class='ocrx_word' id='word_1_484' title='bbox 1277 1125 1329 1144; x_wconf 90' lang='lat' dir='ltr'><strong>non</strong></span> <span class='ocrx_word' id='word_1_485' title='bbox 1354 1123 1455 1153; x_wconf 78' lang='lat' dir='ltr'><strong>agunt.</strong></span> <span class='ocrx_word' id='word_1_486' title='bbox 1472 1126 1531 1153; x_wconf 70' lang='lat' dir='ltr'><strong>quae</strong></span> <span class='ocrx_word' id='word_1_487' title='bbox 1555 1117 1623 1145; x_wconf 81' lang='lat' dir='ltr'><strong>artis</strong></span> <span class='ocrx_word' id='word_1_488' title='bbox 1639 1125 1694 1144; x_wconf 70' lang='lat' dir='ltr'><strong>stlte</strong></span> <span class='ocrx_word' id='word_1_489' title='bbox 1709 1121 1788 1149; x_wconf 82' lang='lat' dir='ltr'><strong>sunt;</strong></span> <span class='ocrx_word' id='word_1_490' title='bbox 1814 1117 1851 1144; x_wconf 78' lang='lat' dir='ltr'><strong>ita</strong></span> 
     </span>
    </p>
   </div>
   <div class='ocr_carea' id='block_1_69' title="bbox 1063 1163 1851 1200">
    <p class='ocr_par' dir='ltr' id='par_1_69' title="bbox 1063 1163 1851 1200">
     <span class='ocr_line' id='line_1_69' title="bbox 1063 1163 1851 1200; baseline 0.001 -11"><span class='ocrx_word' id='word_1_491' title='bbox 1063 1163 1149 1190; x_wconf 85' lang='lat' dir='ltr'><strong>seduli</strong></span> <span class='ocrx_word' id='word_1_492' title='bbox 1163 1168 1190 1190; x_wconf 89' lang='lat' dir='ltr'><strong>et</strong></span> <span class='ocrx_word' id='word_1_493' title='bbox 1209 1163 1235 1190; x_wconf 90' lang='lat' dir='ltr'><strong>in</strong></span> <span class='ocrx_word' id='word_1_494' title='bbox 1251 1164 1439 1198; x_wconf 80' lang='lat' dir='ltr'><strong>spiritualihus</strong></span> <span class='ocrx_word' id='word_1_495' title='bbox 1460 1165 1557 1200; x_wconf 72' lang='lat' dir='ltr'><strong>gratiis</strong></span> <span class='ocrx_word' id='word_1_496' title='bbox 1572 1164 1709 1196; x_wconf 84' lang='lat' dir='ltr'><strong>celebrati,</strong></span> <span class='ocrx_word' id='word_1_497' title='bbox 1721 1164 1786 1191; x_wconf 84' lang='lat' dir='ltr'><strong>nihil</strong></span> <span class='ocrx_word' id='word_1_498' title='bbox 1801 1163 1851 1190; x_wconf 91' lang='lat' dir='ltr'><strong>mi-</strong></span> 
     </span>
    </p>
   </div>
   <div class='ocr_carea' id='block_1_70' title="bbox 1067 1208 1850 1245">
    <p class='ocr_par' dir='ltr' id='par_1_70' title="bbox 1067 1208 1850 1245">
     <span class='ocr_line' id='line_1_70' title="bbox 1067 1208 1850 1245; baseline 0.001 -10"><span class='ocrx_word' id='word_1_499' title='bbox 1067 1208 1221 1236; x_wconf 89' lang='lat' dir='ltr'><strong>raculorum</strong></span> <span class='ocrx_word' id='word_1_500' title='bbox 1238 1217 1357 1244; x_wconf 83' lang='lat' dir='ltr'><strong>unquam</strong></span> <span class='ocrx_word' id='word_1_501' title='bbox 1376 1210 1436 1238; x_wconf 88' lang='lat' dir='ltr'><strong>sine</strong></span> <span class='ocrx_word' id='word_1_502' title='bbox 1461 1210 1638 1245; x_wconf 86' lang='lat' dir='ltr'><strong>temperantia</strong></span> <span class='ocrx_word' id='word_1_503' title='bbox 1653 1213 1850 1245; x_wconf 74' lang='lat' dir='ltr'><strong>perpetrarunt.</strong></span> 
     </span>
    </p>
   </div>
   <div class='ocr_carea' id='block_1_71' title="bbox 1062 1254 1853 1291">
    <p class='ocr_par' dir='ltr' id='par_1_71' title="bbox 1062 1254 1853 1291">
     <span class='ocr_line' id='line_1_71' title="bbox 1062 1254 1853 1291; baseline 0.003 -10"><span class='ocrx_word' id='word_1_504' title='bbox 1062 1254 1191 1289; x_wconf 75' lang='lat' dir='ltr'><strong>Jejnnans</strong></span> <span class='ocrx_word' id='word_1_505' title='bbox 1214 1256 1319 1283; x_wconf 84' lang='lat' dir='ltr'><strong>Eliseus</strong></span> <span class='ocrx_word' id='word_1_506' title='bbox 1343 1262 1479 1284; x_wconf 88' lang='lat' dir='ltr'><strong>mortuum</strong></span> <span class='ocrx_word' id='word_1_507' title='bbox 1495 1258 1624 1285; x_wconf 76' lang='lat' dir='ltr'><strong>excitavit</strong></span> <span class='ocrx_word' id='word_1_508' title='bbox 1642 1262 1669 1284; x_wconf 94' lang='lat' dir='ltr'><strong>et</strong></span> <span class='ocrx_word' id='word_1_509' title='bbox 1685 1257 1797 1288; x_wconf 81' lang='lat' dir='ltr'><strong>revixit;</strong></span> <span class='ocrx_word' id='word_1_510' title='bbox 1811 1256 1853 1291; x_wconf 52' lang='grc' dir='ltr'><strong>,ἰὼ</strong></span> 
     </span>
    </p>
   </div>
   <div class='ocr_carea' id='block_1_72' title="bbox 1059 1300 1852 1337">
    <p class='ocr_par' dir='ltr' id='par_1_72' title="bbox 1059 1300 1852 1337">
     <span class='ocr_line' id='line_1_72' title="bbox 1059 1300 1852 1337; baseline 0.001 -11"><span class='ocrx_word' id='word_1_511' title='bbox 1059 1300 1160 1335; x_wconf 86' lang='lat' dir='ltr'><strong>junans</strong></span> <span class='ocrx_word' id='word_1_512' title='bbox 1175 1300 1280 1337; x_wconf 70' lang='lat' dir='ltr'><strong>Moyses</strong></span> <span class='ocrx_word' id='word_1_513' title='bbox 1295 1301 1377 1329; x_wconf 87' lang='lat' dir='ltr'><strong>Deum</strong></span> <span class='ocrx_word' id='word_1_514' title='bbox 1395 1302 1472 1329; x_wconf 85' lang='lat' dir='ltr'><strong>vidit.</strong></span> <span class='ocrx_word' id='word_1_515' title='bbox 1491 1301 1621 1337; x_wconf 80' lang='lat' dir='ltr'><strong>.lejunans</strong></span> <span class='ocrx_word' id='word_1_516' title='bbox 1639 1301 1742 1332; x_wconf 81' lang='lat' dir='ltr'><strong>Daniel.</strong></span> <span class='ocrx_word' id='word_1_517' title='bbox 1757 1302 1852 1328; x_wconf 85' lang='lat' dir='ltr'><strong>incan-</strong></span> 
     </span>
    </p>
   </div>
   <div class='ocr_carea' id='block_1_73' title="bbox 1064 1345 1852 1382">
    <p class='ocr_par' dir='ltr' id='par_1_73' title="bbox 1064 1345 1852 1382">
     <span class='ocr_line' id='line_1_73' title="bbox 1064 1345 1852 1382; baseline -0.001 -10"><span class='ocrx_word' id='word_1_518' title='bbox 1064 1347 1182 1373; x_wconf 88' lang='lat' dir='ltr'><strong>tationes</strong></span> <span class='ocrx_word' id='word_1_519' title='bbox 1204 1352 1231 1373; x_wconf 91' lang='lat' dir='ltr'><strong>et</strong></span> <span class='ocrx_word' id='word_1_520' title='bbox 1254 1353 1362 1374; x_wconf 86' lang='lat' dir='ltr'><strong>errores</strong></span> <span class='ocrx_word' id='word_1_521' title='bbox 1387 1347 1558 1382; x_wconf 80' lang='lat' dir='ltr'><strong>Assyriorum</strong></span> <span class='ocrx_word' id='word_1_522' title='bbox 1587 1346 1699 1374; x_wconf 86' lang='lat' dir='ltr'><strong>domuit.</strong></span> <span class='ocrx_word' id='word_1_523' title='bbox 1722 1345 1852 1379; x_wconf 69' lang='lat' dir='ltr'><strong>Jejuuans</strong></span> 
     </span>
    </p>
   </div>
   <div class='ocr_carea' id='block_1_74' title="bbox 1063 1391 1850 1427">
    <p class='ocr_par' dir='ltr' id='par_1_74' title="bbox 1063 1391 1850 1427">
     <span class='ocr_line' id='line_1_74' title="bbox 1063 1391 1850 1427; baseline -0.003 -8"><span class='ocrx_word' id='word_1_524' title='bbox 1063 1392 1143 1419; x_wconf 90' lang='lat' dir='ltr'><strong>etiam</strong></span> <span class='ocrx_word' id='word_1_525' title='bbox 1169 1392 1297 1420; x_wconf 86' lang='lat' dir='ltr'><strong>Dominus</strong></span> <span class='ocrx_word' id='word_1_526' title='bbox 1321 1391 1419 1420; x_wconf 84' lang='lat' dir='ltr'><strong>diaboli</strong></span> <span class='ocrx_word' id='word_1_527' title='bbox 1444 1392 1648 1427; x_wconf 85' lang='lat' dir='ltr'><strong>impressionem</strong></span> <span class='ocrx_word' id='word_1_528' title='bbox 1673 1391 1850 1426; x_wconf 69' lang='lat' dir='ltr'><strong>compescuit.</strong></span> 
     </span>
    </p>
   </div>
   <div class='ocr_carea' id='block_1_75' title="bbox 1063 1436 1851 1472">
    <p class='ocr_par' dir='ltr' id='par_1_75' title="bbox 1063 1436 1851 1472">
     <span class='ocr_line' id='line_1_75' title="bbox 1063 1436 1851 1472; baseline -0.003 -8"><span class='ocrx_word' id='word_1_529' title='bbox 1063 1438 1186 1472; x_wconf 77' lang='lat' dir='ltr'><strong>Apostoli</strong></span> <span class='ocrx_word' id='word_1_530' title='bbox 1201 1445 1310 1472; x_wconf 88' lang='lat' dir='ltr'><strong>quoque</strong></span> <span class='ocrx_word' id='word_1_531' title='bbox 1325 1445 1368 1465; x_wconf 87' lang='lat' dir='ltr'><strong>res</strong></span> <span class='ocrx_word' id='word_1_532' title='bbox 1385 1438 1471 1466; x_wconf 82' lang='lat' dir='ltr'><strong>serias</strong></span> <span class='ocrx_word' id='word_1_533' title='bbox 1487 1444 1634 1472; x_wconf 85' lang='lat' dir='ltr'><strong>precesque</strong></span> <span class='ocrx_word' id='word_1_534' title='bbox 1647 1444 1699 1464; x_wconf 87' lang='lat' dir='ltr'><strong>non</strong></span> <span class='ocrx_word' id='word_1_535' title='bbox 1713 1437 1772 1464; x_wconf 83' lang='lat' dir='ltr'><strong>siue</strong></span> <span class='ocrx_word' id='word_1_536' title='bbox 1785 1436 1851 1471; x_wconf 85' lang='lat' dir='ltr'><strong>jeju-</strong></span> 
     </span>
    </p>
   </div>
   <div class='ocr_carea' id='block_1_76' title="bbox 1063 1479 1849 1516">
    <p class='ocr_par' dir='ltr' id='par_1_76' title="bbox 1063 1479 1849 1516">
     <span class='ocr_line' id='line_1_76' title="bbox 1063 1479 1849 1516; baseline -0.001 -9"><span class='ocrx_word' id='word_1_537' title='bbox 1063 1481 1109 1508; x_wconf 88' lang='lat' dir='ltr'><strong>nio</strong></span> <span class='ocrx_word' id='word_1_538' title='bbox 1132 1481 1318 1516; x_wconf 86' lang='lat' dir='ltr'><strong>perllciebant.</strong></span> <span class='ocrx_word' id='word_1_539' title='bbox 1339 1481 1464 1509; x_wconf 72' lang='lat' dir='ltr'><strong>Ninivita:</strong></span> <span class='ocrx_word' id='word_1_540' title='bbox 1487 1481 1723 1509; x_wconf 87' lang='lat' dir='ltr'><strong>comminationem</strong></span> <span class='ocrx_word' id='word_1_541' title='bbox 1756 1479 1849 1507; x_wconf 88' lang='lat' dir='ltr'><strong>mortis</strong></span> 
     </span>
    </p>
   </div>
   <div class='ocr_carea' id='block_1_77' title="bbox 1061 1525 1849 1562">
    <p class='ocr_par' dir='ltr' id='par_1_77' title="bbox 1061 1525 1849 1562">
     <span class='ocr_line' id='line_1_77' title="bbox 1061 1525 1849 1562; baseline -0.001 -9"><span class='ocrx_word' id='word_1_542' title='bbox 1061 1526 1164 1560; x_wconf 71' lang='lat' dir='ltr'><strong>jejunio</strong></span> <span class='ocrx_word' id='word_1_543' title='bbox 1174 1525 1342 1562; x_wconf 71' lang='lat' dir='ltr'><strong>cﬂ‘ugerunt;</strong></span> <span class='ocrx_word' id='word_1_544' title='bbox 1356 1533 1383 1554; x_wconf 93' lang='lat' dir='ltr'><strong>et</strong></span> <span class='ocrx_word' id='word_1_545' title='bbox 1394 1531 1424 1554; x_wconf 93' lang='lat' dir='ltr'><strong>ut</strong></span> <span class='ocrx_word' id='word_1_546' title='bbox 1435 1527 1554 1554; x_wconf 86' lang='lat' dir='ltr'><strong>breviter</strong></span> <span class='ocrx_word' id='word_1_547' title='bbox 1571 1526 1662 1554; x_wconf 87' lang='lat' dir='ltr'><strong>omnia</strong></span> <span class='ocrx_word' id='word_1_548' title='bbox 1677 1526 1849 1561; x_wconf 85' lang='lat' dir='ltr'><strong>complectar.</strong></span> 
     </span>
    </p>
   </div>
   <div class='ocr_carea' id='block_1_78' title="bbox 1061 1571 1852 1609">
    <p class='ocr_par' dir='ltr' id='par_1_78' title="bbox 1061 1571 1852 1609">
     <span class='ocr_line' id='line_1_78' title="bbox 1061 1571 1852 1609; baseline -0.001 -11"><span class='ocrx_word' id='word_1_549' title='bbox 1061 1572 1195 1606; x_wconf 85' lang='lat' dir='ltr'><strong>jejunium</strong></span> <span class='ocrx_word' id='word_1_550' title='bbox 1214 1578 1256 1600; x_wconf 86' lang='lat' dir='ltr'><strong>est</strong></span> <span class='ocrx_word' id='word_1_551' title='bbox 1273 1574 1383 1609; x_wconf 75' lang='lat' dir='ltr'><strong>dignum</strong></span> <span class='ocrx_word' id='word_1_552' title='bbox 1400 1573 1478 1608; x_wconf 81' lang='lat' dir='ltr'><strong>cujus</strong></span> <span class='ocrx_word' id='word_1_553' title='bbox 1490 1578 1618 1608; x_wconf 85' lang='lat' dir='ltr'><strong>tanquam</strong></span> <span class='ocrx_word' id='word_1_554' title='bbox 1633 1572 1711 1607; x_wconf 69' lang='lat' dir='ltr'><strong>legati</strong></span> <span class='ocrx_word' id='word_1_555' title='bbox 1726 1572 1793 1600; x_wconf 88' lang='lat' dir='ltr'><strong>ratio</strong></span> <span class='ocrx_word' id='word_1_556' title='bbox 1803 1571 1852 1598; x_wconf 82' lang='lat' dir='ltr'><strong>ha-</strong></span> 
     </span>
    </p>
   </div>
   <div class='ocr_carea' id='block_1_79' title="bbox 1064 1617 1852 1654">
    <p class='ocr_par' dir='ltr' id='par_1_79' title="bbox 1064 1617 1852 1654">
     <span class='ocr_line' id='line_1_79' title="bbox 1064 1617 1852 1654; baseline -0.003 -9"><span class='ocrx_word' id='word_1_557' title='bbox 1064 1619 1170 1651; x_wconf 87' lang='lat' dir='ltr'><strong>bcatur.</strong></span> <span class='ocrx_word' id='word_1_558' title='bbox 1184 1624 1211 1646; x_wconf 90' lang='lat' dir='ltr'><strong>et</strong></span> <span class='ocrx_word' id='word_1_559' title='bbox 1228 1626 1343 1654; x_wconf 89' lang='lat' dir='ltr'><strong>quorum</strong></span> <span class='ocrx_word' id='word_1_560' title='bbox 1366 1619 1472 1647; x_wconf 77' lang='lat' dir='ltr'><strong>ratione</strong></span> <span class='ocrx_word' id='word_1_561' title='bbox 1484 1620 1516 1646; x_wconf 87' lang='lat' dir='ltr'><strong>ad</strong></span> <span class='ocrx_word' id='word_1_562' title='bbox 1533 1620 1616 1647; x_wconf 89' lang='lat' dir='ltr'><strong>Deum</strong></span> <span class='ocrx_word' id='word_1_563' title='bbox 1640 1619 1773 1654; x_wconf 78' lang='lat' dir='ltr'><strong>legatione</strong></span> <span class='ocrx_word' id='word_1_564' title='bbox 1795 1617 1852 1645; x_wconf 78' lang='grc' dir='ltr'>ίιιιι-</span> 
     </span>
    </p>
   </div>
   <div class='ocr_carea' id='block_1_80' title="bbox 1063 1663 1851 1700">
    <p class='ocr_par' dir='ltr' id='par_1_80' title="bbox 1063 1663 1851 1700">
     <span class='ocr_line' id='line_1_80' title="bbox 1063 1663 1851 1700; baseline -0.001 -10"><span class='ocrx_word' id='word_1_565' title='bbox 1063 1665 1144 1700; x_wconf 76' lang='lat' dir='ltr'><strong>gitnr,</strong></span> <span class='ocrx_word' id='word_1_566' title='bbox 1163 1665 1335 1692; x_wconf 78' lang='lat' dir='ltr'><strong>exaudiatur.</strong></span> <span class='ocrx_word' id='word_1_567' title='bbox 1348 1664 1480 1698; x_wconf 77' lang='lat' dir='ltr'><strong>Quocirca</strong></span> <span class='ocrx_word' id='word_1_568' title='bbox 1491 1664 1616 1699; x_wconf 83' lang='lat' dir='ltr'><strong>quisquis</strong></span> <span class='ocrx_word' id='word_1_569' title='bbox 1629 1668 1671 1692; x_wconf 88' lang='lat' dir='ltr'><strong>est</strong></span> <span class='ocrx_word' id='word_1_570' title='bbox 1686 1664 1745 1699; x_wconf 91' lang='lat' dir='ltr'><strong>pius</strong></span> <span class='ocrx_word' id='word_1_571' title='bbox 1757 1663 1851 1690; x_wconf 82' lang='lat' dir='ltr'><strong>Deum-</strong></span> 
     </span>
    </p>
   </div>
   <div class='ocr_carea' id='block_1_81' title="bbox 1063 1707 1853 1745">
    <p class='ocr_par' dir='ltr' id='par_1_81' title="bbox 1063 1707 1853 1745">
     <span class='ocr_line' id='line_1_81' title="bbox 1063 1707 1853 1745; baseline -0.004 -8"><span class='ocrx_word' id='word_1_572' title='bbox 1063 1718 1115 1744; x_wconf 91' lang='lat' dir='ltr'><strong>que</strong></span> <span class='ocrx_word' id='word_1_573' title='bbox 1135 1709 1227 1738; x_wconf 88' lang='lat' dir='ltr'><strong>colens</strong></span> <span class='ocrx_word' id='word_1_574' title='bbox 1249 1715 1276 1737; x_wconf 89' lang='lat' dir='ltr'><strong>et</strong></span> <span class='ocrx_word' id='word_1_575' title='bbox 1304 1711 1390 1745; x_wconf 78' lang='lat' dir='ltr'><strong>magis</strong></span> <span class='ocrx_word' id='word_1_576' title='bbox 1412 1718 1492 1745; x_wconf 88' lang='lat' dir='ltr'><strong>quam</strong></span> <span class='ocrx_word' id='word_1_577' title='bbox 1514 1710 1664 1745; x_wconf 85' lang='lat' dir='ltr'><strong>voluptates</strong></span> <span class='ocrx_word' id='word_1_578' title='bbox 1685 1715 1789 1740; x_wconf 87' lang='lat' dir='ltr'><strong>amans,</strong></span> <span class='ocrx_word' id='word_1_579' title='bbox 1808 1707 1853 1735; x_wconf 82' lang='lat' dir='ltr'><strong>ille</strong></span> 
     </span>
    </p>
   </div>
   <div class='ocr_carea' id='block_1_82' title="bbox 1063 1754 1850 1784">
    <p class='ocr_par' dir='ltr' id='par_1_82' title="bbox 1063 1754 1850 1784">
     <span class='ocr_line' id='line_1_82' title="bbox 1063 1754 1850 1784; baseline -0.004 -1"><span class='ocrx_word' id='word_1_580' title='bbox 1063 1756 1189 1783; x_wconf 89' lang='lat' dir='ltr'><strong>alacriter</strong></span> <span class='ocrx_word' id='word_1_581' title='bbox 1218 1756 1261 1783; x_wconf 84' lang='lat' dir='ltr'><strong>his</strong></span> <span class='ocrx_word' id='word_1_582' title='bbox 1288 1755 1383 1784; x_wconf 86' lang='lat' dir='ltr'><strong>diebus</strong></span> <span class='ocrx_word' id='word_1_583' title='bbox 1410 1757 1582 1784; x_wconf 74' lang='lat' dir='ltr'><strong>abstinentia:</strong></span> <span class='ocrx_word' id='word_1_584' title='bbox 1603 1756 1637 1783; x_wconf 80' lang='lat' dir='ltr'><strong>ad</strong></span> <span class='ocrx_word' id='word_1_585' title='bbox 1664 1763 1706 1782; x_wconf 84' lang='lat' dir='ltr'><strong>tne</strong></span> <span class='ocrx_word' id='word_1_586' title='bbox 1730 1754 1850 1784; x_wconf 79' lang='lat' dir='ltr'><strong>accedat.</strong></span> 
     </span>
    </p>
   </div>
   <div class='ocr_carea' id='block_1_83' title="bbox 1065 1800 1852 1837">
    <p class='ocr_par' dir='ltr' id='par_1_83' title="bbox 1065 1800 1852 1837">
     <span class='ocr_line' id='line_1_83' title="bbox 1065 1800 1852 1837; baseline -0.003 -9"><span class='ocrx_word' id='word_1_587' title='bbox 1065 1802 1154 1829; x_wconf 89' lang='lat' dir='ltr'><strong>nullus</strong></span> <span class='ocrx_word' id='word_1_588' title='bbox 1183 1802 1271 1833; x_wconf 85' lang='lat' dir='ltr'><strong>enim.</strong></span> <span class='ocrx_word' id='word_1_589' title='bbox 1296 1803 1341 1837; x_wconf 87' lang='lat' dir='ltr'><strong>qui</strong></span> <span class='ocrx_word' id='word_1_590' title='bbox 1369 1802 1446 1830; x_wconf 90' lang='lat' dir='ltr'><strong>initio</strong></span> <span class='ocrx_word' id='word_1_591' title='bbox 1467 1803 1646 1830; x_wconf 90' lang='lat' dir='ltr'><strong>certaminum</strong></span> <span class='ocrx_word' id='word_1_592' title='bbox 1667 1800 1806 1827; x_wconf 82' lang='lat' dir='ltr'><strong>vultuosus</strong></span> <span class='ocrx_word' id='word_1_593' title='bbox 1825 1804 1852 1827; x_wconf 90' lang='lat' dir='ltr'><strong>et</strong></span> 
     </span>
    </p>
   </div>
   <div class='ocr_carea' id='block_1_84' title="bbox 1065 1845 1853 1882">
    <p class='ocr_par' dir='ltr' id='par_1_84' title="bbox 1065 1845 1853 1882">
     <span class='ocr_line' id='line_1_84' title="bbox 1065 1845 1853 1882; baseline -0.004 -8"><span class='ocrx_word' id='word_1_594' title='bbox 1065 1848 1148 1875; x_wconf 85' lang='lat' dir='ltr'><strong>tristis</strong></span> <span class='ocrx_word' id='word_1_595' title='bbox 1180 1852 1241 1880; x_wconf 88' lang='lat' dir='ltr'><strong>est.</strong></span> <span class='ocrx_word' id='word_1_596' title='bbox 1271 1855 1418 1882; x_wconf 75' lang='lat' dir='ltr'><strong>generosus</strong></span> <span class='ocrx_word' id='word_1_597' title='bbox 1448 1848 1549 1876; x_wconf 85' lang='lat' dir='ltr'><strong>athleta</strong></span> <span class='ocrx_word' id='word_1_598' title='bbox 1579 1852 1631 1876; x_wconf 82' lang='lat' dir='ltr'><strong>est.</strong></span> <span class='ocrx_word' id='word_1_599' title='bbox 1660 1846 1698 1874; x_wconf 83' lang='lat' dir='ltr'><strong>Ne</strong></span> <span class='ocrx_word' id='word_1_600' title='bbox 1727 1845 1853 1874; x_wconf 83' lang='lat' dir='ltr'><strong>eiliciaris</strong></span> 
     </span>
    </p>
   </div>
   <div class='ocr_carea' id='block_1_85' title="bbox 1063 1891 1850 1928">
    <p class='ocr_par' dir='ltr' id='par_1_85' title="bbox 1063 1891 1850 1928">
     <span class='ocr_line' id='line_1_85' title="bbox 1063 1891 1850 1928; baseline -0.005 -8"><span class='ocrx_word' id='word_1_601' title='bbox 1063 1898 1177 1920; x_wconf 64' lang='lat' dir='ltr'><strong>maestus</strong></span> <span class='ocrx_word' id='word_1_602' title='bbox 1187 1914 1195 1926; x_wconf 83' lang='lat'><strong>,</strong></span> <span class='ocrx_word' id='word_1_603' title='bbox 1214 1898 1341 1928; x_wconf 84' lang='lat' dir='ltr'><strong>tanquam</strong></span> <span class='ocrx_word' id='word_1_604' title='bbox 1356 1894 1495 1928; x_wconf 83' lang='lat' dir='ltr'><strong>puerulus,</strong></span> <span class='ocrx_word' id='word_1_605' title='bbox 1510 1894 1554 1928; x_wconf 88' lang='lat' dir='ltr'><strong>qui</strong></span> <span class='ocrx_word' id='word_1_606' title='bbox 1573 1893 1702 1920; x_wconf 86' lang='lat' dir='ltr'><strong>violenter</strong></span> <span class='ocrx_word' id='word_1_607' title='bbox 1716 1892 1749 1918; x_wconf 88' lang='lat' dir='ltr'><strong>ad</strong></span> <span class='ocrx_word' id='word_1_608' title='bbox 1760 1891 1850 1918; x_wconf 89' lang='lat' dir='ltr'><strong>ludum</strong></span> 
     </span>
    </p>
   </div>
   <div class='ocr_carea' id='block_1_86' title="bbox 1065 1937 1851 1971">
    <p class='ocr_par' dir='ltr' id='par_1_86' title="bbox 1065 1937 1851 1971">
     <span class='ocr_line' id='line_1_86' title="bbox 1065 1937 1851 1971; baseline -0.005 -5"><span class='ocrx_word' id='word_1_609' title='bbox 1065 1939 1223 1966; x_wconf 85' lang='lat' dir='ltr'><strong>litterarium</strong></span> <span class='ocrx_word' id='word_1_610' title='bbox 1243 1939 1381 1971; x_wconf 86' lang='lat' dir='ltr'><strong>trahitur;</strong></span> <span class='ocrx_word' id='word_1_611' title='bbox 1409 1946 1443 1966; x_wconf 88' lang='lat' dir='ltr'><strong>ne</strong></span> <span class='ocrx_word' id='word_1_612' title='bbox 1471 1946 1624 1966; x_wconf 90' lang='lat' dir='ltr'><strong>murmures</strong></span> <span class='ocrx_word' id='word_1_613' title='bbox 1646 1938 1777 1964; x_wconf 81' lang='lat' dir='ltr'><strong>adversus</strong></span> <span class='ocrx_word' id='word_1_614' title='bbox 1803 1937 1851 1963; x_wconf 87' lang='lat' dir='ltr'><strong>ho-</strong></span> 
     </span>
    </p>
   </div>
   <div class='ocr_carea' id='block_1_87' title="bbox 1065 1981 1854 2018">
    <p class='ocr_par' dir='ltr' id='par_1_87' title="bbox 1065 1981 1854 2018">
     <span class='ocr_line' id='line_1_87' title="bbox 1065 1981 1854 2018; baseline -0.005 -8"><span class='ocrx_word' id='word_1_615' title='bbox 1065 1992 1122 2011; x_wconf 91' lang='lat' dir='ltr'><strong>rnm</strong></span> <span class='ocrx_word' id='word_1_616' title='bbox 1135 1985 1240 2010; x_wconf 87' lang='lat' dir='ltr'><strong>dierum</strong></span> <span class='ocrx_word' id='word_1_617' title='bbox 1261 1984 1405 2018; x_wconf 89' lang='lat' dir='ltr'><strong>puritatem</strong></span> <span class='ocrx_word' id='word_1_618' title='bbox 1420 1992 1427 2017; x_wconf 88' lang='lat'>;</span> <span class='ocrx_word' id='word_1_619' title='bbox 1451 1991 1485 2010; x_wconf 90' lang='lat' dir='ltr'><strong>ne</strong></span> <span class='ocrx_word' id='word_1_620' title='bbox 1496 1991 1602 2018; x_wconf 73' lang='lat' dir='ltr'><strong>qnmras</strong></span> <span class='ocrx_word' id='word_1_621' title='bbox 1618 1983 1696 2010; x_wconf 88' lang='lat' dir='ltr'><strong>ﬁnem</strong></span> <span class='ocrx_word' id='word_1_622' title='bbox 1710 1981 1761 2009; x_wconf 88' lang='lat' dir='ltr'><strong>hcb</strong></span> <span class='ocrx_word' id='word_1_623' title='bbox 1773 1983 1854 2007; x_wconf 71' lang='lat' dir='ltr'><strong>Ioma-</strong></span> 
     </span>
    </p>
   </div>
   <div class='ocr_carea' id='block_1_88' title="bbox 1064 2027 1852 2064">
    <p class='ocr_par' dir='ltr' id='par_1_88' title="bbox 1064 2027 1852 2064">
     <span class='ocr_line' id='line_1_88' title="bbox 1064 2027 1852 2064; baseline -0.005 -6"><span class='ocrx_word' id='word_1_624' title='bbox 1064 2030 1193 2061; x_wconf 81' lang='lat' dir='ltr'><strong>da-,sicnt</strong></span> <span class='ocrx_word' id='word_1_625' title='bbox 1205 2035 1263 2064; x_wconf 81' lang='lat' dir='ltr'><strong>post</strong></span> <span class='ocrx_word' id='word_1_626' title='bbox 1283 2030 1471 2057; x_wconf 80' lang='lat' dir='ltr'><strong>inclementem</strong></span> <span class='ocrx_word' id='word_1_627' title='bbox 1496 2030 1611 2057; x_wconf 83' lang='lat' dir='ltr'><strong>hiemem</strong></span> <span class='ocrx_word' id='word_1_628' title='bbox 1638 2027 1768 2055; x_wconf 84' lang='lat' dir='ltr'><strong>adventus</strong></span> <span class='ocrx_word' id='word_1_629' title='bbox 1782 2027 1852 2054; x_wconf 83' lang='lat' dir='ltr'><strong>veris</strong></span> 
     </span>
    </p>
   </div>
   <div class='ocr_carea' id='block_1_89' title="bbox 1064 2075 1850 2111">
    <p class='ocr_par' dir='ltr' id='par_1_89' title="bbox 1064 2075 1850 2111">
     <span class='ocr_line' id='line_1_89' title="bbox 1064 2075 1850 2111; baseline -0.008 -7"><span class='ocrx_word' id='word_1_630' title='bbox 1064 2077 1214 2111; x_wconf 84' lang='lat' dir='ltr'><strong>expetitur;</strong></span> <span class='ocrx_word' id='word_1_631' title='bbox 1239 2085 1272 2103; x_wconf 81' lang='lat' dir='ltr'><strong>ne</strong></span> <span class='ocrx_word' id='word_1_632' title='bbox 1294 2077 1432 2104; x_wconf 85' lang='lat' dir='ltr'><strong>desideres</strong></span> <span class='ocrx_word' id='word_1_633' title='bbox 1454 2076 1600 2103; x_wconf 80' lang='lat' dir='ltr'><strong>Sabbatutn</strong></span> <span class='ocrx_word' id='word_1_634' title='bbox 1624 2076 1658 2102; x_wconf 89' lang='lat' dir='ltr'><strong>oh</strong></span> <span class='ocrx_word' id='word_1_635' title='bbox 1680 2075 1850 2103; x_wconf 80' lang='lat' dir='ltr'><strong>ebrietatem.</strong></span> 
     </span>
    </p>
   </div>
   <div class='ocr_carea' id='block_1_90' title="bbox 1066 2117 1853 2155">
    <p class='ocr_par' dir='ltr' id='par_1_90' title="bbox 1066 2117 1853 2155">
     <span class='ocr_line' id='line_1_90' title="bbox 1066 2117 1853 2155; baseline -0.006 -6"><span class='ocrx_word' id='word_1_636' title='bbox 1066 2126 1191 2155; x_wconf 82' lang='lat' dir='ltr'><strong>tanquam</strong></span> <span class='ocrx_word' id='word_1_637' title='bbox 1212 2121 1335 2154; x_wconf 64' lang='lat' dir='ltr'><strong>Iudaeus;</strong></span> <span class='ocrx_word' id='word_1_638' title='bbox 1361 2129 1396 2148; x_wconf 90' lang='lat' dir='ltr'><strong>ne</strong></span> <span class='ocrx_word' id='word_1_639' title='bbox 1421 2129 1548 2148; x_wconf 79' lang='lat' dir='ltr'><strong>ntimercs</strong></span> <span class='ocrx_word' id='word_1_640' title='bbox 1566 2119 1780 2154; x_wconf 73' lang='lat' dir='ltr'><strong>Quadragesimze</strong></span> <span class='ocrx_word' id='word_1_641' title='bbox 1795 2117 1853 2144; x_wconf 68' lang='lat' dir='ltr'><strong>dies</strong></span> 
     </span>
    </p>
   </div>
   <div class='ocr_carea' id='block_1_91' title="bbox 1065 2163 1853 2201">
    <p class='ocr_par' dir='ltr' id='par_1_91' title="bbox 1065 2163 1853 2201">
     <span class='ocr_line' id='line_1_91' title="bbox 1065 2163 1853 2201; baseline -0.005 -8"><span class='ocrx_word' id='word_1_642' title='bbox 1065 2167 1136 2193; x_wconf 86' lang='lat' dir='ltr'><strong>velut</strong></span> <span class='ocrx_word' id='word_1_643' title='bbox 1147 2167 1258 2201; x_wconf 77' lang='lat' dir='ltr'><strong>ignavus</strong></span> <span class='ocrx_word' id='word_1_644' title='bbox 1274 2167 1468 2199; x_wconf 72' lang='lat' dir='ltr'><strong>mercenarius,</strong></span> <span class='ocrx_word' id='word_1_645' title='bbox 1481 2171 1643 2201; x_wconf 86' lang='lat' dir='ltr'><strong>exspectans</strong></span> <span class='ocrx_word' id='word_1_646' title='bbox 1662 2165 1748 2192; x_wconf 89' lang='lat' dir='ltr'><strong>donec</strong></span> <span class='ocrx_word' id='word_1_647' title='bbox 1763 2163 1853 2191; x_wconf 67' lang='lat' dir='ltr'><strong>elabe-</strong></span> 
     </span>
    </p>
   </div>
   <div class='ocr_carea' id='block_1_92' title="bbox 226 2208 1013 2247">
    <p class='ocr_par' dir='ltr' id='par_1_92' title="bbox 226 2211 1012 2247">
     <span class='ocr_line' id='line_1_92' title="bbox 226 2211 1012 2247; baseline 0.001 -10"><span class='ocrx_word' id='word_1_648' title='bbox 226 2211 313 2237; x_wconf 74' lang='grc' dir='ltr'>λυποῦ</span> <span class='ocrx_word' id='word_1_649' title='bbox 324 2231 331 2242; x_wconf 86' lang='grc'><strong>,</strong></span> <span class='ocrx_word' id='word_1_650' title='bbox 350 2211 390 2238; x_wconf 64' lang='lat' dir='ltr'><strong>(&quot;In</strong></span> <span class='ocrx_word' id='word_1_651' title='bbox 405 2220 451 2237; x_wconf 84' lang='grc' dir='ltr'><strong>σου</strong></span> <span class='ocrx_word' id='word_1_652' title='bbox 467 2212 521 2238; x_wconf 80' lang='grc' dir='ltr'><strong>ἀπὸ</strong></span> <span class='ocrx_word' id='word_1_653' title='bbox 535 2211 646 2247; x_wconf 87' lang='grc' dir='ltr'>πρώτης</span> <span class='ocrx_word' id='word_1_654' title='bbox 664 2211 738 2247; x_wconf 84' lang='grc' dir='ltr'>ὥρας</span> <span class='ocrx_word' id='word_1_655' title='bbox 751 2212 768 2247; x_wconf 85' lang='grc' dir='ltr'><strong>ή</strong></span> <span class='ocrx_word' id='word_1_656' title='bbox 784 2211 857 2238; x_wconf 80' lang='grc' dir='ltr'>οἰκία</span> <span class='ocrx_word' id='word_1_657' title='bbox 870 2212 901 2238; x_wconf 80' lang='grc' dir='ltr'>οὐ</span> <span class='ocrx_word' id='word_1_658' title='bbox 915 2212 1012 2239; x_wconf 85' lang='grc' dir='ltr'>καπνί-</span> 
     </span>
    </p>
   </div>
   <div class='ocr_carea' id='block_1_93' title="bbox 1064 2208 1851 2247">
    <p class='ocr_par' dir='ltr' id='par_1_93' title="bbox 1066 2208 1851 2246">
     <span class='ocr_line' id='line_1_93' title="bbox 1066 2208 1851 2246; baseline -0.005 -8"><span class='ocrx_word' id='word_1_659' title='bbox 1066 2211 1183 2246; x_wconf 83' lang='lat' dir='ltr'><strong>lurcjus,</strong></span> <span class='ocrx_word' id='word_1_660' title='bbox 1197 2212 1229 2238; x_wconf 85' lang='lat' dir='ltr'><strong>de</strong></span> <span class='ocrx_word' id='word_1_661' title='bbox 1239 2220 1292 2246; x_wconf 89' lang='lat' dir='ltr'><strong>quo</strong></span> <span class='ocrx_word' id='word_1_662' title='bbox 1306 2216 1468 2239; x_wconf 83' lang='lat' dir='ltr'><strong>conventum</strong></span> <span class='ocrx_word' id='word_1_663' title='bbox 1484 2215 1536 2244; x_wconf 85' lang='lat' dir='ltr'><strong>est,</strong></span> <span class='ocrx_word' id='word_1_664' title='bbox 1552 2216 1672 2244; x_wconf 64' lang='lat' dir='ltr'><strong>tempus;</strong></span> <span class='ocrx_word' id='word_1_665' title='bbox 1686 2218 1718 2236; x_wconf 81' lang='lat' dir='ltr'><strong>ne</strong></span> <span class='ocrx_word' id='word_1_666' title='bbox 1735 2208 1851 2244; x_wconf 69' lang='lat' dir='ltr'><strong>nugaris.</strong></span> 
     </span>
    </p>
   </div>
   <div class='ocr_carea' id='block_1_94' title="bbox 229 2257 891 2294">
    <p class='ocr_par' dir='ltr' id='par_1_94' title="bbox 229 2257 891 2294">
     <span class='ocr_line' id='line_1_94' title="bbox 229 2257 891 2294; baseline 0 -10"><span class='ocrx_word' id='word_1_667' title='bbox 229 2258 315 2290; x_wconf 82' lang='grc' dir='ltr'>ζεται,</span> <span class='ocrx_word' id='word_1_668' title='bbox 331 2257 390 2284; x_wconf 64' lang='grc' dir='ltr'>οὑδὲ</span> <span class='ocrx_word' id='word_1_669' title='bbox 404 2258 418 2284; x_wconf 84' lang='grc' dir='ltr'><strong>ό</strong></span> <span class='ocrx_word' id='word_1_670' title='bbox 436 2258 566 2294; x_wconf 82' lang='grc' dir='ltr'>μάγειρος</span> <span class='ocrx_word' id='word_1_671' title='bbox 578 2258 676 2294; x_wconf 73' lang='grc' dir='ltr'>ἔστηκε</span> <span class='ocrx_word' id='word_1_672' title='bbox 697 2258 765 2293; x_wconf 79' lang='grc' dir='ltr'>πρὸς</span> <span class='ocrx_word' id='word_1_673' title='bbox 778 2257 809 2284; x_wconf 81' lang='grc' dir='ltr'>τὸ</span> <span class='ocrx_word' id='word_1_674' title='bbox 826 2257 891 2294; x_wconf 78' lang='grc' dir='ltr'>πῦρ.</span> 
     </span>
    </p>
   </div>
   <div class='ocr_carea' id='block_1_95' title="bbox 264 2345 1011 2383">
    <p class='ocr_par' dir='ltr' id='par_1_95' title="bbox 264 2345 1011 2383">
     <span class='ocr_line' id='line_1_95' title="bbox 264 2345 1011 2383; baseline -0.003 -9"><span class='ocrx_word' id='word_1_675' title='bbox 264 2347 381 2383; x_wconf 80' lang='grc' dir='ltr'>Χάρισαί</span> <span class='ocrx_word' id='word_1_676' title='bbox 402 2356 427 2374; x_wconf 77' lang='grc' dir='ltr'><strong>τι</strong></span> <span class='ocrx_word' id='word_1_677' title='bbox 444 2347 490 2374; x_wconf 71' lang='grc' dir='ltr'>καὶ</span> <span class='ocrx_word' id='word_1_678' title='bbox 505 2349 537 2383; x_wconf 81' lang='grc' dir='ltr'><strong>τῇ</strong></span> <span class='ocrx_word' id='word_1_679' title='bbox 552 2347 624 2382; x_wconf 73' lang='grc' dir='ltr'>ψυχῇ</span> <span class='ocrx_word' id='word_1_680' title='bbox 637 2367 644 2379; x_wconf 87' lang='grc'><strong>,</strong></span> <span class='ocrx_word' id='word_1_681' title='bbox 668 2347 705 2382; x_wconf 84' lang='grc' dir='ltr'><strong>μὴ</strong></span> <span class='ocrx_word' id='word_1_682' title='bbox 730 2346 818 2373; x_wconf 85' lang='grc' dir='ltr'>πάντα</span> <span class='ocrx_word' id='word_1_683' title='bbox 840 2346 880 2381; x_wconf 82' lang='grc' dir='ltr'>τῷ</span> <span class='ocrx_word' id='word_1_684' title='bbox 896 2345 1011 2381; x_wconf 84' lang='grc' dir='ltr'>σώματι.</span> 
     </span>
    </p>
   </div>
   <div class='ocr_carea' id='block_1_96' title="bbox 227 2391 1012 2428">
    <p class='ocr_par' dir='ltr' id='par_1_96' title="bbox 227 2391 1012 2428">
     <span class='ocr_line' id='line_1_96' title="bbox 227 2391 1012 2428; baseline -0.004 -8"><span class='ocrx_word' id='word_1_685' title='bbox 227 2392 284 2428; x_wconf 83' lang='grc' dir='ltr'>Τὴν</span> <span class='ocrx_word' id='word_1_686' title='bbox 304 2394 352 2428; x_wconf 86' lang='grc' dir='ltr'>μὲν</span> <span class='ocrx_word' id='word_1_687' title='bbox 365 2393 382 2428; x_wconf 84' lang='grc' dir='ltr'>ὴ</span> <span class='ocrx_word' id='word_1_688' title='bbox 397 2393 485 2428; x_wconf 81' lang='grc' dir='ltr'>ἀποχὴ</span> <span class='ocrx_word' id='word_1_689' title='bbox 499 2392 553 2419; x_wconf 85' lang='grc' dir='ltr'><strong>τῶν</strong></span> <span class='ocrx_word' id='word_1_690' title='bbox 571 2393 662 2419; x_wconf 84' lang='grc' dir='ltr'>σιτίων</span> <span class='ocrx_word' id='word_1_691' title='bbox 675 2393 785 2428; x_wconf 74' lang='grc' dir='ltr'>τρέφει·</span> <span class='ocrx_word' id='word_1_692' title='bbox 802 2391 832 2418; x_wconf 78' lang='grc' dir='ltr'><strong>τὸ</strong></span> <span class='ocrx_word' id='word_1_693' title='bbox 847 2391 876 2417; x_wconf 72' lang='grc' dir='ltr'>δὲ</span> <span class='ocrx_word' id='word_1_694' title='bbox 893 2391 909 2427; x_wconf 79' lang='grc' dir='ltr'>ἡ</span> <span class='ocrx_word' id='word_1_695' title='bbox 927 2391 1012 2426; x_wconf 79' lang='grc' dir='ltr'>ἐμφό-</span> 
     </span>
    </p>
   </div>
   <div class='ocr_carea' id='block_1_97' title="bbox 231 2436 1010 2474">
    <p class='ocr_par' dir='ltr' id='par_1_97' title="bbox 231 2436 1010 2474">
     <span class='ocr_line' id='line_1_97' title="bbox 231 2436 1010 2474; baseline 0 -9"><span class='ocrx_word' id='word_1_696' title='bbox 231 2447 318 2473; x_wconf 77' lang='grc' dir='ltr'>ρησις.</span> <span class='ocrx_word' id='word_1_697' title='bbox 351 2439 420 2465; x_wconf 80' lang='grc' dir='ltr'>Ἀλλ’</span> <span class='ocrx_word' id='word_1_698' title='bbox 439 2438 533 2474; x_wconf 79' lang='grc' dir='ltr'>ἐπειδὴ</span> <span class='ocrx_word' id='word_1_699' title='bbox 554 2438 588 2466; x_wconf 74' lang='grc' dir='ltr'><strong>τὰ</strong></span> <span class='ocrx_word' id='word_1_700' title='bbox 610 2437 656 2465; x_wconf 85' lang='grc' dir='ltr'>δύο</span> <span class='ocrx_word' id='word_1_701' title='bbox 675 2438 800 2473; x_wconf 76' lang='grc' dir='ltr'>ἀλλήλοις</span> <span class='ocrx_word' id='word_1_702' title='bbox 820 2436 1010 2468; x_wconf 74' lang='grc' dir='ltr'>συνέζευκται.</span> 
     </span>
    </p>
   </div>
   <div class='ocr_carea' id='block_1_98' title="bbox 232 2481 1012 2518">
    <p class='ocr_par' dir='ltr' id='par_1_98' title="bbox 232 2481 1012 2518">
     <span class='ocr_line' id='line_1_98' title="bbox 232 2481 1012 2518; baseline 0 -10"><span class='ocrx_word' id='word_1_703' title='bbox 232 2482 329 2510; x_wconf 77' lang='grc' dir='ltr'>καὶτὰ</span> <span class='ocrx_word' id='word_1_704' title='bbox 344 2483 410 2510; x_wconf 80' lang='grc' dir='ltr'>πολὺ</span> <span class='ocrx_word' id='word_1_705' title='bbox 427 2483 617 2518; x_wconf 77' lang='grc' dir='ltr'>κεχωρισμένα</span> <span class='ocrx_word' id='word_1_706' title='bbox 639 2483 709 2509; x_wconf 73' lang='grc' dir='ltr'>κατὰ</span> <span class='ocrx_word' id='word_1_707' title='bbox 724 2482 774 2518; x_wconf 82' lang='grc' dir='ltr'><strong>τὴν</strong></span> <span class='ocrx_word' id='word_1_708' title='bbox 796 2482 886 2516; x_wconf 81' lang='grc' dir='ltr'>φύσιν,</span> <span class='ocrx_word' id='word_1_709' title='bbox 906 2484 939 2518; x_wconf 71' lang='grc' dir='ltr'><strong>τῇ</strong></span> <span class='ocrx_word' id='word_1_710' title='bbox 965 2481 1012 2508; x_wconf 87' lang='grc' dir='ltr'>τοῦ</span> 
     </span>
    </p>
   </div>
   <div class='ocr_carea' id='block_1_99' title="bbox 229 2527 1014 2565">
    <p class='ocr_par' dir='ltr' id='par_1_99' title="bbox 229 2527 1014 2565">
     <span class='ocr_line' id='line_1_99' title="bbox 229 2527 1014 2565; baseline 0 -11"><span class='ocrx_word' id='word_1_711' title='bbox 229 2529 400 2564; x_wconf 79' lang='grc' dir='ltr'>Δημιουργοῦ</span> <span class='ocrx_word' id='word_1_712' title='bbox 417 2529 543 2564; x_wconf 82' lang='grc' dir='ltr'>συνεδέθη</span> <span class='ocrx_word' id='word_1_713' title='bbox 563 2529 675 2565; x_wconf 84' lang='grc' dir='ltr'>προνοίᾳ</span> <span class='ocrx_word' id='word_1_714' title='bbox 691 2529 738 2555; x_wconf 83' lang='grc' dir='ltr'>καὶ</span> <span class='ocrx_word' id='word_1_715' title='bbox 751 2528 849 2565; x_wconf 81' lang='grc' dir='ltr'>τέχνῃ,</span> <span class='ocrx_word' id='word_1_716' title='bbox 866 2527 1014 2563; x_wconf 80' lang='grc' dir='ltr'>βουλευσώ-</span> 
     </span>
    </p>
   </div>
   <div class='ocr_carea' id='block_1_100' title="bbox 230 2572 1013 2609">
    <p class='ocr_par' dir='ltr' id='par_1_100' title="bbox 230 2572 1013 2609">
     <span class='ocr_line' id='line_1_100' title="bbox 230 2572 1013 2609; baseline 0.001 -10"><span class='ocrx_word' id='word_1_717' title='bbox 230 2572 301 2606; x_wconf 86' lang='grc' dir='ltr'>μεθα</span> <span class='ocrx_word' id='word_1_718' title='bbox 314 2574 387 2605; x_wconf 83' lang='grc' dir='ltr'>ὅπως</span> <span class='ocrx_word' id='word_1_719' title='bbox 398 2574 430 2600; x_wconf 79' lang='grc' dir='ltr'>ἂν</span> <span class='ocrx_word' id='word_1_720' title='bbox 444 2574 586 2609; x_wconf 69' lang='grc' dir='ltr'>ἀμφότερα</span> <span class='ocrx_word' id='word_1_721' title='bbox 600 2574 758 2608; x_wconf 77' lang='grc' dir='ltr'>διαγένοιτο,</span> <span class='ocrx_word' id='word_1_722' title='bbox 770 2573 824 2600; x_wconf 84' lang='grc' dir='ltr'>τῶν</span> <span class='ocrx_word' id='word_1_723' title='bbox 838 2574 1013 2609; x_wconf 85' lang='grc' dir='ltr'>καταλλήλων</span> 
     </span>
    </p>
   </div>
   <div class='ocr_carea' id='block_1_101' title="bbox 227 2618 1013 2656">
    <p class='ocr_par' dir='ltr' id='par_1_101' title="bbox 227 2618 1013 2656">
     <span class='ocr_line' id='line_1_101' title="bbox 227 2618 1013 2656; baseline 0.001 -11"><span class='ocrx_word' id='word_1_724' title='bbox 227 2618 343 2646; x_wconf 72' lang='grc' dir='ltr'>ἕκαστον</span> <span class='ocrx_word' id='word_1_725' title='bbox 357 2620 456 2655; x_wconf 88' lang='grc' dir='ltr'>χρειῶν</span> <span class='ocrx_word' id='word_1_726' title='bbox 477 2620 514 2656; x_wconf 83' lang='grc' dir='ltr'>μὴ</span> <span class='ocrx_word' id='word_1_727' title='bbox 536 2619 721 2655; x_wconf 78' lang='grc' dir='ltr'>στερούμενον.</span> <span class='ocrx_word' id='word_1_728' title='bbox 747 2620 793 2646; x_wconf 79' lang='grc' dir='ltr'><strong>Ἐκ</strong></span> <span class='ocrx_word' id='word_1_729' title='bbox 815 2619 868 2646; x_wconf 80' lang='grc' dir='ltr'><strong>τῶν</strong></span> <span class='ocrx_word' id='word_1_730' title='bbox 890 2619 935 2646; x_wconf 87' lang='grc' dir='ltr'>δύο</span> <span class='ocrx_word' id='word_1_731' title='bbox 951 2628 1013 2646; x_wconf 88' lang='grc' dir='ltr'>συν-</span> 
     </span>
    </p>
   </div>
   <div class='ocr_carea' id='block_1_102' title="bbox 226 2662 1012 2699">
    <p class='ocr_par' dir='ltr' id='par_1_102' title="bbox 226 2662 1012 2699">
     <span class='ocr_line' id='line_1_102' title="bbox 226 2662 1012 2699; baseline 0.003 -10"><span class='ocrx_word' id='word_1_732' title='bbox 226 2662 355 2698; x_wconf 73' lang='grc' dir='ltr'>όστηκας,</span> <span class='ocrx_word' id='word_1_733' title='bbox 369 2664 505 2698; x_wconf 77' lang='grc' dir='ltr'>ἄνθρωπε,</span> <span class='ocrx_word' id='word_1_734' title='bbox 521 2665 567 2690; x_wconf 73' lang='grc' dir='ltr'>καὶ</span> <span class='ocrx_word' id='word_1_735' title='bbox 582 2664 675 2691; x_wconf 82' lang='grc' dir='ltr'>σιωπῶ</span> <span class='ocrx_word' id='word_1_736' title='bbox 696 2664 763 2696; x_wconf 82' lang='grc' dir='ltr'>τέως</span> <span class='ocrx_word' id='word_1_737' title='bbox 773 2685 780 2695; x_wconf 92' lang='grc'><strong>,</strong></span> <span class='ocrx_word' id='word_1_738' title='bbox 797 2665 837 2690; x_wconf 63' lang='lat' dir='ltr'><strong>(&quot;At</strong></span> <span class='ocrx_word' id='word_1_739' title='bbox 858 2664 924 2691; x_wconf 80' lang='grc' dir='ltr'>πολὺ</span> <span class='ocrx_word' id='word_1_740' title='bbox 947 2673 1012 2699; x_wconf 87' lang='grc' dir='ltr'>προ-</span> 
     </span>
    </p>
   </div>
   <div class='ocr_carea' id='block_1_103' title="bbox 225 2708 1013 2746">
    <p class='ocr_par' dir='ltr' id='par_1_103' title="bbox 225 2708 1013 2746">
     <span class='ocr_line' id='line_1_103' title="bbox 225 2708 1013 2746; baseline 0.001 -11"><span class='ocrx_word' id='word_1_741' title='bbox 225 2708 371 2746; x_wconf 72' lang='grc' dir='ltr'>τιμότερον</span> <span class='ocrx_word' id='word_1_742' title='bbox 383 2710 399 2744; x_wconf 85' lang='grc' dir='ltr'>ἠ</span> <span class='ocrx_word' id='word_1_743' title='bbox 413 2709 485 2745; x_wconf 74' lang='grc' dir='ltr'>ψυχὴ</span> <span class='ocrx_word' id='word_1_744' title='bbox 495 2731 501 2742; x_wconf 82' lang='lat'>,</span> <span class='ocrx_word' id='word_1_745' title='bbox 517 2709 564 2736; x_wconf 71' lang='grc' dir='ltr'>καὶ</span> <span class='ocrx_word' id='word_1_746' title='bbox 587 2710 724 2744; x_wconf 82' lang='grc' dir='ltr'>προσῆκεν</span> <span class='ocrx_word' id='word_1_747' title='bbox 739 2710 832 2746; x_wconf 72' lang='grc' dir='ltr'>ἐκείνῃ</span> <span class='ocrx_word' id='word_1_748' title='bbox 852 2710 944 2745; x_wconf 87' lang='grc' dir='ltr'>νέμειν</span> <span class='ocrx_word' id='word_1_749' title='bbox 963 2710 1013 2744; x_wconf 86' lang='grc' dir='ltr'>τῆς</span> 
     </span>
    </p>
   </div>
   <div class='ocr_carea' id='block_1_104' title="bbox 225 2753 1013 2790">
    <p class='ocr_par' dir='ltr' id='par_1_104' title="bbox 225 2753 1013 2790">
     <span class='ocr_line' id='line_1_104' title="bbox 225 2753 1013 2790; baseline 0.001 -10"><span class='ocrx_word' id='word_1_750' title='bbox 225 2753 334 2786; x_wconf 80' lang='grc' dir='ltr'>εὐνοίας</span> <span class='ocrx_word' id='word_1_751' title='bbox 346 2755 376 2781; x_wconf 75' lang='grc' dir='ltr'><strong>τὸ</strong></span> <span class='ocrx_word' id='word_1_752' title='bbox 390 2754 480 2781; x_wconf 78' lang='grc' dir='ltr'>πλέον.</span> <span class='ocrx_word' id='word_1_753' title='bbox 495 2755 609 2782; x_wconf 80' lang='grc' dir='ltr'>Δίκασον</span> <span class='ocrx_word' id='word_1_754' title='bbox 620 2755 648 2781; x_wconf 84' lang='grc' dir='ltr'>δὲ</span> <span class='ocrx_word' id='word_1_755' title='bbox 663 2754 837 2790; x_wconf 81' lang='grc' dir='ltr'>ἀμφοτέροις,</span> <span class='ocrx_word' id='word_1_756' title='bbox 854 2754 891 2787; x_wconf 82' lang='grc' dir='ltr'>ὼς</span> <span class='ocrx_word' id='word_1_757' title='bbox 907 2755 1013 2790; x_wconf 75' lang='grc' dir='ltr'>λογικὸς</span> 
     </span>
    </p>
   </div>
   <div class='ocr_carea' id='block_1_105' title="bbox 261 2853 589 2891">
    <p class='ocr_par' dir='ltr' id='par_1_105' title="bbox 261 2853 589 2891">
     <span class='ocr_line' id='line_1_105' title="bbox 261 2853 589 2891; baseline 0.003 -10"><span class='ocrx_word' id='word_1_758' title='bbox 261 2853 287 2869; x_wconf 77' lang='grc'><strong>⁸⁵</strong></span> <span class='ocrx_word' id='word_1_759' title='bbox 305 2853 314 2881; x_wconf 83' lang='grc'><strong>1</strong></span> <span class='ocrx_word' id='word_1_760' title='bbox 328 2853 393 2889; x_wconf 72' lang='lat' dir='ltr'><strong>ch.</strong></span> <span class='ocrx_word' id='word_1_761' title='bbox 413 2862 466 2887; x_wconf 55' lang='grc' dir='ltr'>λιν,</span> <span class='ocrx_word' id='word_1_762' title='bbox 482 2855 515 2883; x_wconf 68' lang='lat' dir='ltr'><strong>2i</strong></span> <span class='ocrx_word' id='word_1_763' title='bbox 530 2864 589 2891; x_wconf 79' lang='lat' dir='ltr'><strong>sqq.</strong></span> 
     </span>
    </p>
   </div>
   <div class='ocr_carea' id='block_1_106' title="bbox 1063 2255 1850 2292">
    <p class='ocr_par' dir='ltr' id='par_1_106' title="bbox 1063 2255 1850 2292">
     <span class='ocr_line' id='line_1_106' title="bbox 1063 2255 1850 2292; baseline -0.009 -7"><span class='ocrx_word' id='word_1_764' title='bbox 1063 2258 1085 2285; x_wconf 79' lang='lat' dir='ltr'><strong>si</strong></span> <span class='ocrx_word' id='word_1_765' title='bbox 1101 2265 1114 2284; x_wconf 88' lang='lat' dir='ltr'><strong>a</strong></span> <span class='ocrx_word' id='word_1_766' title='bbox 1134 2258 1218 2292; x_wconf 85' lang='lat' dir='ltr'><strong>prima</strong></span> <span class='ocrx_word' id='word_1_767' title='bbox 1236 2258 1301 2285; x_wconf 91' lang='lat' dir='ltr'><strong>hora</strong></span> <span class='ocrx_word' id='word_1_768' title='bbox 1316 2258 1412 2285; x_wconf 89' lang='lat' dir='ltr'><strong>domus</strong></span> <span class='ocrx_word' id='word_1_769' title='bbox 1434 2265 1487 2284; x_wconf 88' lang='lat' dir='ltr'><strong>non</strong></span> <span class='ocrx_word' id='word_1_770' title='bbox 1506 2256 1683 2292; x_wconf 83' lang='lat' dir='ltr'><strong>perfundatur</strong></span> <span class='ocrx_word' id='word_1_771' title='bbox 1698 2255 1770 2281; x_wconf 84' lang='lat' dir='ltr'><strong>I’umo</strong></span> <span class='ocrx_word' id='word_1_772' title='bbox 1782 2274 1789 2285; x_wconf 86' lang='lat'>,</span> <span class='ocrx_word' id='word_1_773' title='bbox 1807 2261 1850 2279; x_wconf 84' lang='lat' dir='ltr'><strong>ne-</strong></span> 
     </span>
    </p>
   </div>
   <div class='ocr_carea' id='block_1_107' title="bbox 1062 2303 1465 2338">
    <p class='ocr_par' dir='ltr' id='par_1_107' title="bbox 1062 2303 1465 2338">
     <span class='ocr_line' id='line_1_107' title="bbox 1062 2303 1465 2338; baseline -0.002 -8"><span class='ocrx_word' id='word_1_774' title='bbox 1062 2310 1115 2338; x_wconf 91' lang='lat' dir='ltr'><strong>que</strong></span> <span class='ocrx_word' id='word_1_775' title='bbox 1129 2311 1232 2337; x_wconf 90' lang='lat' dir='ltr'><strong>coquus</strong></span> <span class='ocrx_word' id='word_1_776' title='bbox 1245 2308 1296 2331; x_wconf 88' lang='lat' dir='ltr'><strong>stet</strong></span> <span class='ocrx_word' id='word_1_777' title='bbox 1314 2304 1347 2330; x_wconf 85' lang='lat' dir='ltr'><strong>ad</strong></span> <span class='ocrx_word' id='word_1_778' title='bbox 1365 2303 1465 2338; x_wconf 78' lang='lat' dir='ltr'><strong>ignem.</strong></span> 
     </span>
    </p>
   </div>
   <div class='ocr_carea' id='block_1_108' title="bbox 1100 2343 1853 2383">
    <p class='ocr_par' dir='ltr' id='par_1_108' title="bbox 1100 2343 1853 2383">
     <span class='ocr_line' id='line_1_108' title="bbox 1100 2343 1853 2383; baseline -0.008 -8"><span class='ocrx_word' id='word_1_779' title='bbox 1100 2349 1135 2375; x_wconf 88' lang='lat' dir='ltr'><strong>Da</strong></span> <span class='ocrx_word' id='word_1_780' title='bbox 1150 2349 1230 2375; x_wconf 87' lang='lat' dir='ltr'><strong>etiam</strong></span> <span class='ocrx_word' id='word_1_781' title='bbox 1246 2349 1346 2383; x_wconf 87' lang='lat' dir='ltr'><strong>aliquid</strong></span> <span class='ocrx_word' id='word_1_782' title='bbox 1370 2349 1483 2381; x_wconf 72' lang='lat' dir='ltr'><strong>animm,</strong></span> <span class='ocrx_word' id='word_1_783' title='bbox 1505 2356 1557 2374; x_wconf 87' lang='lat' dir='ltr'><strong>tton</strong></span> <span class='ocrx_word' id='word_1_784' title='bbox 1577 2346 1668 2374; x_wconf 81' lang='lat' dir='ltr'><strong>omnia</strong></span> <span class='ocrx_word' id='word_1_785' title='bbox 1689 2343 1806 2379; x_wconf 81' lang='lat' dir='ltr'><strong>corpori.</strong></span> <span class='ocrx_word' id='word_1_786' title='bbox 1820 2343 1853 2370; x_wconf 82' lang='lat' dir='ltr'><strong>ll~</strong></span> 
     </span>
    </p>
   </div>
   <div class='ocr_carea' id='block_1_109' title="bbox 1065 2391 1850 2424">
    <p class='ocr_par' dir='ltr' id='par_1_109' title="bbox 1065 2391 1850 2424">
     <span class='ocr_line' id='line_1_109' title="bbox 1065 2391 1850 2424; baseline -0.009 -4"><span class='ocrx_word' id='word_1_787' title='bbox 1065 2393 1116 2420; x_wconf 87' lang='lat' dir='ltr'><strong>lam</strong></span> <span class='ocrx_word' id='word_1_788' title='bbox 1142 2395 1225 2420; x_wconf 88' lang='lat' dir='ltr'><strong>nutrit</strong></span> <span class='ocrx_word' id='word_1_789' title='bbox 1248 2393 1411 2419; x_wconf 81' lang='lat' dir='ltr'><strong>abstinentia</strong></span> <span class='ocrx_word' id='word_1_790' title='bbox 1423 2392 1457 2419; x_wconf 88' lang='lat' dir='ltr'><strong>ab</strong></span> <span class='ocrx_word' id='word_1_791' title='bbox 1470 2391 1608 2418; x_wconf 87' lang='lat' dir='ltr'><strong>alimentis</strong></span> <span class='ocrx_word' id='word_1_792' title='bbox 1622 2410 1629 2422; x_wconf 85' lang='lat'><strong>.</strong></span> <span class='ocrx_word' id='word_1_793' title='bbox 1646 2396 1745 2424; x_wconf 89' lang='lat' dir='ltr'><strong>corpus</strong></span> <span class='ocrx_word' id='word_1_794' title='bbox 1762 2392 1850 2415; x_wconf 88' lang='lat' dir='ltr'><strong>autem</strong></span> 
     </span>
    </p>
   </div>
   <div class='ocr_carea' id='block_1_110' title="bbox 1067 2436 1852 2474">
    <p class='ocr_par' dir='ltr' id='par_1_110' title="bbox 1067 2436 1852 2474">
     <span class='ocr_line' id='line_1_110' title="bbox 1067 2436 1852 2474; baseline -0.006 -8"><span class='ocrx_word' id='word_1_795' title='bbox 1067 2439 1181 2474; x_wconf 86' lang='lat' dir='ltr'><strong>repletio</strong></span> <span class='ocrx_word' id='word_1_796' title='bbox 1196 2446 1242 2466; x_wconf 87' lang='lat' dir='ltr'><strong>seu</strong></span> <span class='ocrx_word' id='word_1_797' title='bbox 1257 2438 1382 2473; x_wconf 75' lang='lat' dir='ltr'><strong>ingestio.</strong></span> <span class='ocrx_word' id='word_1_798' title='bbox 1400 2437 1453 2465; x_wconf 88' lang='lat' dir='ltr'><strong>Sed</strong></span> <span class='ocrx_word' id='word_1_799' title='bbox 1474 2445 1535 2465; x_wconf 81' lang='lat' dir='ltr'><strong>cum</strong></span> <span class='ocrx_word' id='word_1_800' title='bbox 1551 2438 1604 2464; x_wconf 92' lang='lat' dir='ltr'><strong>duo</strong></span> <span class='ocrx_word' id='word_1_801' title='bbox 1620 2437 1677 2464; x_wconf 64' lang='lat' dir='ltr'><strong>haec</strong></span> <span class='ocrx_word' id='word_1_802' title='bbox 1695 2436 1749 2469; x_wconf 84' lang='lat' dir='ltr'><strong>jam</strong></span> <span class='ocrx_word' id='word_1_803' title='bbox 1761 2438 1852 2461; x_wconf 87' lang='lat' dir='ltr'><strong>mutuo</strong></span> 
     </span>
    </p>
   </div>
   <div class='ocr_carea' id='block_1_111' title="bbox 1065 2479 1850 2519">
    <p class='ocr_par' dir='ltr' id='par_1_111' title="bbox 1065 2479 1850 2519">
     <span class='ocr_line' id='line_1_111' title="bbox 1065 2479 1850 2519; baseline -0.008 -7"><span class='ocrx_word' id='word_1_804' title='bbox 1065 2484 1120 2512; x_wconf 84' lang='lat' dir='ltr'><strong>sint</strong></span> <span class='ocrx_word' id='word_1_805' title='bbox 1134 2483 1272 2518; x_wconf 82' lang='lat' dir='ltr'><strong>copulata,</strong></span> <span class='ocrx_word' id='word_1_806' title='bbox 1293 2484 1417 2519; x_wconf 86' lang='lat' dir='ltr'><strong>quamvis</strong></span> <span class='ocrx_word' id='word_1_807' title='bbox 1433 2487 1527 2510; x_wconf 81' lang='lat' dir='ltr'><strong>natura</strong></span> <span class='ocrx_word' id='word_1_808' title='bbox 1550 2483 1663 2509; x_wconf 88' lang='lat' dir='ltr'><strong>multmn</strong></span> <span class='ocrx_word' id='word_1_809' title='bbox 1683 2479 1850 2512; x_wconf 81' lang='lat' dir='ltr'><strong>dissidentia,</strong></span> 
     </span>
    </p>
   </div>
   <div class='ocr_carea' id='block_1_112' title="bbox 1062 2529 1850 2564">
    <p class='ocr_par' dir='ltr' id='par_1_112' title="bbox 1062 2529 1850 2564">
     <span class='ocr_line' id='line_1_112' title="bbox 1062 2529 1850 2564; baseline -0.008 -6"><span class='ocrx_word' id='word_1_810' title='bbox 1062 2529 1218 2558; x_wconf 87' lang='lat' dir='ltr'><strong>Conditoris</strong></span> <span class='ocrx_word' id='word_1_811' title='bbox 1245 2534 1334 2557; x_wconf 79' lang='lat' dir='ltr'><strong>tamen</strong></span> <span class='ocrx_word' id='word_1_812' title='bbox 1365 2530 1536 2564; x_wconf 83' lang='lat' dir='ltr'><strong>providentia</strong></span> <span class='ocrx_word' id='word_1_813' title='bbox 1565 2533 1593 2556; x_wconf 92' lang='lat' dir='ltr'><strong>et</strong></span> <span class='ocrx_word' id='word_1_814' title='bbox 1622 2533 1680 2556; x_wconf 88' lang='lat' dir='ltr'><strong>arte</strong></span> <span class='ocrx_word' id='word_1_815' title='bbox 1712 2533 1850 2558; x_wconf 84' lang='lat' dir='ltr'><strong>connexa.</strong></span> 
     </span>
    </p>
   </div>
   <div class='ocr_carea' id='block_1_113' title="bbox 1063 2573 1850 2610">
    <p class='ocr_par' dir='ltr' id='par_1_113' title="bbox 1063 2573 1850 2610">
     <span class='ocr_line' id='line_1_113' title="bbox 1063 2573 1850 2610; baseline -0.005 -7"><span class='ocrx_word' id='word_1_816' title='bbox 1063 2576 1197 2610; x_wconf 84' lang='lat' dir='ltr'><strong>dispicere</strong></span> <span class='ocrx_word' id='word_1_817' title='bbox 1208 2580 1327 2610; x_wconf 87' lang='lat' dir='ltr'><strong>oportet.</strong></span> <span class='ocrx_word' id='word_1_818' title='bbox 1340 2577 1478 2610; x_wconf 85' lang='lat' dir='ltr'><strong>quomodo</strong></span> <span class='ocrx_word' id='word_1_819' title='bbox 1491 2575 1598 2610; x_wconf 89' lang='lat' dir='ltr'><strong>utrique</strong></span> <span class='ocrx_word' id='word_1_820' title='bbox 1612 2575 1710 2602; x_wconf 87' lang='lat' dir='ltr'><strong>horum</strong></span> <span class='ocrx_word' id='word_1_821' title='bbox 1726 2573 1850 2605; x_wconf 83' lang='lat' dir='ltr'><strong>satisﬁat,</strong></span> 
     </span>
    </p>
   </div>
   <div class='ocr_carea' id='block_1_114' title="bbox 1063 2618 1850 2656">
    <p class='ocr_par' dir='ltr' id='par_1_114' title="bbox 1063 2618 1850 2656">
     <span class='ocr_line' id='line_1_114' title="bbox 1063 2618 1850 2656; baseline -0.006 -7"><span class='ocrx_word' id='word_1_822' title='bbox 1063 2622 1099 2649; x_wconf 87' lang='lat' dir='ltr'><strong>ita</strong></span> <span class='ocrx_word' id='word_1_823' title='bbox 1113 2626 1141 2647; x_wconf 91' lang='lat' dir='ltr'><strong>ut</strong></span> <span class='ocrx_word' id='word_1_824' title='bbox 1157 2626 1280 2648; x_wconf 86' lang='lat' dir='ltr'><strong>neutrum</strong></span> <span class='ocrx_word' id='word_1_825' title='bbox 1297 2621 1386 2648; x_wconf 88' lang='lat' dir='ltr'><strong>dehito</strong></span> <span class='ocrx_word' id='word_1_826' title='bbox 1408 2621 1528 2648; x_wconf 86' lang='lat' dir='ltr'><strong>subsidio</strong></span> <span class='ocrx_word' id='word_1_827' title='bbox 1548 2621 1675 2656; x_wconf 78' lang='lat' dir='ltr'><strong>privetur.</strong></span> <span class='ocrx_word' id='word_1_828' title='bbox 1692 2620 1729 2647; x_wconf 83' lang='lat' dir='ltr'><strong>Ex</strong></span> <span class='ocrx_word' id='word_1_829' title='bbox 1748 2618 1850 2646; x_wconf 88' lang='lat' dir='ltr'><strong>duabus</strong></span> 
     </span>
    </p>
   </div>
   <div class='ocr_carea' id='block_1_115' title="bbox 1066 2659 1852 2701">
    <p class='ocr_par' dir='ltr' id='par_1_115' title="bbox 1066 2659 1852 2701">
     <span class='ocr_line' id='line_1_115' title="bbox 1066 2659 1852 2701; baseline -0.004 -7"><span class='ocrx_word' id='word_1_830' title='bbox 1066 2668 1147 2694; x_wconf 81' lang='lat' dir='ltr'><strong>rebus</strong></span> <span class='ocrx_word' id='word_1_831' title='bbox 1163 2672 1368 2701; x_wconf 77' lang='lat' dir='ltr'><strong>coagmentatus</strong></span> <span class='ocrx_word' id='word_1_832' title='bbox 1387 2675 1417 2694; x_wconf 84' lang='lat' dir='ltr'><strong>es</strong></span> <span class='ocrx_word' id='word_1_833' title='bbox 1427 2687 1435 2699; x_wconf 88' lang='lat'>,</span> <span class='ocrx_word' id='word_1_834' title='bbox 1450 2674 1467 2694; x_wconf 89' lang='grc' dir='ltr'><strong>ο</strong></span> <span class='ocrx_word' id='word_1_835' title='bbox 1482 2667 1572 2694; x_wconf 90' lang='lat' dir='ltr'><strong>homo.</strong></span> <span class='ocrx_word' id='word_1_836' title='bbox 1589 2666 1665 2693; x_wconf 84' lang='lat' dir='ltr'><strong>Mitto</strong></span> <span class='ocrx_word' id='word_1_837' title='bbox 1679 2659 1779 2697; x_wconf 70' lang='lat' dir='ltr'><strong>dicere.</strong></span> <span class='ocrx_word' id='word_1_838' title='bbox 1796 2664 1852 2691; x_wconf 88' lang='lat' dir='ltr'><strong>ani-</strong></span> 
     </span>
    </p>
   </div>
   <div class='ocr_carea' id='block_1_116' title="bbox 1066 2710 1850 2746">
    <p class='ocr_par' dir='ltr' id='par_1_116' title="bbox 1066 2710 1850 2746">
     <span class='ocr_line' id='line_1_116' title="bbox 1066 2710 1850 2746; baseline -0.001 -7"><span class='ocrx_word' id='word_1_839' title='bbox 1066 2720 1137 2740; x_wconf 88' lang='lat' dir='ltr'><strong>mam</strong></span> <span class='ocrx_word' id='word_1_840' title='bbox 1169 2713 1254 2740; x_wconf 90' lang='lat' dir='ltr'><strong>multo</strong></span> <span class='ocrx_word' id='word_1_841' title='bbox 1281 2713 1494 2746; x_wconf 58' lang='lat' dir='ltr'><strong>praestantiorem</strong></span> <span class='ocrx_word' id='word_1_842' title='bbox 1512 2719 1589 2744; x_wconf 83' lang='lat' dir='ltr'><strong>esse.</strong></span> <span class='ocrx_word' id='word_1_843' title='bbox 1612 2719 1643 2739; x_wconf 86' lang='lat' dir='ltr'><strong>ac</strong></span> <span class='ocrx_word' id='word_1_844' title='bbox 1659 2711 1769 2746; x_wconf 85' lang='lat' dir='ltr'><strong>proinde</strong></span> <span class='ocrx_word' id='word_1_845' title='bbox 1791 2710 1850 2745; x_wconf 73' lang='lat' dir='ltr'><strong>plus</strong></span> 
     </span>
    </p>
   </div>
   <div class='ocr_carea' id='block_1_117' title="bbox 1066 2757 1848 2792">
    <p class='ocr_par' dir='ltr' id='par_1_117' title="bbox 1066 2757 1848 2792">
     <span class='ocr_line' id='line_1_117' title="bbox 1066 2757 1848 2792; baseline -0.005 -6"><span class='ocrx_word' id='word_1_846' title='bbox 1066 2758 1261 2787; x_wconf 53' lang='lat' dir='ltr'><strong>benevolentia!</strong></span> <span class='ocrx_word' id='word_1_847' title='bbox 1277 2758 1301 2786; x_wconf 87' lang='lat' dir='ltr'><strong>ei</strong></span> <span class='ocrx_word' id='word_1_848' title='bbox 1320 2757 1423 2786; x_wconf 85' lang='lat' dir='ltr'><strong>deberi.</strong></span> <span class='ocrx_word' id='word_1_849' title='bbox 1441 2757 1490 2786; x_wconf 78' lang='lat' dir='ltr'><strong>Jus</strong></span> <span class='ocrx_word' id='word_1_850' title='bbox 1506 2758 1550 2785; x_wconf 87' lang='lat' dir='ltr'><strong>dic</strong></span> <span class='ocrx_word' id='word_1_851' title='bbox 1566 2757 1701 2792; x_wconf 82' lang='lat' dir='ltr'><strong>utrisque,</strong></span> <span class='ocrx_word' id='word_1_852' title='bbox 1722 2761 1848 2792; x_wconf 86' lang='lat' dir='ltr'><strong>tanquam</strong></span> 
     </span>
    </p>
   </div>
  </div>
