2080 3156
237 137 292 167 379

881 141 909 169 S.
932 140 1068 168 ASTERII
1090 139 1240 169 AMASENI

1823 141 1876 170 58.0

235 197 352 226 rationis
374 197 511 234 particeps
526 203 554 226 et
571 206 665 234 aequus
685 199 781 234 iudex.
809 199 940 234 Exspecta
965 207 1025 234 pau-

1079 199 1126 226 καὶ
1143 198 1301 234 εὐγνώμων.
1335 199 1465 234 Ἀνάσχου
1482 198 1510 225 δὲ
1536 198 1634 235 μικρὸν
1644 194 1714 232 {iui
1732 200 1756 225 εί
1777 200 1875 236 βουλη-

235 243 339 278 lisper,
364 250 392 272 et
420 252 484 280 ego,
510 246 532 274 si
555 245 646 278 lubet,
663 254 712 282 pro
732 246 822 274 anima
836 251 962 281 tauquam
980 253 1029 280 pro

235 288 350 316 muliere
372 289 459 323 ﬁdeli,
483 297 596 323 eorum,
622 292 648 318 in
669 290 767 327 quibus
783 298 813 318 se
837 291 936 326 injuria
957 290 1028 318 afﬁci

235 336 333 362 merito
345 337 531 371 conqueritur,
555 337 740 366 defensionem
756 339 907 366 institutam.
931 337 1028 364 Anima

236 381 318 416 igitur
331 389 408 410 sacra
435 387 491 414 est,
515 389 542 410 et
556 392 570 410 a
593 386 715 420 corporis
733 385 908 412 concretione
932 384 1027 417 libera,

235 427 396 455 immortalis
420 434 448 456 et
473 430 602 458 interitus
634 432 736 459 nescia.
756 430 849 466 Neque
876 438 936 458 cum
957 436 1028 457 terra

233 478 261 500 et
275 475 465 508 terrestribus,
495 477 542 503 sed
566 484 626 504 cmn
646 476 701 503 Deo
723 476 912 512 cognationem
936 475 1026 502 habet.

232 517 300 546 Cum
312 527 377 547 vero
394 528 459 555 pura
477 522 528 554 sit,
556 523 630 556 puris
643 522 801 555 delectatur,
821 526 849 549 et
872 528 932 548 cum
953 520 1029 556 origo

232 564 292 598 ejus
305 567 419 593 materia
435 572 543 600 careat,
564 568 629 604 fugit
642 575 750 603 quoque
774 575 818 596 res
843 567 964 594 materia:
979 567 1029 594 im-

233 618 350 638 mersas.
367 611 502 640 Castorum
527 618 671 648 postquam
685 621 699 641 a
713 614 770 642 Deo
789 619 920 642 statutum
933 618 985 647 est,
1000 617 1029 642 ut

232 656 372 683 vasculum
396 664 428 684 ex
455 661 526 685 terra
542 658 688 686 [ormatum
709 659 836 687 informet
847 665 927 694 atque
942 658 1030 686 admi-

235 701 344 734 nistret,
366 702 434 738 ipsa,
451 709 481 731 ul
493 705 647 740 obsequens
662 706 761 734 latuula
775 727 782 738 ,
795 706 851 733 luto
874 706 986 738 assidet,
1002 709 1030 732 et

231 748 362 776 excubias
379 750 445 785 agit.
462 753 548 779 donec
571 753 727 780 mandatum
744 753 861 788 accipiat
874 772 882 785 ,
899 752 970 788 quod
987 757 1030 778 se-

232 794 402 828 parationem
420 797 555 831 impetret.
573 797 640 825 Huic
659 799 751 834 igitur,
772 807 833 834 qua:
847 805 946 833 corpus
964 796 1030 824 vivi-

233 839 306 871 licat.
325 839 462 873 prodesta
473 842 542 868 cibis
558 842 724 871 abstinentia
735 865 742 877 ,
759 848 869 871 terreno
882 849 971 870 autem
989 843 1029 869 in-

232 889 384 913 strumento
409 886 530 915 alimenti
559 890 698 924 perceptio
721 891 874 918 necessaria
894 895 946 917 est.
965 889 1022 917 Non

232 930 308 964 plura
322 933 418 966 quaerit
432 938 558 969 tanquam
574 936 760 964 excellentior.
773 936 959 972 Largiretnihi
973 938 1024 964 hoc

233 981 338 1012 tempus
358 979 436 1012 anni,
460 980 493 1008 da
513 988 560 1009 sex
574 989 681 1010 menses
696 983 721 1010 ei
734 1003 742 1015 ,
758 983 830 1018 quod
845 983 1023 1018 gubernatur,

231 1021 351 1056 reliquos
376 1024 570 1058 gubernatrici.
595 1026 671 1054 Justa
693 1028 810 1063 petitio;
838 1035 926 1064 neque
953 1028 1026 1063 quis-

230 1073 312 1100 quam
341 1069 409 1096 adeo
431 1072 556 1105 corporis
566 1080 661 1101 amans
684 1077 711 1101 et
733 1074 758 1101 in
779 1074 891 1101 alteram
919 1079 1023 1109 partem

231 1114 440 1148 vergensjudex
453 1117 517 1150 erit,
533 1118 578 1152 qui
595 1119 674 1147 dictis
693 1127 746 1148 non
761 1119 933 1156 suﬁ'ragetur.

267 1159 322 1194 Ego
344 1168 408 1189 vero
429 1163 512 1190 etiam
536 1165 681 1200 hyperbole
698 1174 763 1194 usus
784 1171 811 1195 et
828 1168 923 1203 aequali
944 1169 1025 1204 parti-

231 1205 304 1233 tione
332 1213 387 1234 non
416 1214 579 1242 contentus,
608 1211 786 1240 imbecillitati
812 1214 935 1248 corporis
959 1222 1024 1242 con-

230 1251 402 1280 descendam.
422 1253 527 1282 Habeat
547 1255 630 1291 igitur
643 1264 742 1292 corpus
767 1257 860 1286 decem
880 1267 987 1287 menses
997 1265 1024 1288 et

230 1296 311 1330 paulo
324 1297 393 1332 plus.
418 1299 557 1328 Concedat
579 1302 644 1329 mihi
667 1296 908 1339 Quadragesimam
925 1309 952 1333 et
963 1307 1024 1341 qui-

230 1342 291 1369 dem
315 1343 430 1372 solidam
445 1365 453 1378 ,
475 1350 503 1373 ut
523 1349 661 1384 paulisper
681 1357 715 1378 ex
743 1358 823 1378 cteno
838 1352 948 1384 libi-rer,
965 1352 1023 1381 luto

230 1395 279 1422 per
298 1391 502 1424 temperantiam
525 1393 695 1429 refrigerato.
717 1395 798 1429 llaec,
826 1404 843 1424 o
862 1397 1021 1432 Christiani,

229 1434 301 1479 insta
315 1437 451 1470 postulata
471 1444 534 1466 sunt
544 1459 551 1472 ,
565 1440 623 1467 sive
638 1440 720 1469 homo
733 1463 740 1475 ,
756 1443 813 1470 sive
827 1443 896 1472 Deus
911 1444 1020 1479 iudicet.

231 1478 265 1505 Et
291 1484 335 1512 tu,
355 1482 400 1516 qui
428 1482 510 1516 judex
534 1491 581 1516 es,
604 1485 630 1511 in
649 1490 769 1520 tempore
787 1487 858 1514 enim
878 1488 1023 1522 advenisti,

230 1525 380 1559 astipulare
394 1527 491 1555 animm
506 1533 601 1557 contra
623 1537 722 1565 corpus
737 1531 908 1567 diSCcptanti.
926 1532 1020 1569 Igitur,

229 1578 247 1598 ο
269 1571 423 1601 Christiane
435 1594 442 1606 ,
459 1574 628 1610 voluptatum
650 1577 792 1606 illecebras
804 1599 811 1612 ,
837 1587 885 1607 ceu
902 1580 1022 1615 juvenile

230 1617 370 1650 quiddam,
392 1621 506 1647 trucida.
522 1620 569 1649 Vir
590 1629 634 1656 es,
650 1631 684 1651 ne
700 1624 790 1659 sapias
802 1632 862 1660 quze
879 1633 1021 1660 puerorum

231 1666 305 1695 sunt,
322 1664 367 1698 qui
380 1664 431 1692 nisi
450 1665 501 1693 mel
514 1667 661 1702 accipiant,
676 1668 876 1705 lacrymautur;
897 1671 947 1698 nisi
966 1680 1024 1699 car-

232 1715 294 1736 nem
320 1713 347 1736 et
365 1710 455 1738 vinum
477 1713 645 1746 pnebueris,
675 1716 850 1744 concidentes
880 1717 1023 1751 palpitant,

231 1754 304 1782 velut
316 1756 435 1784 animam
451 1758 617 1787 exhalaturi.
632 1761 665 1788 Et
679 1767 782 1796 quanto
804 1764 890 1798 magis
905 1765 1023 1799 plorant,

230 1808 263 1827 eo
279 1801 382 1836 majore
393 1804 473 1831 uedio
485 1812 581 1833 omnes
598 1806 733 1835 alliciunt.
749 1808 897 1842 Erubesco,
918 1812 1025 1844 quando

231 1846 338 1875 intueor
357 1851 494 1879 voracium
515 1854 745 1887 mmstitudinem,
773 1860 800 1883 et
827 1858 962 1890 quomodo
985 1858 1026 1884 iu-

232 1893 299 1921 tuitu
317 1894 487 1925 abstinentiae
507 1898 623 1934 ejulent;
646 1900 765 1928 oscitant
791 1906 937 1937 perpetuo;
961 1910 1026 1937 pau-

1041 879 1060 907 Β

231 1938 314 1966 lulum
340 1941 523 1976 decumbunt;
549 1950 721 1980 exsurgunt.
745 1950 773 1973 et
799 1954 892 1975 rursus
907 1948 1027 1976 dormire

230 1992 379 2022 coguntur;
398 1989 470 2017 diem
487 1990 546 2018 sine
566 1999 647 2018 sensu
665 1992 816 2027 transigere
829 1993 953 2028 student;
969 2002 1028 2028 gra-

229 2038 337 2067 vantur,
350 2035 407 2063 sole
425 2037 528 2064 tardius
539 2038 572 2067 ad
587 2046 714 2066 occasum
728 2041 870 2074 tendente;
883 2041 940 2069 dies
949 2041 1028 2069 solito

230 2078 368 2114 longiores
388 2082 686 2119 appellitant;iusuper
706 2085 837 2113 stomachi
858 2086 965 2115 dolores
977 2089 1028 2115 litt-

231 2131 307 2158 gunt,
328 2126 471 2159 spirituum
493 2128 686 2162 iutensionem,
702 2131 876 2165 gravedinem
889 2133 985 2167 capitis
1001 2138 1029 2161 et

231 2170 310 2197 bona:
322 2172 524 2200 constitutionis
536 2175 717 2202 eversionem.
742 2175 823 2211 Atqui
844 2178 901 2205 haec
918 2179 1027 2207 satieta-

232 2215 276 2248 tis,
295 2224 346 2244 non
362 2216 458 2252 jejunii
471 2218 568 2246 indicia
589 2225 662 2247 sunt.
679 2220 830 2250 Fastidiose
850 2223 884 2251 ad
899 2231 1022 2252 severam
1039 2236 1061 2263 ο

231 2269 352 2290 tnensam
367 2265 509 2299 accedunt,
527 2271 699 2295 murmurant
716 2272 812 2297 contra
823 2270 907 2298 olera.
923 2271 1021 2299 Convi-

231 2308 273 2335 cia
293 2307 397 2343 jaciunt
424 2310 450 2337 in
473 2311 608 2347 legumina
620 2333 628 2346 ,
643 2313 720 2349 quasi
736 2315 838 2342 [rustra
858 2320 949 2344 creata
967 2317 1022 2344 fue-

231 2354 299 2388 rint;
314 2363 376 2383 nam
398 2356 565 2392 voluptatum
579 2363 714 2387 amatores
729 2360 810 2396 etiam
830 2361 1021 2399 philosophan-

231 2404 275 2428 tur
285 2405 380 2429 contra
396 2402 497 2438 edulia,
510 2410 571 2439 qua:
585 2405 763 2440 temperantia
776 2408 896 2442 apponit.

266 2489 328 2518 Uno
339 2491 460 2520 anhelitu
474 2501 572 2529 aquam
585 2496 744 2530 extrahunt,
759 2496 836 2531 quasi
847 2502 921 2525 esset
930 2505 1022 2525 amara

231 2543 245 2562 a
259 2537 372 2564 medicis
394 2539 507 2573 przebita
529 2540 613 2575 potio.
639 2540 715 2569 Multi
734 2542 816 2569 etiam
832 2542 922 2570 viuum
946 2543 1022 2578 inge-

232 2581 307 2609 niose
323 2582 474 2616 imitantur,
491 2592 622 2620 suamque
642 2586 818 2622 cupiditatem
843 2587 955 2615 laetitiis
966 2589 1023 2623 qui-

230 2627 344 2656 busdam
355 2630 510 2664 potionibus
526 2633 710 2661 consolantur.
725 2634 777 2662 Alii
793 2634 874 2662 etiam
894 2635 920 2662 in
946 2635 1023 2662 oleri-

231 2672 282 2700 bus
305 2673 415 2702 delicias
437 2681 580 2711 qutcrunt,
613 2679 735 2715 ﬁuntque
762 2681 822 2708 miri
846 2681 1022 2716 cupediarum

231 2723 381 2748 structores
400 2726 428 2749 et.
449 2723 579 2751 artiﬁces.
594 2725 671 2759 Quod
685 2726 763 2754 valde
778 2727 882 2755 fatuum
896 2728 1022 2755 stultum-

230 2772 285 2799 que
314 2766 447 2801 arbitror;
468 2776 529 2796 nam
543 2770 676 2805 jejunium
700 2773 859 2801 voluntaria:
880 2778 907 2801 et
930 2774 1021 2802 liberte

231 2812 330 2839 mentis
351 2820 539 2849 argumentum
553 2822 606 2850 est,
625 2826 677 2846 non
691 2819 799 2847 servilis
809 2819 932 2854 quaedam
953 2820 1021 2847 sini-

230 2857 339 2886 steritas
350 2879 357 2892 ,
379 2867 439 2894 qum
457 2862 527 2896 quod
542 2861 696 2891 faciendum
712 2868 767 2896 cst,
789 2872 841 2892 non
856 2864 921 2893 facit
934 2869 964 2893 ut
978 2866 1021 2894 de-

1081 244 1130 280 θῇς
1142 265 1149 277 ,
1171 243 1226 278 ἐγὼ
1245 244 1377 279 τὸν-ὑπὲρ
1393 244 1443 279 τῆς
1459 243 1548 279 ψυχῆς
1561 244 1641 278 λόγον
1658 244 1807 279 ποιήσομαι
1818 265 1824 274 ,
1837 246 1875 278 ὡς

1080 290 1191 323 γυναικὶ
1213 290 1379 325 πιστευσάσῃ
1406 290 1581 325 συνηγορίαν,
1599 291 1641 324 ἐφ’
1657 287 1698 322 οἷς
1725 290 1875 318 ἀδικεῖσθαι

1079 335 1153 369 λέγει
1177 337 1221 362 καὶ
1249 335 1472 371 καθυϐρίζεσθαι.
1500 335 1573 372 Αὕτη
1606 336 1696 362 τοίνυν
1717 337 1792 363 ἐστὶν
1817 338 1876 371 ἱερά

1081 381 1128 409 καὶ
1140 380 1296 416 ἀσώματος,
1308 382 1440 413 ἀθάνατος
1453 382 1500 409 καὶ
1510 381 1674 418 ἀνώλεθρος
1685 381 1715 408 οὐ
1729 382 1798 418 πρὸς
1812 383 1875 417 γῆν,

1080 428 1127 453 καὶ
1141 428 1174 454 τὰ
1189 428 1262 463 τῇδε,
1282 427 1350 455 ἀλλὰ
1365 428 1433 464 πρὸς
1445 428 1512 455 Θεὸν
1525 428 1624 463 ἔχουσα
1637 428 1687 463 τὴν
1702 429 1873 463 συγγένειαν.

1080 474 1195 511 Καθαρά
1219 475 1246 501 δὲ
1268 472 1335 502 οὖσα
1359 475 1450 511 χαίρει
1474 476 1531 507 τοῖς
1553 475 1702 512 καθαροῖς,
1727 475 1774 503 καὶ
1794 475 1875 502 ἇῡλον

1080 519 1178 556 ἔχουσα
1193 521 1242 557 τὴν
1266 521 1384 555 γένεσιν,
1400 521 1495 556 φεύγει
1517 521 1567 553 τὰς
1589 521 1664 554 ὔλας.
1690 521 1764 557 Πλὴν
1781 521 1874 557 ἐπειδὴ

1081 567 1254 602 προσετάχθη
1267 567 1298 593 τὸ
1318 568 1350 593 ἐκ
1372 567 1424 603 γῆς
1439 567 1583 603 μορφωθὲν
1600 567 1696 599 σκεῦος
1711 569 1873 603 οίκονομεῖν,

1079 611 1117 644 ὡς
1141 612 1271 648 εὐπειθὴς
1290 612 1337 640 τοῦ
1357 613 1490 640 δεσπότου
1513 613 1593 649 δούλη
1621 613 1660 649 τῷ
1688 614 1766 649 πηλῷ
1788 622 1872 649 πραεῖς

1079 657 1184 693 εδρεὺει
1200 658 1247 685 καὶ
1273 659 1322 694 τῆς
1339 659 1462 694 φυλακῆς
1478 658 1580 694 ἔχεται,
1605 660 1652 686 καὶ
1669 660 1717 695 τῆς
1741 660 1784 686 ἐπ’
1800 660 1874 696 αὐτῷ

1080 704 1218 740 προνοίας,
1237 704 1334 740 μέχρις
1350 705 1383 732 ἂν
1405 704 1469 741 ἔλθῃ
1489 705 1653 741 πρόσταγμα
1675 705 1720 732 τὸν
1735 707 1873 742 χωρισμὸν

1080 750 1236 786 ὲπιτρέπον.
1254 750 1363 786 Ταύτην
1379 751 1428 786 μὲν
1443 749 1490 778 οὖν
1506 752 1556 788 τὴν
1580 752 1610 778 τὺ
1628 752 1707 788 σῶμα
1727 752 1873 785 ζωοποιοῦ-

1081 804 1130 822 σαν
1145 796 1265 832 ὀνίνησιν
1279 797 1296 833 ἡ
1314 796 1404 832 ἀποχὴ
1430 797 1485 824 τῶν
1508 797 1672 834 βρωμάτων,
1687 798 1726 834 τῷ
1740 799 1827 835 γηίνῳ
1843 799 1872 826 δὲ

1080 842 1188 878 ὀργάνῳ
1204 843 1220 878 ἡ
1243 842 1299 869 τῶν
1318 843 1410 869 σιτίων
1424 843 1574 876 ἀπόλαυσις
1587 863 1595 876 ,
1621 844 1768 878 ἀναγκαία.
1789 844 1872 871 Οὐδὲν

1075 887 1152 924 ζητεῖ
1168 889 1258 922 πλέον,
1278 889 1317 921 ὡς
1329 890 1472 924 κρείττων.
1494 890 1612 926 Μέρισόν
1630 899 1695 926 μοι,
1723 891 1806 926 φησὶ,
1823 891 1871 919 τοῦ

1074 934 1199 961 ἐνιαυτοῦ
1212 935 1257 961 τὸν
1270 936 1376 971 χρόνον,
1392 936 1436 968 δὺς
1452 936 1515 968 τοὺς
1532 936 1561 970 ἓξ
1579 936 1667 972 μῆνας
1680 937 1717 972 τῷ
1734 937 1871 972 κυϐερνω-

1076 979 1160 1016 μένῳ,
1179 981 1302 1013 καὶτοὺς
1313 981 1490 1017 λειπομένους
1506 982 1546 1018 τῷ
1561 982 1725 1019 κυϐερνήτῃ.
1741 983 1839 1009 Δικαία
1853 983 1870 1018 ἡ

1074 1025 1182 1061 αἴτησις
1196 1034 1203 1041 ·
1219 1026 1266 1053 καὶ
1280 1026 1369 1058 οὐδεὶς
1388 1027 1460 1054 οὕτω
1477 1026 1667 1063 φιλοσώματος
1684 1027 1869 1064 έτερορῤεπὴς

1073 1071 1216 1109 δικαστὴς,
1229 1073 1268 1106 ὡς
1286 1074 1323 1110 μὴ
1339 1075 1396 1106 τοῖς
1413 1073 1571 1110 λεγομένοις
1587 1073 1762 1110 ἐπιψηφίσαι.

1115 1160 1186 1196 Ἐγὼ
1196 1161 1223 1188 δὲ
1240 1162 1287 1189 καὶ
1301 1162 1455 1199 ὕπερὸολὴν
1471 1164 1640 1199 ποιήσομαι,
1657 1164 1707 1191 οὐκ
1721 1164 1867 1200 ἀντέχομαι

1073 1205 1123 1242 τῆς
1143 1207 1304 1244 ἰσομοιρίας.
1322 1208 1536 1243 Συγκαταὸαίνω
1561 1210 1594 1245 τῇ
1613 1209 1739 1245 ἀσθενείᾳ
1753 1209 1800 1236 τοῦ
1814 1209 1866 1236 σώ-

1076 1261 1167 1288 ματος.
1191 1253 1305 1289 Ἀφίημι
1329 1254 1394 1286 τοὺς
1414 1254 1480 1281 δέκα
1502 1255 1590 1290 μῆνας
1611 1254 1650 1291 τῷ
1672 1254 1795 1290 σώματι,
1819 1256 1868 1282 καὶ

1076 1299 1172 1335 μικρόν
1185 1307 1223 1326 τι.
1245 1300 1477 1335 Προσχαρισάσθω
1499 1301 1726 1336 Τεσσαρακοστὴν
1754 1301 1867 1337 ἀνύϐρι-

1075 1353 1147 1377 στον,
1167 1345 1210 1372 ἴνα
1225 1345 1321 1381 μικρὸν
1335 1345 1485 1380 ἀπαλλαγῶ
1498 1346 1544 1372 τοῦ
1560 1346 1701 1382 βορϐόρου,
1720 1346 1767 1373 τοῦ
1781 1347 1867 1382 πηλοῦ

1073 1392 1107 1427 τῇ
1122 1391 1269 1427 ἐγκρατείᾳ
1282 1392 1423 1426 ψυγὲντος.
1440 1392 1543 1427 Ταῦτα,
1557 1389 1578 1419 ὧ
1592 1393 1761 1429 Χριστιανοὶ,
1775 1393 1869 1420 δίκαιά

1073 1446 1103 1464 τε
1128 1438 1174 1464 καὶ
1199 1438 1393 1474 ἀναντίῤῥητα,
1419 1437 1469 1465 κᾶν
1491 1438 1556 1470 Θεὸς
1570 1438 1683 1476 δικάζῃ,
1699 1438 1751 1466 κᾶν
1765 1439 1868 1475 ἄνθρω-

1074 1493 1133 1516 πος.
1157 1485 1212 1511 Καὶ
1236 1485 1267 1511 σὺ
1289 1484 1317 1511 δέ
1341 1493 1404 1520 μοι,
1425 1485 1439 1511 ὁ
1458 1485 1604 1521 δικαστὴς,
1637 1485 1804 1521 ὲπιψήφισον
1821 1487 1868 1520 (ὲν

1075 1529 1162 1566 καιρῷ
1186 1528 1240 1565 γὰρ
1276 1529 1439 1564 παρεγένου)
1473 1529 1686 1566 ἀμφισϐητούσῃ
1723 1531 1756 1566 τῇ
1795 1530 1871 1569 ψυχῇ,

1076 1575 1142 1610 πρὸς
1157 1575 1187 1601 τὸ
1204 1575 1293 1611 σῶμα.
1312 1575 1406 1601 Ἀνελε
1422 1575 1511 1602 τοίνυν
1534 1584 1588 1611 μοι,
1605 1576 1619 1602 ὁ
1634 1575 1806 1612 Χριστιανὸς,
1820 1576 1870 1610 τὴν

1075 1620 1254 1656 ἡδυπάθειαν,
1275 1621 1312 1653 ὡς
1332 1620 1512 1658 μειρακιώδη.
1543 1622 1626 1657 Ἀνὴρ
1644 1618 1687 1654 εἴ,
1715 1622 1753 1657 μὴ
1776 1621 1869 1657 φρόνει

1074 1667 1109 1693 τὰ
1123 1666 1176 1693 τῶν
1193 1667 1307 1702 νηπίων.
1331 1667 1438 1693 Ἐκεῖνα
1454 1666 1487 1693 ἂν
1500 1666 1538 1702 μὴ
1550 1667 1621 1704 λάϐῃ
1635 1666 1751 1702 μέλιτος,
1766 1667 1869 1703 Opi-ys?

1076 1712 1108 1740 ἂν
1127 1713 1164 1748 μὴ
1177 1712 1223 1740 τοῦ
1238 1713 1336 1748 χρέους
1347 1712 1444 1748 ὀρέξῃς
1459 1712 1476 1748 ἢ
1489 1712 1534 1739 τοῦ
1548 1713 1631 1746 οἴνου,
1652 1713 1786 1741 πίπτοντα
1801 1715 1869 1740 ἀπο-

1076 1759 1204 1794 σπαίρει,
1231 1758 1374 1785 ἀποκναίει
1401 1758 1430 1785 δὲ
1457 1759 1561 1790 πάντας
1589 1759 1635 1785 ἐπὶ
1657 1759 1782 1786 πλεῖστον
1809 1760 1871 1786 ὅσον

1076 1803 1344 1840 κλαυθμυριζόμενα.
1363 1803 1500 1839 Ἐρυθριῶ
1510 1803 1579 1839 πρὸς
1594 1804 1643 1839 τὴν
1656 1805 1806 1840 κατήφειαν
1817 1804 1875 1831 τῶν

1076 1850 1302 1886 γαστριμάργων,
1313 1851 1387 1882 ὅπως
1399 1849 1542 1876 σπενδοῦσι
1550 1850 1618 1885 πρὸς
1631 1849 1679 1885 τὴν
1688 1851 1794 1876 ἀσιτίαν
1817 1851 1871 1877 Χα-

1078 1897 1201 1932 σμῶνται
1225 1896 1354 1932 συνεχῶς,
1368 1895 1574 1923 κατακλίνονται
1591 1897 1689 1932 μικρόν
1700 1904 1706 1911 ·
1722 1896 1873 1924 διανίσταν-

1076 1952 1138 1977 ται,
1150 1943 1231 1970 πάλιν
1243 1943 1418 1970 καθεύδουσιν
1429 1943 1643 1978 ἠναγκασμένοι.
1658 1943 1700 1969 Ἐν
1713 1943 1873 1979 ἀναισθησία

1079 1989 1257 2021 σπουδάζουσι
1269 1989 1318 2022 τὰς
1335 1989 1441 2026 ἡμέρας
1456 1989 1599 2022 διατελεῖν,
1616 1989 1742 2024 ἄχθονται
1756 1990 1794 2026 τῷ
1806 1991 1872 2026 ἡλίῳ

1079 2036 1148 2073 πρὸς
1163 2036 1212 2072 τὴν
1227 2036 1302 2064 δύσιν
1315 2036 1482 2072 βραδύνοντι.
1500 2037 1682 2074 Μακροτέρας
1702 2037 1750 2069 τὰς
1765 2037 1872 2072 ἡμέρας

1078 2085 1128 2120 τῆς
1146 2083 1289 2120 συνηθείας
1312 2083 1556 2120 προσαγορεύουσι.
1581 2083 1750 2111 Πλάσσονται
1768 2084 1795 2110 δὲ
1818 2084 1872 2110 λοι-

1080 2130 1130 2157 πὸν
1143 2123 1286 2166 στομάχων
1301 2130 1459 2166 ἀλγηδόνας,
1476 2130 1524 2156 καὶ
1550 2129 1713 2165 πνευμάτων
1732 2131 1853 2161 ἐπιτάσεις
1865 2149 1871 2160 ,

1080 2177 1127 2204 καὶ
1144 2175 1215 2212 βάρη
1238 2177 1287 2211 τῆς
1304 2176 1424 2211 κεφαλῆς
1435 2196 1441 2207 ,
1460 2177 1507 2203 καὶ
1523 2176 1680 2212 ἀνατροπὴν
1699 2175 1748 2210 τῆς
1772 2175 1871 2208 ἕξεως,

1081 2223 1210 2257 Καίτοιγε
1227 2222 1332 2254 ταῦτα,
1355 2223 1404 2258 τῆς
1426 2222 1586 2258 πλησμονῆς
1610 2223 1689 2253 εἰσιν,
1713 2222 1743 2248 οὐ
1766 2222 1814 2257 τῆς
1828 2230 1870 2257 νη-

1074 2269 1166 2301 στείας
1180 2269 1371 2304 γνωρίσματα.
1395 2268 1497 2302 Ἀηδῶς
1510 2269 1557 2294 ἐπὶ
1569 2268 1620 2303 τὴν
1634 2267 1736 2303 σεμνὴν
1749 2267 1872 2303 ἔρχονται

1073 2314 1224 2351 τράπεζαν,
1238 2313 1477 2349 καταγογγύζουσι
1495 2314 1549 2340 τῶν
1564 2313 1700 2349 λαχάνων,
1719 2313 1872 2350 λοιδοροῦσι

1073 2361 1108 2387 τὰ
1123 2361 1226 2396 ὄσπρια
1249 2361 1287 2392 ὡς
1307 2361 1396 2396 μάτην
1415 2360 1615 2395 ὲπεισαχθέντα
1639 2361 1673 2395 τῇ
1699 2359 1788 2386 κτίσει
1801 2368 1808 2374 ·
1829 2359 1872 2393 γί-

1073 2415 1163 2434 νονται
1189 2406 1242 2442 γὰρ
1268 2407 1316 2433 καὶ
1343 2406 1498 2441 φυσιολόγοι
1517 2407 1542 2433 οἱ
1565 2405 1702 2442 φιλήδονοι
1727 2405 1798 2432 κατὰ
1819 2405 1873 2432 τῶν

1074 2453 1148 2488 Mauri
1163 2453 1213 2488 τῆς
1230 2451 1404 2488 ἐγκρατείας.

1115 2499 1258 2526 Ἀπνευστὶ
1280 2499 1310 2526 τὸ
1329 2499 1401 2535 ὕδωρ
1419 2499 1556 2531 ἕλκουσιν,
1570 2499 1609 2531 ὡς
1625 2499 1706 2535 ἀηδὲς
1727 2499 1873 2535 φάρμακον

1073 2545 1151 2581 παρά
1158 2545 1395 2581 ίατρῶνλαϐὀντες
1409 2546 1532 2573 πιεῖν.οἱ
1542 2545 1634 2573 πολλοὶ
1644 2546 1673 2573 δὲ
1687 2545 1789 2572 καὶτὸν
1801 2543 1871 2572 οἶνον

1074 2591 1241 2626 σοφίζονται,
1254 2591 1341 2624 νόθοις
1352 2593 1536 2624 κατασκευαῖς
1547 2593 1598 2628 τὴν
1612 2591 1769 2627 φιληδονίαν
1783 2600 1872 2627 παρα-

1076 2637 1251 2673 μυθούμενοι.
1268 2638 1321 2664 Καὶ
1335 2638 1410 2665 ἄλλοι
1420 2639 1565 2674 τοιγαροῦν
1574 2638 1624 2674 τὴν
1636 2638 1732 2674 χρείαν
1746 2637 1871 2673 λαχάνοις

1074 2683 1275 2720 ἐπιτηδεύουσι.
1289 2684 1337 2712 καὶ
1352 2685 1470 2712 ποικίλοι
1481 2685 1601 2719 γίνονται
1619 2684 1671 2719 τῆς
1693 2684 1872 2716 ἀπολαύσεως

1075 2730 1215 2760 σοφισταί(
1226 2729 1312 2757 Τοῦτο
1321 2730 1382 2758 λίαν
1393 2730 1490 2766 εὔηθες
1503 2731 1550 2757 καὶ
1561 2731 1684 2766 ἀνόητον.
1708 2731 1871 2767 Ἐγκράτεια

1073 2775 1246 2808 αὐτεξουσίου
1257 2775 1303 2802 καὶ
1310 2775 1451 2811 ἐλευθέρου
1465 2777 1640 2812 φρονήματός
1649 2777 1707 2803 ἐστι
1716 2777 1867 2812 γνώρισμα,

1075 2821 1105 2848 οὺ
1120 2821 1298 2858 δουλότροπος
1315 2821 1450 2858 σκαιωρία
1470 2820 1590 2857 ζητοῦσα
1602 2823 1634 2850 τὸ
1649 2824 1830 2858 προκείμενον
1840 2823 1875 2853 οὐ,

1075 2867 1166 2900 καθὼς
1190 2868 1329 2903 προσῆκεν
1351 2867 1550 2904 ἐξεργάσασθαι
1563 2889 1570 2898 .
1594 2869 1660 2896 ἀλλά
1680 2869 1871 2907 δουλοπρεπώς
