2080 3156
209 161 258 190 531

676 160 816 189 HOMILIA
832 161 898 188 XIV.
918 161 950 188 ΙΝ
971 160 1170 190 PRINCIPIUM
1185 160 1411 190 JEJUNIOltUM.

1780 163 1834 192 58‘)

213 222 391 256 σκαιωρῆσαι.
406 221 508 248 Μισθδν
524 221 645 254 ἀπαιτεῖς
658 222 700 256 ἐφ’
714 219 753 253 οἷς
769 221 817 258 ζῇς
833 223 902 249 κατὰ
918 223 997 258 νόμον

1054 227 1102 255 cel,
1123 224 1170 250 sed
1184 231 1216 250 ex
1233 224 1324 251 servili
1342 223 1459 257 quadam
1473 223 1621 250 coaetione.
1641 222 1714 250 Petis
1728 229 1834 249 nterce-

211 267 260 303 τῆς
267 267 378 302 ἀρετῆς.
393 267 495 298 Μισθὸς
505 266 531 292 δὲ
544 267 589 293 καὶ
599 267 726 302 ἐπίχειρα
737 269 793 299 τοῖς
803 268 904 300 ἀδόλοις
916 268 997 304 ἐργά-

210 319 281 342 ταις,
297 311 327 337 οὐ
340 311 394 342 τοῖς
409 310 570 346 κακούργοις
585 311 758 346 ἐπήγγελται.

247 403 294 438 Μὴ
321 402 412 429 Villius
434 402 481 437 τὴν
500 402 635 437 νηστείαν,
661 403 703 429 ἵνα
724 403 760 438 μὴ
778 403 867 439 πάθῃς
891 403 925 430 τὰ
944 403 999 430 τῶν

212 448 353 485 καπήλων.
370 450 401 476 Εἰ
413 449 465 484 γὰρ
480 450 576 475 ἐκεῖνοι
593 448 632 484 τῷ
646 449 709 484 οϊνῳ
724 449 797 485 ὕδωρ
812 450 998 485 παραμιγνύν-

212 504 258 527 τες
281 494 447 527 κολάζονται,
470 495 500 521 σὺ
520 494 560 530 τῷ
581 495 709 530 αὐστηρῷ
734 495 783 530 τῆς
805 495 930 530 νηστείας
950 496 999 527 τὰς

215 542 411 576 σεσοφισμένας
423 540 587 572 ἀπολαύσεις
605 540 732 575 εἰσάγων,
751 541 810 573 πῶς
826 540 999 577 ἀτιμώρητος

215 587 382 624 παρελεύσῃ;
398 587 443 622 Μή
459 596 503 621 μοι
516 587 635 623 πρόφερε
648 588 697 619 τὰς
711 587 905 623 πεπλασμένας
917 587 998 614 ἀσθε-

215 633 296 664 νείας.
317 633 361 668 Μὴ
376 631 544 666 καταψεύδου
562 632 611 667 τῆς
627 632 864 668 Τεσσαρακοστῆς,
876 632 914 663 ὡς
924 640 1000 658 νοσο-

214 679 308 705 noto-3'
332 679 485 705 τούναντίον
508 678 564 713 γὰρ
585 678 679 712 ὑγείας
701 678 759 704 ἐστὶ
787 678 926 713 ποιητική.
952 677 998 713 Μὴ

213 724 379 760 προιρασίξου
397 723 545 759 προφάσεις
566 723 595 749 ἐν
607 723 767 759 ἁμαρτίαις,
785 723 833 750 σὺν
846 722 1000 759 ἀνθρώποις

212 769 406 805 ἐργαζομένοις
423 769 588 804 φιληδονίαν.
608 768 658 795 Διά
681 769 825 804 συνήθειάν
840 776 880 794 σοι
900 768 998 804 κακὴν,

212 816 340 852 πολέμιος
361 815 500 851 νομίζεται
523 816 540 850 ἡ
564 815 727 850 ἐγκράτεια·
751 815 780 841 οὺ
806 814 860 850 μὴν
879 814 1000 848 φυσικῶς

212 862 285 888 ἔστιν
298 861 429 896 ἐπαχθὴς.
445 861 599 896 Τεκμήριον
610 861 638 887 δὲ
651 860 698 887 τοῦ
712 860 802 894 λόγου,
816 860 915 891 πάντες
934 859 999 895 βάρ-

212 907 289 942 ϐαροι
302 907 359 934 ὅσοι
380 906 442 933 οὔτε
455 907 592 941 ἀμπέλους
610 906 782 941 φυτεύουσιν,
801 905 862 932 οὔτε
877 905 1000 932 πίνουσιν

213 951 282 980 οἶνον
292 962 298 969 ·
315 953 382 980 ἀλλὰ
396 953 426 980 τὸ
445 953 596 989 αὐτόματον
608 952 776 979 ἐπισπῶνται
793 953 838 979 καὶ
854 951 998 989 ἀγεώργη-

213 1009 260 1027 τον
281 1001 355 1035 πόμα
372 1000 402 1026 τὸ
424 999 515 1035 ὓδωρ,
543 999 590 1026 καὶ
615 998 792 1035 γνωρίζονται
813 1000 931 1034 γενναῖοι
953 998 1000 1025 καὶ

213 1047 333 1081 ἀριστεῖς
348 1047 376 1072 ὲν
391 1045 534 1080 πολέμοις,
551 1045 597 1072 καὶ
615 1045 743 1080 κρατοῦσι
762 1045 817 1072 τῶν
839 1045 999 1077 πολυοίνων,

213 1091 251 1123 ὡς
267 1091 349 1122 είκὸς,
372 1091 526 1126 μεθυόντων
538 1091 562 1117 οἱ
576 1091 718 1126 νήφοντες.
734 1089 852 1125 Σὼματα
864 1090 892 1116 δὲ
908 1089 1000 1122 αὐτοῖς

214 1136 303 1171 κοῦφα
320 1137 366 1163 καὶ
383 1136 516 1171 μοχθηρὰ,
538 1137 584 1162 καὶ
598 1136 689 1171 ταχεῖς
705 1135 754 1171 μὲν
767 1135 899 1170 ἀναϐῆναι
917 1134 999 1162 ἵππον

213 1182 238 1208 οἱ
256 1181 381 1212 τοιοῦτοι,
398 1182 506 1215 εὐφυεῖς
528 1180 557 1207 δὲ
579 1180 729 1216 τολμηταὶ,
747 1180 793 1206 καὶ
811 1179 880 1215 πρὸς
895 1178 1001 1211 τοξείαν

214 1227 344 1262 εῦστοχοι.
373 1227 514 1262 Ἀσφαλεϊς
532 1227 560 1253 δὲ
578 1226 646 1262 μετὰ
659 1225 705 1252 τοῦ
722 1225 852 1261 θάρσους,
868 1226 915 1252 καὶ
929 1225 1001 1260 γνώ-

216 1282 270 1309 μην
283 1275 311 1300 ὲν
325 1273 438 1309 ἀπόροις
457 1273 545 1309 εὑρεῖν
561 1272 656 1300 ἱκανοί.
673 1272 718 1308 Μὴ
733 1270 780 1298 οὖν
794 1271 1001 1308 κατηγόρειτοῦ

215 1318 320 1351 ὕδατος,
333 1320 370 1351 ὼς
386 1318 526 1351 νοσώδους,
539 1318 576 1349 ὡς
590 1317 728 1353 ὲξιτήλους
747 1317 794 1344 καὶ
805 1317 928 1349 ἀσθενεῖς
939 1317 1002 1349 τοὺς

214 1364 372 1400 χρωμένους
387 1363 612 1399 ἐνεργαζομένου·
630 1363 733 1398 ἐλέγχει
752 1363 807 1399 γάρ
830 1371 876 1390 σου
891 1363 940 1398 τὴν
956 1371 1003 1389 συ-

215 1411 362 1447 κοφαντίαν
380 1411 397 1446 ἡ
411 1412 504 1446 πεῖρα.

253 1548 285 1575 Τί
298 1547 368 1580 Μγω
382 1547 446 1582 περὶ
463 1546 510 1573 τοῦ
526 1545 616 1579 οἴνου;
632 1545 733 1572 Σκύθαι
750 1547 775 1572 οἱ
801 1545 933 1581 νομάδες,
947 1545 1002 1572 ὅσοι
1017 1563 1037 1590 C

217 1593 391 1631 προσοικοῦσι
407 1593 452 1619 τὸν
469 1593 622 1628 Βόσπορον,
637 1593 683 1619 καὶ
701 1593 757 1619 ὅσοι
778 1591 816 1628 τῷ
844 1593 931 1627 Ῥήνῳ
953 1601 999 1618 πο-

215 1640 295 1676 ταμῴ
314 1639 536 1675 προσκάθηνται,
555 1638 642 1665 ἄοικοι
664 1638 714 1674 μὲν
733 1638 786 1665 εἰσι
806 1638 852 1664 καὶ
873 1637 999 1664 ἀνέστιοι.

217 1686 352 1721 Σκηνῆται
373 1684 401 1711 δὲ
416 1684 517 1719 βιοῦσιν
542 1685 574 1710 ἐκ
598 1684 681 1710 πίλων
698 1683 745 1710 καὶ
762 1683 865 1710 κωδίων
881 1683 928 1710 καὶ
949 1683 1002 1710 τῶν

218 1731 422 1767 προστυχόντων
445 1729 683 1765 προκαλυμμάτων
702 1729 807 1760 ἑαυτοῖς
827 1729 876 1764 τὴν
898 1729 1002 1764 σκέπην

217 1776 393 1811 πηγνύμενοι.
409 1775 454 1802 Διὸ
479 1775 525 1801 καὶ
555 1774 638 1810 ἄρτον
663 1774 693 1800 ού
717 1774 933 1809 προσφέρονται,
956 1775 1003 1800 καὶ

218 1822 330 1858 ἄροτρον
345 1821 395 1848 οὐκ
409 1820 497 1846 ἴσασιν
506 1827 514 1835 ’
525 1819 584 1846 οὐδὲ
599 1819 650 1854 γῆν
661 1818 841 1854 ἀνατέμνουσι
855 1826 861 1833 ⁸
880 1819 938 1850 πῶς
950 1818 1004 1854 γὰρ

218 1867 242 1893 οι
253 1864 300 1893 τοῦ
316 1865 388 1894 σίτου
401 1865 448 1892 καὶ
464 1864 519 1891 τῶν
534 1865 567 1890 ὲκ
579 1863 630 1899 γῆς
646 1863 809 1899 σπερμάτων
824 1864 863 1899 μὴ
879 1863 1004 1899 μεμαθη-

219 1913 295 1944 κότες
322 1912 370 1947 τὴν
387 1911 542 1947 γεωργίαν;
558 1910 651 1945 Ὅμως
665 1909 749 1945 χωρὶς
767 1910 849 1945 ἄρτου
864 1909 913 1935 καὶ
932 1909 1003 1935 οἴνου

218 1957 374 1989 διαζῶντες,
391 1956 460 1983 εἰσιν
478 1955 605 1990 ἀνδρεῖοι,
626 1954 673 1981 καὶ
685 1954 755 1986 ὅλοις
769 1954 856 1980 ἔθνεσι
874 1954 942 1988 πρὸς
956 1953 1005 1980 πό-

219 2003 299 2038 λεμον
318 2002 479 2037 ἀξιόμαχοι,
503 2000 556 2027 τῶν
575 2009 604 2027 τε
624 1999 727 2026 πολλῶν
751 1999 931 2035 κρατοῦντες’
958 1999 1005 2025 καὶ

219 2049 293 2076 οὐδὲν
308 2049 406 2079 αὐτοὺς
422 2046 537 2081 ἔϐλαψεν
550 2047 630 2082 ἄρτος
653 2047 700 2073 καὶ
714 2044 786 2077 οἶνος
799 2045 876 2072 ἀπών
888 2054 895 2060 υ
916 2045 973 2071 ἀλλ’
986 2046 1004 2080 ὴ

221 2094 345 2130 πατρῷος
359 2093 498 2129 συνήθεια,
514 2092 594 2127 φύσις
606 2093 661 2123 τοῖς
677 2090 830 2126 ἀνθρώποις
843 2090 959 2125 ἐγένετο.

254 2140 304 2166 Διά
326 2139 352 2166 τί
377 2139 405 2165 δὲ
421 2138 514 2165 τοῦτον
541 2139 555 2164 ὁ
578 2137 657 2171 λόγος
673 2135 1006 2172 ἀπεμνημόνευσενςἼνα

223 2186 362 2222 μάθωμεν,
377 2185 414 2216 ὡς
427 2184 522 2219 ἀγωγὴ
541 2183 588 2210 καὶ
603 2183 719 2218 ἄσκησις
739 2181 807 2217 πρὸς
824 2182 913 2208 ἐκεῖνο
925 2183 1007 2209 τυποῖ

220 2233 266 2260 τὸν
285 2232 437 2267 ἄνθρωπον,
455 2230 521 2266 πρὸς
535 2230 603 2264 ὅπερ
623 2229 656 2255 ἂν
673 2227 847 2263 βουληθῶμεν
866 2228 914 2254 καὶ
929 2227 1007 2263 μελε-

221 2279 357 2314 τήσωμεν.
381 2277 490 2303 Ἐθισον
512 2275 609 2302 σαυτὸν
629 2274 695 2310 πρὸς
717 2273 891 2309 ἐγκράτειαν,
906 2273 954 2300 καὶ
972 2273 1012 2309 τῷ

221 2325 308 2362 χρόνῳ
319 2324 464 2359 γενήσεται
480 2321 636 2356 ἀνεπαχθὴς
655 2320 786 2351 σύνοικος.
799 2320 847 2346 Ἂν
860 2319 888 2346 δὲ
903 2319 1013 2346 τούναν-

221 2370 287 2401 τίον,
304 2369 352 2400 τὰς
371 2367 535 2398 ἀπολαύσεις
553 2365 600 2393 καὶ
618 2364 667 2397 τὰς
687 2364 804 2399 εὐωχίας
825 2363 889 2400 ἔχῃς
904 2363 1013 2400 συντρό-

222 2425 287 2452 φους
298 2417 345 2443 καὶ
363 2415 464 2449 φίλους,
483 2413 609 2440 οὐδέποτε
626 2411 752 2448 νηστείαν
770 2411 932 2447 ἀγαπήσεις·
947 2410 1015 2438 ἀλλά

225 2471 266 2489 σοι
287 2463 409 2496 φανεῖται
432 2461 538 2496 βαρεῖα,
559 2459 598 2491 ὡς
623 2458 684 2494 ξένη
709 2458 757 2484 καὶ
781 2457 928 2493 ἀσυνήθης.
952 2457 1014 2490 Βὶος

224 2507 359 2543 ἐγκρατὴς
373 2506 521 2542 μελλούσης
534 2506 582 2532 καὶ
593 2505 730 2540 ἀφθάρτου
743 2503 815 2539 ζωῆς
831 2505 905 2530 ἐστιν
919 2502 1012 2531 εἰκών.

232 2553 276 2584 Ὡς
291 2552 344 2588 γὰρ
358 2552 428 2584 τότε,
447 2551 496 2587 τὴν
513 2550 624 2586 ἐμπαθῆ
634 2550 723 2586 σάρκα
735 2549 835 2584 ταύτην
842 2549 1015 2584 ἀποδυσάμε-

225 2607 265 2626 νοι
288 2597 426 2633 ἐλεύθεροι
446 2597 584 2632 διάξομεν,
607 2595 737 2631 οὐδεμίαν
763 2595 869 2631 ἔχοντες
892 2595 1015 2632 ἀνάγκην

225 2645 324 2680 γαστρὶ
342 2644 519 2680 λειτουργεῖν,
536 2643 584 2669 καὶ
597 2644 653 2674 τοῖς
669 2641 760 2673 ἄλλοις
773 2641 907 2668 δουλεύειν
930 2641 1014 2669 πάθε-

227 2700 282 2718 σιν·
299 2690 385 2721 οὕτως
400 2691 446 2717 καὶ
457 2689 505 2715 νῦν
520 2688 553 2715 ἂν
564 2688 613 2724 τὴν
629 2687 727 2723 πολλὴν
742 2686 875 2722 ἀνάγκην,
892 2687 939 2714 καὶ
948 2687 1014 2722 ὕλην

226 2736 314 2765 αὐτῶν
323 2735 515 2771 ἀποϐάλωμεν,
522 2734 604 2769 ἐγγὺς
616 2733 665 2768 τῆς
675 2732 901 2769 προσδοκωμένης
908 2732 1016 2768 ἀφθαρ-

228 2782 286 2821 σίας
311 2780 440 2816 ἐσόμεθα.
462 2781 516 2808 Καὶ
538 2780 677 2816 συντόμως
701 2779 798 2811 εἰπεῖν,
817 2778 947 2815 φύγωμεν
966 2779 1015 2816 τὴν

268 2871 292 2895 η,
307 2869 377 2907 l'sal.
393 2877 454 2901 est,
471 2871 493 2898 ι.

1048 269 1118 300 dem,
1130 277 1162 296 eo
1173 271 1245 304 quod
1260 278 1293 297 ex
1307 270 1408 296 virtute
1421 269 1502 296 vitam
1527 269 1664 296 instituas.
1682 268 1717 296 At
1731 275 1835 296 merces

1048 320 1074 342 et
1087 316 1285 350 manupretium
1303 315 1427 350 genuinis
1443 320 1469 342 et
1486 315 1602 342 sinceris
1616 314 1748 350 operariis
1759 334 1766 347 ,
1781 321 1834 341 non

1049 361 1152 388 dolosis
1164 366 1190 388 et
1203 361 1327 396 malignis
1343 361 1517 395 promittitur.

1084 407 1142 434 Noli
1171 407 1323 433 adulterare
1343 405 1597 441 Quadragesimam,
1627 412 1660 432 ne
1692 406 1739 432 tibi
1765 405 1834 432 idem

1048 451 1122 486 quod
1144 453 1312 486 cauponibus
1336 451 1452 479 eveniat.
1478 451 1506 479 Si
1531 452 1602 479 enim
1630 451 1665 478 illi
1690 459 1750 478 eum
1772 451 1836 478 vino

1049 505 1147 532 aquam
1168 497 1321 531 aﬂ'uudunt,
1349 499 1507 532 puniuntur,
1524 500 1658 533 quomodo
1669 503 1696 524 tu
1707 518 1714 529 ,
1728 497 1772 531 qui
1788 504 1836 524 an-

1049 543 1164 570 steritati
1180 543 1275 578 jejunii
1292 543 1458 570 adulterinas
1482 545 1612 578 quasdam
1635 543 1776 570 illecebras
1789 551 1835 570 su-

1049 590 1217 624 perinducis,
1232 597 1339 625 pwnam
1355 589 1487 624 effugies?
1503 590 1543 616 No
1561 590 1626 616 tnibi
1640 589 1837 616 commentitias

1049 634 1249 662 imbecillitates
1274 634 1408 670 proferas.
1425 635 1462 662 Na
1488 635 1629 662 mentiaris
1658 635 1748 662 inesse
1770 635 1838 667 Qua-

1049 679 1251 714 dragesintam,
1281 680 1352 707 velut
1378 681 1532 707 morborum
1566 679 1747 711 ed‘ertricem;
1777 687 1838 706 nam

1049 731 1064 751 e
1076 725 1223 757 contrario,
1243 726 1369 753 sanitatis
1382 725 1501 753 effectrix
1515 730 1564 753 est.
1581 724 1619 752 Ne
1630 732 1743 752 excuses
1757 732 1839 752 excu-

1049 772 1168 800 sationes
1181 771 1206 799 in
1218 772 1337 806 peccatis
1350 780 1410 799 cum
1432 771 1588 799 hominibus
1601 771 1776 805 operantibus
1791 770 1840 796 ini-

1050 817 1178 853 quitatem
1191 838 1199 851 ,
1223 822 1250 845 et
1265 817 1409 853 voluptatis
1436 817 1553 844 studium
1570 815 1736 843 sectantibus
1748 816 1781 842 υ.
1799 815 1840 842 0b

1050 865 1147 891 malam
1171 865 1392 892 consuetudinem
1409 864 1513 890 videtur
1528 863 1574 890 tibi
1596 862 1771 896 lemperanlin
1794 862 1840 888 ad-

1051 917 1140 937 versa.
1155 909 1235 944 Atqui
1260 916 1294 936 ne
1305 908 1416 944 physice
1428 909 1538 943 quidem
1550 908 1660 934 adversa
1671 912 1720 934 est.
1729 907 1840 933 Testa"-

1050 960 1094 983 tur
1110 955 1162 983 hoc
1179 959 1218 982 tot
1236 954 1362 986 barbari,
1380 954 1424 989 qui
1449 961 1536 988 neque
1552 953 1619 980 rites
1639 953 1760 987 plantant
1773 974 1780 984 ,
1797 959 1841 978 ne

1050 1009 1102 1037 que
1124 1001 1216 1028 vinum
1233 1000 1327 1028 bibunt
1340 1020 1348 1033 ,
1372 1000 1417 1027 sed
1431 1007 1542 1034 aquam,
1565 1007 1623 1034 qua:
1636 1004 1732 1034 sponte
1752 1005 1800 1025 sua
1814 1001 1841 1024 et

1050 1047 1152 1082 absque
1171 1046 1223 1073 ulla
1241 1045 1347 1073 cultura
1370 1046 1501 1077 nascitur,
1527 1053 1574 1080 pro
1599 1050 1662 1080 potu
1682 1044 1791 1071 habent.
1809 1044 1841 1070 lit

1050 1097 1139 1120 tamen
1154 1092 1280 1128 generosi
1294 1097 1374 1126 sunt,
1390 1096 1417 1118 et
1440 1091 1466 1118 in
1484 1090 1583 1125 praeliis
1595 1090 1699 1117 strenui
1712 1110 1719 1122 ,
1733 1089 1842 1123 vinique

1050 1142 1159 1173 potores
1176 1138 1287 1165 domant
1299 1156 1308 1169 ,
1333 1137 1431 1171 quippe
1453 1135 1536 1163 sobrii
1551 1135 1652 1163 ebrios.
1666 1134 1784 1169 Corpora
1800 1133 1844 1159 ba-

1050 1183 1115 1212 bent
1136 1183 1214 1218 agilia
1235 1188 1262 1210 et
1287 1183 1387 1210 laboris
1411 1182 1550 1218 patientia.
1578 1182 1611 1208 Et
1643 1180 1709 1207 tales
1732 1179 1842 1214 quidem

1051 1231 1153 1258 celeres
1167 1233 1246 1262 sunt,
1267 1230 1289 1257 si
1310 1237 1394 1264 equus
1417 1229 1453 1256 sit
1470 1228 1675 1260 ascendendus,
1710 1221 1844 1258 ingeniosi

1052 1284 1116 1304 vero
1133 1281 1160 1304 ct
1173 1275 1289 1303 audaces
1305 1280 1332 1302 et
1343 1276 1376 1302 ad
1398 1274 1449 1301 tela
1462 1273 1586 1309 jacicnda
1605 1280 1731 1308 sagaces;
1753 1269 1842 1298 scruri

1053 1329 1161 1357 quoque
1176 1329 1236 1348 cum
1254 1329 1302 1348 sua
1316 1320 1489 1351 conﬁdentia,
1517 1320 1542 1346 in
1567 1319 1648 1346 rebus
1659 1318 1749 1346 dubiis
1766 1317 1844 1344 facile

1053 1368 1118 1403 quid
1140 1368 1211 1395 I'acto
1230 1366 1266 1396 sit
1288 1374 1372 1400 opus,
1389 1366 1540 1392 inveniunt.
1564 1363 1603 1391 Ne
1616 1364 1696 1399 igitur
1709 1364 1846 1397 vituperes

1054 1421 1168 1447 aquam,
1186 1417 1216 1439 ut
1232 1412 1387 1440 morborum
1414 1417 1522 1438 causam
1537 1429 1544 1441 ,
1574 1414 1600 1436 et
1621 1409 1697 1443 quasi
1720 1408 1847 1435 bibentes

1054 1459 1185 1487 evanidos
1195 1463 1221 1485 et
1230 1456 1374 1491 languidos
1384 1455 1486 1483 efﬁciat
1495 1464 1502 1482 :
1511 1455 1671 1483 calumniam
1688 1454 1760 1482 enim
1771 1458 1844 1481 tuam

1054 1504 1221 1538 experientia
1241 1502 1348 1530 refellit.

1090 1549 1158 1583 Quid
1172 1549 1259 1576 dicam
1273 1548 1305 1575 de
1316 1547 1402 1575 vino?
1419 1546 1527 1582 Scytha:
1542 1545 1670 1573 nomades
1684 1564 1691 1578 ,
1712 1544 1758 1580 qui
1773 1544 1847 1572 babi-

1057 1600 1112 1622 tant
1127 1595 1160 1620 ad
1175 1593 1359 1627 Bosphorum,
1375 1597 1402 1619 et
1418 1592 1464 1627 qui
1478 1592 1512 1618 ad
1531 1591 1670 1623 Rhenum,
1687 1590 1745 1617 sine
1760 1590 1840 1616 domo

1054 1646 1081 1668 et
1103 1640 1159 1667 lare
1189 1640 1300 1673 degunt.
1329 1638 1446 1666 Scenitte
1463 1638 1557 1664 vivunt
1576 1644 1608 1664 ex
1625 1637 1686 1671 pilis
1701 1636 1846 1670 oviumque

1055 1685 1198 1714 velleribus
1209 1704 1215 1715 ,
1240 1689 1267 1711 et
1288 1684 1391 1719 seipsos
1406 1682 1486 1710 obvio
1500 1682 1597 1718 quovis
1611 1687 1766 1718 tegumento
1787 1687 1847 1714 ονο-

1055 1733 1144 1765 riunt;
1170 1737 1258 1766 neque
1282 1737 1351 1765 pane
1373 1733 1569 1760 sustentantur,
1592 1736 1643 1756 nec
1660 1733 1778 1755 aratrum
1799 1736 1847 1754 ιιι)-

1056 1782 1137 1811 ruut,
1161 1783 1250 1812 neque
1276 1781 1377 1803 terram
1400 1775 1598 1810 proscindunt:
1615 1775 1751 1808 quomodo
1776 1775 1851 1812 cnim_

1056 1824 1101 1854 bi.
1122 1823 1220 1858 quibus
1236 1822 1364 1849 frumenti
1388 1826 1415 1848 et
1438 1821 1552 1848 aliorum
1574 1827 1606 1847 ex
1628 1825 1698 1847 terra
1713 1819 1847 1846 seminum

1057 1877 1120 1896 usus
1133 1868 1221 1895 nullus
1233 1871 1285 1900 est,
1296 1872 1325 1894 et
1337 1866 1382 1901 qui
1394 1865 1588 1901 agriculturam
1602 1873 1654 1892 non
1675 1863 1846 1892 didicerunt?

1057 1915 1148 1942 Vitam
1162 1914 1267 1948 absque
1284 1919 1353 1946 parte
1374 1916 1402 1938 et.
1421 1911 1485 1938 vino
1498 1910 1631 1946 agitantes
1642 1931 1649 1943 ,
1676 1909 1849 1936 nihilominus

1057 1960 1149 1988 viriles
1159 1964 1223 1987 sunt
1235 1979 1242 1991 ,
1254 1962 1284 1986 et
1292 1958 1325 1984 ad
1342 1957 1440 1985 bellum
1456 1957 1569 1992 integris
1584 1957 1708 1992 gentibus
1728 1955 1844 1982 inferen-

1058 2007 1121 2034 dum
1138 2006 1256 2041 expediti
1270 2027 1277 2038 ,
1294 2004 1446 2038 multosque
1465 2003 1517 2031 sibi
1531 2004 1696 2038 subpugant;
1711 2010 1760 2028 nec
1775 2002 1850 2036 quid-

1058 2060 1140 2087 quam
1154 2051 1306 2078 detrimenti
1330 2051 1383 2078 illis
1406 2049 1483 2084 panis
1498 2054 1524 2077 et
1541 2049 1594 2076 vini
1618 2048 1740 2076 absentia
1769 2047 1849 2081 parit.

1059 2099 1112 2126 Sed
1122 2098 1206 2132 patria
1215 2097 1383 2124 consuetudo
1391 2097 1433 2124 Itis
1442 2095 1595 2123 hominibus
1604 2095 1630 2122 in
1640 2101 1762 2122 naturam
1773 2093 1850 2121 abiit.

1095 2142 1178 2177 Cujus
1203 2142 1239 2170 rei
1264 2143 1356 2178 gratia-
1374 2142 1469 2169 borum
1489 2141 1620 2168 memini?
1643 2140 1677 2168 Ut
1700 2140 1850 2171 discamus,

1061 2189 1248 2216 educationem
1275 2193 1303 2215 et
1322 2187 1545 2215 exercitationem
1573 2186 1689 2214 formare
1712 2185 1850 2212 hominem

1028 2241 1050 2268 υ
1064 2235 1098 2262 ad
1114 2235 1177 2262 illud
1192 2235 1262 2269 quod
1286 2234 1419 2266 volumus,
1440 2239 1467 2261 et
1493 2234 1519 2261 in
1535 2241 1590 2268 quo
1614 2240 1663 2260 nos
1679 2239 1850 2259 exercemus.

1063 2281 1192 2309 Assnefac
1208 2285 1233 2307 te
1253 2280 1285 2307 ad
1305 2280 1520 2314 temperantiam,
1538 2283 1564 2306 et
1579 2286 1640 2305 cmn
1658 2283 1777 2312 tempore
1792 2277 1852 2304 sine

1063 2326 1184 2354 molestia
1201 2330 1289 2353 tecum
1310 2325 1533 2351 commorabitur.
1553 2324 1572 2350 E
1589 2323 1734 2355 contrario,
1752 2322 1774 2348 si
1800 2329 1849 2348 vo-

1063 2371 1182 2404 luptates
1196 2374 1223 2396 et
1240 2369 1452 2396 comessationes
1467 2376 1551 2400 antes,
1568 2375 1705 2402 nunquam
1719 2366 1850 2401 jejunium

1064 2416 1175 2451 diliges;
1193 2415 1240 2443 sed
1257 2414 1435 2449 temperantia
1453 2413 1592 2448 apparebit
1611 2413 1657 2440 tibi
1672 2412 1778 2447 gravis.
1795 2415 1853 2438 tan-

1064 2469 1146 2496 quam
1165 2460 1306 2496 peregrina
1323 2466 1351 2487 et
1366 2460 1482 2487 insueta.
1502 2458 1563 2486 Vita
1579 2463 1731 2493 temperans
1756 2456 1854 2484 tutum

1062 2512 1090 2535 et
1104 2507 1286 2542 corruptionis
1299 2505 1396 2534 nesciae
1411 2506 1473 2533 vita:
1492 2504 1665 2532 simulacrum
1679 2507 1719 2531 est
1733 2511 1740 2530 :
1757 2509 1853 2538 qucrn-

1063 2553 1205 2580 adtnodom
1231 2550 1304 2578 enim
1335 2554 1398 2577 tunc
1425 2549 1594 2584 corruptibili
1633 2555 1716 2576 carne
1750 2552 1852 2578 exuta,

1063 2598 1140 2627 liberi
1155 2598 1287 2631 vivemus,
1310 2596 1388 2624 nulla
1407 2596 1566 2623 necessitate
1586 2594 1704 2628 astricti,
1720 2598 1749 2621 ut
1766 2592 1852 2620 ventri

1065 2649 1094 2672 et
1107 2644 1169 2671 aliis
1184 2642 1373 2671 atl'ectionibus
1394 2642 1558 2673 serviamus,
1579 2641 1616 2668 ita
1640 2645 1669 2668 et
1692 2646 1764 2667 nune
1781 2639 1803 2666 si
1820 2645 1852 2665 ex

1067 2690 1222 2718 necessaria
1237 2689 1287 2716 ista
1302 2689 1444 2722 servitute,
1459 2693 1486 2716 et
1501 2695 1534 2715 ex
1549 2686 1669 2715 materia
1680 2684 1854 2713 concretione

1067 2743 1116 2764 nos
1133 2734 1254 2762 nonnihil
1270 2735 1497 2770 expedirerimus,
1521 2740 1604 2769 prope
1616 2733 1648 2760 ad
1669 2736 1852 2766 exspectatam

1067 2782 1298 2818 incorruptionem
1313 2781 1475 2810 accedemus
1487 2790 1494 2808 :
1504 2785 1529 2809 et
1550 2785 1579 2809 ut
1593 2780 1751 2812 compendio
1764 2776 1851 2805 omnia
