2080 3156
249 156 301 184 585

885 155 915 183 S.
934 152 1072 182 ASTERIl
1094 152 1245 180 AMASENI

1821 153 1876 182 58ι

252 214 427 248 ιιυιιῳῖειιιιπ,
452 213 587 248 fugiamus
605 221 653 249 pro
675 213 778 241 viribus
799 212 889 240 luxum
913 217 940 240 et
962 212 1037 238 volu-

1092 210 1246 244 φιληδονίαν
1266 210 1306 241 είς
1328 209 1458 245 δύναμιν·
1485 210 1624 245 ἀμήχανον
1648 209 1702 245 γὰρ
1722 208 1768 236 τὸν
1794 209 1876 237 αὑτὸν

249 266 353 295 ριιιιιιιιι
368 260 556 287 illectamenta.
572 259 643 286 Fieri
660 260 731 286 enim
749 267 800 286 non
816 263 912 293 potest,
926 263 954 284 ut
965 257 1034 284 idem

251 307 285 332 sil.
299 310 325 331 ct
341 305 505 339 voluptatum
529 309 556 331 et
580 303 625 331 Dei
646 309 771 337 amator;
799 311 860 330 nam
876 303 922 337 qui
939 310 1036 336 corpus

251 355 334 383 untal,
351 351 394 377 ille
412 350 564 378 necessario
584 357 690 385 quoque
717 350 858 385 pecuniam
876 348 985 375 amabit.
1002 348 1036 374 At

251 397 298 430 qui
311 396 449 431 pecuniam
462 401 544 427 amat.
556 396 578 423 is
591 396 704 430 injustus
713 400 768 427 est;
786 400 813 422 at
826 395 870 429 qui
887 395 912 421 in
926 394 1036 429 laqueos

251 441 391 476 iniustitia:
408 441 510 474 incidit,
537 441 558 468 is
582 441 662 468 facile
687 442 768 468 etiam
798 442 906 468 decreta
929 439 1036 475 pietatis

253 487 476 522 transgredietur,
505 491 532 514 et
565 487 715 521 sapientum
752 486 824 520 leges
857 485 1034 517 conculcabit,

251 533 330 562 facile
345 534 426 562 etiam
447 534 473 560 in
490 534 582 561 illicita
602 534 716 564 labetur,
736 533 798 560 inde
822 533 872 559 sibi
895 531 1035 558 materiam

252 581 285 608 ad
310 581 458 608 suavitates
485 587 632 614 corrogatis
657 584 684 607 et
713 580 859 614 colligens;
893 579 1037 612 omniaque

251 626 391 660 iniustitiae
407 626 492 661 spolia
515 625 645 661 voluptati
696 630 824 660 tanquam
843 624 958 652 dominae
980 630 1037 650 suae

250 672 364 700 donans.

289 739 327 766 Ne
344 739 443 775 fugeris
459 739 565 766 labores
581 744 609 766 et
622 739 803 772 difﬁcultates,
817 746 877 775 quae
892 747 918 766 ιιι
933 743 1036 773 tempe-

252 785 341 812 rantia
357 785 457 812 insunt.
477 784 530 813 Sed
546 792 620 819 spem
641 792 745 820 oppone
761 785 885 819 praesenti
902 784 995 815 labori,
1010 788 1037 810 et

251 831 348 858 leuiter
364 830 554 858 abstinentiam
577 831 610 858 ab
630 830 766 858 alimentis
784 829 864 857 feres.
882 830 975 864 lugere
989 829 1035 856 tibi

1088 253 1158 282 εἶναι
1177 255 1316 291 φιλήδονον
1340 255 1387 281 καὶ
1415 254 1547 290 φιλόθεον.
1566 255 1596 281 ’0
1612 255 1666 291 γὰρ
1690 255 1876 290 φιλοσώματος

1086 300 1116 333 ἐξ
1131 301 1254 336 ἀνάγκης
1264 300 1338 328 ἔσται
1351 300 1397 327 καὶ
1411 300 1624 336 φιλοχρήματος,
1639 301 1654 326 6
1666 300 1694 327 δέ
1706 300 1877 335 φιλοχρήμα-

1089 355 1144 379 τος,
1170 347 1262 379 ἄδικος
1272 355 1278 364 ·
1297 348 1311 374 6
1325 347 1353 374 δὲ
1365 348 1414 383 τῆς
1429 347 1536 379 ἀδικίας
1550 347 1615 374 είσω
1635 346 1735 379 πεσὼν,
1753 347 1876 382 61139611-

1089 400 1166 419 σεται
1176 392 1276 428 ῥᾳδίως
1285 393 1401 428 θεσμοὺς
1418 393 1569 424 εὐσεϐείας,
1586 393 1633 420 καὶ
1649 393 1765 428 πατήσει
1776 393 1876 427 νόμους

1087 437 1191 472 σοφῶν·
1208 439 1362 473 ἐγχειρήσει
1380 438 1408 465 δέ
1423 440 1480 467 τοῖς
1493 437 1726 473 ἀπηγορευμένοις
1746 437 1873 470 εὐκόλως,

1086 484 1195 511 ἐκεῖθεν
1211 483 1301 519 ἑαυτῷ
1313 484 1363 516 τὰς
1384 484 1450 516 ὕλας
1467 483 1601 520 ἀθροίζων
1615 484 1666 520 τῆς
1687 483 1872 515 ἀπολαύσεως,

1089 529 1137 556 καὶ
1151 530 1239 557 πάντα
1251 530 1285 557 τά
1296 530 1403 566 λάφυρα
1415 529 1465 566 τῆς
1478 529 1586 562 ἀδικίας
1611 531 1644 565 τῇ
1657 529 1739 565 ἡδονῇ
1755 529 1874 564 δωροφο-

1087 574 1152 612 ρῶν,
1170 575 1209 607 ὡς
1220 575 1356 612 δεσποίνῃ.

1124 738 1169 773 Μὴ
1196 738 1284 774 φύγῃς
1303 739 1352 774 τὴν
1377 738 1527 774 μοχθηρίαν
1549 738 1597 773 τῆς
1615 738 1788 773 ἐγκρατείας·
1806 737 1875 765 ἀλλά

1087 783 1137 816 τὰς
1150 784 1261 816 ἐλπίδας
1283 784 1389 816 ἀντίθες
1406 784 1444 820 τῷ
1458 784 1572 819 παρόντι
1590 783 1674 819 πόνῳ,
1699 784 1746 810 καὶ
1767 783 1875 818 κούφως

1089 830 1248 866 παρελεύσῃ
1260 830 1309 866 τὴν
1329 830 1379 865 τῆς
1403 830 1580 866 μεταλήψεως
1597 830 1717 866 ἀποχήν’
1733 830 1792 857 είπέ
1808 830 1876 865 πρὸς

251 877 307 904 hare
323 876 363 903 vel
379 877 429 902 alia
443 877 551 911 pietatis
567 876 666 903 monita
681 886 688 904 :
701 877 828 904 Amarum
845 881 885 903 est
895 876 1036 911 jejunium,

1090 874 1185 901 ἑαυτὸν
1211 875 1323 910 ῥήματα
1350 875 1505 907 εὐσεϐείας*
1526 875 1615 910 Πικρὰ
1637 877 1652 911 ή
1673 876 1794 910 νηστεία,
1817 873 1874 902 ἀλλ’

251 922 298 950 sed
312 921 397 949 dulcis
409 923 562 957 paradisus.
591 922 700 950 Molesta
726 927 767 950 est
793 922 865 954 sitis,
891 922 936 949 sed
956 929 1037 955 prope

249 973 291 995 est
310 968 388 1000 fons,
410 975 442 995 ex
458 976 511 1003 quo
532 969 575 1002 qui
604 969 711 1001 biberit,
736 976 788 995 non
811 969 883 995 sitiet
909 968 935 994 in
957 973 1037 994 a'ter-

251 1023 313 1042 num
330 1016 364 1043 ".
383 1015 564 1049 Importunum
590 1021 632 1042 est
655 1022 765 1050 corpus,
793 1015 840 1042 sed
861 1014 975 1041 validior
996 1019 1037 1041 est

251 1059 410 1092 incorporea
427 1060 527 1086 anima.
548 1058 684 1086 Emortua'.
705 1064 768 1086 sunt
786 1059 868 1091 vires,
891 1060 936 1086 sed
956 1067 1038 1093 prope

250 1107 293 1132 est
320 1104 492 1131 resurrectio.
521 1104 567 1131 Dic
590 1104 689 1136 ventri,
712 1111 773 1131 cum
794 1105 876 1131 instat
901 1109 927 1131 ct
948 1107 1035 1136 urget,

251 1149 317 1177 illud
332 1149 435 1176 Domini
455 1150 565 1177 verbum
582 1159 588 1177 :
607 1149 667 1176 Non
683 1150 709 1176 in
723 1150 779 1176 solo
793 1158 859 1183 pane
873 1150 932 1176 vivit
947 1151 1035 1182 homo,

250 1196 296 1222 sed
313 1195 423 1223 inomni
440 1196 524 1229 verba,
544 1196 614 1231 quod
633 1196 747 1230 procedit
761 1195 794 1222 de
806 1204 849 1222 ore
864 1195 910 1222 Dei
927 1196 966 1228 ";
984 1204 1035 1222 non

251 1245 293 1268 est
311 1241 406 1275 fames,
425 1242 472 1269 sed
488 1243 584 1277 exigua
601 1241 709 1274 dilatio;
730 1249 782 1269 non
808 1246 849 1269 est
869 1249 958 1276 poena,
976 1249 1035 1275 qua:

252 1286 332 1313 vitari
350 1292 477 1321 nequeat,
493 1288 540 1314 sed
558 1287 640 1314 libera
657 1287 836 1318 abstinentia;
860 1294 912 1312 non
932 1286 1036 1313 servilis

251 1334 409 1366 necessitas,
433 1333 480 1360 sed
502 1332 587 1360 libere
610 1338 735 1367 suscepta
762 1333 842 1360 actio.
868 1331 994 1362 Precare.
1011 1337 1037 1359 ct

252 1379 324 1405 vires
339 1378 592 1413 suppeditabunlur.
611 1378 745 1412 luvocato,
762 1385 789 1405 et
806 1378 832 1404 in
848 1382 971 1412 promptu
986 1378 1037 1404 crit

251 1425 368 1461 adjutur.

288 1489 389 1518 Recole
406 1491 536 1519 memoria
552 1496 668 1519 veterem
689 1492 832 1520 historiam
851 1493 884 1524 “,
900 1498 926 1520 ct
939 1493 1037 1520 intelli-

252 1543 300 1570 ges
331 1537 465 1570 quomodo
493 1537 538 1571 qui
565 1537 674 1573 pictatis
696 1545 775 1565 causa
799 1545 896 1573 (τοι-[ηις
922 1539 1036 1574 οδειίεει-

1089 920 1154 956 ἡδὺς
1177 921 1191 946 ὁ
1213 921 1393 957 παράδεισος·
1416 921 1538 957 ἐπαχθὴς
1562 922 1579 956 ὴ
1595 921 1670 956 δίψα,
1687 921 1744 948 ἀλλ’
1759 922 1842 955 ἐγγὺς
1858 922 1876 956 ἠ

1088 966 1175 1001 πηγὴ,
1190 966 1219 999 ἐξ
1232 964 1266 1003 ἦς
1283 968 1297 993 6
1314 967 1398 993 πίνων
1411 968 1441 994 οὺ
1453 967 1561 1002 διψήσει
1572 968 1611 999 εἰς
1625 967 1669 994 τὸν
1684 966 1778 994 αίῶνα.
1796 967 1874 992 Ἀτοο

1089 1021 1138 1039 πον
1158 1013 1188 1039 τὸ
1210 1012 1300 1048 σῶμα,
1322 1013 1378 1040 ἀλλ’
1398 1012 1558 1048 ἰσχυροτέρα
1580 1013 1695 1048 comi;
1719 1012 1873 1048 ἀσώματος.

1088 1058 1182 1094 Νεκρά
1195 1059 1211 1094 ἡ
1225 1058 1350 1094 δύναμις,
1362 1058 1419 1085 ἀλλ’
1431 1059 1515 1092 ἐγγὺς
1527 1059 1544 1093 ἡ
1556 1058 1713 1089 ἀνάστασις.
1729 1057 1797 1084 Είπὲ
1808 1058 1876 1093 πρὸς

1087 1103 1136 1139 τὴν
1150 1104 1311 1138 ἐπείγουσαν
1324 1103 1445 1139 γαστέρα
1460 1104 1507 1130 καὶ
1524 1104 1556 1130 σὺ
1569 1103 1616 1130 τοῦ
1634 1104 1736 1139 Κυρίου
1748 1104 1778 1130 τὸ
1790 1104 1874 1139 ῥῆμα·

1090 1151 1150 1176 Οὐκ
1161 1150 1208 1177 ἐπ’
1226 1149 1304 1183 ἄρτῳ
1314 1150 1398 1184 μόνῳ
1415 1149 1538 1184 ζήσεται
1556 1149 1726 1185 ἅνθρωπος,
1742 1150 1811 1177 ἀλλ’
1825 1150 1874 1177 ἐπὶ

1088 1195 1296 1230 παντὶρήματι
1312 1195 1397 1223 Θεοῦ.
1427 1196 1464 1222 Οὐ
1489 1195 1568 1231 λιμός
1594 1198 1680 1228 ἐστιν,
1705 1196 1772 1223 ἀλλά
1790 1196 1877 1231 μικρὰ

1088 1241 1212 1277 παρολκή
1221 1249 1228 1256 ·
1238 1242 1288 1268 οὐκ
1300 1242 1485 1277 ἀπαραίτητος
1497 1242 1628 1278 τιμωρία,
1645 1242 1702 1269 ἀλλ’
1715 1242 1876 1278 αὐθαίρετος

1087 1287 1177 1323 ἀποχή
1189 1296 1196 1302 ·
1220 1289 1250 1314 οὐ
1273 1288 1459 1324 δουλοπρεπὴς
1476 1288 1593 1324 ἀνάγκη,
1618 1288 1675 1315 ἀλλ’
1693 1288 1821 1324 ἐλευθέρα
1833 1297 1876 1323 spt-

1088 1333 1208 1368 λοσοφία.
1217 1332 1311 1367 Εὗξαι,
1321 1334 1368 1361 καὶ
1380 1333 1500 1369 ἰσχύσεις
1507 1342 1515 1350 ο
1531 1334 1703 1367 ἐπικάλεσαι,
1714 1334 1761 1361 καὶ
1768 1335 1876 1370 ἕτοιμος

1088 1379 1297 1414 παραστήσεταί⁴
1308 1388 1348 1406 σοι
1362 1379 1467 1415 βοηθός.

1129 1491 1258 1517 Ἂνάλαὸε
1271 1492 1303 1526 τῇ
1318 1491 1412 1528 μνήμῃ
1426 1491 1542 1518 παλαιὰν
1564 1491 1693 1527 ἱστορίαν,
1706 1491 1752 1517 καὶ
1767 1491 1881 1527 μαθήσῃ

1090 1537 1163 1568 ὅπως
1174 1538 1200 1563 οῐ
1214 1537 1247 1563 δι’
1259 1537 1397 1563 εὐσέϐειαν
1413 1537 1492 1572 σῶμα
1509 1537 1659 1570 πιέζοντες,
1680 1537 1734 1563 τῶν
1751 1536 1875 1572 τρυφών-

254 1585 326 1614 runt,
357 1581 469 1609 delicate
499 1582 651 1610 viventibus
681 1588 709 1611 et
738 1591 842 1611 merum
872 1584 931 1611 sine
959 1585 1037 1611 modo

1089 1591 1153 1614 των,
1175 1583 1221 1609 καὶ
1240 1583 1323 1610 πολὺν
1344 1583 1513 1618 ἐγχεομένων
1533 1583 1578 1610 τὸν
1601 1583 1729 1617 ἄκρατον,
1751 1581 1811 1609 οὕτε
1835 1583 1880 1614 εἰς

253 1624 486 1658 exhaurientibus,
500 1634 586 1661 neque
603 1627 703 1655 viribus
713 1629 767 1655 slnt
780 1627 936 1660 inferiores,
952 1636 1038 1663 neque

253 1676 364 1704 aspectu
391 1671 548 1704 deteriores,
569 1673 647 1707 quasi
669 1673 768 1701 amissa
789 1679 930 1703 venustate
955 1674 1038 1702 deflu-

256 1716 453 1743 ruerint:nam
478 1717 651 1753 Assyriorum
681 1726 740 1751 rex,
770 1719 816 1754 qui
845 1719 934 1747 omnia
962 1720 1037 1747 carni

254 1762 428 1798 largiebatur,
443 1764 542 1798 quique
556 1764 590 1791 ad
609 1764 785 1800 voluptariam
804 1765 897 1798 vitam,
916 1765 988 1793 velut
1004 1767 1037 1793 ad

254 1815 385 1844 praesepe,
401 1817 453 1836 uno
469 1810 551 1837 verbo
563 1817 658 1839 omnes
676 1811 824 1846 voluptatis
850 1813 1037 1846 administros,

254 1854 353 1881 eximie
379 1861 494 1890 corpore
509 1855 622 1883 decoros
643 1861 671 1883 et
694 1862 805 1891 aspectu
828 1857 956 1885 amabiles
979 1865 1039 1886 esse

253 1898 347 1929 voluit,
368 1903 397 1926 ut
411 1907 462 1926 non
487 1899 574 1927 solum
596 1907 627 1928 os
641 1906 667 1929 et
682 1906 795 1936 gustus,
825 1902 871 1930 sed
895 1907 923 1930 et
946 1903 1038 1930 oeulus

254 1945 351 1972 intuitu
372 1945 580 1979 pulchritudinis
594 1947 786 1976 oblectaretur.
803 1948 877 1976 Tunc
891 1953 946 1977 tres
963 1950 1037 1984 pueri

254 1989 287 2016 de
310 1989 467 2023 captivitate
494 1989 576 2017 Israel
608 1990 634 2018 in
673 1991 824 2026 catalogum
854 1992 1037 2019 ministrorum

256 2036 389 2070 regiorum
405 2037 528 2071 ascripti,
550 2038 584 2064 ab
599 2037 669 2065 escis
685 2038 766 2072 regia:
779 2046 877 2066 mensa:
887 2059 894 2071 ,
911 2044 1038 2074 tanquam

254 2080 419 2108 admistione
447 2081 658 2118 idolotlxytorum
691 2082 820 2117 pollutis,
852 2084 1038 2117 abstinentes,

254 2125 320 2152 solis
347 2125 529 2160 leguminibus
556 2127 748 2154 vescebantur.
777 2127 924 2163 Oportebat
949 2135 1037 2157 autem

255 2170 347 2196 vinmu
359 2177 466 2205 quoque
481 2170 572 2205 fugere
587 2176 698 2206 propter
713 2172 878 2205 libationeln,
890 2179 916 2201 ct
932 2182 1038 2202 omnem

253 2223 375 2249 carnem,
400 2221 509 2250 propter
529 2218 684 2252 praedictam
705 2226 825 2246 caltsam.
849 2219 914 2247 Cum
935 2228 1000 2248 vero
1023 2229 1037 2248 a

1089 1628 1201 1664 δύναμίν
1214 1630 1282 1655 εἰσιν
1300 1629 1501 1665 ἀσθενέστεροι,
1517 1629 1578 1656 οὔτε
1591 1630 1644 1665 μὴν
1660 1629 1700 1661 εἰς
1715 1629 1746 1655 τὸ
1760 1629 1882 1664 φανῆναι.

1092 1673 1329 1709 σκυθρωπιῆεροι,
1348 1674 1365 1710 ἢ
1387 1674 1577 1710 ἀπηνθηκότες
1601 1675 1649 1710 τὴν
1672 1674 1771 1710 χάριν·
1789 1676 1803 1701 6
1821 1675 1875 1711 γὰρ

1091 1718 1216 1754 βασιλεὺς
1233 1719 1287 1746 τῶν
1311 1720 1463 1756 ’Λσσυρίων
1483 1721 1586 1752 ἐκεῖνος
1607 1722 1621 1747 6
1641 1721 1729 1748 πάντα
1742 1722 1775 1756 τῇ
1794 1720 1876 1756 σαρκὶ

1089 1764 1154 1798 ζῶν,
1167 1765 1214 1792 καὶ
1223 1765 1261 1800 τῷ
1277 1766 1413 1802 τρυφῶντι
1432 1766 1482 1802 βίῳ
1498 1767 1536 1798 ὼς
1550 1766 1637 1802 φάτνῃ
1654 1766 1875 1802 προσδεδεμένος,

1089 1810 1183 1846 ἐπειδὴ
1200 1811 1264 1843 τοὺς
1277 1811 1412 1846 οἰνοχόους
1427 1811 1501 1847 αὑτῷ
1519 1811 1566 1838 καὶ
1579 1811 1807 1846 τραπεζοποιοὺς,
1829 1811 1876 1838 καὶ

1089 1856 1192 1887 πάντας
1209 1856 1301 1888 ἁπλῶς
1316 1857 1378 1888 τοὺς
1394 1857 1534 1892 ὑπηρέτας
1547 1857 1597 1893 τῆς
1607 1857 1794 1888 ἀπολαύσεως,
1815 1857 1878 1883 ἐκέὸ

1088 1903 1167 1929 λευσε
1180 1903 1240 1929 κατ’
1255 1903 1369 1938 ἐκλογὴν
1381 1904 1489 1938 εὐφυεῖς
1500 1901 1570 1930 εἶναι
1583 1903 1612 1930 τὺ
1627 1903 1715 1939 σῶμα,
1728 1903 1775 1930 καὶ
1791 1902 1876 1938 ὀφθῆ-

1088 1957 1131 1975 ναι
1152 1948 1306 1984 χαρίεντας,
1319 1949 1362 1976 ίνα
1375 1949 1413 1985 μὴ
1433 1949 1512 1984 μόνον
1526 1949 1557 1976 τὺ
1574 1949 1662 1985 στόμα
1678 1949 1725 1976 καὶ
1739 1949 1757 1984 ἠ
1771 1948 1874 1983 γεῦσις,

1089 1994 1156 2021 ἀλλὰ
1176 1995 1222 2021 καὶ
1239 1994 1379 2031 ὀφθαλμὸς
1393 1994 1468 2031 αὐτῷ
1486 1994 1558 2022 κατὰ
1579 1995 1633 2023 τῶν
1650 1995 1797 2031 ὁρωμένων
1809 2003 1876 2030 τρυ-

1089 2040 1156 2074 φῶν.
1174 2040 1240 2066 Τότε
1261 2040 1293 2076 δὴ
1311 2041 1359 2067 καὶ
1379 2041 1404 2068 οῐ
1420 2042 1494 2076 τρεῖς
1509 2040 1645 2068 νεανίσκοι
1663 2041 1694 2068 ἐκ
1710 2041 1760 2076 τῆς
1775 2042 1876 2076 αἰχμα-

1089 2086 1189 2118 λωσίας
1209 2086 1256 2113 τοῦ
1290 2086 1396 2122 Ἰσραὴλ
1425 2076 1468 2122 τῷλ
1485 2087 1627 2122 καταλόγῳ
1651 2087 1705 2114 τῶν
1732 2086 1878 2122 ὑπηρετῶν

1089 2133 1271 2168 ὲγκριθέντες,
1282 2133 1447 2168 ἀπεχόμενοι
1462 2133 1490 2160 δὲ
1505 2133 1559 2160 τῶν
1577 2133 1650 2168 ὄψων
1663 2133 1714 2168 τῆς
1733 2132 1875 2168 βασιλικῆς

1089 2178 1240 2214 τραπέζης.
1254 2179 1291 2211 ὡς
1308 2180 1341 2215 τῇ
1360 2178 1484 2215 ἐπιμιξίᾳ
1496 2179 1550 2205 τῶν
1572 2177 1752 2205 είδωλοθύτων
1775 2186 1875 2213 μεμια-

1090 2225 1203 2260 σμένης,
1216 2224 1360 2261 σπέρματα
1369 2224 1505 2252 ἐσιτοῦντο
1529 2225 1618 2260 μόνον.
1629 2222 1683 2251 Ἦν
1696 2224 1725 2251 δέ
1739 2224 1786 2250 καὶ
1805 2222 1876 2255 οἶνος

253 2262 380 2296 praefecto
390 2268 559 2298 cogerentur,
576 2269 605 2291 ut
615 2265 787 2293 comedereut
801 2273 832 2292 ca
847 2274 906 2300 qum
920 2274 1037 2302 appone-

1092 2255 1208 2304 φευκτὸς
1233 2255 1350 2306 διά-τὴν
1367 2271 1481 2306 σπονδὴν
1497 2255 1543 2297 καὶι
1566 2271 1620 2297 πᾶν
1643 2270 1737 2306 κρέας,
1761 2269 1805 2296 διὰ
1826 2270 1875 2304 τὴν

252 2308 351 2337 bantur
365 2316 399 2336 ne
418 2309 487 2336 forte
499 2317 548 2345 per
562 2310 753 2338 abstinentiam
767 2312 855 2339 vultus
870 2318 1037 2340 venustatem

253 2354 445 2388 deperdereul;
473 2359 500 2381 et
526 2354 583 2387 ipse
606 2355 641 2382 ob
663 2363 715 2382 non
732 2355 801 2383 bene
819 2361 928 2384 curatos
946 2357 1038 2385 νόοιο-

251 2404 359 2427 scentes
370 2400 395 2427 in
409 2401 555 2435 periculum
565 2401 660 2435 capitis
673 2401 804 2429 incideret
815 2411 822 2429 :
833 2401 907 2435 Sine,
919 2403 1036 2437 aiebant,

252 2449 281 2472 et
294 2445 435 2480 permitte;
452 2454 505 2474 non
518 2446 708 2481 apparebimus
724 2447 779 2483 regi
791 2448 878 2476 forma
893 2448 1037 2482 deteriore,

253 2498 335 2524 quam
351 2491 387 2518 illi
401 2492 446 2526 qui
461 2494 487 2520 in
507 2492 611 2521 deliciis
623 2493 726 2528 vivunt,
745 2501 833 2528 neque
845 2494 935 2522 vultus
952 2496 1037 2523 nostri

252 2537 413 2571 elegantiam
427 2545 504 2565 suam
520 2539 655 2567 amitteut.
674 2539 767 2576 Neque
785 2544 812 2568 te
825 2541 941 2573 crucies,
960 2542 1038 2577 quasi

254 2583 309 2617 regi
331 2583 470 2610 ministros
485 2583 619 2612 deformes
637 2585 806 2613 adducturus
823 2585 863 2613 sis
876 2594 883 2612 ε
898 2593 960 2613 nam
981 2586 1037 2620 illc,

253 2628 298 2662 qui
311 2636 361 2656 nos
371 2628 492 2656 condidit
504 2633 530 2657 et
541 2629 676 2663 formavit,
691 2631 806 2665 gratiam
817 2631 902 2665 dabit,
918 2636 946 2659 et
954 2639 1038 2667 expe-

254 2673 350 2700 tientia
372 2674 458 2702 disces
484 2679 585 2702 nostra:
603 2675 810 2710 pulchritudinis
829 2682 858 2704 et
878 2679 1037 2711 venustatis,

253 2726 314 2753 qum
331 2724 503 2755 procuratur,
523 2722 726 2756 temperantiam
744 2729 804 2750 esse
818 2723 1037 2752 conciliatricem.

253 2765 330 2799 Quod
345 2771 373 2793 et
387 2765 487 2795 factum
500 2772 542 2796 e5t
557 2779 563 2796 :
577 2775 638 2796 nam
651 2768 836 2798 adolescentes
847 2769 892 2798 isti
904 2770 1001 2798 decore
1012 2774 1040 2798 et

1095 2315 1297 2352 προρρηθεῖσαν
1312 2317 1412 2344 αἰτίαν.
1435 2317 1479 2348 Ὧς
1500 2316 1529 2342 δὲ
1552 2315 1627 2352 παρὰ
1652 2315 1700 2342 τοῦ
1723 2315 1878 2351 ἐφεστῶτος

1094 2360 1281 2395 ἠναγκάζοντο
1298 2361 1422 2398 μετέχειν
1445 2361 1499 2388 τῶν
1519 2361 1749 2397 προσφερομένων
1773 2362 1874 2392 αὐτοῖς,

1091 2405 1134 2432 ἴνα
1150 2406 1254 2441 μήποτε
1267 2407 1306 2438 εἰς
1316 2406 1484 2442 δυσμορφίαν
1495 2407 1584 2434 αὐτῶν
1603 2407 1635 2434 ἐκ
1653 2407 1702 2443 τῆς
1714 2407 1877 2443 ἐγκρατείας

1089 2452 1121 2479 τὸ
1135 2452 1233 2484 κάλλος
1250 2452 1418 2489 μεταῦληθῇ,
1435 2453 1560 2489 ἔγκλημα
1571 2453 1599 2480 δέ
1611 2453 1713 2480 ἐκείνου
1727 2453 1774 2480 καὶ
1788 2462 1874 2488 τιμω-

1093 2497 1138 2533 ρία
1152 2497 1265 2533 γένηται
1280 2497 1311 2524 τὸ
1321 2498 1375 2524 τῶν
1385 2498 1533 2525 νεανίσκων
1542 2499 1660 2534 είδεχθές
1669 2507 1697 2525 τε
1716 2499 1762 2526 καὶ
1774 2498 1872 2534 ἀθερά-

1092 2549 1206 2568 πευτον·
1222 2543 1285 2575 Ἔα,
1304 2543 1380 2578 φησὶ,
1393 2544 1440 2570 καὶ
1453 2543 1639 2579 συγχώρησον,
1655 2544 1684 2570 οὐ
1700 2543 1874 2579 φανησόμεθα

1090 2588 1129 2623 τῷ
1138 2588 1243 2623 βασιλεῖ
1251 2588 1305 2615 τῶν
1318 2588 1483 2624 τρυφώντων
1496 2589 1661 2626 ἀτιμότεροι,
1671 2589 1731 2616 οὑδέ
1747 2589 1780 2616 τὰ
1793 2589 1873 2624 πρόσξ

1091 2643 1154 2661 ωπα
1175 2634 1253 2670 ήμῶν
1267 2634 1429 2671 ἀπανθήσει.
1440 2635 1507 2662 Οὺδέ
1522 2635 1688 2671 ἀγωνιάσῃς,
1703 2634 1740 2667 ὡς
1758 2635 1874 2670 δυσμόρ-

1089 2688 1156 2715 φους
1168 2680 1242 2715 αὐτῷ
1254 2680 1393 2716 ὑπηρέτας
1406 2681 1559 2716 προσάγων.
1577 2681 1606 2707 Ὁ
1625 2681 1679 2716 γὰρ
1691 2680 1814 2716 τεχνίτης
1825 2680 1874 2714 τῆς

1089 2724 1257 2757 διαπλάσεως
1274 2725 1353 2761 ἡμῶν
1365 2724 1445 2752 δώσει
1458 2725 1507 2761 τὴν
1519 2725 1609 2762 χάριν,
1622 2726 1668 2752 καὶ
1683 2726 1792 2762 μαθήσῃ
1801 2724 1875 2760 παρὰ

1090 2771 1139 2806 τῆς
1154 2772 1260 2807 πείρας,
1275 2772 1315 2799 ὅτι
1326 2771 1372 2799 τοῦ
1386 2771 1517 2807 ἡμετέρου
1536 2771 1660 2804 κάλλους,
1672 2771 1777 2807 καὶτῆς
1791 2778 1874 2797 σπου-

287 2868 311 2884 ”
330 2866 406 2896 Joan.
426 2875 462 2901 Iv,
480 2867 522 2896 l3.
560 2869 583 2885 "
599 2869 693 2898 Matth.
714 2877 750 2903 IV,
767 2869 793 2898 4.
833 2871 855 2886 ιδ
867 2869 933 2899 Dan.
959 2878 977 2905 ι,
999 2872 1087 2908 Ssqq.
