2080 3156
193 202 248 235 385

649 199 792 228 HOMILIA
812 197 881 228 XIV.
901 196 934 227 1N
954 197 1154 228 PRINCIPIUM
1171 197 1398 228 JEJUNIORUM.

1775 200 1827 230 386

194 262 344 299 δαζομένης
367 260 534 298 εὐμορφίας,
547 260 564 295 ὴ
585 258 696 294 νηστεία
715 258 889 295 κομμώτρια.
907 259 940 284 '0
956 258 988 293 δὴ

1046 258 1242 293 pulchritudine
1264 258 1352 286 vultus
1380 264 1475 286 omnes
1494 258 1571 290 alios,
1599 258 1680 286 etiam
1703 258 1829 286 earnivo-

194 312 243 340 καὶ
261 310 370 345 γέγονε.
394 308 450 336 Καὶ
466 307 521 344 γὰρ
541 306 711 342 ὺπερήνθουν
733 307 758 332 oi
780 306 926 337 νεανίσκοι,
943 304 990 332 καὶ

194 357 301 387 πάντας
320 355 385 386 τοὺς
400 354 571 391 κρεοφάγους
591 352 849 388 παρηυδοκίμησαν.
971 364 975 368 ·

230 401 263 428 Τί
284 401 313 428 δὲ
326 401 340 427 ὁ
360 399 498 436 Σαμψών;
516 398 615 431 Εὐθὺς,
636 397 692 425 ἀπὸ
703 398 854 432 γάλακτος,
874 397 924 424 οὐκ
936 397 989 424 ἐδι-

195 447 283 483 δάχθη
305 445 462 481 νηστεύειν;
481 445 567 476 οὕτως
595 443 642 470 τοῦ
666 443 822 479 πνεύματος
842 446 875 480 τῇ
907 443 991 480 μητρὶ

196 492 427 529 χρηματίσαντος,
454 490 492 521 ὡς
520 489 643 524 προσῆκε
670 488 701 515 τὸ
729 488 834 515 παιδίον
860 488 991 522 ἄγευστον

198 539 269 566 οἴνου
286 537 334 564 καὶ
349 537 439 572 πάσης
459 535 622 570 διαφυλάξαι
640 534 759 570 τρυφῆς.
783 534 838 561 Καὶ
857 533 897 565 τίς
917 534 988 568 ἰσχυ-

201 583 247 619 ρὸς
260 582 320 609 κατ’
333 582 455 613 ἒκεϊνον;
471 581 514 613 τίς
530 581 558 607 δὲ
572 580 702 616 ἀριστεὺς
722 579 808 610 οὕτως
820 577 968 614 ὀνομαστός
982 585 989 610 ;

136 652 141 656 .
199 629 288 661 Μόνος
309 628 457 663 ἀξιόμαχος
472 625 517 662 ἦν,
542 627 611 662 πρὸς
627 626 716 653 πᾶσαν
736 624 891 662 παράταξιν
912 624 990 651 πολε-

201 675 270 711 μίων
287 674 333 701 καὶ
360 673 461 710 πλῆθος
476 672 673 708 ἀναρίθμητον,
689 673 749 699 κατ’
765 671 890 705 ἐξουσίαν
912 670 990 707 ἐτρέ-

199 728 278 747 πετο·
287 721 316 752 ὃς
330 719 362 754 γέ
376 725 442 746 ποτε
458 718 551 754 ξίφους
562 717 580 753 ἢ
590 718 703 754 δόρατος
715 718 867 753 ἀπορήσας,
878 716 991 751 σιαγόνα

198 765 226 792 δὲ
240 764 402 800 ἀνελόμενος
417 764 489 795 δνου,
504 762 607 798 χιλίους
620 763 719 799 ἄνδρας
738 762 904 798 πολεμιστὰς
925 770 991 789 κατ’

199 811 330 847 έοτρωσε,
346 811 419 846 μόνῳ
432 810 470 845 τῷ
480 810 566 845 ὀστέῳ
578 810 806 845 διαχρησάμενος.

236 856 329 888 Οὕτως
351 856 444 883 τοίνυν
465 855 513 882 καὶ
532 855 564 882 σὺ
583 854 686 887 ἔλπιζε,
701 855 749 882 καὶ
767 854 904 890 ἰσχύσεις·
925 863 992 891 προ-

201 901 301 936 θυμοῦ,
322 901 369 927 καὶ
381 900 564 936 δυναμωθήσῃ
574 908 582 916 ο
602 899 646 932 δὸς
660 900 709 935 τὴν
725 899 810 935 ἀκοὴν
826 901 859 935 τῇ
872 900 990 935 μαθήσει

1042 311 1096 337 ros,
1115 304 1192 339 longe
1207 308 1415 340 exsuperarnnt.

1075 391 1143 424 Quid
1159 399 1222 418 vero
1240 391 1354 418 Samson
1374 392 1415 418 “2
1437 392 1478 419 An
1501 399 1554 418 non
1580 391 1672 418 statim
1691 392 1724 418 ab
1746 391 1830 419 ubere

1041 437 1136 464 doetus
1152 443 1194 464 est
1205 436 1345 472 jejunare?
1361 437 1478 473 Angelus
1501 437 1571 465 enim
1587 437 1668 465 matri
1691 439 1828 472 praecepit.

1041 487 1070 510 ut
1090 482 1220 510 infamem
1244 490 1259 510 a
1278 483 1340 510 vino
1365 487 1392 510 et
1416 484 1451 511 ab
1480 483 1552 510 omni
1575 483 1710 518 voluptate
1737 485 1829 517 procul

1042 529 1156 557 haberet
1170 534 1197 556 et
1208 529 1348 557 educaret.
1361 528 1396 556 At
1409 529 1470 564 quis
1485 529 1537 556 isto
1553 529 1664 556 fortiori
1682 528 1748 563 Quis
1762 528 1831 557 adeo

1041 574 1195 602 celebratus
1219 574 1337 602 hostium
1365 574 1570 609 triumphator?
1593 574 1672 601 Solus
1692 582 1752 601 eum
1770 574 1831 601 uni-

1041 627 1121 647 versa
1134 619 1191 646 acie
1206 619 1296 646 hostili
1312 619 1450 654 congredi,
1474 624 1501 646 et
1525 619 1550 646 in
1570 619 1728 647 innumeras
1739 621 1831 655 copias

1042 665 1172 701 impetum
1188 670 1314 701 potenter
1327 665 1417 693 facere
1431 672 1531 698 ausus;
1547 665 1592 699 qui
1611 665 1754 700 aliquando
1767 673 1832 693 ense

1041 715 1069 737 et
1091 710 1168 738 basta
1192 710 1347 743 destitutus,
1371 715 1478 745 arrepta
1495 710 1649 737 mandiltula
1665 711 1734 737 asini
1755 710 1829 738 mille

1042 757 1114 783 viros
1128 756 1236 788 stravit,
1254 755 1313 784 solo
1330 756 1383 784 hoc
1396 763 1459 783 osse
1471 763 1546 784 usus.

1080 840 1117 868 Ita
1132 841 1214 876 igitur
1229 846 1257 869 tu
1272 849 1380 877 quoque
1397 841 1467 870 bona
1483 849 1530 878 spe
1544 848 1602 870 esto
1620 851 1627 870 :
1641 847 1668 870 et
1687 843 1761 870 vires
1784 843 1831 871 tibi

1042 887 1186 914 addentur.
1209 887 1306 915 Macer
1330 892 1525 923 promptusque
1544 896 1601 915 rem
1624 889 1779 923 aggredere,
1804 894 1833 917 et

200 932 254 975 τῶν
270 932 481 983 κεκρυμμένων,
501 932 770 982 καὶ-’ἀμνημονήσεις
919 932 963 977 Ὦς
978 947 993 973 ό

1046 933 1275 960 corroboraberis.
1300 932 1338 960 Da
1359 941 1440 961 aures
1457 938 1517 961 tuas
1539 934 1689 968 disciplinis
1713 934 1834 962 occulto-

199 992 286 1028 δῆμος
298 992 337 1028 τῷ
349 991 438 1028 Ἰησοῦ
450 991 592 1026 ἑπόμενος,
602 991 673 1026 λόγῳ
684 991 731 1018 καὶ
741 991 814 1026 ἔργῳ
826 991 991 1024 παιδεύοντι,

201 1037 381 1072 αἰδεσθῶμεν,
397 1037 422 1063 οἱ
434 1036 565 1072 ἀκρατεῖς
581 1035 628 1062 καὶ
639 1035 784 1071 φιλήδονοι,
803 1035 936 1071 Ἓλληνας
946 1035 993 1062 καὶ

208 1082 351 1114 Ἰουδαίους
363 1081 555 1117 νηστεύοντας,
570 1080 659 1117 μάτην
672 1081 720 1117 μὲν
735 1081 782 1108 καὶ
801 1081 871 1116 ὑπὲρ
887 1081 993 1113 οὐδενὸς

200 1129 249 1156 τοῦ
263 1129 367 1161 τέλους·
381 1128 442 1164 εικῆ
458 1128 513 1164 γὰρ
525 1129 623 1155 ἐκεῖνοι
637 1127 797 1163 ζημιοῦνται
807 1127 821 1154 δ
841 1127 878 1163 μὴ
891 1127 994 1154 ἐσθίου-

203 1183 245 1201 σι·
265 1174 336 1210 πλὴν
357 1174 394 1206 ὼς
416 1173 537 1210 ζηλωτὸν
559 1173 607 1200 καὶ
632 1173 736 1209 πρέπον
761 1174 817 1204 τοῖς
840 1173 993 1205 σπουδαίοις

205 1220 348 1256 μετιόντας
367 1219 397 1246 τὸ
422 1219 599 1255 πρόσταγμα.
615 1219 789 1254 Χριστιανοῐς
805 1218 904 1254 πρέπει
918 1218 995 1246 πολι-

202 1266 277 1298 τείας
289 1265 425 1301 ἀκρίϐεια,
439 1259 485 1291 καλ
501 1264 658 1299 φιλοσοφίας
676 1262 867 1300 σεμνότης,οἷς
878 1265 994 1301 πάρεστι

202 1311 322 1349 καθαρὸς
339 1311 385 1338 καὶ
410 1310 512 1346 ἀληθὴς
537 1311 586 1346 τῆς
605 1310 746 1341 εὐσεϐείας
767 1311 781 1337 ὁ
804 1310 943 1344 λόγος(οί
961 1311 991 1337 δὲ

202 1358 298 1385 τούτου
317 1357 401 1393 χωρὶς
420 1358 470 1393 τὴν
487 1356 585 1392 ἠθικὴν
605 1356 751 1388 πονοῦντες
771 1357 898 1392 ἄσκησιν,
913 1357 995 1393 ὅμοιά

205 1412 251 1439 μοι
265 1403 408 1434 δοκοῦντες
426 1401 601 1438 ἐργάζεσθαι,
618 1402 672 1428 τῶν
682 1402 745 1429 ἄνευ
763 1402 888 1437 θεμελίου
906 1403 994 1435 οίκίας

203 1447 464 1480 κατασκευαζόντων
476 1467 483 1480 ,
501 1448 518 1484 ἢ
539 1448 606 1476 ναῦν
639 1448 831 1483 πηγνυμένων,
850 1448 887 1484 μὴ
908 1457 994 1475 κατα-

204 1494 350 1530 ϐληθείσης
364 1494 412 1530 τῆς
428 1494 563 1529 τροπίδος.
577 1492 697 1520 Τοιοῦτοι.
710 1493 738 1519 δὲ
758 1491 877 1528 Ἑϐραῖοι
894 1493 995 1529 δυσμα-

205 1540 271 1572 Θεῖς.
795 1551 803 1557 ·

240 1669 295 1697 Καί
310 1678 355 1705 μοι
377 1669 492 1705 σφοδρὸς
511 1669 526 1695 ό
546 1668 634 1703 γέλως
646 1668 780 1713 ἐμπίπτει
792 1688 799 1700 ,
821 1669 886 1695 ὅταν
898 1668 995 1701 αὐτοὺς

210 1715 353 1751 θεάσωμαι
369 1715 560 1747 ἀνυποδέτους,
579 1715 608 1741 ὲν
622 1714 729 1746 λευκοῖς
747 1714 862 1751 τρίϐωσι
886 1723 996 1751 περινο-

207 1760 334 1792 στοῦντας
343 1759 377 1787 τὰ
390 1759 507 1795 ἄμφοδα’
523 1759 623 1790 ὕνειδος
634 1759 782 1790 Μωῡσέως,
798 1758 929 1794 αἰσχύνην
941 1759 997 1785 τῶν

206 1806 354 1842 προφητῶν
367 1825 374 1838 ,
398 1806 557 1842 γεννήματα
581 1804 628 1832 τοῦ
651 1804 778 1840 Ἀϐραὰμ
790 1804 976 1840 ἁμϐλωθρίδια
988 1813 994 1819 ·

207 1850 315 1882 δούλους
326 1850 375 1885 τῆς
389 1849 554 1885 ἀφροσύνης,
572 1849 635 1880 τοὺς
648 1849 698 1884 τῆς
722 1848 880 1884 ἐλευθερίας
904 1848 978 1880 υἱούς
988 1857 995 1864 ·

207 1896 323 1932 ἀμαθεῖς
340 1896 388 1922 καὶ
404 1896 539 1930 ἀνόρους’
556 1896 620 1926 τοὺς
640 1895 720 1930 δῆθεν
739 1894 862 1930 μαθητὰς
886 1894 933 1922 τοῦ
953 1894 997 1920 νό-

209 1950 272 1977 μου,
284 1941 470 1972 ἀπολέσαντας
486 1940 536 1976 τῆς
552 1941 691 1971 ἐκϐάσεως
704 1940 754 1975 τὴν
771 1939 882 1973 ἐλπίδα,
902 1939 997 1976 ἐπειδὴ

207 1986 270 2018 τοὺς
288 1985 389 2017 τύπους
406 1984 452 2011 τοῦ
476 1984 619 2020 μέλλοντος
646 1984 765 2016 συνετῶς
785 1985 836 2011 οὐκ
861 1984 996 2017 ἐδέξαντο.

208 2032 328 2067 Μωῡσῆς
336 2032 389 2066 γὰρ
399 2032 452 2058 πᾶν
465 2031 479 2057 ὃ
489 2030 616 2066 ἔπραττε,
627 2030 680 2056 τῶν
691 2031 730 2062 εἰς
743 2029 805 2057 ὕστε
810 2038 854 2065 ρον
862 2030 998 2065 ἐσομένων

183 2082 185 2085 “
208 2076 305 2103 εἴδωλα
323 2076 494 2112 προετύποις
524 2075 577 2102 κᾶν
600 2075 649 2111 τὴν
674 2076 861 2112 σκηνοπηγίαν
882 2077 929 2103 καὶ
948 2076 998 2111 τὴν

209 2123 361 2158 ὑπόμνησιν
378 2122 432 2148 τῶν
456 2121 626 2156 σαλπίγγων,
644 2121 745 2156 ὁμοίως
762 2121 811 2156 τὴν
833 2121 996 2157 περιτομὴν,

207 2168 243 2194 τὰ
265 2168 370 2203 ἄζυμα,
392 2167 441 2198 τὰς
465 2167 604 2202 πικρίδας.
627 2166 721 2193 Πάντα
734 2164 768 2202 ἦν
784 2167 875 2193 ἐκεῖνα
896 2167 946 2201 τῆς
969 2167 998 2194 ὲν

209 2213 319 2249 Χριστῷ
335 2213 472 2244 πολιτείας
494 2212 651 2248 μηνύματα,
673 2212 776 2244 εἰκόνες
797 2213 995 2249 προχαραχοεῖ-

211 2268 254 2286 σαι
269 2260 325 2290 τοῖς
340 2259 372 2285 ἐκ
385 2258 568 2294 προσαγωγῆς
584 2258 859 2294 μυσταγωγουμένοις
870 2259 938 2294 πρὸς
948 2259 997 2295 τὴν

209 2303 356 2330 τελείωσιν.
368 2323 374 2327 ,

252 2391 321 2426 Ἐγὼ
336 2393 384 2428 μὲν
395 2392 449 2428 γὰρ
461 2392 475 2418 ὸ
489 2392 661 2427 Χριστιανὸς,
675 2391 779 2419 καὶτοῦ
795 2391 999 2427 σταυρωθέντος

211 2438 312 2470 δοῦλος,
330 2439 454 2474 νηστεύω
477 2438 579 2471 καλῶς,
597 2438 652 2464 εἴτε
673 2438 741 2474 πρὸς
762 2437 811 2473 τὴν
833 2437 928 2464 ἐλπίδα
950 2438 1000 2474 τῆς

212 2484 384 2516 ἀναστάσεως
400 2484 518 2519 ἐμαυτὸν
530 2483 711 2519 ἐκκαθαίρων,
725 2484 780 2510 εἴτε
794 2483 999 2518 ὲπιστυγνάζων

212 2529 250 2561 ὡς
266 2529 456 2563 φιλοδέσποτος
470 2529 563 2561 δοῦλος
576 2531 632 2561 τοῖς
643 2529 689 2556 τοῦ
707 2528 809 2564 Κυρίου
826 2537 876 2564 μου
889 2528 999 2556 πάθεσι.

212 2574 248 2601 Σὺ
264 2574 292 2601 δὲ
303 2574 317 2600 ὁ
329 2574 383 2602 τῶν
394 2574 497 2610 φονέων
512 2574 569 2606 υίὸς
585 2575 632 2601 καὶ
649 2574 703 2600 τῶν
716 2574 762 2600 τὸν
781 2574 866 2609 ἀμνὸν
882 2574 1000 2608 σφαξάν-

211 2628 265 2647 των
280 2620 425 2655 ἀπόγονος,
454 2620 501 2647 καὶ
514 2621 564 2656 τὴν
581 2619 761 2656 κληρονομίαν
777 2620 823 2647 τοῦ
843 2620 1001 2656 ἐκχεθέντος

211 2666 326 2702 αἵματος
341 2667 373 2693 ὲκ
385 2666 440 2693 τῶν
456 2666 583 2700 πατέρων
597 2665 753 2701 δεξάμενος,
767 2666 822 2692 τῶν
834 2666 921 2699 οὕτως
938 2667 1002 2693 ἑαυ-

211 2714 268 2744 τοῖς
295 2713 342 2738 καὶ
369 2713 425 2743 τοῖς
453 2712 558 2743 τέκνοις
587 2711 780 2746 ὲπευξαμένων
794 2731 802 2743 ,
829 2712 899 2747 ὑπὲρ
928 2712 1000 2744 τίνος

212 2757 368 2794 νηστεύεις;
386 2757 457 2785 εἰπέ.
473 2757 503 2785 Ei
527 2757 576 2793 μὲν
589 2757 625 2789 ὡς
643 2756 781 2791 μετανοῶν
793 2757 836 2792 ἐφ’
853 2754 892 2789 οἷς
907 2757 1001 2793 ἦμαρ-

160 2827 163 2832 .
212 2811 268 2836 τες,
283 2802 513 2839 ὺπερασπάζομαί
527 2812 556 2829 σε
569 2803 619 2838 τῆς
636 2801 758 2837 γνώμης,
776 2802 823 2829 καὶ
840 2802 1000 2830 καταλιπὼν

251 2905 274 2920 ¹³
290 2904 380 2934 Iludic.
396 2911 455 2936 χιιι,
472 2903 488 2930 ’5
507 2911 566 2938 sqq.

1039 986 1115 1011 Tum,
1143 984 1169 1006 et
1194 978 1364 1007 oblivisceris
1382 979 1446 1013 cibi,
1478 980 1557 1008 siculi
1584 981 1697 1016 populus
1717 986 1834 1017 secutus

1044 1023 1147 1056 Jesum,
1176 1026 1221 1059 qui
1242 1025 1324 1053 verbo
1348 1029 1376 1052 et
1400 1033 1482 1060 opere
1499 1026 1622 1054 docebat.
1646 1026 1833 1054 Revereuntur

1045 1071 1257 1105 intemperantes
1283 1076 1311 1098 et
1330 1071 1511 1107 voluptatibus
1531 1071 1613 1100 dediti
1630 1072 1750 1106 Graecos,
1783 1073 1833 1101 hoc

1046 1120 1099 1148 est,
1116 1115 1231 1150 gentiles
1246 1121 1273 1143 et
1289 1115 1408 1150 Judaaos,
1423 1117 1467 1152 qui
1483 1117 1617 1152 jejunant,
1642 1118 1743 1145 frustra
1768 1120 1832 1153 qui~

1044 1160 1106 1188 dem
1127 1166 1154 1189 et
1178 1162 1238 1189 sine
1265 1161 1466 1196 emolumento;
1493 1170 1555 1190 nam
1572 1167 1674 1191 temere
1694 1171 1724 1191 se
1745 1164 1834 1192 inedia

1046 1207 1161 1234 multant
1176 1211 1205 1234 et
1218 1211 1376 1241 macerant;
1394 1208 1570 1236 nihilominus
1585 1213 1673 1237 tamen
1689 1209 1833 1245 jejunium.

1045 1257 1074 1280 ut
1088 1260 1143 1281 rem
1161 1253 1241 1281 seriis
1253 1258 1281 1281 et
1296 1254 1424 1289 gravibus
1434 1254 1589 1282 hominibus
1599 1255 1706 1291 dignam
1717 1261 1744 1284 et
1754 1264 1834 1284 remu-

1045 1299 1163 1333 landam,
1177 1301 1338 1335 suscipiunt.
1359 1301 1531 1330 Christianos
1553 1302 1630 1330 decet
1654 1303 1769 1331 instituti
1793 1305 1834 1332 sui

1045 1349 1170 1373 accurata
1185 1346 1352 1379 observatio,
1367 1351 1395 1374 et
1409 1354 1494 1375 sacra;
1509 1347 1684 1376 institutionis
1705 1349 1834 1383 gravitas,

1045 1392 1142 1426 quippe
1155 1391 1253 1427 quibus
1269 1400 1331 1420 vera
1352 1397 1379 1421 et
1397 1400 1464 1428 pura
1490 1394 1598 1428 pietatis
1623 1395 1741 1423 colendae
1765 1397 1835 1423 ratio

1045 1440 1179 1471 suppetat.
1197 1436 1247 1470 Qui
1259 1436 1317 1465 sine
1330 1437 1381 1465 hac
1394 1438 1420 1465 in
1439 1438 1534 1466 morali
1547 1439 1622 1473 quasi
1638 1439 1836 1467 exercitatione

1045 1480 1194 1513 elaborant,
1206 1482 1309 1510 similes
1330 1482 1397 1510 mihi
1414 1483 1539 1511 videntur
1567 1484 1631 1516 illis,
1656 1485 1701 1520 qui
1725 1485 1834 1513 domum

1045 1527 1104 1555 sine
1131 1527 1306 1556 fundamento
1331 1528 1475 1561 aediﬁcant,
1505 1534 1552 1557 aut
1576 1529 1638 1562 illis,
1666 1531 1711 1566 qui
1739 1539 1834 1559 navent

1046 1578 1219 1606 construunt,
1244 1575 1345 1603 omissa
1374 1575 1478 1604 carina.
1509 1575 1588 1604 Tales
1615 1582 1678 1604 sunt
1706 1577 1836 1606 indociles

1009 1614 1030 1643 C
1048 1619 1162 1646 Hebra-i.

1081 1664 1136 1692 Nec
1156 1666 1240 1692 risum
1259 1671 1352 1694 tenere
1375 1666 1463 1700 valeo,
1492 1668 1600 1703 quando
1621 1669 1723 1704 aspicio
1747 1669 1838 1698 excal-

1045 1715 1147 1743 ceatus,
1160 1715 1187 1738 ct
1199 1712 1322 1739 candidis
1335 1712 1424 1748 palliis
1438 1713 1546 1742 indutos
1565 1714 1681 1744 circuire
1696 1716 1812 1752 compita
1827 1726 1834 1751 ;

1047 1756 1174 1790 probrum
1190 1757 1300 1793 Moysis,
1323 1762 1350 1785 et
1373 1759 1490 1788 dedecus
1503 1761 1707 1796 prophetarum,
1729 1768 1757 1790 et
1779 1771 1836 1796 eos,

1047 1802 1092 1837 qui
1112 1808 1189 1830 erant
1204 1804 1341 1839 genimina
1364 1805 1490 1839 Abrahae,
1508 1814 1581 1834 nunc
1600 1808 1730 1836 abortivis
1751 1817 1837 1837 annu—

1047 1849 1146 1876 merari
1159 1857 1166 1882 ;
1183 1857 1328 1885 servosque
1345 1851 1508 1886 insipientia;
1519 1853 1605 1881 factos
1618 1854 1688 1887 illos,
1701 1855 1746 1889 qui
1760 1861 1838 1883 erant

1048 1892 1094 1920 lilii
1113 1893 1257 1927 libertatis,
1280 1895 1405 1923 indoctos
1419 1901 1448 1924 et
1472 1897 1590 1932 exleges,
1607 1899 1652 1933 qui
1676 1899 1740 1927 olim
1759 1906 1838 1928 erant

1047 1939 1171 1974 discipuli
1192 1939 1276 1975 legis;
1294 1941 1339 1975 qui
1361 1948 1436 1976 spem
1458 1941 1628 1971 liberationis
1650 1948 1678 1972 et
1703 1946 1837 1973 evasionis

1047 1985 1206 2018 amiserunt,
1226 1990 1366 2021 postquam
1384 1986 1485 2022 ﬁguras
1497 1987 1647 2017 futurorum
1661 1990 1744 2019 stulte
1760 1999 1838 2027 repu-

1048 2031 1156 2058 diarunt
1172 2031 1298 2067 :Moyses
1323 2031 1411 2064 enim,
1438 2033 1465 2060 in
1488 2033 1612 2062 omnibus
1644 2041 1704 2069 qua
1729 2037 1836 2071 agebat,

1050 2075 1199 2103 futurorum
1232 2075 1362 2111 imagines
1393 2077 1599 2112 prazi'ormabat;
1625 2078 1684 2107 sive
1706 2080 1837 2115 jejunium

1049 2121 1197 2153 intuearis,
1220 2121 1278 2149 sive
1311 2123 1500 2158 scenopcgiam
1525 2130 1573 2151 seu
1603 2125 1838 2153 tabernaculorum

1049 2168 1273 2200 exstructionem,
1300 2169 1359 2196 sive
1385 2174 1670 2198 commemorationem
1693 2171 1836 2204 tubarum,

1050 2213 1106 2240 sive
1129 2214 1376 2249 circumcisionem,
1401 2223 1494 2251 azyma
1512 2221 1539 2243 et
1558 2216 1677 2244 lactucas
1700 2222 1832 2253 agrestes.

1050 2257 1144 2286 Omnia
1160 2259 1217 2286 inec
1232 2257 1394 2288 Christiana;
1409 2261 1546 2296 religionis
1567 2266 1724 2298 argumenta
1751 2269 1837 2295 erant,

1051 2307 1078 2330 et
1093 2303 1224 2338 imagines
1242 2303 1294 2331 illis
1308 2304 1517 2339 praedelineataa,
1535 2305 1579 2340 qui
1602 2306 1635 2333 ad
1649 2305 1838 2341 perfectionem

1051 2348 1235 2376 initiabantur.

1086 2393 1143 2428 Ego
1157 2395 1264 2428 quidem
1284 2395 1457 2423 Christianus
1474 2401 1502 2424 et
1515 2396 1643 2424 Cruciiixi
1668 2404 1762 2425 servus
1777 2405 1838 2433 gra-

1051 2440 1123 2467 viter
1137 2440 1162 2466 in
1175 2439 1285 2474 jejuniis
1301 2448 1343 2468 me
1361 2449 1485 2474 exerceo,
1499 2442 1556 2470 sive
1571 2447 1599 2470 ut
1612 2443 1645 2470 ad
1661 2450 1735 2478 spem
1752 2451 1840 2471 restir-

1053 2485 1181 2513 rectiouis
1205 2495 1247 2513 me
1276 2487 1363 2521 ipsum
1393 2494 1560 2522 expurgem,
1600 2489 1657 2515 sive
1685 2493 1714 2515 ut
1735 2489 1838 2515 Domini

1049 2539 1145 2559 amans
1171 2539 1267 2560 servus
1289 2533 1455 2560 cruciatibus
1473 2533 1577 2561 Domini
1603 2533 1655 2562 mei
1678 2534 1839 2569 compatiar.

1050 2577 1092 2605 Tu
1118 2585 1192 2610 vero,
1220 2586 1237 2605 ο
1268 2578 1464 2606 homicidarum
1492 2579 1592 2614 proles,
1620 2585 1648 2607 et
1675 2586 1767 2607 eorum
1795 2580 1840 2615 qni

1050 2623 1155 2658 Agnum
1170 2628 1323 2651 mactarunt
1336 2632 1482 2659 pronepos,
1501 2625 1546 2660 qui
1562 2625 1746 2653 hmreditatem
1762 2625 1840 2653 effusi

1052 2668 1191 2704 sanguinis
1218 2677 1232 2695 ιι
1257 2670 1380 2704 patribus
1400 2671 1541 2706 accepisti,
1560 2671 1605 2705 qui
1624 2678 1684 2698 cam
1709 2670 1771 2698 ﬁliis
1787 2672 1842 2699 suis

1054 2714 1195 2750 imprecati
1208 2721 1282 2748 sunt,
1298 2716 1377 2751 cujus
1392 2723 1475 2744 causa
1497 2716 1621 2751 jejunas?
1641 2717 1668 2744 Si
1686 2718 1842 2753 poenitentia

1055 2759 1151 2788 ductus
1165 2759 1200 2788 ob
1217 2767 1248 2788 ea
1262 2768 1323 2796 quae
1335 2761 1459 2796 patrasti,
1471 2761 1644 2789 vehementer
1660 2762 1739 2790 laudo
1749 2763 1842 2790 volun-

1057 2808 1138 2833 tatem
1162 2809 1234 2833 tuam
1252 2815 1258 2832 :
1277 2806 1368 2834 relicta
1385 2807 1467 2842 igitur
1487 2806 1689 2843 malignantium
1706 2816 1842 2844 synagoga
