2080 3156
220 163 274 191 387

861 158 888 184 Ξ.
907 155 1045 184 Αὸτιίῐζιι
1065 152 1214 182 ΑΜᾹΒΕΧῘ

1799 144 1852 180 338

221 222 319 253 festina
343 221 376 248 ad
392 221 496 255 piorum
521 219 679 246 Ecclesium.
704 218 770 245 chi
794 218 828 244 ad
851 217 1008 249 sanguinem

1069 213 1110 249 τὴν
1126 211 1286 247 συναγωγὴν
1307 210 1361 238 τῶν
1382 209 1620 247 πονηρευομένων,
1649 210 1764 238 σπεῦσον
1784 211 1852 247 πρὸς

218 268 302 302 -Δεηί,
319 272 346 295 et
362 273 504 302 aspergere
522 275 528 293 :
542 265 603 292 inde
616 264 687 292 enim
702 264 749 291 tibi
765 263 881 297 expiatio
893 261 1009 294 eveniet,

223 314 295 341 unde
311 317 449 347 peccatum
478 311 649 338 contraxisti.
668 309 696 338 Si
722 316 786 336 vero
808 315 878 335 nunc
903 315 1011 341 quoque

223 360 341 393 antiquis
354 358 480 392 alligatus
501 365 541 389 es,
570 357 634 392 quid
657 356 708 383 sibi
731 355 787 382 vult
809 353 972 381 abstinentia
995 359 1010 378 a

223 403 313 432 cibis?
330 404 370 430 An
385 403 513 430 Niloticos
527 402 679 430 crocodilos
699 401 825 433 imitaris,
841 407 909 434 quos
924 399 1009 430 aiunt,

223 450 356 483 capitibus
375 450 527 480 hominum,
544 456 612 483 quos
637 448 815 477 devorarunI,
835 446 1010 481 illacrymari,

222 502 248 524 et
265 497 327 524 ﬂetu
345 495 472 530 prosequi
490 495 590 522 aedem
605 503 612 521 :
627 500 678 521 non
693 493 764 528 quod
777 492 830 520 ulla
845 492 1013 526 pmnitudine

224 547 380 578 tangantur,
397 541 543 576 (quomodo
558 540 630 566 enim
645 538 813 574 poenitentia:
828 545 909 566 sensu
924 537 1014 565 allice-

224 593 319 615 rentur
338 585 464 613 animalia
487 584 600 612 rationis
614 584 734 618 expertia
758 586 786 610 et
802 581 953 617 aquatica?)
966 580 1014 608 sed

224 634 465 668 deplorautcapul.
481 638 513 658 eo
527 630 668 665 quodcum
682 636 767 657 came
779 632 880 661 careat,
894 628 1013 663 ineptum

224 680 260 706 sit
281 679 315 706 ad
334 677 444 705 cibum?
463 676 558 704 Simile
580 676 643 710 quid
660 680 688 703 et
701 675 771 702 circa
784 674 916 710 jejunium
931 681 1015 708 appa-

225 729 275 751 ret.
291 723 404 751 Chorea:
426 727 453 749 et
471 721 629 749 saltationes
648 721 680 747 ad
698 720 893 748 abstinentiam
914 720 1016 747 media-

226 768 316 800 trices,
339 767 476 794 adversari
496 766 523 793 in
547 766 663 800 speciem
677 765 819 797 videntur;
843 772 904 791 nam
929 764 1015 791 abstio

227 813 317 840 nentia
331 817 372 840 est
384 810 576 840 contractioris
593 811 654 838 vita
675 814 703 837 et
725 810 858 837 decean
875 809 1015 844 magistra,

226 859 323 886 chorea
338 864 428 885 autem
451 857 549 884 mentis
570 864 618 890 per
637 856 735 883 multas
750 855 942 883 immoderatas
967 862 1016 882 vo-

227 904 341 940 hiptates
358 903 462 931 diﬁusz
479 903 561 930 index
573 907 625 931 est.

264 993 416 1020 Memineris
438 992 547 1020 Mosaici
575 992 646 1019 illius
670 992 733 1019 dicti
753 991 884 1018 :Decima
910 990 1016 1025 septimi

229 1040 331 1066 mensis
346 1043 452 1073 oportet
461 1039 587 1073 jejunare
597 1039 631 1064 ’⁸.
645 1037 783 1072 Signiﬁcat
800 1038 872 1065 enim
887 1038 1018 1071 septimus

230 1086 332 1112 mensis
352 1085 494 1118 septimum
523 1085 603 1117 diem,
624 1089 653 1110 et
674 1084 779 1110 decima
806 1084 864 1111 dies
884 1083 1017 1111 decimam

228 1133 333 1162 horam.
355 1139 407 1166 qua
421 1130 546 1158 Christus
560 1130 585 1157 in
602 1137 682 1157 cruce
695 1129 786 1156 emisit
803 1129 939 1164 spiritum.
957 1128 1019 1156 Cui-

229 1178 293 1205 Iibet
306 1177 386 1204 ctiam
402 1177 440 1204 rei
453 1183 510 1203 sua:
528 1180 591 1203 sunt
606 1176 656 1203 sub
670 1183 779 1203 sensum
796 1175 922 1202 cadentes
937 1179 1017 1206 notae,

229 1231 263 1250 ex
279 1223 378 1257 quibus
393 1221 595 1256 inaspectabilis
611 1220 718 1248 aﬁectio
732 1225 759 1248 et
771 1220 910 1254 dispositio
922 1220 1019 1247 animae

229 1269 410 1304 cognoscitur.
430 1267 468 1295 Tu
492 1275 555 1295 vero
574 1274 633 1299 cur,
651 1274 711 1302 quae
738 1267 845 1294 misceri
873 1270 1019 1301 nequeunt,

230 1316 355 1347 miscere,
378 1319 402 1342 ct
430 1315 456 1341 in
479 1315 548 1342 idem
572 1320 632 1348 quae
655 1317 780 1348 separata
811 1318 876 1340 sunt
900 1313 1020 1348 redigere

230 1359 336 1386 tentus?
351 1358 455 1385 llabent
472 1363 497 1386 et
511 1358 578 1386 alias
593 1358 788 1389 solemnitates.
809 1365 923 1392 quarunt
940 1358 1019 1385 aliam

230 1409 328 1432 vocant
344 1403 550 1439 Scenopegiam,
569 1411 616 1431 seu
631 1403 729 1430 festum
747 1402 995 1430 Tabernaculorum
1012 1410 1019 1434 ;

230 1452 313 1478 altam
331 1450 467 1476 'l‘ubarum
483 1450 699 1477 recordationem
722 1457 771 1476 seu
784 1449 1021 1481 commemoratio-

231 1504 312 1528 nem;
339 1502 388 1522 nec
405 1495 559 1530 intelligunt
585 1495 690 1527 miseri,
715 1502 746 1522 se
767 1494 923 1522 Christiana
953 1494 1020 1522 festa

230 1542 317 1572 obire,
336 1540 399 1574 quia
412 1541 561 1568 exstructio
579 1540 815 1572 tabernaculorum
838 1545 879 1568 est
893 1547 1020 1574 expressa

233 1586 317 1620 ﬁgura
335 1585 474 1617 Ecclesiae,
488 1593 568 1620 quam
584 1585 653 1613 Deus
670 1586 786 1613 Verbum
803 1586 938 1612 excitarit.
957 1585 1021 1612 Eam

231 1633 266 1660 ob
282 1640 393 1659 causam
410 1631 482 1658 foliis
500 1636 599 1659 ornant
623 1631 838 1664 tabernaculum,
863 1636 890 1659 et
919 1639 1024 1665 proscc-

232 1678 308 1705 nium
325 1678 382 1705 sive
396 1677 558 1704 vestibulum
573 1677 713 1705 frondibus
729 1683 756 1704 et
772 1677 904 1704 fructibus
923 1678 1022 1705 conde—

233 1727 339 1753 corant,
355 1727 383 1749 ut
401 1723 580 1757 signiﬁcetur,
605 1730 704 1750 novam
725 1723 796 1750 hanc
812 1728 840 1750 et
856 1723 1022 1750 fruetil‘eram

233 1767 381 1796 Ecclesiam
406 1769 456 1804 legi
480 1769 654 1802 successisse,
682 1773 710 1796 et
735 1770 812 1804 quasi
836 1770 1022 1802 succrevisse;

233 1814 372 1842 'I‘uliarum
388 1822 451 1842 vero
468 1814 565 1842 festum
586 1815 707 1843 incendit
720 1816 836 1847 animos.
861 1820 890 1842 ut
912 1815 1025 1850 quilibet

234 1861 314 1888 homo
327 1861 442 1888 sollicite
453 1868 483 1888 se
493 1861 528 1888 ad
541 1862 769 1889 resurrectionem
783 1867 933 1897 przeparct;
949 1870 1023 1894 nam,

233 1907 317 1934 Paulo
337 1912 404 1935 teste
417 1908 450 1935 ’τι
463 1908 535 1935 Tuba
547 1913 632 1940 canet,
650 1913 674 1936 ει
688 1909 785 1936 mortui
796 1914 938 1944 murgenl.
953 1909 1024 1936 hlem

234 1953 313 1980 docet
336 1953 459 1982 Salvator
485 1954 511 1982 in
542 1953 687 1990 Evangelio
705 1962 713 1980 :
734 1954 821 1981 Mitte:
842 1955 947 1990 angelos
963 1963 1025 1981 suos

233 2008 292 2026 cum
306 2000 367 2026 Iuba
383 2005 408 2027 et
420 2008 480 2028 race
491 2008 600 2035 magna,
614 2006 637 2028 ιι
653 2001 844 2036 congregabum
861 2002 954 2028 electos
967 2002 1025 2036 ejus

234 2054 250 2072 α
263 2052 375 2078 quatuor
397 2046 476 2072 ventis
487 2055 503 2072 a
515 2048 624 2074 nummis
644 2047 767 2074 calorum
785 2055 866 2083 usque
886 2048 920 2074 ad
936 2048 1026 2074 termi-

236 2099 282 2118 nos
302 2099 391 2118 eorum
410 2091 443 2118 ³⁸.

272 2177 334 2204 Haec
348 2182 374 2204 et
396 2178 493 2205 similia
509 2187 572 2206 cum
585 2178 705 2208 Hebraeis
725 2188 739 2208 a
757 2180 835 2208 nobis
851 2181 1021 2217 objiciuntur,

1061 259 1110 293 τὴν
1125 257 1288 292 Ἐκκλησίαν
1300 256 1354 283 τῶν
1366 255 1496 283 εὐσεϐῶν.
1515 255 1591 282 Ἐλῦὲ
1602 256 1672 291 πρὸς
1682 255 1713 282 τὸ
1723 254 1794 292 αἷμα
1805 257 1852 284 τοῦ

1060 303 1145 339 ἀμνοῦ
1163 303 1209 329 ml.
1223 302 1391 338 ραντίσθητι.
1413 301 1532 329 Ἐκεῖθεν
1549 303 1605 338 γάρ
1619 311 1660 328 σοι
1677 302 1793 338 ὑπάρξει
1807 303 1854 329 καὶ

1060 351 1077 385 ἡ
1100 348 1244 384 κάθαρσις,
1268 348 1329 375 ὅθεν
1353 348 1510 383 συνεστήσω
1535 347 1584 383 τὴν
1608 348 1755 384 ἁμαρτίαν.
1777 349 1809 375 Εἰ
1825 348 1853 374 δὲ

1062 395 1102 422 ἔτι
1112 395 1159 421 καὶ
1170 394 1217 421 νῦν
1230 396 1285 425 τοῖς
1300 394 1391 426 αὺτοῖς
1403 393 1591 429 προσδέδεσαι,
1603 394 1630 420 τί
1647 402 1688 420 σοι
1702 394 1826 429 βούλεται
1836 394 1854 429 ή

1061 440 1153 476 ἀποχὴ
1173 440 1226 466 τῶν
1251 439 1361 472 σιτίων;
1377 440 1412 466 ’Ἡ
1433 440 1496 471 τοὺς
1509 440 1646 475 Νειλῴους
1667 440 1855 475 κροκοδείλους

1065 489 1149 523 μιμῇ,
1162 485 1209 518 οὓς
1225 495 1290 520 φασι
1302 487 1361 518 ταῖς
1372 485 1504 521 κεφαλαῖς
1519 486 1678 522 ἐπιθρηνεῖν
1685 485 1739 512 τῶν
1751 486 1856 521 ἀνθρώ-

1064 539 1123 559 πων
1140 529 1177 559 ὧν
1198 532 1311 567 ἔφαγον,
1329 531 1377 558 καὶ
1396 531 1525 567 δακρύειν
1541 531 1587 558 τὸν
1610 531 1700 565 φόνον,
1724 531 1755 557 οὐ
1773 531 1856 566 μετά-

1063 587 1137 606 νοιαν
1146 578 1193 605 τοῦ
1202 577 1347 613 γενομένου
1365 577 1553 613 λαμϐάνοντας
1570 577 1640 613 (πῶς
1653 577 1707 613 γὰρ
1719 576 1754 603 τὰ
1772 577 1856 611 άλογα

1064 624 1147 660 θηρία
1167 625 1214 652 καὶ
1227 625 1326 660 ἔνυδρα
1337 634 1343 656 ;
1354 624 1375 659 ),
1400 623 1468 650 ἀλλὰ
1492 624 1523 650 ἰδ
1539 624 1658 658 άσαρκον
1670 623 1719 658 τῆς
1736 623 1856 657 κεφαλῆς

1064 670 1254 706 ὀδυρομένους,
1269 669 1306 702 ὡς
1324 671 1364 701 εις
1379 669 1480 705 βρῶσιν
1502 669 1553 695 οὐκ
1573 668 1735 703 ὲπιτήδειον;
1752 665 1814 694 υἶον
1828 667 1857 693 δὲ

1066 715 1112 742 καὶ
1127 716 1158 741 τὸ
1172 716 1237 752 περὶ
1249 715 1299 750 τὴν
1311 715 1438 750 νηστείαν
1454 715 1555 750 σχῆμα.
1577 714 1689 749 Χορείαι
1707 714 1754 740 καὶ
1775 713 1859 748 ὀρχήί

1066 772 1134 796 σεις,
1147 763 1197 798 τῆς
1213 763 1336 795 ἁσιτείας
1359 762 1395 789 τὰ
1418 762 1489 798 μέσα
1511 761 1558 788 καὶ
1580 760 1728 792 ἐπεισόδια,
1741 761 1859 795 πρᾶγμα

1066 810 1105 846 τῷ
1120 810 1241 846 σχήματι
1255 809 1295 844 τῷ
1309 809 1465 844 φαινομένῳ
1484 807 1654 843 μαχόμενον*
1671 805 1783 842 νηστεία
1804 806 1859 840 γάρ

1068 854 1235 887 πυκνώσεως
1255 855 1303 881 καὶ
1318 854 1435 889 κοσμιας
1452 853 1622 889 καταστολῆς
1643 854 1743 879 νοεῖται
1762 851 1860 878 παιδα-

1034 891 1173 938 Βγωγὸς,
1192 901 1288 937 χορεία
1309 899 1338 928 δὲ
1361 899 1507 936 ἑρμηνεὺει
1529 899 1560 926 τὸ
1580 898 1776 934 διακεχυμένον
1799 899 1860 929 ταῖς

1067 948 1197 984 ἀκράτοις
1212 948 1260 974 καὶ
1272 947 1382 978 πολλαῖς
1395 946 1562 978 εὐπαθείαις.

1102 994 1300 1028 Μνημόνευσον
1315 993 1370 1028 γὰρ
1392 991 1512 1019 ἐνταῦθα
1534 990 1617 1027 ῥητοῦ
1637 990 1684 1017 τοῦ
1710 985 1860 1018 Μωσαῖκοῦ

1067 1039 1114 1066 τοῦ
1135 1039 1272 1074 λέγοντος,
1292 1040 1326 1075 τῇ
1346 1038 1448 1074 δεκάτῃ
1463 1037 1511 1064 τοῦ
1529 1037 1643 1072 ἑϐδόμου
1659 1036 1743 1072 μηνὸς
1763 1036 1860 1072 χρῆναι

1068 1085 1220 1121 νηστεύειν.
1242 1084 1323 1120 Δηλοῐ
1347 1084 1402 1120 γὰρ
1418 1086 1433 1111 ό
1452 1084 1566 1119 ἕϐδομος
1594 1084 1647 1119 μὴν
1668 1083 1718 1118 τὴν
1745 1082 1862 1117 ὲόδόμην

1069 1131 1190 1167 ἡμέραν·
1206 1131 1223 1165 ἡ
1238 1131 1266 1158 δὲ
1281 1131 1383 1165 δεκάτη
1402 1130 1509 1166 ἡμέρα,
1525 1129 1574 1165 τὴν
1587 1129 1704 1164 δεκάτην
1723 1127 1807 1163 ὥραν,
1831 1129 1862 1154 ὲν

1069 1173 1086 1214 ᾖ
1101 1178 1115 1203 ὀ
1131 1176 1233 1212 Κύριος
1249 1177 1296 1202 ἐπὶ
1313 1176 1360 1203 τοῦ
1382 1176 1499 1211 σταυροῦ
1517 1176 1607 1211 ἀφῆκε
1621 1176 1659 1206 τὸ,
1671 1174 1790 1210 πνεῦμα.
1806 1173 1861 1201 Καὶ

1070 1224 1178 1257 ἑκάστῳ
1187 1222 1331 1258 πράγματι
1347 1221 1477 1258 ἔξαιρε-τά
1498 1222 1556 1248 ἐστι
1574 1217 1621 1248 κάξ
1636 1221 1669 1248 τὰ
1686 1221 1814 1256 σχήματα
1830 1221 1862 1247 ὲκ

1069 1268 1119 1303 τῆς
1139 1267 1301 1303 αἰώητικῆς
1327 1267 1488 1300 ἐπιφανείας
1515 1267 1566 1301 τὴν
1586 1266 1674 1302 ἄωρον
1698 1267 1747 1301 τῆς
1772 1266 1862 1300 ψυχῆς

1069 1313 1200 1350 δηλοῦντα
1211 1313 1342 1340 διάθεσιν.
1356 1313 1390 1340 Σὺ
1410 1313 1439 1340 δὲ
1455 1313 1481 1339 τί
1497 1305 1627 1348 μιγνύεις
1640 1312 1673 1339 τά
1687 1312 1800 1347 ἄμικτα,
1815 1311 1864 1338 καὶ

1071 1359 1167 1396 φύρεις
1188 1360 1217 1385 ἐν
1236 1357 1328 1393 ταυτῷ
1344 1358 1379 1385 τὰ
1395 1358 1607 1394 κεχωρισμένα;
1626 1356 1701 1384 Εἰσὶν
1712 1357 1803 1388 αὐτοῖς
1817 1356 1864 1383 καὶ

1071 1406 1149 1433 ἄλλαι
1172 1404 1352 1440 πανηγύρεις.
1369 1404 1424 1440 Τὴν
1450 1405 1499 1440 μὲν
1516 1404 1709 1440 Σκηνοπηγίαν
1729 1402 1860 1430 καλοῦσι⁴

1071 1451 1121 1486 τὴν
1144 1450 1173 1477 δὲ
1193 1450 1286 1477 ἀκούω
1309 1449 1472 1484 Σαλπίγγων
1495 1450 1658 1486 ὑπόμνησιν.
1677 1449 1812 1485 Λελήθασι
1835 1447 1864 1475 δὲ

1073 1496 1245 1533 Χριστιανῶν
1263 1496 1401 1532 μυστήρια
1423 1495 1609 1532 ἑορτάζοντες,
1632 1494 1725 1531 ἐπειδὴ
1748 1495 1798 1531 τῆς
1815 1494 1867 1530 μὲν

1036 1557 1058 1587 C
1074 1543 1177 1578 σκηνῆς
1189 1543 1205 1578 ὴ
1217 1542 1383 1577 δημιουργία
1395 1541 1555 1577 ἐμπρακτός
1571 1543 1635 1587 ἐστιν
1648 1540 1800 1577 προφητεία
1815 1542 1865 1578 τῆς

1081 1588 1242 1622 Ὲκκλησίας
1264 1587 1365 1622 ταύτης
1377 1609 1384 1621 ,
1402 1587 1435 1622 ἥν
1448 1588 1462 1613 ό
1475 1587 1560 1621 Λόγος
1579 1586 1656 1623 ἡμῶν
1672 1588 1864 1623 συνεστήσατο.

1073 1634 1122 1660 Διὰ
1135 1633 1225 1666 τοῦτο,
1253 1633 1300 1660 καὶ
1315 1633 1425 1668 φύλλοις
1447 1633 1578 1669 κοσμοῦσι
1604 1633 1654 1669 τὴν
1682 1633 1794 1669 σκηνὴν,
1819 1634 1867 1660 καὶ

1073 1679 1196 1714 ὀπώραις
1211 1679 1415 1711 καλλωπίζουσι
1425 1679 1461 1707 τὰ
1473 1680 1637 1716 προσκήνια,
1663 1681 1704 1712 εἰς
1720 1679 1805 1706 τύπον
1819 1679 1865 1706 τοῦ

1072 1726 1123 1761 τὴν
1145 1726 1209 1752 νέαν
1232 1726 1397 1762 Ἐκκλησίαν
1419 1725 1468 1762 ¹τὴν
1492 1725 1632 1762 εὔκαρπον
1654 1726 1868 1753 ὑποδλαστάνειν

1073 1772 1112 1808 τῷ
1124 1772 1209 1807 νόμῳ.
1230 1772 1262 1798 Ἠ
1277 1771 1306 1798 δὲ
1318 1773 1372 1799 τῶν
1391 1771 1553 1807 Σαλπίγγων
1569 1772 1659 1808 ἑορτὴ,
1679 1773 1807 1809 διεγείρει
1817 1773 1868 1804 τὰς

1073 1817 1163 1854 ψυχάς
1178 1817 1247 1854 πρὸς
1259 1818 1418 1853 ἐτοιμασίαν
1429 1818 1479 1854 τῆς
1491 1818 1677 1851 ἀναστάσεως,
1691 1817 1782 1850 καθὼς
1795 1818 1862 1846 Παῦ-

1074 1864 1119 1896 M;
1137 1873 1203 1899 φησι
1216 1873 1222 1878 ·
1239 1864 1389 1891 Σαλπίσει
1412 1864 1477 1900 γὰρ,
1505 1864 1555 1891 καὶ
1571 1866 1598 1892 οἱ
1615 1863 1715 1899 νεκροὶ
1733 1863 1868 1897 dracti}-

1075 1917 1192 1936 σογται.
1218 1909 1345 1936 Διδάσκει
1367 1909 1396 1936 δὲ
1411 1909 1494 1942 αὐτὸς
1517 1909 1532 1934 ὁ
1557 1910 1622 1942 Θεὸς
1651 1910 1697 1936 καὶ
1720 1909 1815 1945 Σωτὴρ
1838 1911 1868 1936 ἐν

1076 1955 1254 1990 Εὑαγγελίοις
1278 1954 1383 1990 λέγων·
1414 1955 1589 1983 Ἀποστελεῖ
1615 1955 1687 1988 τοὺς
1721 1955 1868 1990 ἀγγέλους

1076 2001 1170 2030 αὑτοῦ
1182 2003 1257 2036 μετὰ
1274 2000 1445 2037 σάλπιγγος
1467 2002 1516 2028 καὶ
1533 2001 1637 2036 φωνῆς
1653 2001 1798 2036 μεγάλης,
1819 2000 1867 2028 καὶ

1074 2047 1251 2080 ἐπισυνάξει
1263 2047 1335 2081 τοὺς
1349 2048 1514 2081 ἐκλεκτοὺς
1529 2048 1623 2076 αὐτοῦ
1634 2048 1668 2074 ἐκ
1687 2047 1745 2074 τῶν
1759 2045 1868 2074 τεσσά-

1071 2104 1136 2130 ρων
1149 2094 1267 2129 ἀνέμων
1281 2094 1330 2121 ἀπ’
1345 2094 1445 2129 ἄκρων
1459 2093 1606 2129 οὐρανῶν,
1631 2093 1686 2127 ἓως
1699 2094 1798 2128 ἄκρων
1813 2094 1866 2120 αὑ-

1076 2149 1144 2167 των.

1112 2187 1220 2213 Τούτων
1229 2186 1256 2213 δὲ
1265 2187 1318 2213 τῶν
1334 2186 1420 2221 λόγων
1431 2185 1586 2218 ἀκούοντες,
1596 2186 1666 2220 τάχα
1679 2184 1789 2221 τοιαύτῃ
1803 2185 1868 2221 χρή-

236 2222 286 2249 hac
309 2221 464 2250 defensione
479 2224 608 2252 adversus
625 2232 675 2252 nos
690 2230 817 2260 utuntur;
833 2234 862 2254 se
886 2227 942 2254 haec
955 2226 1020 2254 festa

1077 2241 1167 2259 σονται
1196 2233 1265 2268 πρὸς
1291 2233 1365 2268 ἡμᾶς
1395 2233 1573 2267 άντιρρήσει·
1598 2232 1639 2258 ὅτι
1667 2232 1721 2258 τῶν
1749 2232 1868 2267 ἀρχαίων

236 2267 387 2301 celebrare,
403 2269 429 2295 in
445 2270 603 2297 memoriam
617 2271 823 2305 miraculorum,
839 2278 866 2300 et
881 2274 908 2300 in
923 2274 1026 2308 gratia-

236 2320 295 2340 rum
320 2313 453 2340 actionem
482 2322 531 2350 pro
550 2316 687 2344 beneliciis
712 2319 831 2353 acceptis
852 2319 884 2346 ad
907 2326 1025 2347 montem

236 2357 321 2391 Sinai,
338 2364 366 2386 et
384 2361 502 2394 quando,
528 2361 589 2388 dum
609 2361 651 2388 lex
664 2361 791 2397 ferretur,
811 2365 873 2391 tuba
898 2366 1026 2392 insonuit.

235 2402 290 2430 Nec
320 2404 538 2432 animadvertunt
566 2406 661 2439 stulti,
693 2408 773 2434 etiam
808 2409 835 2436 in
860 2409 1031 2444 legislatione

237 2450 328 2476 tubam
356 2450 519 2486 ad'aliquid
548 2452 619 2480 aliud
642 2453 849 2488 signiﬁcandum
878 2457 1027 2484 adhibitam

236 2502 306 2522 esse.
321 2494 387 2522 Nam
406 2504 466 2523 cum
482 2497 527 2532 qui
542 2498 626 2533 legem
650 2507 697 2534 pro
723 2500 812 2532 regula
829 2501 889 2529 vitm
908 2507 980 2529 recte
996 2510 1029 2530 ac

238 2539 334 2568 decore
348 2543 539 2575 componenda:
553 2545 662 2579 accipit,
688 2546 784 2574 timere
802 2547 898 2574 debeat
919 2554 1030 2582 pallam

237 2591 270 2611 ex
299 2587 536 2620 transgressione:
557 2589 615 2616 ideo
647 2589 719 2618 Deus
752 2597 884 2626 przecepta
908 2593 971 2620 vita:
1000 2594 1028 2620 in

239 2630 334 2658 tabulis
357 2631 468 2667 lapideis
494 2640 604 2662 exarata
626 2636 781 2664 hominibus
809 2639 902 2670 edens,
930 2640 1022 2666 statim

237 2683 329 2702 vocem
343 2679 411 2705 tuba:
426 2681 549 2714 apposuit
569 2681 603 2713 ”,
624 2687 653 2709 ut
666 2687 738 2710 esset
755 2683 911 2718 symbolum
933 2693 1024 2712 resur-

237 2721 364 2750 rectionis
383 2730 416 2750 ex
431 2725 555 2759 mortuis,
572 2730 604 2753 ut
625 2728 812 2755 mandatorum
836 2729 959 2764 discipuli
977 2738 1026 2765 per

238 2769 461 2796 resurrectionem
475 2771 649 2805 subsequenti
660 2771 762 2806 judicio
775 2773 801 2801 in
815 2780 931 2803 melltem
947 2784 1026 2804 revo-

1077 2279 1247 2316 μεμνημένοι
1259 2279 1418 2314 θαυμάτων,
1432 2277 1486 2304 τῶν
1497 2278 1545 2304 τοῦ
1562 2278 1629 2305 Θεοῦ
1644 2277 1807 2314 εὐεργεσιῶν
1822 2287 1870 2313 χα-

1077 2326 1205 2361 ριστήρια
1215 2324 1302 2351 ταῦτα
1314 2325 1498 2360 προσάγουσιν
1506 2325 1576 2361 ὑπὲρ
1587 2325 1633 2351 τοῦ
1644 2325 1723 2360 ὅρους
1737 2325 1811 2355 Σινά,
1823 2326 1869 2352 καὶ

1075 2369 1125 2405 τῆς
1144 2369 1296 2404 σάλπιγγος
1311 2369 1361 2404 τῆς
1372 2370 1515 2405 ὴχησάσης
1527 2369 1556 2395 ἐν
1578 2371 1610 2405 τῇ
1627 2370 1699 2396 δόσει
1716 2369 1762 2395 τοῦ
1774 2370 1867 2404 νόμον.

1077 2415 1134 2441 Οὐκ
1145 2415 1219 2441 ἴσασι
1233 2415 1261 2441 δὲ
1280 2415 1304 2441 οἱ
1319 2415 1526 2450 ματαιὸφρονες.
1540 2415 1581 2441 ὅτι
1595 2416 1642 2441 καὶ
1655 2415 1715 2441 τότε
1724 2417 1740 2450 ἡ
1755 2415 1871 2449 σάλπιγξ

1077 2460 1199 2491 τυπικῶς
1221 2460 1384 2496 παρελήφθη
1412 2459 1551 2496 διδομένου
1575 2460 1621 2487 τοῦ
1645 2461 1739 2496 νόμου.
1761 2460 1868 2496 Ἐπειδὴ

1077 2505 1131 2541 γάρ
1143 2507 1156 2532 ό
1170 2505 1251 2541 νόμον
1265 2506 1413 2541 λαμϐάνων
1432 2507 1472 2538 εἰς
1487 2506 1588 2533 κανόνα
1603 2505 1660 2542 βίου
1679 2506 1727 2532 καὶ
1742 2504 1870 2532 εὔτακτον

1078 2551 1226 2584 πολιτείαν,
1243 2551 1346 2586 ὀφείλει
1367 2552 1517 2579 δεδοικέναι
1541 2553 1590 2588 τὴν
1610 2553 1642 2579 ἐκ
1661 2554 1711 2587 τῆς
1728 2551 1871 2588 παρακοῆς

1078 2598 1230 2632 τιμωρίαν·
1247 2597 1291 2623 διὰ
1306 2598 1386 2624 τοῦτο
1400 2599 1413 2624 ὁ
1431 2597 1497 2630 Θεὸς
1511 2598 1544 2625 τὰ
1557 2599 1605 2634 τῆς
1620 2596 1693 2633 ζωῆς
1707 2597 1786 2633 ἡμῶν
1803 2606 1871 2633 παρ-

1078 2635 1239 2678 αγγέλματα
1268 2643 1396 2679 ἕγγραφα
1428 2645 1483 2675 τοῖς
1512 2643 1666 2679 ἀνθρώποις
1699 2643 1869 2678 ἐκπέμπων.

1079 2688 1160 2719 εὐθὺς
1187 2689 1341 2725 προσέθηκε
1368 2690 1414 2716 καὶ
1443 2690 1493 2725 τὴν
1523 2690 1615 2726 φωνὴν
1637 2690 1686 2725 τῆς
1711 2690 1870 2723 σάλπιγγος,

1081 2734 1213 2770 σύμϐολον
1228 2735 1278 2770 τῆς
1291 2736 1323 2761 ἐκ
1338 2735 1442 2770 νεκρῶν
1454 2736 1641 2768 ἀναστάσεως,
1657 2736 1700 2762 ἴνα
1716 2736 1740 2761 οἱ
1753 2734 1871 2770 μαθηταὶ

1079 2779 1134 2805 τῶν
1148 2779 1380 2815 προσταγμάτων,
1395 2780 1439 2807 διὰ
1459 2781 1508 2816 τῆς
1526 2781 1701 2813 ἀναστάσεως
1716 2780 1766 2816 τὴν
1781 2780 1872 2815 κρίσιν

289 2869 312 2885 ¹⁶
330 2869 414 2898 Lerit.
431 2879 484 2906 xvt,
501 2871 546 2899 29.
585 2874 607 2890 ¹⁷
624 2872 713 2902 lCor.
729 2883 773 2908 xv,
788 2877 832 2904 52.
869 2878 891 2893 "
907 2878 1001 2905 Matth.
1024 2887 1096 2912 “Iv,
1113 2879 1156 2906 5!.
1199 2881 1221 2895 ’τ’
1242 2878 1327 2908 Exod.
1347 2888 1402 2912 λιν,
1420 2879 1461 2907 19.
