2080 3156
144 156 189 184 461

144 213 211 244 οἶνος
233 213 261 238 ού
280 212 346 246 ταχὺ
366 212 526 243 ἀλλοιοῦται,
545 213 604 239 οὔτε

144 258 211 291 οἶνος
231 257 380 294 ἀμφίϐολος
402 258 509 292 γείτων*
526 258 612 292 οὕτως
636 261 650 286 ὸ
670 261 783 293 παλαιὸς
805 260 880 295 φίλος
897 261 934 292 ὡς

144 303 212 337 οἶνος
229 305 399 341 προπὰλαιος
421 306 561 340 εὐφραίνει
574 306 629 338 ,τὸν
644 307 750 342 ἔχοντα.
764 308 818 334 Καὶ
838 307 933 334 τούτου

146 351 248 387 μάρτυς
276 352 292 386 ὴ
315 351 375 377 θεία
400 351 506 387 Γραίρή⁹
531 351 618 385 Οἷνος
643 352 721 385 νέος,
744 354 833 387 φίλος
855 353 932 386 νέος·

143 398 195 425 ἐὰν
208 397 242 424 δὲ
255 397 422 432 παλαιωθῇ,
432 399 495 432 μετ’
508 399 700 433 εὐφροσύνης
714 400 808 427 αὑτὸν
820 400 933 426 πίεσαι.

144 444 248 479 ’Ὠσπερ
273 444 302 470 δὲ
322 445 336 470 6
353 444 495 479 πυρέττων
512 445 557 472 καὶ
576 446 729 482 φρενητιῶν
747 446 793 472 τὸν
819 445 934 472 παλαιὸν

143 486 212 516 οἶνον
228 490 265 522 ὡς
283 489 412 525 πολέμιον
425 490 638 526 ἀποστρέφεται,
656 493 670 518 6
687 492 715 518 δὲ
733 492 862 526 ὑγιαίνων
888 492 935 518 καὶ

145 535 298 572 ἐρρωμένος
312 536 361 571 τὴν
373 537 487 573 καρδίαν
517 538 701 573 εὐφραίνεται·
724 537 771 565 καὶ
786 535 867 570 οἶνος
879 537 934 573 γὰρ

143 581 294 616 εὐφραίνει
317 582 444 616 καρδίαν
465 582 631 617 ἀνθρώπου·
650 583 737 615 οὕτως
755 585 769 610 6
784 583 870 610 νοσῶν
886 583 934 620 τὴν

143 627 238 663 φρένα,
256 628 303 654 καὶ
327 629 360 664 τῇ
381 628 466 664 κακίᾳ
488 630 640 665 πυρέττων,
664 631 709 657 τὸν
726 631 838 667 ἀρχαῖον
859 631 934 666 φίλον

144 674 238 709 φεύγει
251 675 288 706 ὼς
304 675 443 710 πολέμιον·
455 676 505 702 ὀδὲ
517 676 645 710 ὑγιαίνων
659 678 707 711 τὴν
723 678 877 713 συνείδησιν
894 678 932 710 ὼς

144 721 284 756 δευτέρους
304 722 399 755 γονέας
426 722 472 749 καὶ
496 723 626 757 ἀδελφοὺς
645 725 707 755 τοὺς
723 724 815 758 φίλους
832 725 934 758 λογίζε-

144 776 198 794 ται.

179 813 259 839 Ὂοεν
289 814 334 840 τὸν
361 814 446 840 Χουσὶ
475 815 552 849 φίλον
573 817 619 842 καὶ
636 818 808 852 ἁρχιεταῖρον
831 817 934 843 ἄνωθεν

144 859 189 886 καὶ
201 860 320 895 ὲξαρχῆς
333 858 415 896 εἶχεν,
429 861 507 888 τοῦτο
523 862 619 896 λέγων·
637 863 668 889 Εἰ
684 865 697 889 6
716 863 802 898 μέγας
814 864 934 898 Μωῦσῆς

143 906 284 942 ἅνθρωπος
307 907 354 933 τοῦ
374 907 442 934 Θεοῦ
463 909 510 935 καὶ
534 909 594 940 θεὸς
609 910 718 945 Φαραὼ,
737 910 782 936 τὴν
797 910 870 942 ξένον
887 911 933 937 καὶ

143 952 208 978 ι’διον
224 952 270 979 τὸν
292 953 384 989 ἸοΟὼρ
400 954 552 989 σύμϐουλον
566 955 653 991 ἔσχεν·
669 956 715 983 τὸν
729 956 813 990 ξένον,
829 957 874 984 διὰ
884 957 933 992 τὴν

143 998 302 1034 θρησκείαν,
321 999 366 1026 καὶ
395 999 470 1032 ἴδιον,
493 1000 536 1027 διὰ
562 1001 612 1036 τὴν
630 1002 800 1037 συγγένειαν·
824 1004 870 1030 καὶ
885 1003 934 1038 οὺχ

143 1045 362 1081 ὑπερηφάνησεν,
379 1046 439 1072 οὐδὲ
454 1045 540 1072 εἶπεν·
565 1047 635 1081 Ἐγὼ
654 1048 683 1074 οὐ
699 1048 791 1084 χρῄζω
809 1049 859 1084 τῆς
873 1049 934 1076 τού-

142 1099 186 1116 του
202 1090 324 1126 γνώμης·
335 1091 349 1118 6
361 1091 426 1123 Θεος
443 1101 486 1127 μοι
504 1092 645 1128 ἐλάλησεν,
666 1095 831 1131 ἐπαιδεύθην
852 1097 927 1132 πάσῃ

144 1135 223 1171 σοφίᾳ
237 1136 403 1170 Αἰγυπτίων,
423 1137 469 1163 καὶ
483 1138 542 1170 πῶς
556 1138 649 1165 τοῦτον
663 1140 837 1176 γνωμοδότην
850 1141 934 1176 λήψο-

145 1190 208 1216 μαι;
232 1182 301 1208 Ἀλλ’
316 1183 391 1210 οὐδὲν
404 1183 506 1210 τούτων
518 1183 602 1218 εἶπεν,
621 1186 735 1221 ἐπείσθη
751 1187 780 1214 δὲ
792 1187 831 1222 τῷ
845 1188 933 1220 καλῶς

145 1227 363 1262 συμϐουλεύοντι,
385 1229 474 1262 εἰδὼς,
493 1230 533 1256 ὅτι
553 1232 743 1265 συμϐουλίας
760 1232 860 1260 ἀκούει
882 1241 934 1259 σο-

142 1274 208 1308 φός.
226 1274 282 1301 Καὶ
293 1274 387 1309 ὥσπερ
400 1276 446 1301 ἐπὶ
463 1276 511 1311 τῆς
526 1277 639 1312 ἀγορᾶς,
658 1278 771 1313 ἱματίων
784 1281 933 1315 προκειμέ-

142 1328 204 1352 νων,
219 1321 233 1346 6
250 1321 361 1356 χρυσίον
379 1320 416 1356 μὴ
428 1320 507 1356 ἔχων,
524 1322 665 1358 δοκιμάζει
680 1324 759 1359 μόνον
774 1325 807 1351 τὰ
820 1325 934 1360 ἐνδύμα-

142 1375 185 1398 τα,
203 1368 250 1393 καὶ
274 1367 367 1396 σκυλεῖ
381 1367 480 1398 ταῦτα,
500 1367 657 1403 ἐνδυόμενος
675 1370 722 1396 καὶ
738 1370 932 1406 ἀποδυόμενος,

143 1412 189 1438 καὶ
203 1412 251 1439 ὅλα
267 1414 354 1448 φορεῖ,
368 1414 414 1440 καὶ
426 1414 487 1441 οὐδὲ
499 1414 528 1441 ἒν
543 1416 606 1450 παρ’
623 1415 711 1450 ἑαυτῷ
726 1418 831 1452 κρατεῦ
847 1417 934 1450 οὕτως

142 1459 155 1484 6
173 1457 317 1493 λεγόμενος
331 1459 417 1493 φίλος,
436 1460 473 1495 μὴ
489 1459 558 1495 ἔχων
572 1461 672 1496 χρυσὸν
686 1461 797 1497 δόκιμον
810 1462 857 1497 τὴν
874 1471 934 1488 συν-

141 1503 254 1539 είδησιν,
273 1504 310 1536 ὡς
337 1506 366 1531 ὲν
390 1505 476 1541 ἀγορᾷ.
492 1505 531 1541 τῷ
555 1506 605 1542 βίῳ
626 1507 730 1539 πάντας
751 1507 873 1535 ἐνδύεται
888 1509 934 1535 καὶ

142 1550 298 1582 ἁπιδύεται,
332 1551 435 1584 πάντας
459 1552 598 1585 ἀλλάσσει,
621 1554 669 1580 καὶ
691 1553 751 1580 οὐδὲ
774 1554 821 1581 ἕνα
847 1556 934 1591 φορεῖ.
950 1561 971 1590 c

115 1623 119 1627 ,
149 1596 218 1623 Ἀλλ’
239 1598 289 1623 οὐκ
305 1595 375 1632 ἦσαν
396 1598 511 1625 τοιοῦτοι
528 1598 598 1633 φίλοι
618 1600 632 1625 6
654 1600 739 1626 Χουσὶ
758 1601 804 1626 καὶ
818 1601 832 1627 6
844 1600 935 1633 Δαῦὶδ,

143 1642 202 1668 οὐδὲ
218 1642 248 1669 τὸ
262 1643 360 1678 πικρὸν
379 1643 425 1670 τοῦ
438 1644 514 1670 δόλου
529 1645 658 1680 ποτήριον
679 1646 804 1681 ἀλλήλοις
821 1647 937 1682 προέπι-

143 1696 197 1719 νον,
223 1688 283 1714 οὐδὲ
309 1688 358 1724 τὴν
385 1689 521 1725 μάχαιραν
551 1690 597 1716 τοῦ
610 1690 707 1725 φθόνου
743 1691 804 1718 καθ’
833 1692 938 1719 ἑαυτῶν

143 1733 257 1766 ὥξυνανθ
273 1735 350 1761 αὐτοὶ
364 1735 392 1761 δὲ
408 1736 437 1762 ὲν
449 1736 555 1768 ἑαυτοῖς
570 1737 684 1768 ἑαυτοὺς
703 1737 878 1773 κεράσαντες,
891 1739 938 1765 καὶ

144 1781 192 1812 τὰς
216 1780 264 1807 δύο
287 1781 376 1816 ψυχὰς
394 1782 459 1816 μίαν
484 1783 516 1818 τῇ
536 1782 656 1810 διαθέσει
674 1783 820 1816 δείξαντες,
844 1783 938 1820 ὥσπερ

144 1827 192 1861 τῆς
208 1827 368 1862 εὐημερίας,
388 1827 459 1854 οὕτω
481 1829 527 1855 καὶ
539 1829 588 1864 τῆς
604 1828 793 1865 ταλαιπωρίας
813 1831 939 1857 κοινωνοὶ

144 1873 274 1906 ἐγίνοντο.
286 1873 359 1900 Μίαν
375 1874 431 1909 γὰρ
443 1874 581 1909 περῶντες
593 1874 639 1901 τοῦ
657 1874 715 1910 βίου
729 1875 877 1908 Θάλασσαν,
892 1877 939 1903 καὶ

145 1919 186 1950 εἰς
201 1918 231 1944 τὸ
247 1918 313 1945 αὐτὸ
333 1919 436 1954 σκάφος
456 1920 507 1954 τῆς
526 1920 706 1956 συνειδήσεως
732 1921 870 1953 πλέοντες,
892 1922 938 1948 καὶ

145 1964 194 1999 τὴν
221 1964 347 1991 εὐπλοταν
380 1966 427 1992 καὶ
456 1965 502 1992 τὸν
531 1966 653 2001 χειμῶνα
683 1967 814 1999 ὡσαύτως
838 1967 939 2003 ὑπέμε-

146 2018 201 2036 νον.

186 2056 308 2091 Ψαλμὸς
322 2056 362 2089 τῷ
377 2057 474 2088 Δαϐίδ,
491 2058 527 2084 ὂν
536 2055 615 2094 ᾖσεν
629 2058 669 2091 τῷ
682 2060 779 2092 Κυρίῳ
792 2059 867 2093 ὑπὲρ
880 2059 939 2086 τῶν

145 2100 246 2134 λόγων
261 2101 355 2126 Χουσὶ
373 2101 441 2128 υἱοῦ
460 2102 586 2137 Ἰεμενεί.
609 2103 664 2129 Καὶ
693 2103 737 2130 διὰ
765 2104 791 2130 τί
811 2104 882 2140 ᾠδὴν
902 2104 939 2139 τῷ

147 2147 242 2182 Κυρίῳ
258 2148 272 2173 ὁ
293 2148 374 2175 Δαϐὶδ
398 2149 467 2184 ὑπὲρ
487 2148 534 2175 τοῦ
554 2149 639 2176 Χουσὶ
654 2149 820 2184 ἀνέπεμψεν,
838 2151 872 2176 δι’
886 2150 940 2176 ὀλί-

147 2200 202 2226 γων
221 2192 330 2227 ἴδωμεν.
352 2194 382 2219 '0
398 2194 454 2226 υἱὸς
477 2195 558 2222 αὐτοῦ
591 2195 750 2231 ’Λϐεσαλὼμ
771 2197 830 2222 κατ’
857 2196 939 2223 αὑτοῦ

722 155 861 183 ΙΙΟΜΙῌᾹ
882 155 951 182 XXI.
971 155 1001 182 IN
1019 156 1115 183 PSAL.
1137 156 1189 183 VII.

631 215 770 249 τρέππαι,
792 217 804 241 ὁ
826 215 853 242 δὲ
876 215 934 246 νέος

991 220 1031 242 Ius
1052 217 1144 243 vinum
1160 225 1211 243 non
1237 216 1270 243 {at
1281 216 1314 243 ile
1328 218 1471 250 alteratur,
1488 222 1573 250 neque
1591 215 1716 247 vertitur,
1732 216 1772 242 νὶ-

1719 157 1771 183 liti?

987 270 1049 288 num
1068 269 1132 289 vero
1146 269 1243 290 navum
1256 268 1298 290 est
1312 270 1411 297 anceps
1424 263 1529 290 vicinus
1542 271 1549 289 :
1565 263 1602 289 ita
1614 265 1692 289 vetus
1708 262 1772 288 ami-

986 315 1033 335 cus
1051 312 1177 342 tanquam
1190 309 1282 336 vinum
1295 314 1429 337 vetustum
1446 309 1564 336 lmtiticat
1583 316 1644 336 eum
1667 309 1711 343 qui
1727 309 1773 335 ha-

986 354 1041 381 bet.
1060 353 1142 387 Cujus
1160 355 1198 382 rei
1212 355 1352 389 Scriptura
1372 356 1448 383 testis
1464 360 1506 383 est
1523 364 1529 382 :
1557 355 1650 382 Vinum
1667 363 1773 386 novum,

985 399 1085 426 anticus
1098 408 1200 432 novus;
1217 401 1339 427 siautem
1358 401 1550 432 inveteraverit,
1569 408 1627 426 cum
1644 400 1774 426 suauilule

986 444 1055 471 bibes
1072 444 1139 477 illud
1152 445 1183 472 ‘°.
1208 445 1291 472 Porro
1311 446 1382 473 sicut
1397 448 1442 481 qui
1459 446 1534 473 febre
1547 447 1663 479 laborat;
1680 451 1774 480 estque

986 490 1169 523 phreneticus,
1189 491 1279 518 vinum
1297 497 1375 519 vetus
1395 496 1425 519 ut
1447 491 1497 519 sibi
1519 492 1661 520 adversum
1688 491 1774 524 vitat;

986 537 1030 571 qni
1056 542 1144 564 autem
1171 545 1253 565 sanus
1276 537 1436 572 validusqne
1462 542 1513 569 est,
1538 545 1584 572 per
1601 537 1665 564 illud
1694 539 1776 565 corde

986 583 1152 616 delectatur;
1173 585 1273 612 etenim
1295 585 1385 612 uinum
1405 584 1522 618 ludiﬁcat
1537 592 1582 611 cor
1594 583 1708 611 hominis
1734 585 1773 610 “:

986 629 1025 656 sic
1041 637 1111 664 aeger
1136 635 1226 658 mente
1238 651 1246 663 ,
1265 635 1292 658 et
1318 630 1428 658 malitia:
1446 630 1519 658 febre
1535 630 1679 661 detentus,
1706 630 1776 656 anti-

986 683 1068 710 quum
1086 676 1202 704 amicum
1215 676 1283 712 fugit
1297 677 1372 704 velut.
1388 677 1493 704 hostem
1507 686 1514 709 ;
1531 675 1697 704 conscientia
1712 683 1776 702 vero

986 729 1067 748 sanus
1092 722 1179 749 instar
1190 723 1368 750 secundorum
1380 730 1523 758 parentum
1538 728 1564 750 ct
1580 722 1694 751 fratrum
1710 723 1775 748 ami-

986 774 1032 794 cos
1047 767 1130 794 ducit.
1272 764 1276 768 ’

1024 812 1099 840 Unde
1123 813 1205 840 David
1224 814 1305 842 Chusi
1330 815 1445 842 amicum
1464 820 1491 842 et
1515 815 1664 850 principem
1688 815 1775 841 socio-

988 866 1045 884 rum
1061 859 1125 886 olim
1150 864 1177 886 ct
1198 860 1232 887 ab
1256 861 1333 888 initio
1352 861 1458 893 habuit,
1473 861 1525 888 hoc
1538 869 1629 888 secum
1646 861 1752 888 locutus
1769 870 1774 887 :

986 904 1013 931 Si
1037 913 1150 940 magnus
1173 906 1271 939 Moses,
1289 908 1367 935 lmine
1393 909 1436 935 Dei
1463 916 1494 935 ac
1514 910 1580 935 deus
1606 908 1776 938 Pharaonis.

985 956 1143 979 extraneum
1166 957 1193 979 et
1211 954 1349 988 proprium
1370 954 1509 981 Jothoretu
1535 955 1628 982 habuit
1649 955 1777 981 consilia-

988 996 1065 1025 rium.
1086 1001 1245 1024 extraneum
1262 999 1296 1025 ob
1314 999 1483 1033 religionem,
1507 999 1644 1035 proprium
1669 1000 1703 1026 ob
1719 999 1778 1026 afll-

986 1040 1113 1074 nitatcm;
1136 1048 1185 1067 nec
1200 1043 1315 1076 superbe
1330 1050 1359 1070 se
1374 1044 1468 1077 gessit,
1495 1051 1582 1078 neque
1603 1043 1673 1071 dixit
1688 1053 1694 1070 :
1721 1043 1776 1078 Ego

986 1093 1038 1113 non
1055 1086 1162 1122 indigeo
1175 1087 1233 1121 ejus
1250 1089 1382 1121 consilio;
1397 1090 1467 1117 Deus
1480 1098 1584 1117 mecum
1604 1090 1709 1117 locutus
1725 1096 1776 1121 cst,

985 1133 1096 1160 edoctus
1114 1141 1180 1163 ,sum
1200 1142 1308 1162 omnem
1334 1136 1497 1170 sapientiam
1524 1137 1730 1173 {Egyptiorumg
1752 1143 1779 1164 ct

985 1187 1039 1213 quo
1060 1180 1139 1206 mmlo
1164 1181 1234 1208 hunc
1250 1182 1355 1208 consilii
1377 1183 1499 1210 datorem
1524 1184 1684 1211 assumant?
1708 1184 1778 1211 Nihil

986 1226 1098 1253 istorum
1122 1227 1201 1260 dixit,
1224 1229 1271 1255 sed
1292 1229 1438 1256 obsecutus
1459 1236 1500 1258 cst
1519 1236 1591 1258 recte
1608 1231 1758 1258 οοιιειιΙι-ιιιί
1771 1252 1777 1262 ,

986 1279 1085 1305 gnarus
1107 1273 1176 1306 quod
1192 1274 1302 1300 consilia
1328 1276 1400 1300 ntulit
1419 1277 1522 1308 sapiens
1543 1277 1575 1303 ".
1604 1277 1636 1304 Et
1656 1277 1725 1304 sicut
1751 1277 1780 1304 in

986 1316 1054 1350 foro,
1069 1318 1114 1344 ubi
1136 1324 1225 1346 vestes
1245 1322 1375 1354 exposita:
1393 1327 1466 1353 sunt,
1491 1322 1535 1356 qui
1561 1323 1702 1356 pecuniam
1726 1329 1779 1351 non

986 1363 1076 1395 habet,
1091 1364 1186 1398 probat
1209 1365 1294 1392 solum
1314 1366 1480 1400 indumenta,
1496 1375 1582 1402 eaque
1597 1369 1716 1403 deponit,
1738 1369 1779 1395 in-

986 1409 1044 1435 duit
1059 1417 1088 1435 se
1109 1414 1189 1444 atque
1205 1412 1289 1445 exuit,
1320 1417 1346 1438 et
1366 1413 1457 1440 omnia
1482 1418 1580 1448 gestat,
1611 1414 1712 1441 nullum
1738 1419 1779 1442 ta—

987 1463 1047 1482 men
1070 1457 1169 1483 retinet
1183 1458 1252 1492 apud
1272 1466 1321 1486 se:
1347 1460 1386 1485 sic
1403 1460 1448 1493 qui
1471 1460 1571 1487 dicitur
1593 1461 1706 1493 amicus,
1730 1468 1780 1488 nec

987 1501 1067 1529 habet
1097 1503 1208 1537 probam
1233 1504 1374 1538 pecuniam
1405 1507 1617 1540 conscientiam,
1646 1507 1719 1534 velut
1753 1509 1778 1534 in

988 1547 1058 1580 foro,
1088 1549 1113 1575 in
1130 1549 1182 1575 vita
1200 1556 1294 1577 omnes
1311 1550 1397 1577 induit
1416 1559 1447 1578 ac
1466 1553 1550 1585 exuit,
1566 1545 1661 1581 omnes
1681 1558 1779 1584 mutat,

992 1594 1283 1630 nemincmquegestat.
1292 1596 1390 1624 Verum
1405 1606 1456 1625 non
1467 1598 1600 1633 ejusmodi
1609 1603 1686 1626 erant
1698 1601 1778 1626 amici

991 1639 1071 1666 Chusi
1086 1645 1112 1667 et
1126 1640 1219 1674 David,
1234 1649 1322 1676 neque
1334 1650 1457 1670 amarum
1473 1644 1527 1670 doli
1545 1644 1657 1672 calicem
1672 1645 1722 1672 sibi
1740 1646 1780 1672 in-

991 1685 1076 1712 vicem
1091 1687 1311 1723 propinavcrant,
1336 1696 1422 1724 neque
1438 1689 1543 1718 invidia:
1561 1690 1679 1725 gladium
1700 1699 1780 1720 acue-

992 1737 1053 1759 rant
1071 1738 1163 1760 contra
1182 1741 1227 1768 se;
1249 1735 1296 1762 sed
1317 1735 1367 1770 ipsi
1385 1737 1447 1763 dttm
1471 1737 1496 1763 in
1513 1737 1666 1773 semetipsis
1684 1744 1781 1766 attem—

991 1783 1086 1812 peraut
1114 1785 1164 1811 se,
1196 1780 1316 1815 duasque
1342 1782 1446 1809 animas
1475 1790 1522 1817 per
1547 1783 1672 1811 affectum
1699 1793 1780 1812 uuam

991 1824 1149 1857 ostendunt,
1166 1829 1196 1852 ut
1215 1827 1413 1860 prosperitatis.
1429 1829 1468 1856 sic
1480 1834 1506 1855 et
1522 1829 1688 1858 infelicitatis
1708 1833 1773 1858 socii

990 1874 1077 1897 erant.
1097 1870 1185 1898 Uuutn
1203 1872 1275 1898 enim
1292 1874 1452 1900 emetientes
1471 1874 1532 1901 vita:
1548 1882 1633 1907 mare,
1649 1883 1681 1902 ac
1694 1876 1720 1902 in
1735 1883 1780 1902 ea-

991 1916 1050 1943 dem
1071 1916 1133 1944 navi
1154 1918 1326 1945 conscientia:
1352 1919 1519 1953 navigantes,
1541 1928 1602 1947 cum
1623 1929 1780 1956 prosperam

992 1963 1201 1999 navigationem,
1231 1967 1286 1991 tum
1313 1969 1504 1999 tempestatem
1535 1966 1637 2000 pariter
1660 1968 1779 1994 sustine-

990 2010 1066 2037 bant.

1027 2055 1151 2082 Psalmus
1171 2055 1267 2088 David,
1290 2064 1365 2090 quem
1385 2057 1500 2083 cantavit
1526 2057 1637 2084 Dumin
1659 2066 1706 2092 pro
1726 2067 1779 2086 uct=

991 2102 1029 2129 bis
1052 2102 1133 2129 Clmsi
1154 2102 1332 2136 ﬁlii-Jemini.
1353 2103 1385 2130 Et
1402 2111 1486 2138 quare
1507 2105 1644 2132 canticum
1668 2105 1781 2132 Domina

990 2148 1112 2175 emiserit
1135 2148 1218 2176 David
1238 2138 1289 2183 pro
1305 2149 1397 2182 Chusi,
1420 2150 1512 2184 paucis
1528 2151 1678 2178 videamus.
1697 2150 1782 2178 Filius

992 2188 1050 2228 eju's
1063 2194 1190 2222 Absalom
1208 2195 1337 2222 adversus
1352 2203 1413 2222 eum
1428 2196 1599 2231 tyrannidem
1617 2197 1731 2231 arripuit
1746 2197 1780 2223 '-‘.

146 2238 338 2275 ἐτυράννησεν.
361 2241 496 2276 Φιλήμασι
516 2241 570 2277 γὰρ
591 2243 636 2268 καὶ
655 2242 832 2277 περιπλοκαῖς
852 2251 937 2277 σαγη-

991 2239 1098 2268 Osculis
1121 2241 1193 2268 enim
1217 2246 1244 2268 et
1269 2241 1437 2276 amplexibus
1464 2242 1585 2276 singulos
1611 2243 1739 2274 irretitos,
1766 2251 1780 2270 a

149 2284 233 2311 νεύων
249 2285 364 2312 ἕκαστον
386 2287 452 2321 (l9),
466 2287 514 2322 τῆς
532 2287 578 2314 τοῦ
595 2288 698 2324 πατρὸς
711 2288 801 2322 φιλίας
815 2289 877 2319 τοὺς
895 2288 938 2322 φί-

148 2329 210 2362 λους
222 2331 392 2362 ἀπέσπασεν,
406 2332 452 2358 τὸν
467 2332 541 2358 δόλον
555 2333 594 2364 ὡς
611 2333 664 2365 ἰξὸν
679 2333 779 2368 φέρων,
799 2333 845 2359 καὶ
856 2333 886 2359 τὸ
898 2334 940 2367 φί-

149 2377 225 2413 λημα
241 2378 400 2414 ἄγκιστρον,
416 2378 461 2405 καὶ
487 2378 581 2414 δέλεαρ
599 2379 648 2414 τὴν
664 2379 818 2410 κολακείαν,
842 2379 887 2405 καὶ
903 2378 940 2405 δί-

150 2433 218 2451 κτυα
230 2424 334 2460 πλάνης
345 2425 394 2456 τὰς
406 2424 580 2460 περιπλοκάς.
600 2425 676 2451 Ἐπεὶ
687 2423 734 2451 οὖν
744 2425 846 2457 πάντας
855 2425 941 2456 οὕτως

149 2471 198 2502 ’ἐννα
219 2470 279 2497 καθ’
294 2470 343 2497 ἕνα
364 2471 426 2502 τοὺς
444 2470 537 2504 φίλους
561 2469 608 2496 τοῦ
623 2470 705 2496 Δαϐὶδ
730 2470 901 2506 ἀπεσύλησεν
928 2472 942 2496 6

157 2516 325 2551 ’Λϐεσαλὼμ,
345 2515 451 2547 ὁπλίζει
470 2515 562 2542 λοιπὸν
573 2515 749 2546 αὺτοὺςκατὶι
766 2515 813 2541 τοῦ
829 2515 940 2551 πατρὸς,

152 2562 333 2597 συκοφαντίας
340 2562 467 2597 αὐτῷκαὶ
477 2560 603 2592 διαϐολὰς
617 2561 874 2596 ράπτων.Ἒκαστος
888 2562 941 2597 γὰρ

151 2609 189 2640 ὡς
211 2609 262 2644 υἱῷ
279 2609 325 2635 τοῦ
344 2609 435 2641 Δαϐὶδ,
451 2609 498 2635 καὶ
516 2607 554 2639 ὡς
570 2606 670 2642 μᾶλλον
683 2607 717 2633 τὰ
732 2608 790 2633 κατ’
807 2608 887 2634 αὑτὸν
902 2609 943 2634 εἰς

151 2655 217 2686 δέτι,
235 2655 378 2681 ἐπίστευεν
394 2653 616 2688 συκοφαντοῦντι.
640 2653 716 2680 Ἐπεὶ
731 2651 777 2679 οὖν
792 2654 861 2689 μετὰ
875 2654 944 2680 πάν-

189 2736 211 2750 ¹⁰
231 2735 315 2762 Eccli.
344 2744 382 2767 Ix,
405 2737 447 2764 15.
486 2735 590 2763 “Psal.
604 2741 670 2766 CIII,
688 2733 731 2761 l5.

188 2809 244 2844 (59)
264 2809 444 2844 Σαγηνεύων
463 2809 603 2837 ἕκαστον.
618 2808 783 2844 Σαγηνεύεγιν
797 2808 865 2844 πρὸς
878 2807 943 2844 άλη-

153 2843 228 2875 (ista;
247 2844 406 2880 ἐπίγνωσιν,
422 2844 490 2871 dixit
507 2845 624 2880 gyrillus
645 2843 724 2872 Alex.
748 2843 857 2880 Dialoqo
911 2845 943 2869 de

153 2885 245 2906 sancta
260 2879 402 2912 Trinitate,
418 2886 444 2912 ιι,
470 2877 538 2906 497]
554 2879 585 2906 Ει
603 2888 655 2907 non
682 2885 770 2907 autem
791 2877 942 2904 σαλινεύειν

783 2735 804 2750 ²²
823 2734 902 2762 l’rov.
930 2743 986 2767 xu,

993 2286 1078 2320 patris
1093 2286 1210 2313 amicitia
1226 2287 1329 2314 amicos
1351 2287 1475 2320 retraxit,
1494 2288 1614 2315 fraudem
1642 2289 1725 2315 instar
1742 2289 1781 2314 vi-

993 2333 1031 2359 sci
1061 2332 1160 2365 ferens,
1186 2332 1306 2359 osculum
1336 2333 1421 2359 instar
1447 2333 1531 2365 hami,
1557 2333 1701 2360 blanditias
1725 2334 1782 2360 vice.

994 2386 1074 2410 escae,
1092 2378 1234 2413 amplexus
1246 2379 1318 2406 velut
1332 2378 1398 2406 retia
1411 2379 1523 2406 erroris.
1542 2379 1686 2413 Postquam
1701 2379 1781 2414 igitur

995 2425 1123 2452 Absalom
1153 2425 1191 2451 sic
1220 2432 1316 2451 omnes
1345 2425 1454 2452 Davidis
1485 2425 1586 2452 amicos
1614 2433 1694 2451 unum
1725 2430 1784 2460 post

996 2471 1077 2498 alium
1102 2471 1277 2506 abripuisset,
1295 2471 1351 2506 jam
1376 2475 1463 2498 armat
1485 2479 1531 2498 eos
1548 2476 1643 2498 contra
1661 2476 1783 2506 patrem,

996 2517 1038 2545 cui
1059 2517 1208 2544 calumnias
1222 2522 1250 2545 et
1269 2517 1475 2545 criminationes
1493 2517 1610 2544 consuit.
1635 2517 1784 2551 Unusquis-

997 2571 1049 2598 que
1063 2563 1135 2591 cnim
1157 2567 1185 2590 ut
1209 2563 1264 2591 lilio
1286 2563 1408 2595 Davidis,
1427 2567 1510 2597 utque
1526 2563 1570 2598 qui
1587 2563 1672 2598 magis
1695 2570 1785 2590 mores

997 2609 1068 2637 illius
1085 2614 1272 2643 cognosceret,
1293 2611 1422 2638 credebat
1447 2610 1633 2638 calumnianti.
1651 2609 1699 2637 Ubi
1721 2617 1786 2644 ergo

998 2664 1060 2683 cum
1089 2656 1196 2683 caneris
1221 2656 1426 2690 Achilophelem
1460 2664 1567 2692 quoque
1600 2657 1785 2682 consiliarium

1095 2737 1117 2751 ³³
1131 2735 1153 2762 ll
1169 2735 1236 2771 Reg.
1256 2743 1289 2763 xv
1301 2757 1308 2769 ,
1325 2735 1343 2762 2
1362 2743 1424 2771 sqq.

996 2812 1044 2835 aut
1066 2808 1202 2835 σαλεύειν.
1221 2808 1256 2837 Ut
1284 2808 1396 2844 Dialago
1417 2808 1435 2836 4
1449 2816 1475 2843 p.
1491 2807 1543 2837 5‘28
1564 2807 1789 2843 σεσαγηνευμένα

997 2845 1037 2875 εἰς
1053 2844 1199 2877 ἐπίγνωσιν
1215 2844 1262 2871 τοῦ
1278 2844 1353 2871 Υίοῦ.
