2080 3156
191 163 244 190 575

775 171 916 199 HOMILIA
936 174 1004 201 XXI.
1024 174 1056 201 IN
1078 176 1172 204 l‘SAL.
1196 177 1248 205 \‘ll.

1764 181 1812 209 H-l

190 222 279 248 Kara'
303 221 417 256 σώματα
440 223 487 250 καὶ
515 225 650 260 πρόϐατα,
675 228 734 254 ἀλλ’
753 230 802 257 οὐκ
828 231 956 268 ἀνθρώπω

1008 241 1069 264 λεδι
1082 237 1125 270 qui
1144 239 1262 270 redimal,
1290 246 1369 271 neque
1393 241 1437 273 qui
1453 240 1553 267 solvunt
1577 241 1669 274 faciat.
1692 239 1757 267 Nam
1779 242 1813 275 si,

189 266 420 312 dentalibus
433 269 556 305 ἁρπάσῃ
573 274 614 305 ὼς
627 274 706 301 λέων
720 275 776 310 τὴν
792 266 975 312 ψυχήν-μου.

188 312 243 358 Καί
255 311 314 344 πῶς
332 313 450 348 ἁρπάζει
464 316 478 342 6
495 315 578 350 λέων;
593 319 641 352 Μὴ
660 320 746 354 ὄντος
771 311 977 358 λυτρουμένου

186 357 262 403 μηςὲ
272 358 428 393 σώζοντος.
446 361 477 390 El
490 362 545 398 γὰρ
556 364 604 390 τοῦ
620 366 701 392 Δαϐὶδ
718 357 918 403 ποιμαίνοντος,
937 371 976 397 ὅτ’

187 403 220 430 ἂν
233 401 314 439 ἦλθεν
330 404 398 432 λέων
413 406 429 441 ἢ
445 406 538 442 ἄρκος,
558 410 605 436 καὶ
623 401 775 446 ἐλάμϐανεν
795 414 930 449 πρόϐατον
943 417 975 442 ὲκ

185 448 236 483 τῆς
254 449 365 485 ἀγέλης,
383 452 397 478 6
411 452 494 479 Δαὸὶδ
508 453 640 490 ἐξήρχετο
656 448 830 491 κατόπισθεν,
850 460 887 492 ὠς
904 461 974 487 κατὰ

183 496 325 530 ⁴τυράννων
341 499 502 533 στρατηγὸς,
521 501 569 527 καὶ
585 501 631 528 τὸν
647 502 718 539 θῆρα
740 504 866 538 ἔτυπτεν,
881 507 928 534 καὶ
943 508 973 534 τὸ

183 541 319 576 πρόϐατον
338 543 377 574 ὡς
398 545 571 580 αἰχμάλωτον
584 547 747 581 ἀποσπάσας
762 550 880 584 ἔσωζενσ
898 553 973 587 πόσῳ

185 585 286 621 μᾶλλον
302 587 370 613 Θεοῦ
387 589 432 615 καὶ
445 589 588 624 σώζοντος,
606 594 620 619 6
634 593 701 620 λέων
718 596 732 621 ὀ
745 596 868 629 διάῦολος
883 585 972 633 ἁρπάξ

182 631 238 664 ζειν
265 633 296 659 οὐ
311 633 440 668 δύναται;
465 635 588 670 Μήποτε
602 639 723 675 ἁρπάσῃ
747 641 787 674 ὡς
808 642 887 669 λέων
904 631 971 678 τὴν

180 678 286 713 ψυχήν
301 688 372 714 μου.
390 681 510 709 Φύλαττέ
526 683 560 718 με
573 684 611 716 ὡς
626 686 738 721 ποιμὴν,
758 688 805 714 καὶ
824 689 848 714 οἱ
864 689 971 723 ὀδόντες

180 724 309 759 ἀργοῦσιν
324 726 371 753 τοῦ
385 727 503 760 λέοντος.

221 769 329 806 Ἐπειδὴ
351 772 437 800 ταῦτα
458 772 544 808 εἶπεν,
570 780 617 806 καὶ
641 779 817 814 προσηύξατο
835 781 967 817 ρυσθῆναι

178 815 224 842 τοῦ
249 816 356 849 λέοντος
377 818 425 846 τοῦ
448 820 620 857 Ἀσεσαλὼμ,
635 825 682 851 καὶ
706 815 871 861 εἰσηκούσθη
883 815 968 862 προσ-

177 861 343 897 ευξάμενος,
373 864 482 898 ἐπάγει,
504 866 552 892 καὶ
573 868 613 899 εἰς
639 869 788 904 ἀπολογίαν
812 861 943 906 τρέπεται
956 881 964 889 ·

176 907 264 942 Κύριε
279 910 295 935 ὁ
311 910 383 943 Θεός
396 920 468 945 μου,
481 913 506 938 ει
527 912 657 948 ἐποίησα
669 915 767 944 τοῦτο.
789 917 896 953 Ἐπειδὴ
910 918 964 955 γὰρ

175 954 189 979 6
211 954 370 991 Ἀϐεσαλὼμ
398 957 436 989 ὡς
458 957 527 984 λέων
562 959 591 986 ὲν
611 960 650 996 τῷ
664 961 759 997 δρυμῷ
785 962 830 989 τὸν
857 964 965 999 πατέρα

173 999 295 1033 ἐδίωκεν,
314 1002 351 1034 ὡς
366 1002 435 1030 λέων
458 1004 512 1031 ἀπὸ
526 1005 578 1040 τῆς
596 1007 685 1043 κόμης
711 1010 859 1044 κρατηθεὶς
881 1011 963 1047 ἐκρέ-

175 1054 253 1080 ματο,
269 1048 316 1074 καὶ
329 1048 346 1084 ἡ
359 1049 431 1084 κόμη
439 1050 486 1076 τοῦ
501 1051 609 1087 δένδρου
623 1053 677 1080 ἀπὸ
686 1054 736 1090 τῆς
748 1056 836 1091 κόμης
852 1057 964 1093 ἐκράτει

171 1091 217 1117 τὸν
233 1091 338 1125 λέοντα,
357 1095 403 1121 καὶ
423 1096 460 1128 ὡς
473 1097 568 1132 ἔριφος
582 1100 611 1125 ὲν
631 1100 758 1135 μακέλλῳ
772 1102 786 1128 6
802 1101 871 1129 λέων
883 1091 962 1138 εκρέ-

173 1146 251 1172 ματο,
265 1139 313 1166 καὶ
328 1140 498 1177 όψωνάτορες
514 1145 664 1180 ἀνάργυροι
682 1146 800 1182 κόρακες
819 1148 867 1174 καὶ
887 1148 962 1175 ἀετοὶ

171 1184 349 1219 παρεγίνοντο
362 1195 369 1201 “
387 1188 432 1214 καὶ
457 1188 532 1222 ἄξιον
551 1191 695 1225 ἐπιτάφιον
711 1192 785 1228 αὐτῷ
800 1193 927 1229 Σαλομὼν
947 1196 961 1222 6

171 1229 282 1265 ἀδελφὸς
303 1232 384 1259 αὑτοῦ
406 1234 569 1270 ὐπέψαλλεν,
597 1237 701 1271 λέγων·
724 1239 895 1274 Ὀφθαλμὸν
912 1249 960 1268 κα-

169 1277 338 1311 ταγελῶντα
349 1280 470 1314 πατρὸς,
482 1281 672 1317 ἐκκόψαισαν
682 1285 775 1312 αὑτὸν
787 1287 913 1320 κόρακες
924 1288 959 1315 ἐκ

168 1322 228 1350 τῶν
242 1324 415 1360 φαράγγων,
437 1327 487 1354 καὶ
503 1329 703 1365 καταφίὶγοιεν
723 1332 817 1358 αὑτὸν
832 1335 956 1360 νεοσσοὶ

168 1369 273 1397 ἀετῶν.
293 1372 369 1398 Ἐπεὶ
391 1371 437 1400 οὖν
454 1373 480 1400 οἱ
492 1376 597 1402 νεοσσοὶ
615 1377 660 1402 τὸν
683 1378 794 1404 νεοσσὸν
812 1379 859 1405 τοῦ
876 1380 958 1407 Δαεὶδ

168 1416 319 1443 κατεσθίειν
331 1418 470 1451 ἔσπευδον,
485 1421 628 1455 προλαϐὼν
639 1422 666 1448 δὲ
678 1423 692 1448 6
708 1424 860 1459 στρατηγὸς
878 1425 956 1451 Ἰωάὃ

166 1461 203 1492 ὡς
222 1461 327 1499 ὶξευτὴς
347 1464 464 1500 καλάμῳ
485 1466 524 1501 τῷ
549 1467 642 1502 δόρατι
657 1468 702 1494 τὸν
726 1469 785 1496 νέον
810 1470 955 1505 ἐθήρασεν,

166 1508 212 1534 καὶ
227 1508 341 1544 πληγεὶς
355 1511 385 1537 ὲν
399 1511 436 1546 τῷ
451 1512 511 1547 ἀέρι
530 1513 724 1548 ὲτι-τερύσσετο,
753 1515 799 1541 καὶ
815 1516 862 1542 τὸν
877 1516 956 1543 θάνα-

163 1561 210 1579 τον
239 1555 334 1588 φυγεῖν
361 1555 412 1582 οὐκ
435 1556 571 1591 ἠδύνατο,
602 1559 649 1585 καὶ
673 1559 796 1596 σπαίρων
815 1561 861 1587 τὸν
885 1562 954 1597 ἀέρα

163 1598 321 1632 ὲλ.’ῖκτιζεν,
346 1601 439 1637 ἐπειδὴ
463 1603 508 1630 τὸν
536 1605 641 1639 πατέρα
659 1606 818 1633 ἐλάκτισεν·
845 1607 882 1640 ὡς
907 1606 954 1636 οὖν

163 1645 254 1672 πολλοὶ
263 1645 308 1672 τὺν
322 1646 435 1674 θάνατον
451 1648 498 1675 τοῦ
517 1649 678 1685 Ἀϐεσαλὼμ
694 1651 733 1686 τῷ
745 1652 828 1679 Δαὸὶδ
839 1653 955 1689 ὲπιγράο

162 1699 276 1725 φοντες,
297 1693 346 1719 καὶ
363 1693 520 1729 αἰτιώμενοι
536 1695 643 1730 ἔλεγον·
659 1696 713 1723 Ποῦ
733 1699 750 1733 ὴ
767 1699 889 1735 πραότης
905 1699 953 1726 τοῦ

160 1737 263 1770 Δαϐίδ;
293 1738 345 1765 ποῦ
372 1740 388 1774 ἡ
415 1742 556 1776 προφήτου
588 1743 730 1776 εὐλάϐεια;
758 1745 822 1771 ἰδίου
856 1746 952 1772 τέκνου

160 1782 274 1817 νεότητα
294 1784 449 1820 σκιρτῶσαν
469 1786 519 1812 οὐκ
537 1786 663 1822 ἤνεγκεν,
690 1788 759 1814 ἀλλὰ
789 1790 952 1825 φονευθῆναι

160 1828 242 1855 αὑτὸν
260 1829 381 1865 ἀνηλεῶς
410 1831 552 1858 ἐκέλευσεν
563 1841 570 1848 ο
588 1833 682 1869 ἐπειδὴ
698 1834 730 1860 τὸ
748 1834 845 1867 ψεῦδος
868 1836 914 1862 καὶ
934 1837 950 1871 ή

161 1875 327 1908 συκοφαντία
343 1876 525 1911 ἐπλατύνετο,
545 1879 674 1915 μάρτυρα
689 1881 739 1915 τῆς
762 1881 917 1916 ἀοωότητος
937 1883 950 1908 ὁ

159 1921 242 1948 Δαὸὶδ
253 1922 298 1949 τὸν
311 1923 377 1949 Θεὸν
393 1924 531 1952 ἐκάλεσεν.

194 1967 313 1999 Πάντες,
335 1969 468 2002 Δέσποτα,
486 1970 620 2004 λέγουσιν,
639 1974 680 2000 ὅτι
700 1974 756 2008 ἐγὼ
770 1975 815 2001 τὸν
839 1975 950 2002 ’Λϐεσα-

156 2011 218 2047 λὼμ
236 2013 381 2047 ἐφόνευσα.
412 2016 502 2050 Κύριε
526 2020 542 2044 ὀ
568 2020 641 2052 Θεός
665 2029 744 2054 μου,
765 2023 792 2048 εὶ
817 2022 949 2056 ἐποίησα

156 2058 259 2085 τοῦτο·
281 2061 304 2086 ει
317 2060 367 2096 τὴν
380 2061 469 2093 δεξιὰν
485 2064 518 2098 τῇ
537 2066 628 2099 σφαγῇ
644 2066 691 2091 τοῦ
705 2066 799 2098 παιδὸς
812 2063 946 2102 ἐμόλυνα-

154 2103 275 2131 εἱὲστιν
282 2105 426 2134 ἀδικίαὲν
435 2109 543 2143 χερσίν
555 2111 665 2144 μου.Εὶ
679 2112 708 2136 ὲν
721 2112 882 2148 γράμμασιν
899 2115 947 2141 αὐ-

154 2147 199 2174 τὸν
214 2148 252 2181 ὡς
270 2149 315 2176 τὸν
328 2151 430 2186 Οὐρίαν
440 2153 588 2187 ἐφόνευσα·
608 2155 632 2180 εἰ
649 2155 792 2188 δακτύλοις
805 2158 882 2192 ἐμοῖς
901 2159 946 2185 τὸν

153 2194 332 2222 κατ’ὲκείνου
351 2197 559 2233 ἐσκιογρὰφησα
576 2199 700 2227 θάνατον.
722 2201 755 2228 Ἢ
773 2203 820 2228 καὶ
842 2203 944 2236 οὕτως·

1030 284 1138 316 quando
1156 289 1248 316 pastor
1260 291 1318 311 erat
1337 285 1416 313 David
1429 306 1435 318 ,
1457 287 1562 320 quoties
1580 287 1695 314 venisset
1713 288 1753 314 leo
1767 292 1812 315 aut

1031 336 1121 360 ursus,
1139 334 1165 355 et
1180 330 1296 364 cepisset
1309 338 1385 358 ovem
1401 332 1434 358 de
1446 339 1536 367 grege,
1560 332 1640 359 David
1657 334 1813 368 egredieba-

1029 378 1070 400 tur
1095 379 1153 408 post
1173 383 1233 402 eum
1251 395 1258 408 ,
1284 382 1311 404 nt
1334 377 1462 405 adversus
1487 383 1617 413 tyrannos
1637 379 1690 406 dux
1707 380 1812 407 excrci-

1029 424 1081 451 tus,
1096 425 1122 447 et
1141 421 1224 448 ieram
1238 423 1416 456 percutiebat,
1432 431 1564 458 ovemque
1585 430 1711 458 umquam
1726 425 1811 460 capti-

1026 473 1088 492 vum
1106 466 1282 494 abstrahebat
1298 473 1325 495 et
1340 469 1512 496 servabat":
1530 474 1630 504 quanto
1640 471 1734 505 magis,
1747 471 1809 497 dmn

1027 510 1096 537 Deus
1114 512 1218 538 redimit
1235 518 1261 540 et
1278 518 1379 548 servat,
1393 514 1434 542 leo
1447 515 1569 548 diabolus
1585 523 1680 550 rapere
1692 523 1745 543 non
1764 524 1808 550 po-

1026 557 1096 583 teSt?
1109 556 1257 592 Nequando
1270 560 1356 593 rapiat
1369 565 1397 587 ut
1410 560 1449 587 leo
1462 561 1577 587 animum
1591 570 1684 588 meam.
1698 561 1808 589 Custodi

1023 609 1065 629 me
1093 608 1219 638 tanquam
1244 610 1351 639 pastor,
1379 611 1405 633 et
1427 607 1514 634 leonis
1540 608 1634 635 dentes
1659 607 1808 635 inellicaces

1020 654 1109 676 erunt.

1054 785 1198 821 Postquam
1210 787 1267 814 haec
1277 788 1400 822 protulit,
1410 793 1551 822 oravnque
1565 788 1623 815 erui
1638 795 1652 814 a
1667 784 1805 815 leoucAb-

1017 831 1131 864 salomo.
1154 837 1182 860 et
1205 832 1231 859 in
1257 833 1380 860 oratione
1405 833 1548 860 exauditus
1571 839 1630 866 est,
1656 833 1803 868 subiungit.

1018 883 1099 912 atque
1113 878 1146 906 ad
1163 878 1345 906 defensionem
1358 880 1491 907 convertit
1503 886 1532 906 se
1546 888 1551 906 :
1567 879 1593 906 4.
1609 879 1718 905 Domine
1733 878 1803 905 Deus

1018 932 1100 957 meus,
1115 924 1137 951 si
1150 924 1200 959 feci
1217 925 1297 952 illud.
1322 925 1389 952 Nam
1410 925 1472 960 quia
1495 925 1637 957 Absalotn,
1660 929 1689 951 ut
1713 923 1753 951 leo
1776 924 1801 950 in

1014 971 1088 1005 sylva
1113 977 1217 1006 patrem
1233 973 1463 1007 persequebatur;
1485 976 1514 999 ut
1536 971 1577 999 leo
1593 979 1607 998 a
1623 978 1699 998 coma
1713 976 1801 997 reten-

1015 1021 1057 1044 tus
1072 1018 1227 1051 pendebat,
1247 1023 1274 1045 et
1299 1018 1406 1045 arboris
1433 1025 1512 1046 coma
1537 1017 1644 1044 leonem
1666 1024 1698 1043 ex
1723 1023 1800 1043 coma

1016 1061 1135 1095 tenebat,
1156 1070 1188 1089 ac
1209 1062 1281 1089 velut
1299 1063 1391 1089 hzedus
1414 1063 1440 1089 in
1462 1062 1576 1103 macello
1598 1061 1731 1096 pendebat
1747 1060 1799 1092 leo,

1012 1111 1093 1141 atque
1108 1111 1284 1142 opsonatores
1302 1108 1360 1135 sine
1386 1107 1474 1143 pretio
1485 1108 1558 1135 corvi
1574 1111 1601 1134 et
1614 1106 1710 1140 aquilae
1723 1106 1802 1133 adve-

1012 1151 1117 1178 niebanl
1132 1161 1138 1185 ;
1154 1153 1317 1187 dignumque
1340 1153 1507 1187 epitaphium
1532 1153 1556 1179 ei
1574 1152 1688 1179 succinit
1715 1151 1800 1177 frater

1012 1197 1070 1231 ejus
1092 1197 1232 1230 Salomon,
1250 1206 1298 1232 per
1318 1199 1376 1226 haec
1399 1199 1501 1225 verba:
1521 1198 1631 1224 Oculum
1648 1197 1692 1231 qui
1705 1196 1798 1222 irridet

1009 1247 1121 1276 patrem,
1143 1242 1271 1276 e/fodinnt
1289 1251 1348 1270 eum
1364 1243 1434 1270 corvi
1447 1244 1478 1269 de
1490 1242 1662 1272 convallibus,
1676 1246 1698 1266 et
1713 1248 1799 1266 came-

1009 1287 1073 1314 dant
1088 1295 1147 1314 eum
1162 1288 1227 1321 pulli
1244 1288 1394 1322 aquilarum
1406 1287 1439 1314 ".
1451 1287 1518 1320 Quia
1536 1281 1676 1322 crgo'pulli
1698 1285 1797 1320 pullum

1010 1334 1119 1361 Davidis
1136 1342 1232 1361 vorare
1249 1330 1424 1367 festinabant,
1444 1333 1612 1368 praeveniens
1626 1337 1714 1358 autem
1730 1329 1798 1357 Joab

1009 1382 1060 1407 dux
1076 1381 1215 1408 exercitus
1236 1381 1310 1408 velut
1333 1388 1433 1414 auceps
1459 1380 1601 1412 arundine,
1626 1379 1703 1405 liasla
1717 1378 1796 1412 juve-

1009 1433 1069 1452 nem
1084 1431 1198 1453 venatus
1213 1431 1264 1459 est,
1281 1433 1480 1460 percussttsqne
1496 1426 1522 1452 in
1542 1432 1605 1452 aere
1622 1425 1679 1450 alas
1697 1431 1798 1450 concu-

1009 1472 1102 1504 liebat,
1129 1480 1179 1499 nec
1204 1477 1317 1500 mortem
1343 1473 1431 1499 vitare
1453 1475 1575 1507 poterat,
1600 1477 1627 1498 et
1649 1469 1796 1505 palpitabat

1007 1525 1152 1553 acremque
1171 1518 1340 1551 caleitrabat,
1356 1519 1426 1552 quod
1442 1523 1544 1553 patrem
1559 1517 1746 1544 culcitrasset:
1766 1520 1795 1542 ut

1005 1572 1069 1600 ergo
1091 1565 1166 1592 multi
1188 1570 1301 1592 mortem
1327 1565 1465 1592 Absalomi
1488 1564 1582 1591 Davidi
1606 1563 1793 1596 assignabant,

1005 1611 1170 1638 accusabant
1184 1618 1257 1644 eum,
1273 1619 1305 1638 ac
1319 1611 1444 1638 dicebant
1459 1619 1466 1637 :
1486 1609 1533 1638 Ubi
1549 1610 1726 1636 mansuetudo
1742 1607 1795 1634 Da-

1004 1658 1091 1686 vidis?
1109 1658 1152 1685 ubi
1171 1658 1307 1693 propheta:
1329 1657 1432 1692 pietas?
1452 1656 1552 1691 proprii
1578 1655 1623 1682 lilii
1650 1655 1794 1682 lascivien-

1005 1711 1059 1732 tem
1074 1704 1244 1739 jnventutem
1263 1712 1315 1731 non
1336 1704 1405 1735 tulit,
1422 1703 1469 1730 sed
1486 1702 1604 1730 interimi
1624 1708 1684 1728 enm
1704 1700 1794 1726 immi—

1004 1750 1179 1778 sericorditcr
1198 1750 1302 1784 jussit:
1322 1749 1541 1784 quandoquidem
1569 1747 1737 1774 mendacium
1765 1750 1793 1772 et

1004 1795 1137 1822 calumnia
1152 1797 1303 1828 crescebat,
1323 1800 1419 1823 testem
1435 1794 1596 1822 innocentia:
1614 1793 1696 1820 David
1709 1799 1792 1819 voca-

1003 1841 1041 1867 vit
1057 1841 1152 1871 Deum.

1039 1977 1159 2009 Cuncti,
1193 1977 1327 2008 Domine,
1368 1977 1461 2004 dicunt
1492 1985 1505 2003 a
1538 1983 1580 2003 me
1613 1975 1788 2003 Absalommn

1000 2025 1084 2052 luisse
1106 2024 1237 2051 occisum.
1262 2024 1373 2051 Domine
1397 2023 1467 2050 Deus
1489 2031 1573 2054 utens,
1588 2022 1611 2047 si
1626 2023 1677 2056 [eti
1696 2022 1766 2048 istud
1779 2029 1789 2048 :

999 2070 1020 2097 si
1035 2070 1158 2097 dextram
1185 2070 1258 2097 cade
1277 2069 1322 2096 lilii
1350 2069 1480 2096 maculavi
1496 2068 1538 2095 :si
1562 2073 1598 2094 est
1619 2067 1745 2102 iniquitas
1762 2067 1789 2094 in

999 2117 1119 2143 manibus
1128 2117 1202 2143 meis.
1221 2116 1248 2143 Si
1266 2125 1312 2150 per
1328 2116 1430 2144 litteras
1444 2124 1516 2148 eum,
1535 2115 1607 2142 velut
1628 2115 1732 2147 Uriam,
1747 2115 1785 2142 in-

999 2162 1109 2197 terfeci;
1125 2163 1148 2190 si
1167 2163 1260 2197 digitis
1278 2163 1346 2190 meis
1360 2167 1475 2190 mortem
1495 2163 1626 2190 adversus
1641 2162 1726 2196 ipsum
1742 2161 1789 2189 de-

997 2210 1107 2237 lineavi.
1131 2211 1185 2237 Ant
1205 2211 1287 2238 etiam
1298 2211 1359 2244 sic:
1379 2210 1505 2244 quoniam
1527 2214 1603 2243 pater
1618 2217 1632 2235 a
1649 2209 1704 2236 ﬁlio
1720 2207 1787 2242 eripi

153 2240 251 2276 ἐπειδὴ
272 2242 403 2277 ῥυσθῆναι
423 2244 437 2270 ὁ
450 2245 542 2281 πατὴρ
553 2247 607 2273 ἀπὸ
627 2247 674 2273 τοῦ
692 2247 750 2275 υἱοῦ
763 2249 944 2285 προσηύχετο,

1008 2256 1170 2287 necabatur,
1189 2259 1217 2282 et
1236 2240 1353 2290 agricola
1378 2240 1496 2289 plantam
1522 2254 1595 2282 velut
1615 2254 1721 2288 spinam
1746 2252 1787 2279 fu-

152 2287 201 2312 xz‘t
220 2287 234 2312 ὁ
252 2289 374 2323 γεωργὸς
394 2289 424 2316 τὸ
446 2291 528 2324 φυτὸν
545 2292 582 2323 ὡς
602 2292 723 2320 ἄκανθαν
740 2294 850 2329 ἔφυγεν,
868 2297 915 2323 καὶ
930 2297 944 2323 ὁ

151 2335 255 2370 ποιμὴν
276 2335 321 2361 τὸν
336 2336 406 2371 ἄρνα
425 2337 463 2369 ὡς
487 2337 581 2365 λέοντα
607 2330 817 2375 ἁπεδίδρῖεισκεν,
834 2341 956 2373 ἀναὸλέ-,

151 2379 206 2414 ψας
220 2381 260 2413 εἰς
277 2382 323 2408 τὸν
339 2383 454 2419 οὺρανὺν
470 2383 577 2418 ἔλεγεν·
598 2385 627 2411 ’0
644 2385 701 2417 alii;
715 2386 766 2421 ἐμὲ
779 2387 825 2414 τὸν
837 2389 942 2424 πατέρα

151 2425 274 2461 πολεμεῖ.
289 2428 378 2462 Κύριε
396 2430 413 2456 ὁ
436 2430 506 2462 Θεός
519 2439 596 2464 μου,
614 2432 640 2457 εὶ
654 2431 783 2466 ἐποίησα
796 2431 893 2461 τοῦτο.
911 2435 942 2460 Εἰ

149 2470 195 2497 τὸν
207 2472 321 2499 τεκόντα
336 2474 461 2510 ἐλύπησα
470 2484 476 2490 ·
492 2476 516 2502 εἰ
533 2475 570 2511 μὴ
580 2476 617 2508 ὡς
630 2477 721 2509 δοῦλος
734 2478 852 2515 δεσπότῃ
864 2479 940 2506 ἐδού-

149 2517 248 2544 λευτα·
267 2520 292 2546 εἱ
315 2520 360 2547 τὸν
378 2521 484 2548 ἐκείνου
499 2522 614 2550 Θάνατον
627 2523 696 2558 ἐμὴν
714 2524 870 2562 ἐλευθερίαν
887 2526 942 2553 ἑνό-

151 2572 227 2599 μισα.
246 2566 334 2599 Κύριε
363 2568 380 2594 ὁ
405 2568 477 2601 Θεός
497 2577 566 2602 μου,
591 2570 617 2595 εὶ
642 2571 771 2604 ἑποιήσιι
794 2572 890 2599 τοῦτο.
907 2574 939 2599 Ὃ

149 2610 277 2645 ὑπομένω
292 2612 439 2648 είέπραξα.
454 2615 488 2641 El
501 2614 588 2642 ἔστιν
598 2616 699 2643 ἀδικία
708 2617 743 2643 ἐν
753 2618 859 2651 χερσίν
869 2627 941 2653 μου.

148 2656 180 2682 Εἰ
196 2656 324 2684 ἐπέσεισα
341 2658 392 2691 τὰς
413 2662 516 2695 χεῖρας,
531 2661 581 2696 τὴν
601 2662 749 2697 σύντροφον
766 2665 862 2692 πενίαν
876 2665 943 2692 ὀνει-

147 2701 230 2733 δίζων
245 2703 284 2738 τῷ
299 2705 394 2741 πατρί·
411 2707 434 2732 εἰ
458 2707 496 2742 μὴ
512 2707 561 2739 τὰς
577 2708 631 2734 ἀπὸ
642 2709 697 2736 τῶν
709 2710 840 2744 καμάτων
854 2720 940 2748 προσ-

147 2747 223 2779 όδους
246 2751 434 2786 προσέφερονο
462 2753 486 2779 εἰ
506 2753 542 2789 μὴ
563 2754 601 2785 ὡς
632 2754 761 2790 δευτέραν
779 2758 938 2792 προσφορὰν

146 2793 186 2829 τῷ
200 2796 283 2831 πατρὶ
301 2796 352 2832 τὴν
371 2799 500 2835 εἰσφορὰν
514 2799 620 2836 ἔφερον.
641 2801 676 2828 Εἰ
689 2801 775 2828 ἐστιν
786 2802 886 2830 ἀδικία
904 2804 939 2831 ὲν

181 2899 230 2926 "l
253 2901 319 2935 llrg.
337 2910 402 2936 mi,
421 2903 465 2938 3i,
483 2905 526 2932 55.
565 2906 586 2921 ⁸⁸
603 2906 680 2935 l’t'ov.
697 2917 760 2942 xu,
777 2910 816 2937 Π.

999 2301 1102 2336 giebat,
1126 2306 1275 2336 pastorque
1291 2309 1389 2336 agnum
1407 2306 1535 2334 tanquam
1556 2301 1659 2328 leonem
1674 2300 1785 2329 vitabat.

996 2347 1147 2381 suspiciens
1164 2347 1190 2373 itt
1203 2347 1303 2374 caelum
1320 2347 1389 2374 dixit
1403 2356 1410 2373 :
1423 2347 1506 2374 Filius
1521 2354 1563 2373 me
1580 2351 1683 2380 patrem
1698 2345 1785 2372 hosti-

996 2393 1056 2420 liter
1074 2394 1151 2428 pclit.
1172 2393 1281 2420 Domine
1297 2394 1367 2420 Deus
1380 2402 1463 2426 meus,
1482 2394 1506 2420 si
1522 2393 1573 2426 feci
1591 2392 1671 2419 istud.
1691 2391 1718 2418 Si
1737 2399 1784 2426 ge-

995 2441 1110 2467 nitoretn
1143 2440 1265 2468 molestia
1285 2440 1380 2473 aﬂeci;
1408 2441 1431 2467 si
1455 2446 1583 2474 tanquam
1608 2447 1705 2466 servus
1735 2440 1783 2465 do-

995 2486 1069 2514 tnino
1096 2494 1148 2513 non
1177 2487 1298 2519 servivi;
1327 2487 1349 2514 si
1381 2493 1496 2514 mortem
1529 2486 1600 2513 illius
1629 2485 1783 2512 libertatem

995 2540 1083 2560 meam
1105 2533 1256 2560 arbitratus
1281 2541 1351 2560 sum.
1375 2534 1484 2560 Domine
1504 2532 1575 2559 Deus
1588 2540 1672 2565 meus,
1693 2531 1716 2558 si
1733 2531 1783 2565 feci

995 2579 1077 2605 istud.
1095 2579 1172 2612 Quod
1193 2579 1281 2614 patior
1299 2579 1320 2606 si
1337 2579 1389 2614 egi.
1406 2579 1437 2607 Si
1455 2585 1491 2606 ut
1506 2579 1631 2614 iniquitas
1655 2580 1681 2604 in
1701 2578 1784 2604 moui-

995 2625 1042 2652 bus
1069 2626 1143 2652 meis.
1176 2625 1203 2652 Si
1229 2626 1352 2652 concussi
1374 2633 1481 2657 manus,
1510 2633 1539 2652 ιιι
1561 2624 1782 2652 contubernalem

994 2675 1180 2705 paupertatem
1206 2670 1398 2704 exprobrarem
1423 2671 1513 2706 patri;
1542 2671 1565 2697 si
1588 2678 1620 2697 ex
1644 2670 1782 2697 laboribus

994 2721 1139 2750 proventus
1163 2724 1215 2743 non
1234 2716 1337 2750 detuli;
1353 2718 1375 2744 si
1392 2724 1443 2744 non
1459 2717 1529 2744 velut
1544 2717 1691 2744 secundam
1704 2716 1783 2758 [obla-

994 2762 1095 2789 tionem
1121 2762 1193 2797 patri
1215 2763 1292 2790 attuli
1319 2764 1487 2798 pensionem.
1507 2763 1536 2791 Si
1558 2769 1595 2790 est
1613 2763 1738 2798 iniquitas
1755 2765 1782 2790 in

993 2808 1112 2835 manibus
1134 2809 1206 2836 meis.
1231 2809 1258 2836 Si
1280 2818 1376 2838 manus
1390 2811 1423 2838 ad
1439 2810 1566 2838 nltioncm
1583 2815 1608 2837 ct
1624 2810 1716 2845 plagas
1731 2810 1779 2837 ad-
