2080 3156
223 167 276 195 479

735 166 905 194 NEHESIUS
923 165 1108 195 EPISCOPUS
1122 166 1312 195 EMESENUS.

1794 168 1849 195 480

225 233 278 254 tam
295 229 460 253 senectutem
482 225 613 260 pervenit.
628 225 706 259 ltem,
720 225 788 252 alter
801 226 909 260 quidem
925 225 1003 252 Aria~

1059 225 1106 252 τοῦ
1124 225 1181 261 βίου
1199 227 1382 261 κατήντησεν*
1396 224 1530 259 δεύτερον,
1545 228 1559 253 ὁ
1579 224 1628 258 μὲν
1641 225 1689 259 τῆς
1715 225 1846 259 ’Λρειανι-

225 281 321 300 norum
335 273 425 299 furore
440 272 534 306 plenus
551 276 611 298 erat.
625 279 632 298 :
645 272 689 298 hic
709 279 773 298 vero
788 271 813 298 in
833 271 890 298 suis
909 275 1008 297 tracta-

225 319 306 351 tibus,
324 325 382 353 qua:
396 322 456 344 sunt
473 316 533 343 lidei
547 317 702 344 orthodoxae
717 317 834 344 docetac
842 315 923 343 tradit
936 325 943 349 ;
955 324 1007 342 non

224 370 313 392 autent
340 363 410 398 quod
428 362 474 389 Dei
494 362 580 390 Filius
596 371 629 390 ac
654 362 771 390 Verbum
794 370 827 390 ex
854 362 936 389 nihilo
961 362 1006 394 sit,

225 409 262 435 uti
278 409 388 435 insanus
415 407 459 434 ille
484 407 709 442 blasphemusque
722 408 844 434 Asterius
861 407 943 442 :quiu
962 415 1008 442 po-

225 456 276 482 tius
293 462 398 488 semper
408 461 516 486 esse,ac
528 461 634 488 semper
646 453 717 480 Patri
730 454 907 486 coexsistere,
925 454 1006 480 Deum

224 501 342 531 tradens,
360 500 470 527 asserit.
488 499 589 531 Tertio,
605 500 728 526 Asterius
743 499 787 526 ille
798 499 941 526 haereticus
953 506 1005 526 non

222 546 297 573 mbis
321 546 454 577 Amaseu‘,
473 545 520 572 sed
544 544 655 572 alterius
672 545 810 579 cujusdam
838 543 908 571 haud
926 543 1004 578 longe

220 591 364 618 Anti0chia
383 591 565 625 episcopatum
590 590 737 625 impietatis
752 591 878 617 mercede
893 597 907 616 a
921 589 1003 617 sociis

222 637 355 664 haereticis
382 635 595 670 accepit:unde
626 636 707 662 etiam
732 635 879 663 accersitus
908 634 1005 662 Antio-

220 682 307 709 chiam
336 681 484 716 impietatis
501 681 623 708 subsidio
637 688 651 708 a
671 689 725 708 suae
741 685 822 708 sectae
839 680 1005 711 horninibus,

220 725 387 753 admirabilis
417 725 514 753 Iuliani
545 726 680 761 precibus,
698 726 736 753 uti
765 733 858 753 sumus
888 725 1003 759 praefati,

220 772 366 800 miserabili
380 773 453 800 exitu
476 773 556 799 vitam
577 773 672 799 tinivit.
692 772 839 803 Praeterea.
853 772 923 798 alter
942 771 1006 805 qui-

219 818 278 844 dem
293 825 401 852 gregem
420 817 509 850 docet,
528 817 608 852 inque
621 817 767 844 virtutibus
791 817 910 844 studiose
931 815 1005 842 labo-

220 868 270 895 rat,
289 871 320 891 ac
349 864 481 898 religiosae
498 863 580 890 totius
593 863 811 893 conversationis
824 870 857 890 ac
873 862 936 889 vita:
949 861 1001 889 do-

1060 272 1110 307 κῆς
1122 271 1224 307 λύσσης
1247 272 1440 307 ἐπεπλήρωτο·
1460 268 1536 302 οὗτος
1560 270 1599 303 δὲ,
1617 271 1646 296 ὲν
1663 272 1719 302 τοῖς
1735 271 1845 303 οἰκείοις

1059 317 1147 351 λόγοις
1161 318 1194 344 τὰ
1208 317 1262 343 τῶν
1276 317 1425 353 ὀρθοδόξων
1439 316 1607 351 δογματίζει,
1624 316 1674 342 οὐκ
1693 317 1725 342 ὲκ
1745 317 1782 352 μὴ
1801 317 1845 343 ὅν-

1058 372 1112 390 των
1134 363 1179 390 τὸν
1193 363 1257 390 Υἱὸν
1282 364 1328 390 καὶ
1350 363 1435 397 Λόγον
1455 363 1502 389 τοῦ
1524 362 1602 394 Θεοῦ,
1626 362 1662 394 ὡς
1682 363 1696 389 ό
1719 363 1847 398 μεμηνὼς

1058 408 1208 443 δυσφημῶν
1231 407 1377 444 Ἀστέριος,
1391 408 1434 434 ἀεὶ
1455 407 1484 434 δὲ
1499 407 1562 433 ὅντα
1578 407 1718 441 Θεολογῶν,
1740 408 1785 434 καὶ
1803 408 1847 435 ἀεὶ

1059 454 1171 481 συνόντα
1187 454 1226 490 τῷ
1245 455 1346 490 Πατρί·
1366 453 1466 489 τρίτον,
1483 454 1497 479 ὁ
1525 453 1574 488 μὲν
1598 453 1734 489 αίρετικὺς
1753 454 1845 480 Ἀστέ-

1059 509 1126 536 ριος,
1149 499 1179 526 οὑ
1205 500 1254 535 τῆς
1282 499 1439 535 ’Λμασείας,
1465 499 1521 525 ἀλλ’
1539 498 1621 534 ἄλλης
1644 498 1716 530 τινος
1744 500 1846 530 πόλεως

1058 545 1259 581 πλησιαζούσης
1269 546 1301 580 τῇ
1318 545 1462 580 Ἀντιόχου,
1471 544 1564 579 μισθὸν
1574 544 1621 578 τῆς
1632 543 1758 575 ἀσεϐείας
1770 543 1846 578 παρὰ

1056 592 1110 619 τῶν
1129 591 1344 628 συναιρεσιωτῶν
1365 592 1413 626 τὴν
1443 591 1595 626 ἐπισκοπὴν
1619 590 1746 625 εἴληφεν·
1764 589 1793 622 ἐξ
1811 588 1846 625 ἦς

1057 639 1104 665 καὶ
1121 639 1288 674 μετάκλητπ
1307 639 1336 664 ὲν
1357 637 1506 672 Ἀντιοχείᾳ
1525 637 1599 672 παρὰ
1612 636 1666 662 τῶν
1687 636 1846 672 ὁμοφρόνων

1056 683 1175 718 γεγονὼς
1197 684 1243 709 ἐπὶ
1262 682 1406 718 συμμαχίᾳ
1428 682 1474 709 τοῦ
1491 681 1704 717 δυσσεϐήματος,
1721 683 1780 713 ταῖς
1797 680 1847 707 τοῦ

1056 730 1207 765 θαυμασίου
1236 729 1380 756 Ἰουλία.νοῦ
1405 730 1586 764 προσευχαῖς,
1611 727 1648 759 ὡς
1671 727 1842 763 προείρηται,

1056 775 1100 801 τὸν
1116 774 1173 809 βίον
1188 773 1287 805 ἀθλίως
1303 773 1500 807 τισκιτέσίτρειηίκεν⁸
1518 772 1564 798 ἐπὶ
1587 771 1700 803 τούτοις,
1715 772 1730 797 ὁ
1745 771 1794 806 μὲν
1805 771 1843 797 δι-

1054 821 1148 848 δάσκει
1162 820 1193 846 τὸ
1215 819 1350 855 ποίμνιον,
1364 820 1410 846 καὶ
1432 819 1613 853 φιλοπονεὴαι
1629 818 1692 852 περὶ
1713 817 1767 843 τῶν
1780 817 1845 851 ἀρε-

1054 867 1119 898 τῶν,
1138 867 1245 900 ἁπάσης
1256 866 1284 892 δὲ
1295 866 1431 893 δείκνυται
1450 864 1596 899 θεαρέστου
1613 863 1747 894 πολιτείας
1761 870 1845 889 κατα-

219 910 346 936 micilium
373 910 517 945 proditur:
533 916 648 944 quorum
680 909 746 937 nihil
775 909 963 945 deprehendas
976 908 1001 935 in

1058 913 1173 948 γώγιον’
1191 913 1205 939 ὁ
1219 913 1246 939 δὲ
1261 912 1336 939 οὐδὲν
1350 911 1468 938 τοιοῦτον
1487 909 1700 944 ὲπιγινώσκετα,

219 956 314 982 altero.

219 1041 1838 1063 mm

819 1134 907 1155 CIRCA
926 1131 1037 1154 ANNUM
1055 1130 1166 1155 DOMINI
1185 1130 1234 1152 CD.

748 1284 1321 1375 NEMESIUS

591 1446 1000 1493 EPISCOPUS

1078 1444 1456 1490 EMESENUS

671 1631 977 1689 NOTITIA
1003 1630 1397 1690 HISTORICA

646 1742 693 1773 (Ex
706 1742 853 1768 libliotheca
867 1743 972 1767 Patrum
981 1743 1110 1773 Gallandii,
1124 1745 1141 1767 t.
1154 1741 1208 1773 VII,
1220 1742 1321 1773 Proleg.
1333 1748 1357 1772 ι).
1370 1739 1418 1774 xr.)

254 1877 274 1904 I.
294 1876 406 1909 Emesze,
427 1883 488 1910 quae
509 1880 537 1903 et
559 1875 660 1908 Emisa,
685 1877 711 1904 in
734 1877 871 1906 Phoenicia
887 1879 1003 1906 secunda
1019 1881 1040 1909 C
1059 1879 1096 1906 De
1109 1883 1205 1905 natura
1217 1877 1341 1907 hominis,
1360 1875 1416 1903 sive
1429 1875 1533 1910 aliquas
1547 1882 1581 1902 ex
1596 1881 1629 1902 eo
1644 1874 1752 1910 eclogas
1765 1876 1844 1903 exhi-

217 1924 361 1958 episcopus
382 1922 464 1949 fuisse
483 1922 598 1949 traditur
619 1921 780 1958 Nemesius;
801 1925 880 1959 eique
901 1925 927 1952 in
946 1925 1004 1960 epi-

217 1975 358 2003 scoporum
376 1967 569 1994 Etnesenorum
584 1969 654 1995 serie
669 1969 816 1996 ordinanda
831 1970 954 2004 quintum
967 1970 1006 1996 lu-

217 2021 279 2042 cum
295 2019 367 2041 recte
380 2014 508 2041 tribuisse
521 2013 626 2041 videtur
641 2014 677 2042 cl.
693 2014 856 2049 Lequienius
870 2016 908 2051 (α)
925 2025 931 2043 :
950 2023 1006 2043 me-

218 2060 292 2086 dium
306 2059 408 2087 scilicet
421 2059 490 2086 inter
503 2059 613 2086 Paulum
626 2058 647 2093 l,
660 2060 705 2094 qui
719 2061 744 2087 in
761 2060 926 2089 Seleuciensi
940 2069 1004 2089 con-

218 2104 280 2130 cilio
298 2104 414 2137 Georgio
425 2104 623 2137 Alexandrino,
644 2106 742 2132 Acacio
757 2105 916 2134 Caesariensi
931 2107 1006 2135 aliis-

219 2156 272 2183 quc
288 2149 420 2176 Arianica:
442 2149 568 2176 factionis
593 2149 753 2183 praesulibus
775 2151 932 2184 adhmrens,
952 2151 1007 2179 for-

219 2194 299 2220 mula:
309 2194 426 2227 ipsorum
440 2193 500 2221 lidei
516 2194 692 2228 subscripsit;
704 2199 730 2222 et
742 2194 897 2230 Cyriacum,
909 2196 965 2231 qui,
977 2201 1007 2224 ut

220 2239 303 2266 relert
318 2238 453 2266 Palladius
469 2239 518 2275 (b),
535 2239 646 2267 Joannis
657 2239 842 2276 Cltrysostomi
858 2249 948 2268 causa:
960 2250 1006 2276 pa-

219 2285 363 2312 trocinium
392 2290 502 2312 strenue
532 2286 660 2320 suscepit.
689 2287 726 2314 De
755 2286 872 2314 Nemesii
897 2288 1004 2322 quidem

217 2331 364 2366 episcopali
393 2332 456 2360 sede
482 2332 613 2360 Emesena
626 2352 633 2364 ,
654 2337 680 2360 et
697 2333 729 2360 de
748 2338 867 2368 tempore
885 2342 939 2368 quo
959 2334 1006 2362 llo-

204 2377 206 2411 ξ
219 2378 305 2406 ruerit
320 2378 446 2406 dubitant
464 2378 582 2406 nonnulli
599 2389 605 2407 :
621 2380 685 2413 quin
697 2384 723 2406 et
734 2379 837 2407 Cavcus
849 2387 882 2408 eo
897 2387 1005 2414 proces-

203 2414 251 2462 Esit
266 2428 295 2451 ut
311 2424 477 2452 confidenter
491 2425 639 2452 asseruerit
655 2425 700 2460 (c).
719 2425 751 2452 de
762 2424 889 2452 Nemesio
903 2426 1005 2453 incerta

217 2477 276 2496 esse
296 2470 397 2502 omnia,
413 2478 474 2497 cum
491 2471 524 2497 de
541 2477 573 2498 eo
592 2470 671 2505 plane
683 2471 782 2498 sileant
799 2475 914 2498 veteres.
932 2472 966 2499 At
980 2472 1006 2500 id

220 2515 355 2543 immerito
379 2524 445 2544 sane
467 2518 683 2550 pronuntiatum.
703 2518 811 2545 Nullum
833 2519 904 2546 enim
924 2519 1005 2546 dubi-

219 2561 290 2588 tandi
308 2561 396 2588 locum
415 2562 568 2597 relinquunt
583 2562 699 2597 primum
715 2564 834 2590 omnium
851 2564 1004 2599 complures

218 2614 283 2634 mss.
297 2607 415 2640 codices,
430 2608 474 2643 qui
491 2608 548 2636 sive
561 2608 695 2643 integrum
711 2610 827 2636 auctoris
840 2609 924 2637 nostri
937 2617 1004 2645 opus

254 2726 292 2760 (ιι)
312 2726 440 2762 Lequien.
455 2727 503 2754 0r.
520 2727 629 2759 Christ.,
648 2732 713 2756 tom.
727 2727 759 2759 ll,
775 2735 837 2762 pag.
853 2727 916 2754 859.

254 2763 291 2795 (b)
313 2762 415 2797 Pallad.
430 2762 500 2790 Dial.
519 2764 550 2789 de
571 2762 620 2789 Vit.
634 2763 782 2797 Chrysoqu
800 2771 861 2797 pag.
875 2763 934 2791 194.

266 2797 290 2830 c)
310 2797 376 2824 Cav.
395 2796 464 2823 llist.
481 2797 545 2828 litt.,
565 2803 630 2825 tom.
648 2797 667 2829 l,
682 2796 742 2832 pag.
755 2797 818 2824 ‘276.

255 2831 295 2866 (d)
317 2831 424 2858 Naxiut.
443 2832 510 2866 Opp.
536 2837 601 2860 tom.
619 2832 651 2865 ll,
667 2831 728 2868 pag;
743 2833 792 2860 l53
805 2834 870 2860 edit.
885 2833 1006 2862 Combef.

223 2865 307 2894 Paris.
325 2867 401 2894 1674.

235 2867 307 2894 'aris.
325 2867 401 2894 1674.

1058 1924 1148 1955 beant,
1173 1930 1224 1949 non
1241 1921 1327 1949 solum
1347 1919 1464 1948 Nemesii
1483 1927 1580 1947 nomen
1592 1940 1600 1953 ,
1619 1920 1666 1947 sed
1685 1927 1745 1947 eum
1761 1922 1843 1948 etiam

1057 1969 1139 1996 fuisse
1153 1969 1319 2002 episcopum,
1336 1970 1363 1994 et
1378 1967 1483 1994 Emesa:
1500 1966 1607 2000 quidem
1622 1966 1735 1998 sedisse,
1753 1967 1842 2000 palam

1058 2016 1174 2050 produnt
1191 2024 1197 2042 :
1215 2019 1244 2042 ut
1258 2022 1291 2042 ex
1309 2021 1362 2041 uno
1377 2019 1457 2049 atque
1471 2014 1558 2041 altero
1573 2014 1661 2041 indice
1676 2013 1845 2041 Bibliot/zem

1058 2061 1272 2088 bibliothecarum
1281 2061 1519 2095 manuscriptorum
1529 2059 1769 2087 Montlauconiante
1778 2061 1844 2087 satis

1058 2112 1226 2142 compertum
1251 2107 1391 2134 habemus.
1426 2106 1537 2134 Accedit
1568 2110 1697 2140 praeterea
1721 2110 1845 2133 veterum

1058 2154 1221 2188 scriptorum
1251 2153 1497 2181 ecelesiasticorum
1532 2151 1696 2183 auctoritas.
1733 2151 1842 2178 Maximi

1057 2200 1222 2227 confessoris
1234 2204 1261 2227 et
1274 2199 1408 2226 Anastasii
1424 2198 1544 2230 Sinaitm,
1568 2205 1671 2226 necnon
1688 2197 1768 2225 Mosis
1781 2197 1844 2224 Bar-

1057 2246 1173 2281 Ccphm;
1188 2254 1301 2280 quorum
1320 2246 1356 2272 illi
1373 2245 1471 2272 smeulo
1489 2252 1536 2277 vn,
1556 2244 1600 2272 hic
1621 2249 1708 2272 autem
1727 2252 1755 2271 ix
1771 2243 1846 2270 desi-

1058 2298 1138 2320 nente
1153 2292 1285 2319 claruisse
1302 2291 1488 2325 perhibentur.
1504 2290 1536 2317 Et
1552 2290 1683 2317 Maximus
1696 2289 1803 2325 quidem
1818 2289 1844 2316 in

1059 2337 1200 2372 Opusculis
1218 2337 1369 2371 tlteologicis
1389 2341 1412 2363 et
1437 2336 1569 2370 palemicis
1587 2336 1640 2363 duo
1663 2335 1721 2362 loca
1744 2334 1847 2368 profert

1059 2382 1234 2414 Nemcsiana,
1252 2389 1310 2415 qiue
1330 2381 1370 2408 sic
1387 2381 1510 2408 inscribit
1532 2381 1571 2416 (ά)
1591 2391 1597 2408 ;
1624 2381 1676 2408 Τοῦ
1699 2381 1777 2415 ἁγίου
1794 2381 1847 2407 Νε-

1060 2427 1153 2462 μεαίου
1170 2427 1319 2454 ἐπισκόπου
1350 2427 1476 2461 Ἐμέσης,
1496 2427 1586 2454 Sancti
1604 2426 1720 2454 Nemesii
1735 2425 1846 2460 episcopi

1059 2473 1189 2502 Emeseui.
1211 2473 1302 2507 Neque
1322 2473 1400 2500 aliter
1422 2474 1581 2500 Anastasius
1601 2473 1718 2505 Sinaita,
1744 2473 1788 2507 qui
1814 2480 1845 2499 cx

1058 2519 1175 2547 Nemesii
1188 2527 1270 2553 opere
1283 2519 1336 2546 duo
1353 2519 1415 2546 item
1431 2525 1558 2553 excerpta
1574 2520 1642 2547 bene
1655 2519 1734 2553 longa
1750 2519 1775 2545 in
1790 2526 1845 2545 me-

1059 2565 1131 2592 dium
1149 2565 1285 2592 adducens
1301 2565 1346 2600 (e),
1358 2565 1472 2592 alterum
1490 2565 1525 2592 De
1537 2565 1698 2600 providentia
1716 2565 1759 2600 (Ι),
1777 2564 1840 2590 alte-

1061 2618 1120 2638 rum
1137 2610 1175 2638 De
1195 2615 1292 2638 natura
1308 2611 1421 2638 hominis
1433 2610 1470 2646 (g)
1481 2619 1488 2644 ;
1500 2618 1531 2638 ea
1547 2618 1576 2638 se
1588 2610 1762 2645 descripsisse
1779 2615 1842 2643 pro-

1093 2730 1127 2765 (ε)
1148 2730 1243 2758 Anast.
1255 2730 1325 2762 Sin.,
1337 2729 1448 2763 Quaestt.
1465 2738 1530 2758 xvut
1541 2735 1567 2757 et
1581 2737 1651 2757 μιν.
1661 2728 1729 2764 Opp.
1739 2728 1843 2760 Creta.

1059 2769 1124 2792 tom.
1143 2765 1211 2798 XIV,
1227 2771 1296 2800 part.
1313 2773 1341 2795 ll.
1363 2773 1423 2800 pag.
1440 2765 1504 2798 270,
1517 2766 1579 2792 294.

1095 2800 1128 2834 (Ῑ)
1150 2801 1254 2828 Nemes.
1273 2800 1308 2826 De
1324 2806 1379 2826 nat.
1392 2802 1477 2836 nam”
1496 2809 1554 2836 cap.
1570 2800 1612 2826 Η.

1095 2836 1133 2870 (φ)
1155 2836 1191 2862 Μ.
1213 2836 1289 2866 ima.
1311 2843 1370 2869 cap.
1388 2835 1412 2862 ι.
