2080 3156
231 181 280 210 481

925 178 1191 206 PROLEGOMENA.

1811 181 1863 210 asa

230 241 320 268 litetur
333 246 365 266 ex
379 237 502 265 Nemeaio
518 238 637 271 episcopo
653 237 790 271 It'meseuu,
805 237 941 273 Νεμεσίου
957 238 1019 263 ὲπι-
1034 240 1055 267 Α
1072 238 1188 264 omittat.
1214 238 1253 264 Ad
1277 238 1332 265 lucc
1353 239 1454 265 nullum
1482 244 1615 267 memorat
1636 245 1792 273 auctorem,
1814 242 1860 275 qui

231 287 331 313 σκόπου
359 283 487 320 Ἐμέσης.
513 283 601 311 Moses
627 291 691 311 vero
710 283 868 319 -Bar-Ccpha
894 288 1020 311 nonnulla

229 341 262 359 ex
281 331 375 359 eodem
393 338 475 366 opere
489 330 570 357 verba
587 329 717 361 recitans.
738 329 889 357 Nemesium
905 329 1021 365 philoso-

229 378 310 412 phum
321 375 508 404 Christianum
524 375 645 401 nominat
662 374 712 410 (α),
731 375 821 409 operis
837 375 926 409 potius
939 382 1021 409 argn-

229 427 350 450 mcntum
367 422 489 453 scilicet,
506 428 587 455 quam
612 422 732 448 auctoris
757 420 916 455 dignitatem
934 420 1020 454 reSpi-

229 469 315 496 ciens.
334 467 461 495 Praasulis
476 467 583 494 demum
605 467 689 493 nostri
707 466 848 498 meminit,
866 466 959 492 eadem
979 465 1021 492 in-

230 515 378 549 scriptione
390 520 456 540 usus
470 520 523 547 qua
536 511 670 538 Maximus
680 516 707 538 et
719 511 891 542 Anastasius,
905 510 1021 544 scriptor

229 566 379 594 anonymns
394 558 463 593 apud
481 557 713 584 Moutfauconium
729 557 765 592 (ιι)
782 557 871 584 adhuc
889 556 1018 587 ineditus,

230 607 256 632 in
271 605 379 640 Eclogis
399 604 494 631 ordine
516 603 688 638 alphabetico
712 603 834 637 digestis,
852 610 912 636 qua:
932 610 946 628 a
965 601 1021 628 Pa-

228 650 329 678 rallelir
346 649 547 677 Damascenicis
565 648 703 676 dillerunt.
723 648 762 675 Ex
782 649 880 683 quibus
897 655 961 682 ergo
978 648 1020 674 in-

230 697 350 732 telligas,
369 701 478 724 rectene
497 704 530 722 an
547 703 640 728 secus,
659 695 692 722 de
716 700 827 722 auctore
850 700 942 723 nostro
967 694 1020 722 Ca-

228 751 294 770 vcus
309 743 410 778 a'liiqnc
426 742 592 770 censuerint.

263 817 295 844 11.
317 816 414 843 Verum
431 821 460 844 ut
476 823 508 844 ea
523 817 615 844 denuo
632 817 717 852 magis
740 817 938 844 confirmentur
961 825 1020 851 qua:

229 863 352 898 superius
381 863 471 890 obiter
503 868 564 898 post
592 863 768 898 Leqnienium
800 863 960 898 attigimus,
987 863 1020 889 de

1072 287 1133 316 post
1152 283 1448 317 quadringentesimum
1475 292 1489 311 a
1517 285 1626 313 Christo
1649 295 1748 313 annum
1775 287 1862 314 incla-

1074 329 1167 355 ruerit.
1189 328 1285 356 Omnia
1300 329 1408 356 demum
1426 330 1451 356 in
1468 334 1579 358 auctore
1596 337 1689 359 nostro
1704 332 1726 359 si
1741 332 1860 368 penitins

1073 374 1307 409 introspiciantur,
1325 382 1376 402 non
1392 376 1507 403 suadere
1521 377 1617 409 solum,
1636 378 1682 404 sed
1699 378 1780 405 etiam
1796 386 1860 414 per-

1072 421 1187 448 Suadere
1209 420 1346 454 videntur,
1372 421 1470 449 seculo
1491 429 1518 449 ιν
1537 422 1677 450 desinente
1697 423 1783 458 ipsum
1811 424 1860 450 llo-

1074 473 1169 493 l'lllSSC.

1106 541 1149 568 ΙΙΙ.
1169 540 1261 576 Neque
1281 546 1370 568 tamen
1397 546 1539 577 propterea
1564 550 1624 570 cum
1648 543 1796 578 chnienio
1818 545 1860 570 af-

1073 588 1182 615 firmare
1204 588 1302 619 ausim,
1317 587 1472 615 Nemesium
1494 593 1616 615 nostrum
1634 588 1733 616 Basilio
1750 595 1772 615 et
1799 588 1863 616 Gn:-

1071 634 1144 668 gorio
1167 633 1340 660 Nazianzeno
1360 634 1478 660 amicitia
1498 633 1743 668 conjunctiuimum
1768 635 1862 668 fuisse,

1070 679 1113 704 cui
1125 685 1224 712 nempe,
1237 678 1333 713 inquit,
1346 678 1519 705 Philocaliam
1532 687 1605 705 suam
1619 685 1801 713 nuncuparunt
1820 680 1862 715 (1).

1071 724 1149 750 Aliud
1173 725 1301 751 nimirum
1325 724 1420 758 agebat
1446 732 1471 750 v.
1493 731 1518 751 c.
1545 724 1608 751 dum
1630 724 1688 752 inec
1723 725 1862 753 scriberet.

1071 769 1162 804 Neque
1177 770 1248 797 enim
1267 769 1390 797 Nemesio
1406 770 1549 803 Emeseno,
1567 770 1614 797 sed
1636 769 1780 797 Theodoro
1795 771 1864 807 Tya~

1071 817 1148 844 nensi
1164 817 1292 852 episcopo
1311 824 1325 843 a
1349 816 1450 843 Basilio
1472 821 1499 844 et
1512 816 1644 851 Gregorio
1661 816 1745 844 fuisse
1768 818 1865 844 inscri-

1071 867 1155 896 ptam,
1172 862 1212 888 vel
1235 862 1324 896 potius
1347 862 1380 889 ad
1397 862 1469 889 hunc
1488 862 1647 897 simpliciter
1665 863 1775 889 missam
1797 862 1863 890 ΡΙιὶ-

230 916 350 944 tempore
365 916 419 944 quo
439 909 465 936 in
489 910 618 936 cathedra
638 909 771 936 Einesena
799 909 899 936 sederit
924 908 1019 935 Neme-
1037 919 1057 946 Β
1071 907 1194 934 Iocaliam
1211 908 1413 943 Origeuianam,
1432 916 1466 936 ex
1483 910 1576 936 eodem
1597 908 1771 936 Na-zianzeno
1786 910 1864 936 intcl-

229 954 302 987 sius;
323 954 471 981 observare
491 954 607 988 primum
621 953 723 988 iuverit
739 962 800 981 cum
818 954 922 982 editore
945 953 1017 981 Oxu-

229 1000 335 1032 nicnsi,
353 1000 501 1027 antistitem
527 1004 650 1027 nostrum
669 1007 700 1027 ea
725 1004 887 1035 tempestate
908 1001 1016 1033 vixisse,

229 1054 283 1082 qua
301 1046 427 1074 Ecclesia:
447 1051 540 1080 pacem
557 1045 703 1073 turbabant
717 1045 910 1081 Apollinarius,
926 1045 1017 1072 [iuno--

229 1093 300 1120 mius
324 1096 405 1126 atque
424 1091 597 1126 Origenistze.
620 1091 653 1118 Et
673 1092 706 1119 de
721 1091 889 1126 Apollinario
910 1092 1017 1126 quidem

228 1139 309 1167 verba
336 1138 439 1166 faciens
467 1137 610 1165 Nemesius
637 1139 688 1165 sub
710 1138 806 1173 'operis
830 1137 937 1165 initium
967 1137 1015 1174 (ο),

228 1186 317 1221 ipsum
339 1185 467 1219 deinceps
492 1185 614 1212 studiose
637 1185 737 1212 refellit
757 1185 807 1220 (ά).
835 1185 905 1213 Alibi
929 1191 1018 1213 autem

229 1237 323 1260 contra
351 1231 513 1258 Eunomium
537 1231 625 1266 palam
648 1231 767 1265 disputat
792 1231 845 1266 (e);
873 1239 952 1266 quem
979 1233 1020 1258 ni—

231 1278 328 1304 mirum
349 1285 363 1303 a
380 1277 523 1311 prmcipuis
540 1277 627 1311 quarti
651 1277 742 1304 saeculi
760 1277 888 1305 Ecclesia:
904 1278 1020 1312 scripto-

232 1323 319 1355 ribus,
338 1321 437 1349 Basilio
449 1323 598 1357 praasertim
614 1327 641 1350 et
657 1328 770 1357 utroque
782 1322 924 1358 Gregorio,
937 1323 1020 1350 fuisse

231 1370 414 1403 impugnatum
426 1375 505 1395 nemo
519 1369 616 1395 nescit.
638 1368 852 1403 Origenistarum
867 1374 956 1396 autem
979 1369 1021 1396 in-

230 1414 334 1440 somnia
344 1413 377 1439 de
386 1413 537 1440 animarum
552 1413 681 1440 descensu
690 1421 721 1440 ac
734 1414 970 1448 transmigratione
981 1419 1021 1441 Ia-

230 1459 282 1485 cite
290 1459 593 1493 primum,postmodum
609 1466 671 1486 vero
679 1460 849 1494 apertissime
862 1461 1018 1496 respuit-(1).

231 1505 306 1537 Quod
327 1504 349 1531 si
375 1503 522 1531 Nemesius
556 1504 619 1531 dum
651 1505 794 1531 creationis
826 1513 893 1538 opus
921 1513 1020 1532 secun-

232 1550 295 1576 dum
312 1550 516 1584 Scripturarum
529 1549 634 1584 eloquia
649 1557 778 1577 enarrare
792 1552 901 1585 satagit,
917 1551 1021 1578 anima-

1069 955 1175 990 ligimus
1192 954 1249 991 (m).
1268 955 1325 982 Sub
1339 955 1410 981 idem
1424 958 1533 990 tempus
1550 955 1689 982 enimvero
1704 955 1752 982 fuit
1769 955 1865 983 Neme-

1069 1000 1125 1028 sius
1141 1001 1250 1035 quidam
1266 1000 1389 1035 Gregorii
1407 1000 1573 1028 Nazianzeni
1589 1001 1743 1032 familiaris,
1759 1002 1865 1036 Cappa-

1071 1047 1155 1074 docia:
1175 1046 1319 1081 praefectus
1339 1052 1420 1081 atque
1436 1055 1449 1074 a
1465 1047 1573 1074 Christo
1587 1047 1691 1075 alienus
1703 1067 1710 1079 ,
1733 1049 1766 1075 ad
1783 1055 1864 1082 quem

1069 1097 1306 1128 exstantquatuor
1329 1093 1450 1128 ejusdem
1477 1093 1642 1121 Nazianzeni
1669 1094 1790 1127 epistola:
1811 1094 1864 1130 (η),

1070 1144 1096 1166 et
1113 1146 1222 1165 carmen
1237 1138 1303 1166 satis
1315 1139 1452 1172 prolixum
1467 1138 1505 1174 (ο)
1520 1147 1573 1173 quo
1595 1139 1629 1166 ab
1643 1139 1805 1168 idololatriae
1823 1148 1866 1167 va-

1072 1184 1159 1211 nitate
1176 1185 1264 1219 ipsum
1286 1192 1400 1212 avocare
1414 1185 1504 1211 studet
1519 1193 1526 1212 :
1541 1193 1620 1220 quem
1636 1190 1724 1213 tamen
1738 1187 1771 1212 ab
1785 1186 1866 1213 Emc-

1071 1237 1136 1257 seno
1155 1230 1374 1265 distinguendum
1391 1237 1450 1257 esse
1471 1229 1612 1257 Fabricius
1630 1230 1668 1266 (p)
1687 1231 1786 1266 aliique
1804 1239 1867 1259 con-

1072 1277 1197 1303 tendunt.
1212 1276 1292 1310 Atqni
1310 1276 1380 1303 haud
1401 1276 1481 1310 longe
1498 1283 1513 1302 a
1533 1284 1596 1303 vero
1609 1278 1703 1304 abesse
1720 1282 1794 1311 putat
1811 1278 1865 1305 'l'il-

1072 1322 1217 1349 lemontius
1229 1322 1280 1357 (q),
1294 1323 1316 1349 si
1332 1323 1393 1357 quis
1407 1322 1561 1349 Nemcsiuin
1575 1322 1737 1350 Nazianzeni
1750 1324 1866 1351 amicum

1071 1368 1117 1402 qui
1131 1367 1309 1403 Cappadociae
1325 1368 1481 1403 praefectum
1496 1368 1613 1403 agebat,
1629 1368 1690 1395 libri
1706 1367 1745 1394 De
1768 1374 1865 1396 natura

1072 1413 1184 1440 hominis
1198 1418 1335 1440 auctorem
1350 1413 1498 1440 existimet.
1516 1412 1601 1446 Quam
1620 1421 1686 1440 sane
1699 1414 1861 1441 sententiam

1073 1459 1108 1485 ita
1124 1458 1273 1486 luculenter
1288 1458 1397 1493 exponit
1410 1459 1498 1486 editor
1513 1458 1674 1486 Oxoniensis
1691 1458 1726 1494 (r)
1753 1467 1759 1484 ε
1785 1468 1794 1484 ι
1813 1459 1866 1486 Bil—

1073 1504 1150 1538 1ἰιιε,ι
1161 1505 1259 1540 inquit,
1277 1514 1286 1530 ι
1302 1511 1328 1532 et
1340 1505 1385 1532 alii
1397 1505 1517 1532 nonnulli
1532 1505 1645 1532 minime
1658 1505 1805 1532 verisimile
1816 1514 1866 1541 pu-

1074 1554 1142 1582 tant,
1158 1551 1336 1585 Cappadociae
1352 1551 1524 1585 prtefectum,
1538 1551 1674 1578 hominem
1687 1551 1778 1578 saeculi
1793 1553 1867 1579 curis

231 1603 290 1622 rum
306 1595 548 1630 prmexsistentiam
567 1596 663 1623 doceat
677 1595 730 1631 (g),
742 1604 804 1624 eum
817 1597 924 1624 demum
942 1604 1020 1624 secu-
1035 1592 1057 1620 C
1074 1595 1210 1622 addictum
1225 1600 1253 1622 et
1268 1603 1284 1622 a
1307 1596 1464 1623 Christiana
1479 1596 1579 1631 pietate
1595 1597 1724 1629 alienum,
1743 1602 1790 1624 aut
1805 1599 1864 1632 epi-

233 1642 288 1668 rius
308 1641 392 1668 fuisse
413 1641 543 1673 loculum,
561 1646 590 1668 ul
612 1641 703 1676 phrasi
728 1641 925 1677 Augustiniana
949 1647 1021 1674 utar,

230 1688 444 1716 existimaverim
464 1687 605 1721 equidem;
625 1695 685 1714 cum
713 1688 864 1722 prmsertim
881 1693 907 1716 et
922 1695 955 1715 eo
979 1696 1022 1715 ve-

232 1735 360 1761 tustiores
377 1733 471 1761 Patres
488 1734 523 1760 ita
548 1741 655 1767 (pioque
679 1732 780 1760 fuerint
801 1734 896 1764 locuti,
918 1733 1023 1761 Pierius

231 1781 428 1808 Alexandrinus
441 1780 492 1815 (Ιι),
515 1779 667 1806 liiethodius
680 1779 710 1814 (ἱ)
725 1779 833 1814 aliique.
849 1779 936 1806 Aliter
951 1780 1021 1806 enim

232 1825 324 1860 procul
337 1825 418 1853 dubio
438 1825 588 1852 censuisset
605 1829 696 1851 noster
711 1829 815 1856 auctor,
833 1832 864 1850 ac
879 1825 1023 1860 προϋπάρ-

233 1871 300 1903 ξεως
322 1871 418 1905 dogma
437 1870 633 1905 Origeniannm
658 1871 852 1905 iinpugnasset,
871 1872 892 1898 si
918 1879 1024 1906 perspe-

234 1922 309 1944 ctum
345 1917 487 1944 liabuissu
526 1917 679 1950 huiusmodi
712 1917 801 1951 magni
833 1917 931 1944 Leonis
959 1916 1024 1944 cll‘a-

233 1968 288 1990 tum
301 1963 334 1997 (j)
354 1972 361 1990 :
377 1962 513 1989 Catholica
527 1963 603 1997 ﬁdes,
622 1963 719 1998 inquit,
733 1968 884 1990 constanter
896 1964 1023 1997 pra'dicat

233 2014 311 2043 atque
333 2010 469 2041 veraciter,
489 2009 559 2044 quod
574 2009 670 2036 anian
691 2009 836 2041 hominum,
870 2010 1024 2044 priusquam

233 2055 426 2089 impirarentur
439 2056 600 2087 corporibus,
625 2063 675 2082 non
696 2055 776 2090 fuere,
793 2064 838 2082 nec
852 2056 885 2082 ab
909 2056 962 2082 alio
985 2057 1025 2082 in-

234 2105 408 2134 corporantur
434 2101 484 2127 nisi
506 2103 537 2127 ab
554 2101 646 2135 opiﬁce
663 2101 725 2133 Deo,
748 2102 791 2136 qui
808 2107 830 2128 et
847 2103 964 2133 ipsarum
986 2108 1022 2128 est

234 2152 337 2173 creator
355 2152 379 2174 et
402 2155 552 2181 corporum.
574 2147 775 2174 Advcrtendum
798 2153 927 2181 praeterea
955 2148 1024 2174 scri-

235 2193 321 2227 psisse
343 2192 496 2220 Nemesium
527 2198 588 2220 ante
615 2192 730 2220 Nestorii
760 2197 840 2227 atque
868 2193 1024 2229 Eutychetis

236 2242 367 2272 tempora,
380 2244 409 2266 ut
424 2238 544 2273 pluribus
556 2239 645 2273 arguit
656 2237 744 2266 editor
756 2238 919 2266 Oxoniensis
937 2248 943 2266 :
958 2239 1021 2273 quin

1075 1648 1187 1675 scopum
1209 1640 1278 1673 fieri,
1294 1645 1341 1667 aut
1362 1640 1462 1668 librum
1479 1641 1631 1668 istiusmodi
1649 1642 1736 1676 qualis
1756 1643 1799 1670 hie
1817 1651 1866 1670 no—

1074 1691 1130 1714 ster
1143 1690 1184 1713 est
1199 1687 1244 1721 qui
1259 1694 1315 1722 pra:
1329 1687 1453 1714 manibus
1471 1687 1597 1720 habetur,
1616 1688 1768 1721 Scripsisse.
1788 1688 1864 1722 Quml

1076 1738 1166 1760 autem
1187 1734 1220 1760 ad
1246 1734 1436 1768 praefecturam
1463 1735 1561 1761 attinet
1584 1739 1611 1761 et
1633 1742 1730 1761 nomen
1758 1734 1868 1762 Christo

1077 1780 1196 1807 nondum
1212 1780 1315 1814 datum,
1332 1780 1411 1808 facile
1425 1781 1478 1807 erit
1499 1788 1646 1815 reponere;
1663 1789 1718 1807 rem
1734 1788 1793 1808 eam
1816 1789 1867 1807 non

1075 1826 1142 1853 adeo
1158 1826 1344 1854 incredibilem
1359 1826 1444 1853 videri
1465 1827 1498 1854 iis
1513 1827 1558 1861 qui
1577 1827 1711 1859 noverint,
1727 1827 1820 1862 quales
1837 1835 1869 1854 ro

1076 1869 1134 1903 ipso
1158 1869 1185 1896 in
1214 1871 1315 1897 smcnlo
1338 1865 1452 1898 fuerunt
1472 1871 1650 1903 Ambrosius,
1674 1871 1815 1898 Nectarins
1841 1877 1869 1898 ct

1077 1914 1225 1950 Syuesius,
1250 1923 1312 1942 cum
1332 1916 1365 1941 ad
1385 1916 1463 1943 sedes
1481 1924 1544 1943 suas
1562 1921 1796 1950 promovet-catur.
1814 1916 1869 1943 Nec

1076 1965 1150 1988 certe
1167 1960 1307 1988 Nemesius
1325 1966 1419 1988 noster
1434 1961 1521 1988 sacris
1539 1961 1632 1989 infulis
1648 1962 1774 1997 indignus
1790 1970 1869 1996 pror-

1077 2014 1123 2034 sus
1139 2007 1291 2040 habebitur,
1310 2007 1354 2042 qui
1381 2015 1396 2034 a
1420 2007 1558 2042 'l‘hcologo
1583 2008 1725 2042 Gregorio,
1752 2009 1868 2043 philoso-

1076 2054 1154 2087 p/iim,
1175 2054 1322 2089 probitatis,
1334 2055 1460 2088 jus/itiaz,
1479 2056 1603 2082 amicitim
1621 2056 1729 2082 demum
1747 2056 1868 2088 nomine,

1080 2106 1131 2125 nOn
1161 2100 1241 2127 modo
1267 2100 1384 2132 laudari,
1407 2102 1452 2127 sed
1477 2108 1537 2127 cum
1558 2102 1732 2129 veneratione
1753 2102 1868 2136 quadam

1078 2145 1177 2179 suspici
1192 2151 1272 2179 atque
1289 2145 1341 2172 coli
1365 2151 1500 2174 meruerat
1521 2156 1528 2173 :
1549 2154 1629 2180 quem
1644 2147 1725 2173 etiam
1740 2152 1870 2181 utcunque

1078 2189 1139 2215 olim
1155 2190 1349 2221 charissimam,
1369 2190 1451 2225 magis
1465 2191 1608 2217 etiamnum
1622 2191 1730 2217 (harum
1751 2191 1871 2224 futurum

1078 2235 1185 2269 ejusque
1201 2236 1287 2262 animo
1302 2236 1405 2269 penitus
1428 2243 1473 2262 ceu
1492 2236 1615 2262 columna
1640 2244 1707 2262 turea
1726 2237 1870 2262 inscriben—

234 2289 264 2311 et
279 2289 342 2311 ante
355 2284 503 2320 Pelagium,
524 2293 584 2312 cum
601 2286 626 2311 in
641 2285 743 2319 prolixa
757 2285 790 2311 de
807 2284 890 2312 libero
909 2285 1020 2311 arbitrio

1084 2281 1147 2306 dum
1168 2281 1281 2314 spondet
1305 2281 1351 2317 (ε),
1370 2281 1464 2316 ἐπειδὴ
1486 2281 1518 2308 ἂν
1533 2282 1612 2316 γένῃ,
1631 2281 1699 2308 Θεοῦ
1715 2282 1760 2307 καὶ
1779 2280 1871 2314 σαφῶς

234 2329 417 2365 disputatione
445 2331 482 2366 (It)
510 2331 698 2367 Pelagianismi
724 2332 888 2358 mentionem
914 2339 1026 2366 prorsus

237 2483 307 2546 15%)
327 2483 414 2511 Moses
428 2483 470 2515 Β..
496 2483 532 2510 De
550 2484 656 2518 parcnt,
680 2490 739 2518 pag.
759 2481 792 2509 55
805 2481 868 2508 edit.
886 2482 1023 2516 Atthcrp.

272 2539 315 2587 (Ei
333 2554 477 2581 Montl'auc.
493 2553 562 2581 Bibl.
581 2552 676 2584 (.‘oisl.,
694 2551 829 2587 ρημιε.

274 2589 307 2624 (ε)
329 2588 436 2616 Nemes.
453 2588 491 2616 De
508 2592 562 2615 nat.
581 2588 664 2620 hom.,
678 2595 738 2622 cap.
755 2588 778 2614 1.

272 2625 310 2660 (d)
330 2624 368 2660 id.
383 2624 460 2660 ibid.,
478 2631 539 2658 cap.
554 2624 582 2660 ἓ.

284 2661 309 2695 e)
330 2659 367 2687 Id.
390 2659 539 2693 ibid.,cap.
557 2659 582 2695 ξ).

287 2693 308 2729 ἶ)
328 2695 367 2721 Id.
383 2694 460 2726 ibid.,
481 2702 541 2727 cap.
557 2694 584 2726 2,
603 2693 629 2720 5.

285 2730 310 2767 μὶ
326 2729 365 2767 |_d.
378 2729 455 2767 ibid.,
474 2737 533 2763 cap.
550 2728 583 2767 9.
602 2763 629 2767 Ν
700 2761 728 2767 m

237 2761 310 2827 28gb)
331 2764 402 2792 Pier.
420 2761 584 2799 Alexﬂapud
601 2763 682 2790 Phot.
697 2761 766 2788 Bibl.
785 2764 848 2791 cod.
862 2770 937 2794 cxix,
962 2771 1022 2797 pag.

274 2835 303 2870 (ἱ)
324 2834 563 2870 Μθιῑιούηρυῃυὶυ.
578 2833 644 2869 virg.
664 2836 734 2860 orat.
750 2839 780 2864 tl,
797 2831 853 2867 §5.
872 2831 915 2867 [T.
942 2831 1022 2859 Χνιιι

239 2876 338 2898 nostra:
352 2870 422 2896 Bibl.
441 2869 511 2904 PP.]

275 2905 307 2940 U)
329 2905 380 2933 [ιε-υ
404 2905 428 2936 l,
446 2901 523 2939 epist.
542 2912 585 2936 xv,
602 2904 634 2931 ad
657 2902 778 2934 Turrih.,
796 2910 856 2937 cap.
879 2902 925 2935 10,
941 2901 1010 2936 Opp.

1080 2327 1228 2364 ἠμέτερος-
1246 2329 1359 2361 scilicet,
1377 2337 1438 2355 cum
1453 2329 1545 2363 pietati
1561 2329 1724 2356 Christiana:
1738 2336 1766 2355 se
1784 2333 1868 2355 totum

1080 2487 1146 2510 tom.
1159 2481 1179 2514 1,
1194 2490 1254 2516 pag.
1273 2482 1324 2509 705
1339 2484 1403 2510 edit.
1419 2483 1516 2510 Ballcr.

1114 2517 1151 2551 (k)
1173 2517 1291 2550 Nelnes.,
1305 2526 1366 2552 cap.
1382 2518 1426 2551 59,
1442 2518 1486 2550 40,
1505 2518 1549 2544 Μ.

1127 2552 1144 2587 ι)
1163 2552 1294 2586 Lequien.
1311 2551 1357 2579 0r.
1381 2553 1490 2584 Clario!"
1507 2557 1571 2580 tom.
1590 2552 1621 2584 ll,
1639 2560 1700 2587 pag.
1719 2551 1782 2579 840.

1127 2589 1162 2619 m)
1183 2587 1263 2622 Greg.
1284 2587 1348 2614 Naz.
1363 2589 1441 2623 epist.
1457 2596 1566 2615 Lxxxvn
1583 2587 1675 2623 [nilne
1693 2588 1765 2623 cn].

1126 2623 1152 2657 η)
1174 2623 1210 2649 Id.
1235 2623 1314 2657 epist.
1343 2622 1387 2654 79.
1413 2623 1475 2656 l85,
1503 2623 1562 2655 184,
1584 2622 1639 2650 185
1664 2622 1755 2657 [nunc
1781 2629 1871 2656 cxcn',

1078 2657 1189 2694 cx'cvul,
1199 2665 1245 2694 cc,
1264 2666 1304 2686 CCI
1321 2657 1342 2694 ].

1081 2693 1163 2764 Η)ςῖιῆ
1176 2693 1215 2720 Id.
1231 2692 1380 2721 carmﬁul
1403 2693 1499 2730 [nunc
1523 2700 1571 2725 vn,
1589 2692 1635 2720 lib.
1654 2700 1683 2726 ιι,
1703 2697 1771 2719 sect.
1792 2693 1820 2723 2,
1845 2701 1872 2726 p.

1114 2762 1162 2807 (pf
1174 2763 1376 2807 ξιέ)ι·ἰςλ,ιξίὺ1.
1402 2762 1449 2790 Gr.
1474 2768 1539 2791 tom.
1564 2763 1618 2796 VII,
1646 2771 1705 2798 pag.
1725 2763 1787 2790 549.
1809 2762 1871 2797 [ΕΛ.

1080 2799 1174 2826 ilarles
1187 2798 1232 2830 lX,
1250 2798 1330 2834 504.]

1114 2835 1151 2867 (ᾳ)
1172 2833 1363 2869 'l‘illent..llém.
1390 2834 1464 2865 ραι..
1496 2839 1561 2861 ιοιη.
1581 2832 1626 2866 IX,
1645 2842 1706 2869 pag.
1724 2833 1787 2866 541,
1806 2831 1869 2860 607-

1116 2870 1150 2903 (r)
1169 2868 1255 2895 Oxon.
1270 2869 1377 2896 I‘ra'fat.
1395 2871 1427 2896 ad
1445 2870 1550 2897 Neines.
1567 2877 1627 2904 pag.
1645 2868 1675 2895 κ’.

1117 2906 1152 2939 (ε)
1174 2904 1245 2939 Οινε
1276 2904 1339 2931 Naz.
1355 2906 1434 2940 epist.
1452 2902 1666 2940 ct.uxtv‘[nunc
1679 2902 1734 2938 cc].
