2080 3156
190 168 244 195 485
683 195 687 198 ,
882 169 1148 197 intueamur-xit.
1777 179 1823 206 μη

190 225 375 253 Schroeckhio
395 226 443 260 (ιι),
462 225 573 252 summis
593 226 672 257 viris,
698 218 795 253 isthic
808 247 814 258 ,
840 233 867 253 ut
893 232 954 253 nuta
967 247 973 258 ,
1002 228 1229 261 prwtermulch
1247 230 1377 264 judicdti.
1399 232 1491 260 Solum
1511 234 1561 261 hoc
1581 243 1653 266 uoto,
1677 245 1718 261 me
1738 237 1779 262 tul
1792 245 1822 262 ns

189 272 330 300 codicibus
344 272 522 307 Augustanis,
543 273 648 300 duobus
664 273 862 301 Dresdensibus
873 294 880 306 ,
897 274 1064 308 totidemque
1080 275 1334 311 ltionachicnsibus,
1348 286 1380 306 ac
1396 285 1525 313 pra'tcrea
1540 281 1644 308 duabus
1661 282 1757 316 priscis
1770 282 1823 310 (lo-

191 319 269 345 nonis
284 324 311 345 et
325 318 406 345 Vallzc
423 318 526 346 Latinis
541 319 712 346 versionibus
729 319 890 347 instructum
908 320 941 347 ad
959 321 1029 348 hanc
1044 321 1190 349 editionem
1206 324 1366 351 accessisse.
1382 325 1428 352 llis
1448 329 1540 352 autem
1563 327 1659 361 copiis,
1679 327 1712 354 de
1727 329 1823 362 quibus

189 366 268 400 paulo
284 366 398 394 inferius
419 366 474 394 dixi
490 366 581 400 latius,
595 366 630 393 ita
650 374 713 394 usus
730 375 800 400 sum,
822 372 851 394 ut
868 373 978 400 textum,
1000 376 1079 403 quem
1098 375 1205 402 vocant,
1220 370 1352 403 Graecum,
1373 373 1406 398 ab
1424 373 1561 400 Ellebodio
1574 381 1606 400 ex
1623 374 1729 402 duobtts
1747 375 1822 400 Valde

190 413 295 441 vitiosis
312 414 451 441 codicibus
469 414 586 446 editum,
612 414 735 449 adeoque
751 415 843 442 multis
859 415 885 442 in
907 415 974 442 locis
1000 422 1174 451 corruptum,
1192 417 1226 444 ab
1246 417 1352 445 editorc
1367 418 1514 446 Oxoniensi
1540 427 1603 447 vero
1619 421 1663 447 vix
1678 420 1822 455 qltinquies

187 466 352 491 correctum,
368 467 498 496 quantum
515 461 572 489 fieri
590 466 681 496 posset
695 482 702 494 ,
724 463 939 490 emendatiorem
962 463 1080 490 ederem.
1098 464 1134 490 Eo
1148 472 1213 499 ergo
1228 469 1332 499 spectat
1347 466 1609 494 animadversionum
1625 474 1743 494 mearum
1761 474 1825 500 pars

189 507 319 534 maxima.
337 507 370 535 Ut
384 513 473 534 autent
490 508 605 536 lectores
619 508 732 541 scirent,
748 508 811 543 quid
838 509 864 535 in
880 513 1008 543 perpetua
1030 510 1155 538 oratione
1170 511 1330 538 mutavcrim
1347 516 1374 538 et
1389 513 1566 545 correxerint,
1581 520 1640 539 eam
1663 513 1697 540 ob
1713 521 1822 539 causam

189 554 288 588 ubique
302 559 365 580 ante
379 553 628 582 animadversiones
644 561 718 581 meas
732 554 822 581 notavi
839 554 969 582 lectiones
985 554 1116 582 Ellebodii
1133 563 1147 582 a
1165 556 1231 583 meis
1246 556 1441 591 discrepantes.
1460 556 1497 584 De
1510 557 1622 591 singulis
1635 558 1770 585 vocabulis
1789 566 1820 583 at:

187 600 284 626 formis
302 600 408 627 (licendi
425 608 489 631 non,
503 600 554 627 nisi
572 601 616 627 ubi
634 607 744 628 necesse
761 600 830 632 fuit,
849 601 960 633 monui;
978 609 1039 628 nam
1060 602 1167 629 dicendi
1183 610 1267 637 genus
1280 602 1414 634 Nemcsii,
1431 603 1458 630 iu
1487 608 1559 630 tanta
1580 603 1661 630 ctiam
1689 611 1779 630 rerum
1797 611 1824 631 ιιι

187 647 386 674 sententiarum
404 646 553 673 subtilitate
569 653 596 673 et
618 646 782 680 dillieultate,
801 646 834 674 ad
851 646 1054 681 intelligendum
1084 643 1161 674 valde
1185 652 1226 674 cst
1244 652 1365 682 apertum
1383 651 1463 681 atque
1482 648 1648 683 expeditum.
1667 647 1823 675 Priscorum

187 695 259 721 enim
276 694 428 728 sapientum
445 693 560 727 quilibet
583 693 819 729 ingeniosissimus
833 698 860 720 et
873 693 1047 721 doctissimus
1067 699 1123 720 tum
1139 694 1246 721 demum
1261 695 1446 722 arbitrabatur
1461 695 1543 724 licere
1567 696 1617 723 sibi
1634 703 1730 723 nomen
1746 704 1822 723 suum

188 741 308 773 protitcri
322 740 393 767 inter
408 740 593 774 philosophos,
609 740 631 767 si
643 747 703 774 qua:
719 740 777 775 ipse
794 739 929 768 subtiliter
945 744 971 766 et
983 746 1062 777 acute
1078 740 1314 768 animadvertisset
1326 747 1372 768 aut
1388 742 1578 776 excogitasset,
1593 743 1715 770 oratione
1732 747 1823 776 posset

187 794 322 821 exponere
338 785 464 820 eleganti,
486 787 557 812 culta
580 791 607 812 et
633 787 788 820 perspicua.
811 786 912 820 Quodsi
933 791 1023 813 tamen
1040 786 1188 817 acciderit.
1214 791 1242 814 ut
1258 787 1519 815 adulescentulorum
1545 789 1643 823 aliquis
1670 789 1695 816 in
1720 788 1823 816 Grercis

188 835 288 861 luerent
302 838 348 859 aut
365 832 486 864 dubitet,
502 840 535 860 eo
556 832 582 859 in
599 832 658 860 loco
674 837 763 860 autem
781 833 846 859 nihil
862 840 876 860 a
895 840 937 860 me
954 833 1085 860 monitum
1104 833 1155 866 sit,
1172 833 1300 860 Ellebodii
1324 834 1548 868 interpretatione
1566 834 1662 862 Latina
1680 843 1728 870 pro
1744 843 1821 862 cont-

188 879 320 906 mentario
334 879 371 905 nti
387 879 495 913 poterit.
514 878 577 904 Eam
594 878 675 913 igitur
697 878 739 905 vel
761 878 830 906 hanc
845 879 879 906 ob
894 886 1005 906 causam
1022 878 1194 906 immutatam
1209 879 1335 911 servavi,
1355 879 1406 907 nisi
1430 880 1474 907 ubi
1490 881 1522 907 ad
1537 885 1634 908 textum
1653 880 1786 913 Graecum,
1807 889 1822 908 a

188 935 230 954 me
246 927 409 953 auctoritate
424 925 548 952 codicum
566 930 736 957 correctum,
760 925 952 953 conformanda
967 930 1049 960 atque
1072 926 1239 953 iminutanda
1263 926 1322 953 fuit.
1340 927 1495 962 Scriptores
1517 933 1623 956 veteres
1646 929 1679 956 ab
1697 928 1822 956 Nemesio

192 972 317 999 laudatos
331 972 430 1006 smpius
445 980 475 998 ac
492 972 646 1007 diligentius
662 972 688 998 in
704 971 983 999 animadversionibus
998 977 1143 1005 notasscm,
1161 973 1210 1000 nisi
1228 973 1264 1000 ita
1278 981 1325 1001 eos
1346 973 1491 1006 laudasset,
1507 979 1535 1001 ut
1554 974 1701 1002 sententias
1722 975 1822 1008 potitus,

186 1027 267 1054 quant
285 1019 377 1051 verba,
394 1018 527 1045 retulerit.
545 1018 608 1045 Inde
621 1018 702 1046 etiam
720 1018 828 1051 accidit,
845 1024 874 1046 ut
889 1026 939 1046 nee
955 1019 1046 1046 editor
1066 1019 1230 1047 Oxoniensis
1249 1025 1375 1047 accurate
1394 1024 1421 1048 et
1438 1020 1547 1048 definite
1564 1020 1621 1047 loca
1637 1020 1687 1047 ista
1704 1021 1824 1048 indicare

186 1065 313 1099 potuerit.
330 1063 461 1091 Joannem
489 1064 685 1091 Damascenum
697 1084 704 1096 ,
718 1064 764 1098 qui
784 1064 868 1091 multa
890 1073 922 1092 ex
940 1064 1066 1093 Nemcsio
1082 1065 1182 1096 hausit,
1203 1066 1271 1092 satis
1294 1066 1402 1093 curiose
1420 1067 1512 1093 videor
1528 1071 1646 1093 notasse.
1662 1065 1822 1100 Gregorium

183 1111 339 1147 Nyssenum
355 1111 454 1143 etiam,
471 1111 541 1138 inter
556 1110 632 1144 cujus
649 1118 730 1146 opera
747 1117 826 1147 caput
839 1111 987 1139 secundum
1001 1116 1028 1139 et
1046 1112 1152 1139 tertium
1171 1112 1280 1146 legitur.
1297 1113 1440 1148 diligenter
1465 1113 1633 1147 comparavi.
1648 1112 1822 1140 Anastasium

185 1158 318 1185 Sinaitam
345 1164 376 1184 ex
394 1157 555 1184 bibliotheca
577 1156 736 1191 Noesseltii,
752 1158 849 1185 summi
865 1159 931 1192 riri,
955 1159 1060 1193 accepit
1082 1163 1108 1186 et
1131 1159 1156 1185 in
1178 1167 1254 1186 usum
1275 1167 1363 1185 meum
1388 1159 1453 1185 duas
1475 1159 1639 1193 quaestiones
1659 1158 1826 1185 exaininttvit

184 1203 333 1240 Gregorius
347 1203 466 1230 Gottlieb
481 1202 696 1237 Wernsdorlius,
711 1205 750 1231 vir
762 1205 971 1238 eruditissimus,
984 1206 1029 1240 qui
1043 1213 1113 1233 nunc
1128 1205 1201 1232 llala:
1213 1210 1409 1234 commoratur.
1426 1206 1478 1232 Sed
1489 1204 1597 1232 Iuliano
1613 1205 1747 1236 l'omerio,
1764 1204 1823 1230 Elia

183 1252 320 1283 Cretensi,
335 1251 442 1279 Mcletio
454 1250 585 1278 Monacho
597 1255 624 1278 et
637 1250 741 1280 Joanne
752 1251 912 1286 Philopono,
926 1253 970 1287 qui
989 1253 1014 1279 in
1034 1252 1170 1280 nonnullis
1184 1252 1251 1280 locis
1263 1251 1385 1279 adhiberi
1398 1253 1557 1286 potuissent,
1571 1252 1614 1279 hic
1630 1251 1822 1294 Vitrtnbcrgre,

187 1305 216 1326 ut
232 1298 361 1326 credibile
377 1302 429 1329 est,
442 1304 557 1332 prorsus
574 1298 658 1324 carui.
672 1296 867 1325 Verumtamen
885 1306 936 1326 nec
950 1297 1101 1333 Lipsiensis
1114 1298 1276 1326 bibliotheca
1290 1298 1445 1326 academica
1458 1305 1535 1333 opem
1552 1298 1616 1325 mihi
1633 1297 1705 1325 ferre
1722 1298 1821 1333 potuit.

187 1347 265 1373 Viros
279 1346 376 1373 doctos
389 1352 465 1379 ergo,
485 1344 530 1379 qui
545 1345 742 1379 copiosioribus
757 1344 928 1372 bibliothecis
944 1345 1068 1372 instructi
1083 1344 1147 1371 mihi
1172 1345 1240 1372 bene
1255 1345 1367 1380 cupiunt
1390 1349 1417 1372 et
1435 1345 1468 1371 de
1486 1344 1536 1371 hac
1553 1344 1671 1371 editione
1694 1352 1752 1370 mea
1770 1352 1818 1378 pa-

185 1394 239 1421 lam
251 1392 382 1427 judicium
399 1391 481 1419 laturi
500 1397 572 1423 sunt,
592 1390 788 1418 humanissime
812 1397 888 1425 rogo,
906 1395 935 1417 ut
949 1390 1045 1417 saltem
1062 1390 1175 1418 Joannis
1191 1391 1333 1426 Philoponi
1353 1390 1587 1418 Commentarium
1608 1390 1634 1416 in
1662 1395 1715 1416 tres
1736 1390 1819 1418 libros

184 1438 340 1466 Aristotelis
361 1438 399 1466 De
423 1438 513 1464 anima
534 1436 678 1464 consulant
691 1435 901 1473 propterlocum
922 1437 1056 1463 Ammonii
1070 1444 1131 1470 pag.
1150 1437 1195 1467 41,
1213 1436 1278 1463 cdit.
1294 1435 1382 1463 Oxon.
1404 1435 1493 1463 Locus
1509 1435 1559 1462 iste
1575 1435 1688 1462 fortasse
1705 1436 1823 1470 reperie-

175 1490 229 1512 xlur
243 1485 269 1511 iu
285 1485 404 1512 editione
421 1482 522 1510 Veneta
544 1482 607 1509 folio
623 1493 650 1513 ο,
672 1489 732 1516 pag.
752 1481 795 1514 15,
819 1486 867 1508 aut
882 1481 945 1508 folio
961 1490 990 1516 q,
1007 1489 1069 1517 pag.
1087 1481 1115 1508 5.
1136 1481 1191 1509 Huc
1209 1489 1291 1509 unum
1307 1487 1437 1517 prmterea
1453 1481 1534 1513 addo,
1549 1482 1619 1516 quod
1638 1486 1727 1509 tamen
1745 1490 1824 1510 nemo

190 1532 226 1558 ita
241 1531 343 1557 dictum
360 1534 447 1563 putet,
465 1534 494 1556 nt
514 1534 559 1555 aut
578 1528 642 1555 mibi
662 1528 761 1562 aliquid
787 1528 961 1556 ambitiosius
982 1536 1150 1564 arrogarem,
1168 1533 1214 1555 ant
1230 1528 1355 1556 Neuesio
1369 1533 1472 1556 temere
1485 1529 1663 1563 gratilicarcr.
1684 1528 1746 1563 Legi
1765 1529 1825 1563 phi-

184 1579 356 1613 losopltorum
371 1577 527 1605 Graecorum
546 1577 646 1604 multas
667 1576 759 1604 dehis
780 1576 845 1611 ipsis
861 1576 942 1603 rebus
963 1581 1018 1603 tam
1042 1584 1135 1609 veras,
1150 1585 1229 1612 quam
1249 1577 1387 1605 mirabiles
1407 1577 1574 1609 sententias,
1592 1577 1653 1603 item
1678 1578 1825 1611 scriptores

183 1625 385 1653 ecclesiasticos
399 1624 509 1652 Graecos
524 1624 592 1651 bene
607 1623 718 1656 multos,
736 1624 761 1650 in
780 1623 822 1651 his
836 1622 965 1651 Basilium
981 1623 1028 1656 Μ..
1045 1623 1206 1659 Gregorium
1221 1623 1371 1659 Nyssennm
1381 1645 1388 1657 ,
1404 1623 1630 1659 Chrysostomum
1643 1643 1649 1654 ,
1664 1623 1824 1650 Theodore-

183 1678 252 1706 tum,
272 1680 353 1708 atque
370 1672 514 1707 Origenem
531 1672 630 1703 etiam,
648 1671 695 1706 qui
719 1671 875 1706 singulatim
893 1671 988 1699 eadem
1006 1677 1166 1707 argumenta
1188 1676 1284 1698 ornate
1304 1671 1466 1706 copioseque
1484 1673 1678 1706 exposuerunt.
1700 1669 1753 1697 Sed
1772 1671 1823 1696 ista

181 1720 297 1754 iunctim
315 1719 416 1752 omnia,
430 1719 575 1746 multorum
589 1719 773 1753 antiquiorum
792 1718 917 1746 refutatis
933 1719 1083 1751 erroribus,
1100 1727 1154 1746 uno
1172 1719 1222 1746 hoc
1241 1718 1330 1745 libello
1343 1718 1462 1750 brevius,
1481 1717 1636 1745 accuratius
1652 1722 1679 1743 et
1699 1715 1826 1743 subtilius

185 1775 201 1794 a
219 1767 342 1796 Nemesin
356 1767 490 1801 explicata
509 1771 582 1802 sunt.
598 1766 662 1800 Qua:
682 1774 745 1794 vero
762 1774 794 1793 ea
809 1767 895 1806 sunt?
910 1766 1021 1793 Scilicet
1042 1774 1092 1798 ea,
1115 1774 1175 1801 qua:
1199 1767 1320 1799 homini,
1342 1771 1370 1793 ut
1394 1766 1514 1798 homini,
1533 1765 1603 1793 scitu
1623 1769 1686 1791 sunt
1709 1764 1826 1791 maxime

184 1811 349 1844 necessaria,
366 1819 481 1846 qmeque
492 1811 525 1838 ad
542 1815 624 1842 recte,
641 1810 793 1845 tranquille,
805 1815 975 1842 constanter.
986 1812 1122 1845 sapienter
1137 1811 1269 1846 beateque
1280 1812 1422 1838 vivendum
1441 1811 1605 1846 permultum
1621 1810 1718 1837 valent.
1731 1809 1826 1844 Neque
1843 1833 1847 1837 .

184 1858 256 1886 enim
277 1857 370 1884 dubito
386 1857 451 1892 quin
468 1856 491 1884 is
507 1856 553 1891 qui
570 1856 642 1883 hunc
663 1855 784 1883 libellum
809 1856 941 1883 attentius
957 1856 1052 1890 legerit
1071 1863 1102 1883 ac
1121 1857 1230 1890 penitus
1248 1857 1430 1891 intellexerit,
1451 1857 1564 1884 multum
1580 1864 1610 1885 se
1634 1857 1667 1883 ad
1688 1856 1824 1883 Christia-

186 1913 246 1932 nam
259 1905 429 1940 sapientiam,
448 1904 587 1936 virtutem,
609 1903 792 1938 pietatemque
815 1903 963 1937 profecisse
990 1903 1161 1938 profiteatur.
1179 1904 1256 1936 Quod
1282 1904 1391 1937 quidem
1409 1904 1581 1931 commodum
1604 1906 1633 1929 ut
1651 1902 1682 1929 ad
1707 1902 1825 1929 lectores

184 1959 277 1980 Omnes
290 1951 430 1983 redundet,
447 1959 479 1978 ex
501 1952 591 1978 animo
607 1955 680 1986 opto.
698 1950 855 1978 Scribebatn
870 1951 1052 1986 Vitembcrgae
1074 1951 1100 1978 d.
1119 1950 1135 1978 6
1149 1951 1226 1978 Mart.
1244 1950 1325 1978 l80l.

219 2066 257 2102 (ﬂ)
273 2065 428 2093 C/trirllit'lte
449 2065 720 2102 Kirr/tcugrsc/tirhte.
739 2066 816 2094 Theil
832 2067 859 2098 7,
875 2067 947 2094 Scite
966 2065 1093 2094 “7-151.
