2080 3156
259 182 309 211 437

261 314 953 329 ________________.__._._

793 177 962 205 NEMESIUR
985 176 1148 204 EPISCOl’U
1155 176 1173 203 S
1190 174 1383 203 EMESI‘ZNUS.

1820 168 1871 195 488

954 305 1865 319 ___________.____.____.___

713 434 1085 483 EXPLICATIO
1121 433 1424 480 SIGLARUM

387 573 427 602 Et
440 570 556 601 notitia
577 569 759 605 editionum,
786 568 938 604 codicum,
953 567 1131 597 oersionum
1145 574 1180 595 ac
1203 564 1397 604 reliquorum
1411 571 1550 602 operum,
1571 571 1637 602 qua:
1650 561 1684 591 in
1703 561 1760 591 huc

874 654 1009 685 editione
1028 652 1172 684 adhibita
1189 655 1272 682 sunt.

290 853 353 880 Ant.
384 851 472 879 Editio
496 850 700 885 Antverpiensts
725 849 787 875 anni
807 849 893 882 l565,
917 849 944 876 8.
972 848 1047 875 Hane
1062 853 1085 878 Α
1100 848 1233 874 editiones
1249 846 1274 873 in
1296 845 1424 872 Auctarlo
1443 844 1560 871 Βυεωιιο
1581 843 1750 870 Bibliotheca:
1775 843 1887 870 Patrum

255 898 360 927 curavit
377 897 501 925 Nicasius
513 896 666 923 Ellebodius
678 915 684 927 ,
699 895 870 927 Casletanns,
887 895 929 921 vir
944 894 1045 922 doctis-

234 975 236 978 ,
256 945 350 976 simus,
368 943 412 978 qui
434 942 537 978 primus
554 942 648 969 Graeca
666 941 750 969 edidit
770 948 803 968 ex
826 941 931 967 duobus
943 940 1044 968 codici-

256 991 305 1017 bus
319 997 349 1016 ac
365 996 460 1016 novam
476 988 627 1015 versionem
645 988 768 1015 Latinam
782 987 890 1021 adjecit.
912 987 949 1013 De
969 991 1043 1013 utro—

255 1043 307 1070 que
316 1035 413 1067 ,codice
424 1035 460 1061 ita
473 1034 553 1061 habet
566 1033 591 1060 in
607 1034 764 1067 prmiatione
777 1043 783 1061 :
795 1033 880 1064 Μόλις
891 1032 957 1059 ποτε
967 1032 1044 1058 δυσὶν

256 1082 420 1116 ἐνετύχομεν
431 1080 620 1116 ἀντιγράφοις,
636 1080 683 1106 καὶ
710 1079 815 1111 τούτοις
833 1080 989 1115 ἀνηκέστως
1005 1079 1045 1106 δι-

255 1127 435 1163 εφθαρμένοις
446 1127 493 1154 καὶ
505 1126 609 1161 μυρίων
625 1126 829 1162 ἁμαρτημάτων
843 1125 983 1160 γέμουσιν.
997 1122 1045 1156 Οἷς

255 1173 464 1208 ἐπιμελέστερον
486 1171 662 1203 ὲπιὸαλόντες
676 1191 683 1202 ,
705 1172 751 1198 καὶ
769 1171 824 1198 τῶν
851 1172 880 1197 ἐν
904 1170 1045 1206 ἑκατέροις

256 1219 462 1255 ἁμαρτημάτων
486 1219 518 1244 ὲκ
536 1218 590 1244 τῶν
617 1219 682 1253 παρ’
702 1218 841 1253 ἑκατέροις
861 1217 949 1253 ὀρθῶς
973 1217 1044 1252 ἔχειν

254 1263 402 1290 δοκούντων
416 1264 696 1298 καταττοχασάμενοι,
712 1264 766 1290 κὰκ
779 1263 833 1289 τῶν
850 1263 964 1289 ἐνόντων
982 1264 1043 1288 ἐπι-

255 1310 466 1346 διορθώσαντες,
485 1309 646 1345 ὑγιεστέραν
669 1310 744 1346 παρὰ
760 1309 827 1335 πολὺ
841 1309 891 1344 τῆς
906 1309 1044 1344 προτέρας

255 1354 304 1390 τὴν
324 1354 515 1390 πραγματείαν
536 1354 791 1389 παρεσκευάσαμεν.
816 1353 855 1380 Ex
881 1353 924 1380 bis
939 1353 1043 1380 duobus

256 1408 321 1434 ergo
337 1401 412 1426 valde
426 1400 562 1434 corruptis
585 1400 724 1427 codicibus
738 1420 745 1432 ,
762 1404 790 1426 ut
812 1399 869 1434 ipse
891 1398 1042 1434 proﬁtetur,

256 1445 406 1472 oralionem
431 1445 552 1472 Graecam
579 1446 683 1480 primus
699 1446 783 1473 edidit
812 1452 844 1472 ac
864 1453 912 1480 pro
938 1445 1043 1472 viribus

256 1491 312 1517 suis
326 1491 473 1517 constituit.
496 1490 686 1525 Discrepautes
702 1492 832 1518 lectiones
852 1496 953 1522 autem,
971 1495 1044 1518 certe

1098 894 1190 926 Paris,
1215 892 1295 925 1624,
1315 897 1335 920 t.
1358 891 1390 924 ll,
1414 899 1440 926 p.
1466 890 1517 918 466
1540 898 1599 925 sqq.
1625 897 1652 917 et
1674 890 1700 917 in
1725 890 1887 917 Bibliotheca

1102 939 1215 967 Patrum
1233 939 1398 971 lliorelliana,
1414 937 1501 969 Paris,
1515 937 1594 969 1614,
1607 942 1630 963 ‘t.
1647 936 1703 968 XII,
1717 944 1744 972 p.
1759 936 1811 963 708
1824 944 1884 972 sqq.

1142 1009 1194 1036 0x.
1219 1009 1308 1036 Editio
1334 1007 1497 1035 Oxoniensis
1523 1013 1538 1032 e
1572 1006 1676 1032 theatro
1706 1004 1888 1031 Sheldoniauo

1098 1055 1177 1088 l67l,
1193 1055 1220 1082 8.
1237 1054 1321 1089 llnjus
1338 1054 1436 1086 editor,
1451 1060 1531 1087 qttent
1546 1051 1687 1079 Fabricius
1704 1056 1782 1086 putat
1804 1050 1888 1078 fuisse

1096 1101 1227 1129 Joannem
1245 1101 1359 1132 Fellum,
1377 1100 1531 1135 episcopum
1544 1098 1735 1130 Oxoniensem,
1756 1098 1890 1132 expressit

1095 1146 1239 1173 editionem
1249 1145 1389 1176 Ellebodii,
1398 1144 1601 1179 paucissiinisin
1609 1148 1694 1174 textu,
1705 1144 1784 1170 modo
1797 1143 1887 1175 tacite,

1096 1192 1174 1219 tnodo
1194 1191 1316 1219 codicum
1337 1190 1499 1217 auctoritate
1523 1189 1643 1217 mutatis.
1668 1188 1718 1222 Qui
1743 1188 1889 1216 contulerit

1096 1238 1164 1264 hanc
1183 1238 1327 1264 editionem
1346 1244 1359 1263 a
1373 1236 1468 1271 pagina
1486 1235 1529 1267 82,
1543 1241 1568 1262 et
1588 1235 1716 1262 Ellebodii
1731 1243 1745 1262 a
1758 1243 1784 1269 p.
1801 1235 1847 1266 50,
1866 1235 1888 1261 is

1096 1284 1228 1316 inveniet,
1242 1283 1354 1318 paginas
1372 1282 1512 1317 utriusque
1525 1281 1652 1308 editionis
1669 1281 1702 1307 ab
1716 1281 1766 1307 hoc
1780 1280 1837 1307 loco
1855 1282 1886 1306 ad

1098 1328 1177 1356 linem
1189 1329 1338 1356 convenire
1352 1328 1435 1355 etiam
1451 1328 1477 1354 in
1492 1335 1604 1355 numero
1617 1327 1822 1355 vocabulorum.
1839 1323 1888 1353 Va-

1096 1373 1198 1401 riantes
1224 1374 1356 1401 lectiones
1378 1373 1505 1401 editionis
1541 1373 1747 1407 Antverpiensis
1774 1380 1884 1406 prorsus

1096 1420 1225 1455 neglexit,
1241 1420 1313 1454 quod
1327 1427 1380 1446 non
1401 1419 1515 1447 debebat
1530 1419 1598 1446 ﬁeri.
1617 1419 1676 1454 Ipse
1692 1419 1759 1446 duos
1778 1419 1885 1446 codices

1095 1464 1262 1492 Oxonienses
1282 1465 1421 1497 adhibuit,
1438 1472 1506 1499 quos
1522 1469 1612 1491 tamen
1629 1463 1761 1500 octics(b)
1779 1463 1865 1491 solum
1878 1484 1885 1496 ,

1095 1511 1173 1545 quasi
1189 1511 1287 1544 obiter,
1301 1511 1431 1538 laudavit.
1460 1510 1616 1538 Versionem
1634 1509 1760 1537 Latinam
1776 1509 1883 1538 Ellebo-

257 1536 448 1586 ιιοιαυίιίιιτειεν
472 1537 588 1592 neu-sn
604 1537 731 1592 cetera?
751 1537 857 1592 adieci}-
874 1537 976 1592 Nora-g
1060 1547 1081 1574 ιι
1098 1536 1270 1591 initiati
1281 1536 1446 1584 ait...
1461 1536 1619 1592 planis.
1635 1536 1884 1585 ιειετειηηιςίνη.

258 1587 310 1608 tem
327 1582 479 1608 versionem
498 1581 621 1608 Latinam
638 1583 751 1614 addidit,
765 1583 837 1617 quod
852 1583 941 1610 versit)
956 1583 1042 1610 Geor-

259 1627 294 1661 gii
314 1626 394 1654 Valla:
410 1627 447 1662 tu)
472 1628 560 1654 mintts
581 1629 605 1654 ei
622 1629 795 1662 probabatur.
822 1629 858 1655 De
873 1637 903 1656 ea
918 1630 988 1656 enim
1005 1631 1041 1655 ita

256 1676 349 1699 censet
362 1672 387 1698 iit
400 1673 556 1706 praefatione
570 1681 576 1699 :
596 1672 626 1700 Ὀ
642 1672 738 1709 πρώην
750 1674 780 1700 τὺ
795 1674 895 1708 βιϐλίον
911 1673 991 1700 τοῦτο
1004 1675 1044 1706 εἰς

257 1717 304 1752 τὴν
336 1717 480 1752 Ῥωμαίων
508 1717 647 1744 διάλεκτον
673 1720 846 1753 μετενεγκεῖν
877 1719 1043 1755 ἐγχειρήσας

256 1762 392 1797 Γεώργιος
409 1764 423 1788 ὁ
439 1762 554 1798 Βὰλλης,
573 1763 603 1788 οὔ
623 1763 723 1798 μᾶλλον
752 1765 925 1799 ἡρμήνευε-εν
944 1765 960 1800 ἢ
983 1773 1043 1791 συν-

257 1807 316 1842 έχεε
331 1808 378 1834 καὶ
389 1808 541 1843 κατῄσχυνε
559 1809 603 1835 τὸν
613 1809 766 1844 φιλόσοφον,
779 1810 840 1836 καθ’
851 1810 969 1844 ἑκάστην
984 1819 1044 1845 σχε-

256 1853 299 1879 δὸν
315 1854 440 1889 περίοδον
453 1855 501 1889 τῆς
516 1854 562 1880 τοῦ
576 1855 712 1890 Νεμεσίου
728 1855 849 1887 διανοίας
867 1856 1042 1887 ἀποπίπτων,

255 1899 306 1925 κάν
325 1901 380 1932 τοῖς
396 1900 648 1935 κατημαξευμένοις
664 1901 782 1927 τουτοισὶ
797 1901 852 1927 τῶν
864 1901 962 1934 λέξεων
977 1903 1044 1937 σχή-

258 1953 341 1979 μασιν
373 1946 418 1972 ὺπ’
444 1947 579 1982 ἀμαθειας
604 1948 716 1982 γελοίως
742 1948 930 1975 ἀπαλλάττων.
960 1947 1044 1982 Ilujns

256 1991 381 2017 editionis
400 1994 522 2026 exempla
547 1994 598 2020 vidi
623 1993 737 2027 duplicis
758 1994 881 2027 generis,
909 2001 969 2028 qua:
992 1993 1044 2020 hoc

257 2034 315 2062 solo
339 2035 408 2062 inter
429 2044 458 2063 se
478 2037 614 2070 differunt,
637 2039 707 2073 quod
723 2040 819 2073 pagina
840 2040 888 2067 181
910 2039 1042 2074 exempla,

258 2085 286 2105 ut
307 2079 424 2113 videtur,
451 2082 525 2116 prius
548 2090 686 2117 expressa,
716 2088 777 2118 post
800 2085 879 2111 liuent
907 2085 1039 2111 orationis

255 2123 356 2151 Graeca
380 2125 466 2152 solum
484 2128 638 2161 paginarum
655 2129 799 2160 custodem,
822 2134 851 2155 ut
872 2135 979 2162 vocant,
994 2130 1043 2156 ha-

257 2168 336 2201 bent,
354 2170 478 2196 nimirutn
503 2171 574 2198 hunc
597 2171 619 2198 Μ
642 2173 667 2199 5.
685 2172 712 2199 In
739 2174 868 2207 exemplis
892 2179 979 2201 autem
994 2175 1043 2201 ali-

256 2211 415 2245 quantulum
441 2218 502 2247 post
524 2216 679 2249 expressis,
710 2217 810 2244 omisso
836 2217 887 2245 isto
912 2218 1040 2250 custode,

256 2256 384 2283 continuo
409 2263 469 2292 post
486 2260 644 2286 vocabulum
663 2261 739 2293 τέλος
759 2263 843 2289 notati
858 2268 921 2290 sunt
934 2271 1040 2291 errores

257 2303 413 2337 typothetae,
430 2305 532 2338 quosiu
548 2306 598 2333 hac
614 2307 732 2334 editione
746 2308 827 2335 tacite
842 2310 959 2336 correxi.

293 2368 434 2399 Variantes
457 2372 585 2401 lectiones
614 2375 756 2410 utriusque
778 2376 880 2403 codicis
904 2377 946 2404 hic
973 2377 1040 2404 infra

255 2415 326 2442 inter
339 2416 454 2451 reliquas
466 2419 555 2445 notavi
569 2420 658 2447 addita
675 2426 736 2448 nota
751 2421 811 2447 Ant.

289 2482 330 2508 Ab
349 2482 401 2510 hac
421 2484 538 2513 editione
554 2493 665 2521 prorsus
691 2495 743 2514 non
763 2487 892 2515 diﬂ'eruut
919 2489 1040 2522 repetita:

291 2640 328 2677 (τι)
348 2640 532 2677 Ante_V:tllam
548 2641 618 2669 hunc
634 2642 751 2668 libellum
766 2642 860 2670 Latine
872 2643 1036 2677 interpreta-

256 2678 303 2711 tus
318 2675 402 2711 fuerat
417 2675 566 2703 Richardus
580 2677 746 2711 Burgundio,
763 2677 887 2710 Pisanus,
906 2675 952 2711 qui
966 2686 1037 2704 anno

256 2708 418 2747 Lilltobiit.
436 2715 462 2747 et
475 2711 594 2747 {oannes
609 2708 683 2739 cono
707 2708 952 2747 Norimberge'ns'is-
974 2713 1038 2740 Vide

256 2742 362 2781 Ea‘hric.
385 2745 458 2781 Bibl.
472 2745 519 2773 Gr.
534 2746 587 2773 vol.
604 2747 661 2778 Vll,
685 2755 709 2781 p.
734 2746 796 2776 550.
812 2751 840 2774 et
899 2747 965 2778 647;
985 2747 1036 2774 vol.

257 2776 323 2817 Vlll,
337 2786 364 2813 p.
456 2786 483 2806 et
497 2788 527 2807 ea
540 2789 598 2815 quae
613 2776 798 2809 infra-monui.
812 2776 963 2816 Utcumque
976 2790 1038 2809 vor-

258 2814 364 2853 sionem
382 2814 534 2853 Ellebodius
549 2814 654 2843 videtur
667 2817 815 2851 ignorasse.
841 2814 1037 2851 liurginulionis

256 2851 358 2881 Venio,
373 2853 402 2876 nt
422 2851 550 2881 arbitror.
575 2859 711 2885 nunquam
729 2852 824 2880 foratis
842 2853 1045 2887 Iypographicis

1095 1610 1146 1629 nec
1170 1609 1200 1629 ea
1221 1603 1254 1629 de
1274 1609 1303 1629 re
1320 1602 1438 1629 lectores
1461 1603 1611 1629 admonuit.
1634 1602 1768 1630 Praeterea
1784 1604 1809 1629 in
1835 1603 1887 1630 line

1096 1647 1343 1675 animadversiones
1367 1647 1510 1675 nonnullas
1532 1649 1648 1684 adjecit,
1666 1649 1691 1675 in
1713 1650 1811 1683 quibus
1828 1649 1884 1676 fere

1095 1693 1198 1720 notarit
1222 1699 1346 1721 auctores
1371 1702 1385 1720 a
1419 1693 1543 1721 Nemesio
1572 1695 1705 1722 laudatos.
1733 1695 1885 1730 Singularia

1096 1739 1186 1766 omnia
1202 1738 1281 1773 hujus
1299 1739 1425 1766 editionis
1441 1740 1498 1767 suis
1515 1739 1579 1767 locis
1595 1739 1711 1767 iudicavi
1729 1740 1754 1767 in
1771 1741 1852 1767 notis.

1129 1806 1165 1834 D.
1187 1807 1212 1833 1.
1233 1807 1324 1834 Codex
1339 1807 1497 1835 Dresdensis
1509 1807 1678 1835 bibliotheca:
1689 1807 1848 1835 Electoralis
1859 1807 1884 1834 1.

1095 1852 1172 1880 llunc
1184 1859 1234 1887 ego
1253 1853 1295 1880 bis
1308 1853 1461 1880 examinavi
1486 1853 1518 1879 ad
1538 1854 1684 1880 editionem
1702 1853 1882 1887 Autverpien-

1095 1905 1151 1925 sem
1169 1903 1197 1925 et
1214 1898 1407 1926 Oxoniensem.
1433 1898 1481 1926 Est
1507 1899 1727 1926 membranaccus
1752 1907 1815 1926 saec.
1833 1907 1884 1926 xit.

1096 1949 1125 1970 ut
1137 1943 1263 1970 arbitror.
1283 1943 1368 1970 Habet
1384 1942 1447 1970 folia
1464 1943 1536 1970 iii-4°
1548 1944 1591 1976 8i,
1616 1952 1674 1976 seu,
1694 1945 1885 1978 quaterniones

1095 1988 1188 2015 decem
1203 1993 1229 2015 et
1246 1996 1327 2015 unum
1355 1988 1459 2015 folium.
1492 1989 1544 2016 Sed
1569 1990 1712 2023 quaternio
1731 1991 1828 2017 tertius
1842 1995 1883 2017 te-

1095 2041 1168 2060 mere
1184 2034 1288 2061 iusutus
1302 2039 1342 2061 est
1365 2039 1424 2068 post
1452 2035 1598 2064 decimum.
1625 2035 1652 2062 In
1667 2036 1785 2063 secundo
1799 2037 1880 2062 etiam

1095 2079 1196 2105 dissuta
1217 2083 1279 2105 sunt
1293 2078 1365 2105 folia.
1381 2078 1408 2105 ln
1423 2079 1474 2106 hoc
1486 2087 1499 2104 a
1513 2087 1591 2105 tuanu
1602 2080 1743 2106 recentiori
1756 2080 1884 2115 scriptum

1094 2128 1152 2151 est:
1170 2122 1212 2150 Ea:
1226 2123 1380 2150 bibliotheca
1407 2124 1598 2151 Loesclteriana
1614 2124 1725 2151 Clodius
1748 2133 1885 2160 compara-

1095 2170 1196 2202 tvit;ab
1211 2169 1262 2196 alia
1288 2178 1367 2196 manu
1389 2179 1396 2196 :
1424 2169 1542 2196 Nemesii
1566 2170 1679 2204 episcopi
1700 2170 1837 2198 Tractatus
1853 2172 1884 2197 de

1095 2217 1193 2242 animo.
1211 2215 1286 2242 Liber
1299 2216 1450 2242 bomenolte
1461 2223 1492 2242 Dc
1503 2224 1642 2242 mutarunt.
1668 2216 1732 2242 Item
1746 2216 1771 2242 in
1789 2217 1882 2243 charta

1095 2261 1239 2294 separatim
1255 2261 1359 2296 adjecta
1372 2261 1487 2296 legitur:
1507 2260 1548 2287 Ea:
1562 2261 1716 2288 bibliotheca
1735 2261 1884 2288 Seideliauo

1096 2306 1184 2332 Berol.
1202 2300 1309 2333 redemit
1323 2305 1354 2332 V.
1367 2306 1398 2332 E.
1417 2306 1575 2333 Loesclierur
1591 2307 1623 2334 Ι).
1640 2307 1766 2334 conslu18
1777 2307 1885 2335 thalcris

1096 2351 1129 2378 18
1161 2353 1272 2385 grossis.
1290 2351 1326 2378 Ex
1344 2351 1386 2378 bis
1416 2359 1480 2387 ergo
1514 2359 1635 2384 constat,
1665 2355 1735 2379 hunc
1761 2355 1882 2381 codicem

1096 2399 1183 2431 primo
1194 2403 1312 2431 emptum
1331 2405 1390 2424 esse
1408 2405 1440 2424 ex
1460 2398 1622 2425 bibliotheca
1646 2398 1754 2426 Seidelii
1782 2399 1884 2426 lic-roli-

1095 2443 1185 2469 nensis
1192 2442 1350 2469 aValeutino
1362 2443 1476 2469 ΕιΊιοειιι
1485 2443 1883 2477 l.oescliero,superi“tendente

1095 2488 1230 2522 quondam
1254 2488 1409 2520 Dresdensi,
1441 2489 1538 2516 deinde
1565 2498 1595 2516 ex
1628 2490 1789 2517 bibliotheca
1815 2490 1882 2517 Loe-

1087 2643 1134 2671 fuit
1150 2653 1290 2679 expressa,
1309 2645 1526 2680 Burgundionem
1548 2653 1637 2674 autem
1659 2648 1751 2674 (.‘ra'cn
1770 2648 1878 2674 verbum

1085 2681 1160 2706 verbo
1178 2680 1324 2716 reddidisse
1347 2689 1424 2716 atque
1442 2683 1531 2709 omnia
1547 2683 1666 2709 barbaria
1680 2681 1816 2708 vocabulis
1833 2684 1878 2709 ob-

1085 2721 1205 2750 scurasse
1222 2723 1253 2741 oc
1271 2715 1402 2749 fterlasse',
1417 2722 1512 2743 auctor
1527 2722 1568 2744 est
1584 2717 1658 2743 Cono
1675 2717 1699 2742 in
1719 2718 1878 2750 pnufatinui:

1087 2749 1119 2774 ad
1138 2758 1214 2776 suam
1228 2752 1377 2778 versionem
1393 2752 1527 2779 Latinam.

1122 2784 1160 2819 (ἐ)
1180 2785 1247 2822 Eant
1260 2786 1294 2822 ob
1311 2794 1421 2822 causam
1439 2795 1467 2814 se
1483 2790 1592 2813 exeusnt
1613 2785 1638 2811 in
1656 2785 1814 2820 pra-ratione
1830 2795 1875 2822 pa~

1088 2819 1151 2853 gina
1169 2820 1316 2854 penultiuia
1332 2830 1338 2847 :
1360 2821 1386 2847 Is
1401 2826 1470 2848 certe
1482 2826 1537 2847 erat
1556 2825 1649 2847 auctor
1662 2826 1762 2854 noster,
1776 2827 1830 2850 etc.
