2080 3156
172 2576 176 2587 ι

175 2595 182 2637 l

175 185 224 212 497

848 187 1115 216 ιίιοιλιῑῦυιιιςκιι.

1748 189 1801 217 498

174 243 263 269 mirari
281 243 349 270 satis
366 250 418 270 non
443 249 563 278 possunt,
590 244 653 278 quid
675 245 701 271 in
724 251 840 272 mentem
859 247 962 273 venerit
979 249 999 276 Α
1017 246 1121 272 niornm
1135 245 1332 271 feracissimum
1347 243 1411 271 illud
1423 244 1549 271 SIECIIllIlll
1565 245 1802 278 sapit.ubic1lmi-

174 289 280 322 nuperis
303 289 430 316 onmibus
452 288 567 325 Nysseni
589 291 748 324 editoribus,
773 297 802 318 ιιι
828 293 960 328 integrum

175 335 319 362 secundum
334 341 427 370 caput,
445 337 515 370 quod
528 337 619 372 operis
634 337 752 365 Nemesii
763 347 814 366 non
839 345 961 367 contem-

175 381 287 407 nendam
303 386 406 415 partem
419 381 508 414 ellicit,
523 387 550 409 et
561 383 634 409 illum
649 383 736 417 ipsum
756 385 788 411 de
807 386 960 412 animarum

175 426 387 460 praeexsistentia
403 434 523 454 errorem
542 428 568 454 in
591 435 620 455 se
641 429 731 462 habet,
759 435 900 465 postquam
922 436 962 457 to-

177 478 230 498 tum
240 480 308 506 opus
318 473 450 508 Gregorio
458 474 717 510 justissimojudicio
728 477 826 503 dudmn
839 482 962 510 ereptum

179 518 310 546 Emesono
329 524 423 546 nostro
445 520 582 548 addictum
604 520 709 554 fuisset,
732 523 880 550 etiatmium
901 529 962 550 tan-

175 570 254 596 quam
276 562 397 598 Gregorii
424 565 567 599 genuinum
599 565 682 593 letum
710 566 780 594 inter
799 575 879 602 opera
906 569 963 602 ejus

175 609 342 641 evulgarent.
372 609 440 643 Quin
467 615 494 637 et
525 611 626 646 pariter
654 612 745 639 mirari
775 614 855 643 subit.
881 623 964 648 quare

177 661 321 682 tractaturi)
341 657 500 690 pra‘dietum
515 663 596 692 caput
610 659 793 686 continentem
814 668 828 686 a
845 660 966 696 Burgun-

176 701 254 727 diune
279 700 374 727 Latine
397 701 510 734 editum,
535 711 584 730 uec
608 711 660 730 non
678 704 809 737 Cononis,
830 705 963 740 Rheuani,

179 745 268 777 Valla-,
286 746 415 774 Ellehodii
431 748 503 775 curis
515 749 712 783 elucubratum,
730 751 818 778 denuo
840 752 965 780 Frederi-

176 799 223 819 cus
240 792 365 820 Morellus
385 794 621 828 interpretaretur,
645 797 715 823 nulla
735 797 833 826 laboris
857 804 911 826 tam
925 808 966 828 su-

177 839 300 872 pervacui
319 839 422 866 ratione
435 841 549 868 reddita.

211 883 239 910 In
259 885 377 912 editione
405 885 544 918 Ellebodii,
569 891 598 913 ut
626 891 653 915 et
685 888 783 924 Bignmi
819 891 918 924 etiam,
939 892 964 919 in

1013 292 1114 319 cismus
1130 291 1186 324 jam
1202 290 1387 324 exspiraturus
1399 289 1506 316 ultimos
1521 297 1583 316 suos
1600 295 1713 317 conatus
1727 291 1802 317 vide-

1016 342 1058 363 tur
1073 337 1201 368 edidisse,
1220 341 1246 362 et
1268 336 1318 363 sub
1339 335 1482 367 llieroclis,
1499 334 1608 367 Plotini,
1630 329 1794 366 Jamhlichii.

1015 382 1155 418 Porphyrii
1169 387 1195 408 et
1211 382 1385 416 reliquormu,
1401 381 1446 416 qui
1465 381 1498 407 ab
1515 381 1634 414 Eunapio
1647 388 1800 408 ιιιθιιιιιηιιιι

1017 432 1071 458 tur,
1093 428 1235 462 prazsidiis,
1268 427 1462 463 philosophiam
1488 427 1695 454 Cliristiaoismo
1722 436 1802 462 oppo-

1016 476 1082 504 suit,
1098 480 1125 501 ut
1142 482 1173 501 ex
1188 475 1271 501 altera
1292 479 1367 508 parte
1382 474 1474 500 eadem
1497 478 1655 508 tempestate
1672 474 1800 508 auspiciis

1017 528 1071 546 non
1103 520 1264 552 minoribus,
1288 519 1322 545 ab
1350 519 1507 550 Athanasio,
1535 519 1644 551 Basilio,
1668 519 1803 552 Epltren-o

1017 567 1095 602 Syro,
1116 566 1248 601 Nysseno,
1272 564 1452 594 Nazianzeno.
1476 564 1624 599 Epiphanio
1639 565 1707 591 idem
1725 565 1803 591 (Ἁιιὶ-

1016 613 1173 640 slianismus
1199 611 1375 646 philosophia:
1403 611 1483 637 etiam
1500 611 1631 645 suppetiis
1646 610 1802 637 defendeba-

1017 664 1069 686 tur.
1094 658 1146 685 Sed
1176 659 1201 684 in
1226 665 1255 684 re
1273 663 1324 683 tam
1343 657 1444 683 lubrica
1464 657 1529 683 certi
1547 657 1647 690 aliquid
1671 661 1801 686 statuere.

1018 705 1111 732 nimia:
1127 709 1200 730 esset
1214 703 1353 734 nudat-im;
1370 703 1520 736 pra‘scrtim
1537 703 1644 737 quamlo
1659 703 1723 729 nihil
1740 710 1803 737 pro-

1018 751 1101 781 liilvel,
1125 750 1216 784 plures
1233 750 1315 776 fuisse.
1333 747 1483 780 Ncmesios,
1507 755 1607 782 easque
1629 748 1804 783 philosophus

1016 802 1042 823 et
1059 797 1227 824 Christianos
1252 797 1323 823 circa
1344 795 1506 822 Nazianzeni
1533 801 1661 829 tempora.
1679 796 1758 822 Certe
1776 795 1802 821 in

1016 842 1111 870 lsidori
1135 843 1278 870 l‘clnsiota:
1300 843 1408 877 scriptis
1428 841 1546 869 Netnesii
1569 842 1648 868 etiam
1663 841 1802 876 cujusdam

1020 889 1183 922 mentionem
1201 896 1356 918 occurrere,
1371 892 1398 914 et
1423 888 1541 921 quinque
1558 887 1685 922 epistolas
1703 887 1803 914 uotnini

178 927 302 957 Bibliot/t.
322 928 399 956 Palr.
416 930 467 957 vol.
487 930 543 963 XII,
561 932 604 958 hic
625 938 715 960 noster
733 934 876 963 Nemesius
893 936 962 965 Gre—
984 927 1004 956 Β
1021 934 1064 961 isli
1091 934 1192 961 ιιίοίηίιε
1219 934 1340 967 “periri:
1357 934 1424 961 53'35
1447 937 1569 965 εοιιειῖιιὲ
1588 932 1646 959 SCil-
1665 932 1802 968 Νεμεσίφι

177 974 245 1006 gorii
259 973 419 1003 Nazianzeni
435 977 576 1005 l‘auiiiliaris
587 983 613 1005 et
630 979 804 1014 Cappadocia:
821 983 964 1016 prtnl'ectus

179 1019 262 1046 fuisse
289 1020 404 1052 dicitur;
437 1022 461 1048 in
489 1023 565 1057 cujus
595 1026 737 1053 sententia:
765 1028 964 1056 lirmamentum

178 1066 290 1100 epistula
311 1067 345 1093 79
363 1074 377 1093 ιι
393 1067 564 1096 Nazianzeno
597 1071 630 1097 ad
659 1073 781 1098 emndcui
808 1074 907 1109 scripta
937 1076 963 1102 in

179 1111 295 1139 mcdimn
314 1113 483 1147 producitur.
499 1114 658 1144 Debuissent
682 1119 789 1152 quidem
805 1121 861 1154 pari
878 1122 965 1148 muni-

179 1164 213 1183 oo
226 1157 288 1191 jure
305 1162 360 1185 tres
377 1158 435 1185 alia:
450 1160 580 1194 t‘pistela‘,
598 1162 726 1189 nimirum
750 1164 811 1196 185,
826 1165 887 1198 184,
905 1167 964 1200 £835,

179 1210 228 1229 nec
251 1211 303 1230 non
333 1209 359 1231 et
386 1212 495 1232 carmen
517 1207 582 1234 satis
602 1208 747 1241 prolixum,
779 1212 822 1236 ad“
840 1213 964 1240 eumdem

180 1249 292 1282 scripta,
317 1250 343 1275 in
370 1250 552 1278 testimonium
579 1253 668 1279 citari.
694 1254 786 1282 Billius
800 1257 920 1291 quidem,
938 1264 966 1285 ut

179 1299 205 1321 et
216 1294 259 1320 alii
272 1295 403 1328 nonnulli,
420 1297 530 1325 minime
550 1299 694 1325 verisimile
708 1307 813 1334 putant,
827 1303 966 1338 Cappado-

180 1339 227 1366 cia:
245 1341 412 1375 pratl'ectum,
429 1343 567 1371 hominem
592 1345 682 1372 sa'culi
699 1347 772 1374 cinis
786 1349 921 1376 addictum
940 1355 968 1377 et

179 1394 195 1412 ιι
211 1385 363 1415 Christiana
381 1389 478 1422 pietate
502 1390 630 1423 alienum,
653 1398 700 1419 aut
723 1393 878 1428 episcopum
899 1396 967 1429 ﬁeri,

181 1437 227 1458 aut
251 1431 348 1460 librtltn
373 1434 537 1468 istiusmodi,
556 1437 644 1470 qualis
672 1438 718 1464 hic
743 1445 834 1466 uoster
851 1446 901 1474 est,
922 1443 967 1477 qui

181 1486 237 1512 pra:
253 1480 378 1507 inanibus
396 1480 521 1513 habetur,
542 1483 696 1516 scripsisse.
715 1484 791 1517 Quod
818 1491 908 1514 autem
936 1489 969 1515 ad

182 1524 368 1558 pricl'ecturam
405 1527 513 1560 attinet,
539 1533 565 1555 et
591 1537 689 1556 nomen
719 1531 826 1559 (ﬁlmslo
851 1534 968 1560 nondum

181 1571 284 1603 datum,
301 1571 380 1600 facile
394 1573 445 1600 erit
461 1581 609 1609 repenere:
632 1584 687 1603 rem
701 1585 761 1604 eam
779 1586 832 1605 non
845 1580 911 1606 adeo
927 1581 969 1606 in-

181 1617 338 1645 crcdibilem
354 1618 436 1646 videri
458 1620 490 1646 iis
505 1621 550 1654 qui
563 1623 696 1655 noverint,
713 1624 807 1657 quales
823 1632 856 1651 eo
870 1626 927 1659 ipso
943 1626 970 1653 itt

183 1664 281 1691 stet-uio
299 1665 406 1693 luerunt
426 1667 596 1700 Ambrosius,
616 1668 754 1696 Nectarius
779 1675 804 1697 et
829 1671 970 1706 Synesius,

183 1717 244 1736 cum
256 1711 289 1737 ad
310 1713 388 1739 sedes
410 1721 472 1740 suas
490 1721 724 1748 promoverentur.
750 1715 803 1743 Nec
825 1723 899 1744 certe
921 1717 972 1744 Νει-

185 1756 286 1783 mesius
301 1762 393 1784 noster
408 1759 494 1785 sacris
511 1759 603 1786 infulis
620 1760 744 1794 indignus
759 1768 870 1794 prorsus
889 1761 972 1788 habe-

185 1801 267 1835 bitur,
282 1803 326 1836 qui
342 1811 356 1830 a
373 1803 509 1839 Tlieologo
526 1805 658 1841 Gregorio
684 1805 868 1841 philosophim,
881 1807 972 1841 probi-

183 1849 264 1880 batis,
277 1848 398 1883 justitix,
414 1852 541 1878 amicitia:
557 1853 663 1879 demunt
687 1854 805 1886 nomine,
824 1861 876 1880 non
895 1855 974 1881 modo

186 1895 299 1927 laudari,
318 1897 364 1923 sed
382 1905 442 1923 cum
457 1899 630 1926 veneratione
643 1899 757 1933 quadam
777 1901 876 1935 suspici
894 1906 974 1935 atque

185 1943 236 1968 coli
254 1949 405 1975 meruerat;
424 1952 502 1978 quem
523 1947 604 1972 etiam
628 1951 764 1981 utcunque
785 1948 848 1974 olim
868 1949 973 1975 charis-

186 1988 294 2021 s'umzm,
310 1989 395 2023 magis
410 1990 559 2016 etiamnum
577 1992 690 2018 charum
713 1992 844 2025 futurum,
860 1993 975 2028 ejusque

186 2035 277 2061 animo
304 2036 412 2069 penitus
439 2043 487 2063 ceu
512 2037 636 2064 columna
669 2046 738 2065 terea
770 2039 973 2066 inscribendum

186 2083 309 2115 spondet,
326 2082 419 2118 ἐπειδὴ
434 2083 467 2110 ἂν
482 2083 548 2119 γένῃ
565 2084 633 2110 Θεοῦ
650 2084 696 2110 καὶ
715 2084 807 2118 σαφῶς
823 2085 955 2121 ἡμέτερος
967 2093 973 2100 ·

188 2129 246 2156 scil.
270 2129 362 2162 pietati
389 2130 550 2157 Christiana}
567 2138 596 2157 se
618 2135 702 2158 totum
722 2133 880 2165 tradiderit,
904 2132 975 2166 quod

189 2175 215 2202 in
244 2177 412 2203 carminibus
443 2178 532 2204 denuo
561 2178 734 2208 vaticinatur.
763 2183 789 2205 et
813 2187 861 2205 ceu
878 2179 976 2206 entheo

187 2220 302 2254 quodam
319 2221 408 2249 furore
420 2223 548 2256 percitus,
564 2231 656 2256 poema
674 2230 751 2250 suum
768 2223 867 2250 claudit
885 2232 892 2251 :

507 2291 543 2317 ΝΞ
549 2292 658 2327 μέσσαις
669 2291 853 2327 ὁδριμόθυμος

189 2324 388 2362 Κςιππαδᾷκῃσι
400 2325 520 2362 τάλαντα
539 2324 616 2362 δίκης
629 2324 860 2359 ἱθεῖαᾘὰνύσὰας,

188 2360 226 2397 Qu
243 2360 475 2397 χρψσὸνδολόεντα
491 2362 537 2388 καὶ
556 2360 684 2397 ἄργυρον,
701 2362 761 2397 ᾳὺδὲ
777 2363 825 2397 μὲν
845 2363 942 2394 ἵππους

190 2395 350 2433 samem;
371 2396 542 2433 τιτξρρξντσςξ
560 2395 680 2432 manu”
693 2395 906 2433 εὖχοςῈχοντας,

192 2431 362 2472 ςῼχεθᾶγων
376 2431 504 2472 ξτξλφῦτος
513 2432 567 2472 ’ίᾶιρ
581 2431 819 2472 ἁνιξῦῖατοςἾ-ριψέἱ
829 2433 857 2472 at
871 2434 978 2460 πάντων

189 2466 338 2501 Μὰργαρον
358 2467 505 2502 αἰγλήεντα
518 2466 604 2502 μέγαν
619 2467 731 2503 ληῖσατο
743 2468 871 2505 Χριστόν.

226 2533 273 2561 llis
296 2535 395 2562 addere
426 2535 527 2568 licebit,
556 2535 669 2570 plurima
694 2544 755 2564 esse
770 2537 867 2564 indicia
892 2545 978 2572 eaque

191 2589 242 2607 non
266 2582 475 2614 contemnenda,
497 2590 556 2616 quin
574 2583 735 2617 scriptorem
762 2584 833 2610 hunc
862 2583 978 2610 Nazian-

190 2625 249 2654 zeni
264 2625 362 2652 sa-culo
381 2626 535 2654 addixeriut
549 2635 555 2653 :
573 2627 699 2654 nimirum
715 2629 801 2662 primo
814 2629 840 2655 in
857 2629 918 2656 loco
936 2634 976 2656 to-

190 2676 232 2698 tus
258 2672 313 2699 lere
335 2678 377 2699 est
404 2672 430 2699 in
447 2673 653 2706 controversiis,
671 2681 731 2708 quae
757 2682 789 2701 ea
818 2679 976 2710 tempestate

190 2718 217 2744 in
245 2717 364 2745 Ecclesia
390 2718 585 2751 versabantur,
610 2717 823 2753 Origenistarum
847 2719 978 2755 iutelligo’,

190 2764 418 2799 Apollinarioruni
441 2771 468 2793 et
486 2765 715 2793 Eunomianormn
733 2765 880 2792 lueresibus
901 2766 980 2793 refel-

189 2810 287 2838 lendis.
300 2810 425 2839 Secundo
439 2817 565 2840 auctores
578 2812 664 2840 solmn
678 2813 754 2844 citat,
775 2812 820 2846 qui
837 2817 901 2839 ante
915 2820 981 2847 qua-

191 2854 434 2890 dringentesimum
460 2864 560 2883 annum
575 2865 590 2884 ιι
609 2858 720 2885 Christo
745 2857 906 2884 inclaruere.
936 2858 982 2884 De~

191 2909 266 2929 tuum
284 2902 378 2935 scripti
397 2902 479 2935 ipsius
497 2905 636 2931 rliaitutcr
653 2904 879 2931 ltOlllll3>itltUlllllt
905 2904 980 2938 inge-

1018 979 1063 1006 lib.
1080 988 1111 1010 II,
1130 980 1210 1014 epist.
1226 980 1287 1011 131,
1308 979 1353 1006 lib.
1370 987 1406 1011 iV,
1424 979 1502 1012 epist.
1517 978 1561 1008 53.
1575 983 1601 1005 et
1620 979 1665 1005 lib.
1682 986 1706 1010 v,
1725 979 1803 1012 epist.

1018 1026 1061 1057 56;
1079 1025 1206 1060 Νεμεσίῳ
1221 1025 1370 1061 Πραίτωρι,
1389 1025 1434 1051 lib.
1452 1032 1471 1056 t,
1492 1024 1571 1059 epist.
1596 1024 1642 1056 4'4,
1657 1029 1683 1051 et
1698 1025 1804 1050 demqu

1019 1071 1145 1106 Νεμεσίῳ
1156 1071 1333 1106 Μαστριανῷ,
1352 1070 1396 1097 lib.
1413 1078 1449 1100 iv,
1463 1070 1542 1103 epist.
1556 1069 1599 1097 81.
1617 1070 1680 1102 Qua:
1697 1069 1805 1104 quidem

1019 1123 1107 1145 utrum
1124 1125 1206 1142 unum
1223 1117 1350 1150 aliquem,
1365 1124 1398 1142 an
1412 1116 1535 1143 diversus
1552 1116 1704 1150 designent,
1720 1123 1753 1141 an
1771 1115 1804 1141 ad

1020 1168 1157 1189 auctorem
1178 1167 1299 1189 nostrum
1322 1162 1456 1190 ullatenus
1481 1166 1612 1197 spectent,
1639 1162 1753 1188 aliorum
1772 1162 1807 1188 sit

1018 1210 1159 1243 judicium.
1191 1210 1254 1236 Mihi
1284 1210 1403 1243 quilem,
1426 1215 1464 1241 ut,
1494 1217 1552 1244 qum
1578 1209 1704 1240 sentiam,
1723 1209 1808 1235 libere

1024 1257 1145 1290 eloquar»,
1166 1256 1389 1283 verisimiliimum
1403 1263 1513 1290 prorsus
1528 1255 1644 1286 videtur,
1655 1255 1806 1282 Netnesittttt

1022 1303 1092 1329 hunc
1107 1307 1227 1328 nostrum
1246 1302 1346 1328 vixisse
1368 1301 1475 1328 demum
1491 1306 1633 1335 appetente
1645 1306 1742 1335 quarto
1758 1309 1808 1328 ne.

1022 1349 1093 1380 culo,
1106 1347 1165 1375 scil.
1187 1353 1250 1375 ante
1264 1353 1308 1374 aut
1325 1347 1451 1379 Nestorii,
1470 1352 1516 1374 aut
1533 1347 1688 1382 Eutyclteiis
1703 1352 1806 1382 tenipo-

1023 1401 1068 1426 ra,
1083 1393 1133 1420 hoc
1147 1398 1197 1425 est,
1214 1397 1359 1427 antequam
1377 1391 1475 1418 Paulus
1493 1391 1581 1418 E‘tnesi
1602 1391 1728 1423 sedisaet,
1745 1398 1807 1418 eum

1023 1440 1154 1474 intelligo,
1171 1439 1215 1474 qui
1239 1440 1369 1466 adversus
1390 1438 1543 1465 Nestorium
1558 1446 1586 1465 re
1600 1443 1708 1464 strenue
1732 1442 1808 1470 gesta

1023 1486 1180 1513 eonomine
1211 1493 1225 1510 a
1254 1484 1355 1520 Cyrillo
1379 1483 1563 1510 Alexandrino
1596 1482 1809 1509 cunmlatissime

1024 1532 1126 1559 laudari
1148 1531 1257 1562 meruit,
1270 1536 1294 1557 et
1313 1530 1346 1557 ab
1369 1529 1506 1556 historicis
1536 1528 1729 1556 ecclesiasticis
1746 1535 1809 1562 pas-

1024 1579 1074 1605 sim
1091 1577 1233 1604 celebrari.
1253 1575 1337 1609 llujus
1359 1576 1395 1602 rei
1417 1575 1543 1602 indicium
1565 1582 1617 1601 non
1637 1574 1693 1601 levc
1709 1579 1808 1604 statuo,

1025 1624 1096 1658 quud
1112 1631 1171 1650 cum
1184 1630 1243 1656 cap.
1259 1622 1286 1654 5,
1309 1621 1377 1656 Περὶ
1392 1621 1524 1653 ἐνώσεως
1534 1620 1635 1655 ψυχῆς
1650 1619 1810 1654 καὶσῶμα-

1024 1679 1074 1702 τος
1092 1669 1171 1696 verba
1192 1669 1307 1699 facturo,
1328 1667 1361 1695 de
1384 1667 1556 1702 hypostatica
1580 1667 1679 1693 ultione
1703 1666 1811 1693 deitatis

1024 1723 1084 1741 cum
1100 1713 1268 1740 lmmauitate
1286 1713 1310 1739 in
1329 1720 1442 1747 persona
1468 1712 1620 1739 Servatoris
1636 1711 1720 1738 nostri
1737 1719 1812 1738 men-

1025 1761 1062 1786 tio
1085 1760 1235 1790 incidisset,
1259 1764 1353 1785 contra
1385 1757 1546 1785 Eunoinium
1575 1758 1678 1792 aprrle'
1694 1758 1811 1791 di:pntat

1025 1805 1067 1832 his
1090 1805 1202 1832 verbis:
1223 1804 1359 1839 Καθαρῶς
1381 1803 1525 1838 ἀσώματος
1547 1803 1627 1838 φύσις
1656 1804 1740 1838 χωρεῖ
1764 1803 1813 1837 μὲν

1025 1849 1171 1881 ἀκωλύτως
1188 1850 1232 1876 διὰ
1256 1849 1373 1882 πάντων,
1388 1849 1421 1875 δι’
1432 1849 1518 1883 αὐτῆς
1538 1849 1566 1874 δὲ
1589 1849 1675 1881 οὐδὲν,
1692 1849 1760 1875 ὥστε
1775 1847 1813 1882 τῷ

1027 1897 1074 1932 μὲν
1091 1898 1188 1932 χωρεῖν
1201 1896 1244 1922 διὰ
1260 1896 1368 1923 πάντων
1379 1894 1508 1930 ἡνῶσθαι,
1523 1893 1562 1930 τῷ
1575 1894 1602 1921 δὲ
1618 1895 1700 1930 μηδὲν
1716 1895 1749 1920 δι’
1766 1895 1813 1920 αὕη

1025 1942 1085 1977 τῆς,
1105 1942 1195 1977 μένειν
1215 1942 1329 1976 ἄμικτον
1357 1941 1404 1967 καὶ
1425 1940 1591 1976 ἀσύγχυτοψ
1609 1948 1668 1974 ιμιιυ
1693 1940 1813 1973 quidem,

1026 1991 1047 2017 si
1062 1997 1092 2016 ea
1117 1992 1278 2023 tempestate
1305 1986 1446 2014 Nestorius
1469 1992 1513 2013 aut
1534 1986 1668 2021 Eutychos
1689 1986 1814 2021 dogmata

1025 2043 1073 2061 sua
1088 2034 1268 2068 evulgasscnt,
1287 2032 1371 2059 multo
1386 2031 1564 2066 opportunius
1592 2032 1722 2058 adversus
1739 2031 1815 2065 ipsos

1027 2079 1141 2106 fuissent
1169 2079 1315 2112 intentata;
1335 2077 1434 2112 quippe
1459 2076 1504 2111 qui
1530 2077 1635 2104 altioris
1657 2076 1735 2111 lange
1756 2077 1815 2102 sub-

1027 2126 1094 2153 sellii
1121 2125 1320 2155 ha-resiarclue,
1335 2128 1362 2151 et
1389 2122 1550 2150 Eunomium
1572 2122 1665 2150 multis
1680 2127 1815 2157 parasitu-

1027 2171 1067 2205 αἱς
1090 2171 1254 2206 antegressi,
1279 2175 1364 2197 totmn
1380 2169 1437 2196 fere
1460 2169 1644 2196 Christianum
1662 2169 1766 2201 orbem,
1784 2176 1816 2195 o-

1032 2219 1147 2244 rientem
1164 2216 1325 2250 praesertim,
1344 2216 1496 2243 turbavere.
1520 2216 1551 2242 Et
1567 2215 1674 2250 quidem
1696 2214 1818 2249 pauculis

1032 2264 1100 2295 istis,
1122 2270 1182 2297 qua:
1197 2262 1315 2295 laudavi,
1332 2261 1432 2293 verbis,
1451 2261 1591 2295 utriusque
1615 2261 1693 2287 istius
1709 2259 1817 2286 uelat-iw

1034 2310 1169 2335 haereseos
1196 2308 1318 2342 jugulum
1346 2308 1434 2341 ipsum
1462 2306 1605 2333 manifeste
1623 2306 1733 2340 petitur.
1751 2306 1817 2332 Cum

1033 2354 1103 2381 enim
1120 2353 1236 2380 Nestorii
1254 2360 1384 2380 venenum
1405 2352 1430 2378 in
1447 2351 1497 2378 hoc
1509 2351 1570 2386 poni
1586 2351 1723 2378 asserebat
1736 2350 1817 2384 Ephe-

1033 2400 1091 2426 sina
1112 2401 1242 2434 synodus,
1273 2398 1343 2433 quod
1374 2403 1497 2424 natm-am
1536 2398 1682 2424 humanam
1722 2397 1818 2423 divinze

1031 2445 1170 2480 ὲνωοῆναι-
1188 2444 1259 2471 κατὰ
1290 2444 1381 2479 σχέσιν
1401 2443 1509 2474 dixerit,
1526 2444 1564 2469 ait
1583 2443 1734 2474 Nemesius,
1755 2443 1818 2470 re:.li

1032 2492 1179 2525 inlimoque
1196 2499 1264 2518 nexu
1276 2489 1458 2525 conjungiﬁtp
1475 2489 1524 2524 μὲν
1537 2490 1636 2524 χωρεῖν
1650 2487 1696 2516 διὰ
1712 2488 1820 2515 πάντων

1032 2537 1161 2573 ἡνῶσθαι.
1185 2536 1313 2570 Quinimo
1335 2536 1442 2570 quando
1458 2543 1473 2562 c
1492 2540 1586 2562 contra
1606 2534 1739 2569 Eutychos
1767 2533 1820 2560 Do-

1033 2583 1097 2610 mini
1113 2583 1196 2610 nostri
1214 2588 1325 2609 naturas
1339 2581 1449 2608 omnino
1463 2580 1656 2612 confunderet,
1675 2579 1820 2614 ipsissimis

1033 2628 1152 2657 Nemesii
1179 2628 1267 2655 verbis
1293 2627 1414 2663 synodus
1441 2626 1670 2654 Chalcedonensis
1686 2625 1818 2656 decernit,

1033 2676 1103 2711 quod
1130 2676 1164 2703 sit
1189 2675 1304 2711 ἄμικτος
1320 2675 1366 2700 καὶ
1381 2673 1533 2709 ἁσύγχυτος
1544 2681 1551 2688 ο
1570 2672 1640 2706 quod
1661 2671 1762 2706 pariter
1779 2673 1821 2699 di-

1033 2721 1148 2747 cendutn
1164 2721 1196 2747 de
1211 2721 1311 2747 omissa
1333 2719 1439 2754 penitus
1453 2720 1480 2746 in
1506 2718 1583 2753 longa
1600 2718 1633 2745 de
1647 2717 1732 2745 libero
1750 2718 1822 2744 arbi-

1034 2766 1085 2793 trio
1095 2765 1277 2801 disputatione
1291 2765 1482 2800 Pelagianismi
1501 2764 1645 2792 mentione.
1661 2765 1820 2798 Quanquam

1033 2812 1108 2838 enim
1142 2812 1167 2838 in
1181 2810 1325 2838 Occidente
1361 2811 1529 2846 potissimum
1555 2814 1676 2845 grassata
1706 2815 1747 2837 est
1779 2809 1821 2836 illa

1033 2856 1127 2890 pestis,
1150 2857 1265 2891 reliquas
1294 2862 1382 2884 tamen
1415 2856 1489 2884 orbis
1513 2855 1660 2883 Christiani
1698 2854 1821 2888 regiones

1036 2902 1127 2936 utique
1141 2903 1296 2934 alllavcrat;
1316 2903 1448 2938 siquidem
1463 2910 1532 2930 anno
1548 2902 1649 2930 Christi
1665 2900 1728 2933 415,
1744 2906 1822 2934 syno-
