2080 3156
250 217 298 246 £99

755 216 929 244 NEMESIUS
949 216 1139 245 EPISCOPUS
1159 216 1293 244 EMESEN
1299 216 1351 244 US.

1829 217 1881 243 50f)

247 274 334 300 tinsin
359 272 458 308 Pelagii
472 276 498 300 et
516 271 631 299 Caelrstii
654 279 735 299 causa
753 272 871 308 Diospoli
888 273 1038 300 Palaestina:
1054 279 1075 304 Α
1130 274 1206 308 Quod
1228 274 1260 300 ad
1278 272 1429 300 editionem
1441 273 1526 307 ipSam
1547 272 1661 304 attinet,
1683 272 1794 300 bret'itct
1820 282 1882 308 pro-

247 329 253 341 ι
262 318 436 345 elcbrabatnr

248 364 343 391 th'osio
360 364 426 391 ﬁdes

248 410 340 436 stanti.

282 455 351 488 Quin
367 461 394 483 et
413 457 553 483 mantisszn
576 456 634 484 loco
652 457 752 484 addere
781 457 884 490 licebit,
906 458 1039 493 siquidem

249 508 308 533 ξιοδῑ
325 506 451 535 quartum
479 502 608 529 sarculum
626 503 825 539 προῦπάρξεως
849 504 946 539 dogma
972 503 1041 530 male

249 547 274 573 in
293 546 416 575 Ecclesia
429 547 524 575 audire
536 548 631 583 coepit,
648 553 676 575 et
694 550 801 576 tandem
819 548 966 576 Justiniani
983 556 1040 576 aevo

247 602 262 619 a
287 594 390 629 synodo
405 594 702 629 Constantinopolitano
726 603 838 630 prorsus
850 595 1039 629 damnabatur,

249 640 306 667 fleri
324 648 376 667 non
395 645 495 674 potest,
511 645 540 668 ut
556 641 591 667 ita
606 649 703 669 secure
719 642 752 668 de
772 641 816 669 illo
834 642 1040 677 philosophare<

249 692 294 712 tur
309 685 460 718 Nemesius,
476 687 498 714 si
517 687 663 722 quidquatn
676 695 707 714 ea
722 695 754 714 ex
773 693 861 722 parte,
878 688 921 715 illa
936 693 1040 724 tempe-

247 738 328 765 state,
341 741 393 768 qua
406 734 429 760 is
444 734 601 768 scripserat,
620 734 716 761 fuisset
734 734 888 762 definitum.

285 778 338 805 Sed
362 779 395 806 de
415 784 526 805 auctore
541 784 634 806 nostro
648 779 782 806 hactenus
797 788 804 812 ;
819 780 851 807 de
864 780 968 815 scripto
983 780 1041 815 ipso

249 824 376 851 nonnulla
390 830 537 860 supersunt
553 825 677 853 dicenda.
695 823 728 852 Et
743 826 853 860 quidem
870 826 892 853 si
916 826 1042 853 lectionis

249 871 379 903 varietas,
397 873 542 898 verborum
561 872 691 904 delectus,
711 872 846 899 rationum
870 874 986 907 pondus,
998 872 1042 906 jus

249 917 310 944 tllt‘il
325 923 414 950 tenor,
441 918 560 945 methodi
588 919 667 950 ordo,
680 919 834 953 disputandi
855 925 981 950 acumen,
996 925 1042 944 ar-

467 326 474 344 :
501 318 635 344 maturius
667 318 749 344 etiam
780 319 985 354 Hierosolymis,
1016 320 1037 346 si

458 364 484 390 iu
513 363 604 390 libello
624 363 661 390 De
676 365 782 391 arbitrii
796 365 917 392 libertate
937 366 972 392 ita
1002 371 1041 393 le-

250 963 368 997 gumcnti
394 962 502 989 demum
528 962 656 998 dignitas,
672 969 698 990 et
715 963 798 998 (quod
821 963 855 990 ad
869 963 984 998 gratiam
997 962 1040 989 in-
1058 955 1079 981 Β

251 1009 362 1035 cumlam
386 1016 439 1036 non
461 1008 528 1035 levis
543 1013 585 1036 est
603 1009 744 1044 momenti)
762 1016 869 1036 summa
884 1016 945 1036 cum
959 1008 1041 1036 rebus

250 1055 351 1082 nostris
377 1054 560 1086 necessitudo,
588 1059 732 1082 tractatum
751 1054 868 1089 aliquem
893 1053 1041 1081 lectoribus

250 1099 463 1127 suis.conciliare
476 1101 592 1135 poterit;
612 1102 704 1136 utique
718 1101 761 1128 hic
774 1101 855 1128 fuerit
872 1101 949 1136 longe
968 1108 1042 1127 com-

251 1146 478 1174 mendatissintus.

288 1193 402 1221 Unicum
430 1194 471 1220 vel
500 1194 589 1221 adhuc
616 1193 713 1226 omisi,
743 1194 795 1221 hoc
820 1198 908 1220 tamen
942 1191 1043 1220 stet-nlo

251 1239 363 1266 minimc
377 1239 595 1274 praetereundum
611 1249 618 1267 :
636 1239 658 1267 si
675 1240 701 1266 in
718 1239 887 1274 philosophia
906 1238 1041 1271 naturali,

252 1285 385 1313 medicina
415 1291 442 1313 et
468 1290 595 1314 anatome
623 1286 730 1313 inventa
754 1293 822 1313 nova
864 1285 897 1313 ad
923 1285 1042 1320 palatum

252 1331 372 1363 furiat“,
397 1338 447 1358 nec
465 1331 516 1358 hac
542 1338 575 1358 ex
594 1335 671 1365 parte
690 1330 875 1358 destituitnur.
903 1330 1041 1358 llabetnus

253 1375 298 1403 hic
324 1380 441 1410 prazsto.
459 1380 486 1403 ct
499 1376 561 1410 jure
578 1374 677 1402 merito
695 1381 743 1409 pro
758 1374 858 1402 nostris
874 1374 1044 1401 vindicamus

253 1429 284 1448 ea
299 1441 308 1453 ,
323 1427 435 1458 propter
453 1429 512 1457 qua:
530 1421 647 1457 pridiani
672 1421 775 1456 aliquot
801 1421 828 1448 in
855 1428 883 1448 re
911 1420 1043 1448 litteraria

254 1470 348 1495 heroes
368 1468 467 1495 cristas
483 1469 611 1502 erigunt,
636 1472 664 1495 et
685 1467 864 1494 aeternitatem
883 1465 1043 1493 nominibus

253 1512 309 1539 suis
335 1512 469 1547 spondent
490 1512 694 1547 postulantque.
708 1510 887 1538 Doctissitnus
912 1509 1035 1545 Sylvius,

255 1566 280 1585 In
295 1557 526 1592 disputationibus
541 1558 655 1585 medicis
681 1565 734 1584 non
753 1557 789 1583 ita
811 1555 916 1590 pridem
941 1555 1040 1587 editis,

254 1612 315 1631 cum
334 1604 498 1632 adversariis
513 1604 675 1639 quibusdam
690 1603 757 1630 satis
770 1603 872 1630 acriter
886 1601 1042 1634 contendit,

255 1651 308 1678 utri
327 1659 359 1678 ex
377 1651 410 1677 iis
427 1636 606 1686 hypotlieseos
621 1649 763 1684 cujusdam
779 1649 840 1676 laus
856 1652 884 1675 et
899 1648 995 1680 decus,
1013 1647 1046 1674 de
1060 1636 1081 1665 θ

258 1704 307 1724 usu
324 1696 385 1724 bilis
400 1697 426 1723 in
443 1695 605 1730 corporibus
622 1695 819 1727 animantium,
842 1694 983 1721 debeatur.
1011 1692 1046 1720 Ut

256 1751 305 1776 pax
331 1743 459 1777 deinceps
486 1742 557 1770 inter
586 1750 633 1770 eos
660 1742 785 1777 componi
811 1741 915 1776 possit,
941 1741 1046 1772 sciant,

258 1790 353 1822 velim,
368 1797 424 1816 rem
444 1793 527 1816 totam
544 1788 578 1816 ab
594 1793 705 1816 auctore
722 1793 832 1821 nostro,
849 1792 912 1815 ante
927 1787 999 1815 mille
1022 1792 1049 1814 et

258 1841 408 1862 tercentum
425 1836 482 1862 fere
497 1843 601 1867 annos,
616 1842 668 1861 non
687 1835 854 1869 propesitatn
879 1834 958 1861 modo
975 1854 981 1864 .
999 1833 1047 1860 sed

256 1888 282 1908 et
295 1887 425 1910 accurate
437 1886 592 1909 enarratam
607 1902 614 1914 ,
629 1881 718 1915 capite
733 1881 861 1909 nimirum
875 1879 926 1911 28,
939 1887 966 1915 p.
984 1879 1047 1907 225.

258 1929 286 1956 Si
305 1930 361 1956 inec
379 1932 468 1956 autem
486 1927 588 1955 leviora
604 1927 756 1960 videantur,
773 1927 838 1962 quid
854 1926 960 1954 demum
977 1925 1049 1952 dice-

258 1982 318 2002 mus
330 1994 337 2006 ,
357 1975 379 2002 si
404 1975 473 2002 ratio
495 1974 682 2002 circulationis
700 1973 858 2008 sanguinis,
879 1973 904 1999 in
922 1979 977 2006 quo
994 1978 1048 1997 uno

258 2022 368 2049 intento
383 2021 512 2048 saeculum
528 2021 579 2047 hoc
595 2024 736 2054 tantopere
751 2027 781 2047 se
803 2019 879 2046 ell'ert
893 2039 900 2051 ,
925 2018 1051 2045 Netnesio

259 2068 358 2093 dudum
372 2066 408 2093 sit
417 2066 519 2101 agnita,
533 2065 678 2099 verbisque
691 2065 758 2092 satis
772 2062 1050 2099 signantibusadunt-

260 2112 359 2139 hrata?
375 2112 505 2139 Consulat
528 2111 614 2138 lector
628 2119 687 2145 cap.
705 2110 741 2137 24
752 2130 760 2143 ,
776 2117 802 2144 p.
818 2109 887 2140 209.
903 2114 930 2136 et
952 2108 1052 2143 dijudi-

260 2163 317 2189 ret,
338 2166 401 2184 num
419 2162 521 2184 temere
537 2157 595 2184 haec
610 2157 746 2184 dicantur.
769 2157 792 2183 A
818 2155 940 2190 pluribus
958 2148 1052 2181 recen—

261 2205 352 2232 smdis
369 2205 551 2238 supersedeo;
568 2205 620 2232 hoc
637 2209 740 2232 tantum
757 2211 828 2231 nunc
842 2203 965 2238 agimus,
980 2203 1052 2237 quod

261 2251 378 2285 propolae
394 2251 511 2284 [.ιοὶυηι,
529 2251 575 2286 qui
588 2251 721 2278 Attalicas
736 2255 825 2279 vestes
843 2255 868 2277 ct
885 2249 988 2276 Milesia
1004 2256 1052 2284 pe-

262 2297 417 2325 ristromata
434 2298 538 2324 reua!ia
554 2302 708 2332 proponunt
722 2306 730 2325 :
751 2297 846 2331 tapetis
864 2295 978 2330 alicujus
991 2302 1054 2322 oras

1094 321 1182 353 ﬁte0r,
1207 327 1250 346 me
1278 319 1303 346 id
1327 319 1433 354 egisse,
1461 324 1491 346 ut
1513 317 1611 346 librum
1634 319 1789 353 egregium,
1815 327 1882 354 pau-

1094 367 1134 393 cis
1166 365 1312 393 admodutn
1336 364 1489 400 cognitum,
1515 369 1543 391 et
1562 367 1609 391 aut
1635 364 1688 391 situ
1711 365 1883 400 tenebrisque

1093 413 1231 445 obsitum,
1258 417 1304 439 aut
1328 411 1424 439 saltem
1451 411 1476 438 in
1508 410 1619 437 Patrum
1645 410 1805 438 Bibliotheca
1832 413 1882 440 Sub

1093 463 1170 485 arcta
1197 457 1321 485 custodia
1349 457 1488 490 habitum,
1519 461 1547 483 et
1575 456 1700 484 servilem
1727 457 1753 484 in
1778 465 1882 485 murem

1093 509 1267 537 catenatum,
1285 504 1410 532 libertate
1431 504 1581 535 donarem,
1601 508 1629 531 et.
1649 503 1880 537 studiosaejnveu-

1095 551 1160 578 tntis
1179 550 1307 578 familiari
1328 550 1464 578 convictui
1487 550 1706 577 commendatum
1731 550 1880 578 redderent.

1095 595 1224 629 Quinimo
1238 595 1360 623 luxatum
1376 602 1438 622 eum
1449 613 1457 627 ,
1473 595 1627 630 saepiusque
1649 594 1790 629 mutilum,
1814 596 1882 623 duo—

1093 650 1153 669 rum
1178 649 1244 670 mss.
1259 649 1310 677 ope
1322 661 1330 674 ,
1348 649 1398 668 nec
1415 649 1467 668 non
1486 647 1627 669 auctorum
1641 641 1799 674 collatione,
1816 649 1884 677 quos

1095 694 1141 715 aut
1157 688 1214 723 ipse
1228 688 1329 723 passim
1345 688 1453 719 laudat,
1468 692 1513 714 aut
1527 687 1572 722 qtti
1588 688 1673 722 ipsum
1688 688 1882 723 compilarunt.

1095 734 1210 762 subinde
1226 734 1397 761 restituerem
1413 742 1420 766 ;
1447 732 1581 760 recensita
1599 733 1744 767 aliquando
1755 754 1763 766 ,
1780 733 1823 760 ubi
1842 741 1884 760 res

1095 780 1120 807 id
1135 779 1254 807 maxime
1273 779 1442 814 postulabat,
1459 784 1486 806 et
1501 786 1550 813 per
1571 776 1661 806 otium
1673 779 1767 812 licuit,
1790 779 1882 806 Latina

1095 827 1236 859 versione,
1269 824 1381 859 adjectis
1407 825 1489 852 etiam
1513 825 1674 860 quibusdam
1701 826 1884 853 annotationi-

1095 873 1148 900 bus
1165 881 1172 904 ;
1190 880 1251 907 qum
1263 872 1353 899 omnia
1379 862 1473 906 quanti
1493 872 1549 898 sint
1574 871 1663 907 pretii,
1693 877 1812 900 nostrum
1832 879 1884 900 nun

1099 919 1181 947 fuerit
1199 919 1387 954 pronuntiare.

1133 976 1161 1003 Ιε
1181 983 1250 1003 certe
1266 982 1321 1003 erat
1340 980 1432 1002 auctor
1449 980 1546 1008 noster,
1561 975 1607 1011 qui
1619 975 1727 1003 editoril
1744 975 1886 1011 diligentis-

1098 1023 1159 1049 simi
1173 1030 1252 1049 cura:
1265 1022 1378 1057 exigeret
1391 1030 1402 1047 :
1418 1029 1468 1048 non
1488 1021 1578 1056 quales
1594 1029 1658 1049 mete
1677 1021 1801 1056 fuerant,
1817 1022 1886 1048 alia-

1097 1075 1155 1094 rum
1167 1068 1286 1095 arbitriis
1298 1071 1422 1102 perpetuo
1439 1067 1559 1094 obnoxia:
1569 1089 1576 1101 ,
1592 1071 1616 1093 et
1633 1067 1742 1102 proinde
1758 1067 1886 1094 interciet:

1097 1122 1207 1148 semper,
1223 1119 1247 1141 et
1263 1113 1425 1141 desultorire.

1131 1183 1167 1210 At
1186 1182 1255 1217 aequi
1273 1182 1391 1216 bonique
1408 1182 1531 1210 consulat
1547 1182 1652 1209 amicus
1666 1182 1760 1216 lector,
1774 1187 1802 1209 et
1818 1183 1888 1210 inter

1098 1229 1240 1263 legendum
1258 1227 1357 1262 saapius
1374 1226 1545 1259 meminerit,
1560 1234 1638 1254 suam
1654 1227 1698 1254 hic
1713 1227 1812 1262 ubique
1831 1234 1887 1254 rem

1097 1275 1139 1310 agi
1156 1283 1163 1308 ;
1182 1273 1242 1302 st-il.
1259 1273 1304 1301 hic
1318 1273 1367 1301 loci
1392 1273 1533 1306 exhiberi,
1549 1280 1602 1301 non
1626 1272 1815 1300 Cartesianum
1837 1280 1887 1300 au-

1097 1325 1233 1353 tomaton,
1256 1319 1366 1348 fictilem
1393 1323 1505 1351 testam,
1532 1319 1684 1353 lignenmve
1715 1319 1887 1349 machinam,

1098 1375 1157 1402 qum
1172 1366 1262 1394 saeculi
1279 1365 1359 1400 hujus
1385 1364 1539 1393 Promethei
1557 1370 1584 1393 et
1596 1365 1707 1393 fabriles
1721 1364 1821 1392 Daedali
1839 1366 1888 1391 fiti-

1098 1420 1184 1446 xere;
1207 1412 1254 1440 sed
1273 1411 1360 1438 vivam
1384 1411 1430 1438 Dei
1448 1411 1565 1438 viventis
1581 1411 1746 1446 imaginem,
1770 1411 1888 1437 numinis

1098 1458 1292 1493 omnipotentis
1316 1465 1465 1493 ectypum;
1494 1464 1554 1491 quas
1585 1457 1676 1484 tnundi
1707 1457 1887 1484 architectqu

1099 1505 1236 1538 condere,
1264 1505 1409 1540 virumque
1430 1504 1615 1532 Christianum
1635 1503 1792 1531 describere
1807 1523 1814 1535 ,
1834 1510 1887 1530 non

1099 1554 1250 1580 dcdeceret.
1267 1552 1318 1578 Alii
1332 1552 1365 1578 ad
1379 1551 1518 1586 speculum
1534 1558 1565 1578 se
1581 1550 1810 1585 contemplemur,
1832 1549 1888 1584 pal-

1100 1601 1197 1634 pebras
1214 1598 1366 1633 intiogant.
1385 1599 1481 1626 dentes
1499 1598 1665 1629 instaureut,
1686 1596 1782 1624 faciem
1804 1595 1890 1623 nteﬁi-

1099 1651 1206 1678 centur,
1227 1645 1384 1680 capillitium
1397 1665 1405 1677 ,
1424 1644 1524 1679 duplici
1545 1644 1655 1672 nomine
1681 1643 1817 1675 alienant,
1839 1649 1888 1668 vc-

1100 1696 1160 1718 xenl
1180 1696 1398 1726 torqueantque;
1418 1695 1444 1718 tu
1469 1691 1592 1723 interim,
1608 1691 1684 1718 bona:
1703 1689 1801 1716 mentis
1819 1689 1890 1716 Can-

1100 1738 1201 1771 didate,
1214 1738 1246 1764 ad
1261 1738 1451 1772 politissimum
1468 1738 1520 1765 hoc
1535 1737 1690 1772 κάτοπτρον
1703 1736 1816 1770 teipstnn
1833 1735 1890 1762 exi-

1100 1792 1166 1819 gas.
1187 1785 1311 1820 corporis
1330 1791 1413 1818 opes,
1435 1783 1533 1811 anima:
1550 1783 1764 1818 pcaarogativas,
1786 1786 1891 1808 naturae

1101 1831 1235 1858 universa:
1249 1830 1340 1858 dotem
1354 1849 1361 1862 ,
1379 1830 1405 1856 in
1421 1830 1527 1857 tabulas
1539 1835 1622 1864 atque
1639 1836 1750 1856 censum
1767 1827 1890 1855 referas:

1101 1877 1254 1911 pudeatque
1266 1876 1386 1903 divinum
1400 1875 1519 1907 animal,
1531 1875 1631 1902 summi
1646 1874 1764 1902 numinis
1775 1895 1782 1907 ,
1799 1874 1891 1901 mundi

1101 1923 1236 1955 universi,
1253 1923 1380 1958 quodque
1396 1922 1450 1950 illis
1469 1922 1623 1957 proximum
1637 1942 1645 1955 ,
1662 1921 1703 1948 sui
1719 1921 1804 1955 ipsius
1824 1927 1891 1948 con-

1102 1967 1268 2002 templationi
1289 1973 1393 2001 uatum,
1421 1967 1454 1994 ad
1471 1969 1611 1994 brutorutn
1627 1967 1717 1995 studia
1731 1972 1759 1994 et
1774 1966 1892 1994 delecta-

1103 2018 1193 2041 tnenta
1222 2014 1399 2041 descendere.
1427 2013 1498 2047 Quin
1518 2013 1626 2047 dignam
1646 2012 1784 2040 natalibus
1801 2018 1893 2039 sumas

1102 2059 1256 2094 superbiam
1272 2067 1280 2091 ;
1302 2059 1415 2091 divitiis,
1436 2058 1595 2090 honoribus,
1614 2058 1812 2093 voluptatibus,
1830 2065 1893 2084 eur-

1104 2105 1233 2140 porisque
1253 2104 1390 2133 illecebris
1409 2104 1616 2139 quibuscunque
1637 2104 1750 2139 insuper
1770 2103 1888 2136 habitis,

1104 2152 1247 2179 veritatem
1263 2155 1291 2178 ct
1308 2151 1435 2179 virtutem
1452 2150 1558 2177 ambias
1575 2150 1654 2177 unice
1673 2153 1701 2176 et
1717 2149 1893 2177 consecteris.

1104 2196 1220 2224 Tantum
1239 2202 1264 2224 te
1279 2196 1306 2223 in
1324 2196 1437 2224 scientia
1455 2195 1604 2230 profecisse
1623 2194 1719 2222 credas
1732 2215 1739 2227 ,
1761 2199 1892 2227 quantum

1104 2243 1131 2270 in
1149 2243 1271 2270 moribus
1290 2242 1375 2269 fueris
1394 2242 1583 2274 etnendatior;
1604 2248 1637 2268 eo
1657 2248 1742 2275 usque
1761 2241 1892 2272 doctum,

1106 2290 1131 2316 in
1151 2294 1281 2325 quantum
1303 2290 1403 2316 bonum
1419 2310 1427 2322 ,
1447 2288 1483 2315 ita
1500 2287 1705 2322 philosophum,
1722 2291 1751 2314 ut
1765 2286 1895 2314 Christia-

263 2342 452 2377 timhriantque
466 2343 654 2374 ostendimus,
671 2351 723 2370 non
742 2342 879 2370 volumina
895 2341 986 2368 omnia
1003 2341 1047 2368 ob<

1107 2343 1182 2363 num.
1212 2334 1343 2362 Parentes
1367 2333 1476 2368 quidem
1507 2334 1591 2361 nostri
1620 2337 1785 2368 praepostera
1811 2331 1894 2366 gula,

258 2388 368 2425 jiciutus
384 2394 411 2416 et
427 2389 604 2422 explicamus.

299 2435 432 2462 Audacter
447 2436 577 2468 dixerim,
596 2436 714 2471 quisquis
735 2435 907 2470 Itypomnema
931 2435 979 2460 Itoc
1002 2441 1053 2459 non

263 2490 371 2516 prorsus
390 2483 550 2517 negligenter
566 2472 706 2515 evaluerit,
725 2491 784 2510 eum
801 2481 916 2516 plurima
933 2484 1052 2514 repertu-

264 2536 338 2560 rum,
354 2536 436 2564 euque
452 2537 503 2555 tum
518 2528 581 2556 levis
594 2530 718 2556 momenti
728 2550 734 2561 ,
751 2536 809 2564 qua:
824 2527 895 2562 apud
911 2526 1053 2552 neotericos

264 2574 403 2609 magistros
414 2595 421 2605 ,
446 2575 540 2609 quibus
554 2574 669 2601 solemne
682 2575 795 2601 habetur
813 2572 927 2600 scribere
941 2578 1052 2605 semper,

266 2627 398 2651 nunquam
416 2620 501 2655 legere
512 2640 519 2653 ,
536 2621 643 2647 orttuina
663 2629 728 2647 nm-a
745 2619 912 2646 ridebantur.

1108 2382 1262 2417 priusquam
1303 2381 1364 2407 vita:
1403 2379 1527 2406 arborem
1557 2378 1739 2410 delibassent,
1776 2377 1897 2404 scientiae

1109 2429 1213 2454 fructus
1234 2427 1414 2458 devorantes,
1435 2430 1549 2453 mortem
1570 2425 1620 2452 sibi
1646 2423 1818 2459 posterisque
1839 2422 1897 2450 suis

1108 2474 1292 2505 areessivcre;
1315 2480 1363 2500 nos
1388 2473 1447 2500 vice
1472 2479 1548 2499 versa
1573 2471 1750 2499 scientiartun
1775 2468 1897 2498 surculos

1110 2521 1171 2548 vitae
1200 2520 1288 2548 arbori
1319 2520 1487 2552 inserentes,
1509 2527 1561 2546 non
1582 2518 1713 2545 innocuas
1733 2516 1825 2548 modo,
1845 2515 1890 2540 sed

1108 2573 1133 2595 et
1163 2567 1294 2594 salutares
1315 2568 1412 2602 dapes,
1435 2567 1489 2594 imo
1517 2565 1695 2593 aeternitatem
1714 2563 1797 2596 ipsam
1825 2565 1890 2593 epu-

1109 2614 1231 2641 labimur.
