2080 3156
176 189 224 221 501

859 188 1123 218 PROLEGOMENA.

375 354 465 400 J0.
508 353 818 400 ALBERTUS
857 353 1173 398 FABRICIUS
1210 353 1283 397 DE
1323 351 1613 398 NEMESIO.

712 453 760 479 lEx
773 453 835 479 Bibl.
848 455 941 480 Grata:
953 454 1002 478 vol.
1015 453 1067 483 Vll,
1081 461 1137 486 pag.
1151 453 1197 478 519
1207 459 1269 484 seqq
1282 453 1289 483 )

216 608 355 636 Netuesius
377 608 416 643 (ιι)
439 608 587 636 Emesenus
613 609 640 635 in
665 609 804 637 l’hmuicia
827 618 971 646 episcopus
986 613 1010 641 Α
1024 612 1057 639 de
1084 611 1194 645 splene,
1223 610 1333 637 renibus
1347 629 1354 641 ,
1378 607 1530 644 glandulis,
1550 611 1577 634 et
1598 607 1631 634 tle
1655 605 1811 633 admiranda

181 662 234 681 non
251 654 456 681 conl‘uudendus
471 661 532 682 cum
549 653 691 688 Nemesin,
707 656 751 690 qui
766 661 844 683 antea
859 665 872 683 a
891 656 971 684 Chri-

181 705 223 727 sto
241 700 346 728 aliettus
365 700 542 734 Cappadociae
562 700 720 734 pra-fectum
742 702 812 736 egit,
834 703 866 729 ad
884 710 964 736 quem

178 745 303 781 Gregorii
320 746 482 773 Nazianzeni
497 746 617 780 epistolae
633 746 682 778 79.
702 747 768 780 185,
783 748 853 780 181,
871 749 921 776 185
940 754 968 776 et

181 799 291 818 carmen
313 799 374 824 ικι,
398 795 462 817 tom.
481 790 517 822 ll,
537 798 597 824 pag.
617 790 683 822 140,
703 791 746 818 ubi
764 799 824 818 eum
843 798 970 825 tanquam

185 837 274 872 legum
294 838 410 872 peritqu
431 836 573 868 celebrat,
596 842 678 871 atque
691 858 698 870 ,
722 843 752 864 ut
771 838 879 865 desinat
899 838 971 865 idola

180 883 269 910 colere
281 902 288 914 ,
308 883 451 909 hortatur:
470 887 560 909 tatneu
583 884 633 910 sub
647 882 716 909 idem
735 887 841 918 temptts
856 884 905 917 (lt),
923 892 971 911 an-

183 934 291 963 tequam
308 929 396 956 adhuc
414 927 515 962 Pelagii
530 947 537 959 ,
556 927 674 955 Nestorii
695 933 721 955 et
737 927 867 964 Eutychis
887 930 972 956 haere-

183 982 229 1000 ses
259 973 409 1000 Ecclesium
452 973 613 1004 turbarent,
638 974 783 1008 scripsisse
808 974 916 1001 videtur
939 974 970 1001 li-

182 1021 278 1053 brum.
295 1021 340 1056 qui
356 1024 461 1051 exstat.
475 1024 548 1048 certe
566 1019 698 1055 insignem
714 1025 740 1047 cl
756 1021 913 1055 praeclarum
935 1021 972 1048 De

182 1073 278 1094 natura
299 1067 413 1094 hominis
423 1086 431 1098 ,
443 1066 513 1100 Περὶ
529 1066 650 1100 φύσεως
662 1066 831 1100 ἀνθρώπου.
847 1067 972 1094 Nemesio

183 1121 246 1141 eum
274 1113 404 1148 episeopo
433 1113 567 1140 Emeseno
597 1111 720 1140 tribuunt
746 1113 855 1141 codices
881 1114 972 1148 plures

186 1168 252 1187 mss.
263 1180 270 1192 .
284 1159 449 1187 Anastasius
464 1159 526 1186 item
541 1158 667 1186 Nicanus
684 1158 882 1191 Quartionibus
898 1160 926 1186 in
942 1158 971 1186 S.

184 1205 350 1240 Scripturam
362 1226 368 1237 ,
385 1210 412 1232 et
431 1204 519 1232 Moses
536 1204 691 1238 Barcepha,
715 1211 775 1239 cap.
796 1206 831 1231 ‘20
853 1205 913 1232 libri
935 1205 974 1232 De

184 1251 320 1284 paradiso.
343 1251 424 1278 Multa
438 1260 471 1279 ex
488 1252 533 1279 illo
555 1253 588 1279 ad
601 1252 729 1284 verbum,
749 1252 812 1278 licet
832 1253 904 1279 haud
925 1259 973 1279 no-

184 1300 305 1331 minato,
330 1299 455 1327 Julianus
479 1298 634 1330 l’omerius,
662 1298 742 1326 Joan.
770 1299 972 1331 Damascenus,
990 1293 1010 1320 Β

184 1345 255 1372 Elias
282 1345 436 1378 Cretensis,
462 1344 585 1373 Meletius
609 1346 775 1376 monachus,
795 1345 974 1373 Adamantius

184 1392 242 1418 sive
273 1392 453 1418 Adamantion
477 1391 505 1419 in
536 1392 621 1427 Λόγῳ
643 1390 842 1426 κεφαλαιώδει
866 1399 918 1418 ms.
947 1395 975 1418 et

182 1436 261 1464 Joan.
281 1437 477 1472 grammaticus
493 1436 525 1464 ad
540 1437 659 1465 Aristot.
677 1438 715 1464 De
738 1438 837 1464 anima.
863 1436 975 1464 Turrin-

185 1491 236 1511 nus
260 1484 287 1510 in
311 1483 425 1511 scholiis
452 1484 485 1511 ad
507 1482 587 1512 Joan.
610 1483 803 1518 Cyparissiottn
827 1483 922 1510 deead.
948 1491 975 1515 ν,

185 1538 244 1564 t-ap.
260 1531 277 1558 9
289 1551 296 1562 ,
312 1531 378 1558 citat
394 1529 548 1557 Nemesium
564 1530 754 1558 Adamantium
769 1530 815 1558 lib.
834 1539 852 1558 ιι
870 1530 908 1557 De
928 1531 975 1557 Ιιο-

184 1579 264 1603 mme.
286 1577 318 1604 Et
339 1576 391 1604 sub
417 1576 574 1603 Adamantii
604 1575 724 1604 Nentesii
751 1577 862 1604 nomine
887 1582 978 1604 exstat

187 1625 237 1647 ms.
257 1621 283 1648 in
301 1621 366 1648 bibl.
391 1621 534 1648 Bodleiana
552 1622 615 1650 cod.
633 1621 678 1655 82,
709 1621 821 1649 Darocc.
845 1620 978 1655 Gregorio

187 1666 310 1702 Nysseno
332 1675 346 1693 a
372 1668 508 1695 nonnullis
536 1667 635 1695 ascribi
660 1668 788 1703 contigit,
818 1667 890 1703 quod
914 1667 979 1703 Nys-

188 1723 269 1742 senus
284 1715 364 1741 etiam
383 1714 480 1742 librum
501 1714 582 1749 hujus
597 1716 748 1750 argumenti
768 1714 977 1749 composuisset.

189 1761 258 1789 Ilinc
283 1761 404 1789 vicissim
432 1761 581 1795 Gregorius
607 1768 656 1795 pro
679 1760 801 1796 Nysseno
817 1760 978 1795 quibusdam

189 1808 349 1836 l-Imesenus.
368 1808 504 1836 Feruntur
519 1807 600 1834 etiam
618 1808 689 1834 inter
704 1807 817 1843 Nysseui
836 1807 936 1841 scripta
952 1807 978 1833 in

187 1855 355 1882 editionibus
368 1857 487 1891 antiquis
505 1857 564 1885 libri
580 1860 642 1883 octo
659 1855 697 1882 De
714 1854 897 1889 philosophia,
912 1860 980 1887 quos

188 1906 249 1936 post
264 1900 487 1936 Burgundiouem
505 1903 632 1930 I’isauum
652 1902 706 1936 (ε),
722 1901 767 1935 qui
792 1908 818 1926 a.
846 1899 877 1926 C.
912 1898 981 1925 1194

1024 657 1163 692 sanguinis
1178 657 1289 692 periodo
1304 663 1337 684 ac
1355 655 1389 691 (ε)
1406 653 1523 682 circuitu
1537 674 1545 686 ,
1562 660 1594 680 ea
1612 652 1694 680 etiam
1715 651 1812 683 tradit,

1024 704 1051 730 in
1080 703 1180 737 quibus
1205 702 1288 730 velttti
1311 701 1419 729 eximiis
1443 700 1560 727 inventis
1583 698 1744 733 placuerunt
1764 697 1812 725 sibi

1024 748 1173 775 recentium
1192 751 1344 782 temporum
1363 745 1482 780 ingenia.

1202 815 1414 842 Editiones
1447 813 1627 841 Nemesii.

1059 883 1171 915 Latine,
1191 883 1309 918 Georgio
1324 882 1396 910 Valla
1416 882 1564 917 interprete
1579 885 1649 917 apud
1667 884 1729 911 Seb.
1748 883 1802 918 Gry

1024 930 1116 964 phium
1136 929 1222 961 1558,
1244 929 1272 956 4.
1292 929 1431 956 Ellebodio
1447 929 1539 963 judice
1555 929 1628 956 Valla
1656 931 1686 956 οὐ
1716 929 1814 966 μᾶλλον

1024 975 1196 1011 ήρμήνευσεν
1213 975 1229 1010 ἢ
1249 975 1375 1010 συνέχεεν
1393 975 1439 1000 καὶ
1461 974 1613 1010 κατῄσχυνε
1638 976 1683 1002 τὸν
1710 975 1814 1010 φιλόσο-

1024 1030 1090 1056 φον,
1112 1021 1173 1048 καθ’
1191 1021 1309 1056 ἑκάστην
1333 1021 1426 1056 σχεδὸν
1449 1021 1573 1057 περίοδον
1590 1022 1640 1057 τῆς
1658 1021 1705 1048 τοῦ
1725 1022 1814 1056 Νεμε-

1026 1068 1083 1094 aloe
1098 1067 1218 1099 διανοίας
1232 1068 1408 1094 ἀποπίπτων.

1060 1114 1097 1140 Ex
1120 1113 1220 1141 Nicasii
1246 1113 1375 1140 Ellebodii
1398 1113 1533 1141 Casletani
1559 1114 1670 1142 meliore
1693 1113 1816 1142 versione

1025 1161 1124 1195 sapius
1139 1159 1239 1194 prodiit
1254 1160 1280 1186 in
1299 1159 1470 1188 Bibliothecir
1491 1160 1618 1193 Patrum,
1636 1166 1662 1188 ut
1679 1162 1706 1188 in
1725 1161 1816 1188 novis-

1024 1208 1091 1234 sima
1106 1205 1276 1241 Lugdunensi
1294 1210 1360 1233 tom.
1371 1205 1444 1239 Vill,
1461 1214 1522 1241 pag.
1537 1207 1600 1235 6l9.

1061 1252 1155 1280 Griece
1171 1253 1275 1287 prirntrs
1291 1252 1376 1280 edidit
1391 1260 1406 1280 e
1423 1253 1528 1280 duobus
1543 1260 1610 1281 mss.
1626 1259 1652 1280 et
1668 1253 1700 1279 ad
1715 1253 1816 1281 calcent

1026 1300 1171 1327 voluminis
1186 1298 1316 1326 Latinam
1329 1300 1482 1326 versionem
1498 1306 1574 1325 suam
1600 1298 1723 1332 adiunxit
1739 1298 1816 1326 Nica-

1025 1346 1081 1372 sius
1106 1345 1278 1378 Ellebodius,
1294 1345 1426 1380 Antverp.
1443 1346 1513 1380 apud
1538 1345 1696 1379 Christoph.
1719 1344 1817 1372 Plauti-

1026 1399 1088 1418 num
1103 1391 1181 1425 1565,
1195 1391 1224 1419 8.

1062 1437 1125 1464 Inde
1139 1437 1233 1464 Grtnce
1245 1442 1269 1464 et
1281 1437 1375 1464 Latine
1386 1436 1487 1472 prodiit
1500 1437 1525 1463 in
1541 1435 1667 1463 Auctario
1684 1437 1817 1464 Ducmano

1027 1482 1197 1510 Bibliotheca
1211 1482 1321 1510 Patrum
1336 1484 1421 1511 Paris.
1441 1483 1509 1510 1624
1519 1503 1526 1515 ,
1543 1487 1606 1511 tom.
1624 1483 1643 1510 ll
1656 1504 1663 1515 ,
1682 1492 1742 1518 pag.
1755 1485 1818 1516 466,

1027 1535 1054 1556 et
1079 1532 1105 1556 irt
1130 1529 1295 1557 Bibliotheca
1320 1530 1430 1557 Patrum
1462 1529 1640 1563 Morelllana,
1672 1538 1696 1557 ιι.
1728 1530 1817 1563 1651,

1029 1581 1094 1603 ιοιιι.
1112 1575 1177 1609 XII,
1194 1583 1256 1610 pag.
1275 1575 1336 1603 748.

1068 1622 1189 1657 Denique
1204 1629 1265 1650 cum
1282 1622 1378 1649 eadem
1395 1621 1526 1649 Ellebodii
1543 1623 1668 1650 versione
1681 1643 1687 1653 ,
1705 1621 1737 1647 ad
1752 1621 1820 1648 duos

1031 1677 1097 1697 mss.
1113 1670 1263 1704 castigatus
1276 1673 1303 1696 et
1313 1670 1392 1697 docta
1406 1670 1564 1703 praefatione
1577 1670 1703 1704 notisque
1716 1669 1820 1695 auctior

1033 1717 1118 1744 nitide
1133 1724 1245 1744 recusus
1272 1721 1315 1744 est
1335 1716 1432 1744 Oxonii
1455 1724 1471 1743 e
1494 1717 1600 1744 theatro
1624 1714 1822 1743 Scheldoniano

1033 1762 1095 1789 l6'7l
1109 1782 1116 1794 ,
1133 1762 1165 1795 8,
1181 1768 1294 1790 curante
1305 1784 1312 1795 ,
1328 1762 1354 1789 ni
1371 1762 1459 1793 fallor,
1475 1761 1554 1789 Joan.
1572 1762 1660 1793 Fello,
1675 1760 1822 1788 Oxonionsi

1031 1808 1128 1836 deinde
1144 1810 1281 1844 episcopo.
1298 1809 1398 1836 Confer
1415 1808 1522 1835 Martini
1538 1808 1645 1842 Kcmpii
1663 1807 1731 1834 Bibl.
1749 1807 1822 1833 (licc-

1031 1857 1143 1890 lugicam
1163 1855 1272 1890 Anglor.
1296 1862 1357 1889 pag.
1382 1855 1445 1882 5H.
1469 1855 1496 1881 In
1518 1854 1590 1881 uotis
1612 1853 1665 1880 illis
1682 1852 1822 1880 Nemcsius

1032 1902 1146 1929 Subinde
1167 1901 1322 1928 defenditur
1343 1906 1372 1927 ut
1393 1908 1456 1936 pag.
1483 1900 1532 1930 42.
1555 1900 1686 1926 adversus
1706 1899 1820 1933 Pelagia-

189 1947 269 1979 obiil,
302 1947 397 1975 Latine
421 1949 614 1983 interpretatus
651 1953 693 1975 est
721 1946 834 1973 Basilea‘.
859 1953 884 1972 ιι.
912 1945 1016 1994 1512(Ζ
1035 1948 1124 1981 nismi,
1139 1952 1165 1974 ct
1186 1955 1247 1982 pag.
1265 1946 1300 1973 ΞΟ
1319 1945 1474 1981 Origeniani
1492 1946 1526 1973 de
1548 1946 1698 1972 animarum
1720 1946 1822 1980 προῦπ-

190 1991 271 2018 Βυῧιίο
289 1992 418 2020 Rhenauo
442 1994 569 2020 hortante
587 1992 705 2020 Joannes
722 1991 797 2019 Couo
821 1990 980 2017 Norimber-

191 2039 292 2072 gensis.
309 2038 402 2072 Neque
420 2040 444 2066 lii
460 2044 523 2066 outo
542 2039 602 2065 libri
627 2037 813 2065 tantummodo
830 2037 900 2064 idern
920 2044 981 2063 cum

192 2084 308 2112 Nemesii
336 2085 438 2120 scripto
462 2093 530 2120 opus
544 2090 622 2118 sunt,
646 2085 693 2111 sed
721 2084 802 2111 etiam
825 2082 900 2117 λόγοι
925 2083 982 2109 sive

192 2130 274 2157 libelli
291 2131 345 2157 duo
370 2130 407 2157 De
424 2131 530 2162 animo,
550 2138 620 2164 quos
641 2138 701 2156 rum
716 2129 853 2156 Frederici
878 2128 981 2155 Morelli

193 2177 318 2203 versione
330 2177 460 2204 exhibent
475 2176 686 2204 Graeco-Latina-
700 2174 812 2210 Nysseni
831 2174 964 2202 editiOnes
974 2193 981 2205 ,

195 2223 260 2250 nihil
273 2227 336 2250 sunt
352 2223 441 2255 aliud,
462 2231 541 2258 quam
557 2230 618 2257 cap.
631 2222 650 2249 2
663 2227 689 2248 ct
707 2222 724 2248 5
741 2221 801 2248 libri
816 2220 980 2248 Nernesiani.

193 2270 278 2302 Quam
299 2270 401 2302 peritus
423 2269 548 2304 physicas
570 2274 598 2296 et
617 2273 758 2295 anatomes
780 2267 860 2294 fuerit
883 2265 982 2293 Neute-

194 2315 266 2347 sius,
282 2316 349 2343 satis
365 2316 415 2342 hoc
432 2315 502 2342 libro
518 2315 622 2349 prodit,
640 2322 694 2349 quo
718 2314 751 2341 de
776 2322 824 2341 usu
846 2313 908 2340 bilis
922 2312 959 2348 (ti)
973 2332 980 2344 ,

184 2385 188 2389 l
230 2393 267 2428 (ιι)
288 2392 338 2419 Alii
358 2392 474 2419 Nemesii
491 2393 543 2428 duo
569 2392 609 2418 vel
635 2398 706 2422 tres.
731 2392 764 2419 ad
791 2399 859 2425 quos
883 2390 977 2428 lsitlori

196 2426 335 2456 Pelusiotae
362 2428 493 2462 epistolae.
521 2427 638 2454 Nemesii
670 2428 751 2454 etiam
786 2426 978 2462 legunrperiti

197 2464 297 2491 ntentio
312 2464 381 2497 apud
396 2461 511 2490 [Eneam
525 2462 650 2490 Guzteum
665 2463 779 2497 epistola
801 2463 847 2488 20.
872 2461 933 2488 Fuit
954 2464 981 2497 et

197 2495 335 2526 Nemesius
356 2499 498 2533 presbyter
520 2495 735 2533 Alexandriruts,
753 2499 798 2532 qui
818 2495 979 2531 depositioni

196 2535 253 2562 Arii
269 2532 444 2567 subscripsit.
459 2533 601 2560 Nemesius
617 2532 761 2568 A'Igyptius
774 2538 886 2567 martyr,
901 2539 979 2568 quem

197 2574 348 2597 uicinoraut
371 2566 608 2605 lilartyrologizt_l_9
630 2566 742 2605 nam“
759 2566 865 2605 Eusebii
881 2566 980 2593 codici-

197 2609 245 2631 1ηιὲ
260 2613 284 2632 vr
294 2625 301 2635 .
315 2605 345 2632 ιι
359 2625 366 2636 ,
382 2603 451 2632 Hist.
463 2624 471 2635 .
487 2611 547 2638 pag.
560 2603 627 2631 210.
643 2608 681 2630 est
697 2603 851 2630 Nemesion.

232 2641 268 2675 (ιι)
284 2640 384 2667 Confer
395 2636 533 2666 eruditaui
543 2638 726 2675 praelationem
741 2636 984 2675 editioniﬁlemesii

197 2672 344 2702 Ovoniensi
361 2672 704 2709 praemissam.Pamelium
716 2693 724 2704 ,
746 2673 791 2707 qui
812 2673 844 2699 ad
859 2672 985 2704 Tertull.,

198 2710 236 2737 De
253 2708 435 2745 animapcap.
465 2709 496 2741 5,
511 2708 634 2744 Nysseno
657 2709 728 2745 hunc
750 2708 848 2745 librum
861 2708 987 2745 tribuere

200 2746 318 2777 mavult,
334 2742 387 2780 quo
403 2742 630 2780 inclinare-etiam
646 2744 752 2780 videtur
764 2743 885 2780 lilii-.‘hJe
898 2742 984 2780 Quien

199 2781 234 2806 at!
247 2777 457 2814 Daulias-aeuum,
483 2785 548 2808 tom.
567 2779 593 2812 l,
608 2787 667 2814 pag.
688 2778 759 2814 196,
779 2777 877 2814 refellit
898 2777 987 2814 Theo-

200 2812 464 2851 phitusllaynaudus
489 2812 680 2851 erotenraiibus
698 2813 734 2851 lie
759 2813 842 2851 bonis
857 2819 880 2839 et
909 2812 985 2851 malis

201 2847 284 2882 libris,
299 2847 359 2886 pag.
376 2851 437 2886 L30.
452 2850 516 2878 Vide
530 2856 557 2877 et
573 2849 682 2876 llieron.
701 2848 887 2886 lilcrcurialem
901 2854 937 2879 tv,
953 2847 968 2872 4
983 2869 986 2876 ,

204 2886 264 2914 Var.
282 2884 364 2919 lecti,
387 2885 455 2913 Rob.
477 2886 542 2913 Cori
562 2886 710 2913 Censuram
732 2889 784 2912 vet.
806 2884 986 2918 scriptorum,

1033 1994 1110 2030 άρξει
1137 1993 1240 2021 erroris
1265 1993 1495 2020 criminationem.
1517 1991 1595 2019 Juau.
1622 1991 1761 2018 Launoius
1789 1991 1823 2017 De

1031 2040 1105 2067 varia
1119 2038 1268 2065 Aristotelis
1282 2039 1401 2072 fortuna,
1415 2044 1475 2072 pag.
1491 2037 1543 2064 2i:
1563 2035 1672 2063 Videmr
1688 2035 1826 2062 Nemea-ins

1037 2085 1205 2121 Origenianre
1228 2085 1260 2110 de
1285 2084 1435 2110 animarum
1461 2088 1519 2110 ortu
1547 2082 1681 2109 sententia:
1707 2080 1827 2108 natm'lnl

1039 2133 1134 2167 favere.
1152 2132 1285 2167 Quidquid
1305 2132 1332 2158 ill
1353 2136 1408 2164 est,
1427 2139 1515 2158 na’vus
1532 2131 1559 2156 in
1581 2129 1771 2156 candidissimo
1784 2137 1825 2162 pe-

1037 2183 1107 2205 ctore
1124 2185 1175 2204 non
1190 2177 1302 2204 multum
1318 2175 1491 2210 deformitatis
1507 2175 1643 2209 imponat.

1073 2224 1111 2251 Ex
1129 2223 1247 2250 Nemesii
1264 2222 1387 2249 Emeseni
1411 2221 1530 2256 episcopi
1545 2228 1670 2248 sermone
1689 2219 1726 2247 De
1740 2219 1826 2254 prori-

1037 2270 1126 2296 tleulia
1140 2269 1201 2296 vide
1211 2276 1272 2303 qua:
1284 2267 1363 2295 aﬂ'ert
1377 2268 1535 2295 Anastasius
1552 2267 1655 2294 Sinaita
1671 2270 1766 2300 quaest.
1784 2264 1825 2291 18.

1033 2397 1094 2424 pag.
1111 2388 1161 2424 150
1173 2409 1179 2419 ,
1195 2389 1274 2421 (lasp.
1291 2388 1432 2414 Barthinm
1453 2387 1486 2419 ad
1508 2386 1661 2424 glandium,
1681 2394 1742 2421 pag.
1757 2386 1824 2417 851),

1033 2421 1107 2452 ἐιῖιιι
1126 2423 1206 2450 Zarlt.
1225 2423 1414 2456 lily/ileuwum,
1433 2430 1492 2456 pag.
1507 2421 1571 2453 257,
1587 2421 1649 2447 2η).

1070 2460 1104 2494 (c)
1127 2460 1162 2486 De
1184 2460 1234 2486 hoc
1251 2456 1459 2494 Burgundione.
1478 2456 1826 2494 quiChrysostouthetiam

1036 2495 1163 2522 nonnulla
1178 2500 1205 2521 et
1224 2494 1419 2522 Damaseeuum
1437 2493 1473 2519 De

1036 2531 1131 2561 vertit,
1149 2531 1202 2556 dixi
1221 2530 1288 2556 infra
1306 2537 1365 2563 pag.
1383 2528 1443 2555 617.

1070 2566 1108 2601 (tl)
1129 2566 1194 2600 Cap.
1210 2565 1245 2592 28
1258 2587 1264 2598 ,
1282 2561 1441 2601 ήδὲξανθὴ
1455 2564 1537 2600 χολή,
1554 2569 1608 2592 etc.
1625 2565 1717 2595 Adde.
1734 2561 1755 2589 si
1773 2561 1828 2596 plat-

1035 2606 1076 2628 cet
1089 2621 1096 2632 ,
1114 2609 1172 2635 qua:
1187 2601 1221 2628 ibi
1240 2604 1398 2635 sequuntur.

1073 2638 1108 2671 (θ)
1122 2632 1194 2670 Ὀιψ.
1216 2636 1262 2664 24.
1280 2632 1392 2671 'Couler
1414 2635 1522 2662 clariss.
1549 2632 1761 2663 Almelooveenii
1789 2634 1829 2658 in-

1039 2669 1117 2700 venta
1140 2669 1303 2706 nrivanliqua
1326 2670 1339 2706 §
1358 2669 1414 2697 28:
1433 2671 1503 2698 unde
1519 2676 1593 2705 patet
1608 2672 1699 2698 mintts
1720 2676 1828 2706 a-quum

1039 2707 1123 2734 fuisse
1135 2727 1142 2740 ,
1158 2704 1336 2742 ingeniosum'
1352 2707 1431 2737 licet,
1445 2704 1525 2732 illum
1541 2705 1763 2742 antiquaajetatis
1784 2704 1829 2742 de.

1041 2741 1203 2774 tractarem}
1223 2750 1277 2776 qtto
1289 2742 1395 2778 judice,
1410 2745 1555 2776 antequam
1569 2741 1642 2770 Guil.
1658 2741 1756 2768 llarvei
1770 2741 1830 2766 ori-

1041 2783 1115 2805 retur
1136 2778 1270 2818 ingeniurn
1282 2798 1289 2810 ,

1113 2821 1145 2838 οη
1166 2812 1279 2847 ignorait
1290 2812 1439 2847 jusqu‘atm;
1453 2817 1540 2840 route;
1556 2814 1684 2839 (ermine;

1080 2847 1118 2874 Du
1137 2847 1271 2875 .llu'mtdre
1284 2850 1368 2875 viratu
1384 2849 1427 2883 qui
1443 2848 1517 2875 conlo
1531 2849 1595 2875 dirus
1612 2849 1647 2874 les
1665 2847 1758 2874 crines.

1491 2492 1543 2526 [itle
1564 2491 1710 2519 orthodoxa
1732 2491 1827 2518 Latine
