4134 6208
243 285 3496 341 ψ

1053 480 1202 579 ΙΝ
1375 476 2015 582 SEXTUM
2129 478 2677 585 TOMUM

1554 707 2232 893 apruistis.“

1649 967 2121 1024 ήκω

303 1123 641 1181 Exhibentur
668 1122 772 1178 boc
799 1129 951 1177 sexto
974 1119 1243 1176 volumine
1257 1121 1524 1192 Opuscula
1553 1121 1698 1175 varia
1719 1119 2022 1188 Augustini,
2053 1132 2170 1188 quae
2190 1117 2491 1173 conducunt
2526 1118 2593 1172 ad
2617 1119 2977 1175 informandos
2998 1136 3211 1178 mores:
3243 1124 3502 1194 praeclara

235 1217 447 1288 quidem
470 1217 582 1280 illa,
611 1225 668 1270 et
688 1215 917 1286 ingentis
945 1230 1042 1284 per
1061 1229 1120 1270 se
1146 1215 1325 1284 pretii,
1348 1215 1443 1270 sed
1464 1213 1668 1269 ordinis
1695 1212 1937 1268 melioris
1953 1212 2517 1267 accessionehabitura
2540 1213 2879 1282 splendorem
2909 1214 2998 1270 hic
3020 1231 3220 1271 novum
3240 1233 3302 1272 ac
3319 1219 3514 1274 lucem.

235 1312 435 1381 Nempe
473 1312 592 1367 istae
638 1310 1030 1365 lucubrationes
1058 1310 1108 1362 in
1139 1307 1459 1364 editionibus
1484 1316 1608 1362 ante
1634 1306 1864 1376 vulgatis
1910 1305 1988 1358 sic
2012 1304 2279 1359 distracta:
2322 1314 2491 1370 erant,
2517 1314 2574 1360 ut
2603 1306 2844 1375 quaedam
2881 1307 2935 1360 in
2982 1316 3127 1363 torno
3182 1310 3415 1364 secundo
3445 1327 3508 1366 ac

236 1408 391 1461 tertio
429 1406 570 1461 inter
612 1405 912 1474 exegeticos
938 1403 1122 1466 libros,
1153 1400 1395 1470 quzedam
1425 1416 1552 1455 vero
1588 1401 1729 1454 inter
1775 1398 2067 1468 polemicos
2092 1407 2236 1452 tomo
2283 1406 2454 1461 sexto,
2491 1407 2634 1453 tomo
2665 1413 2805 1452 nono
2847 1399 2964 1453 aliae
2993 1409 3114 1468 post
3138 1401 3413 1457 Tractatus
3461 1404 3518 1457 in

238 1497 498 1554 Joannem
526 1498 824 1567 legerentur
855 1514 869 1550 :
893 1510 1054 1565 quam
1081 1493 1483 1564 dispositionem
1508 1493 1721 1548 Erasmi
1739 1492 1870 1547 olim
1891 1506 2018 1546 cura
2039 1491 2353 1557 institutam,
2375 1492 2585 1545 tametsi
2615 1503 2795 1560 postea
2816 1502 3027 1563 recepta
3055 1504 3136 1549 est
3164 1511 3194 1548 a
3219 1495 3516 1553 Lovanicn-

239 1592 393 1647 situs
422 1589 728 1661 Theologis,
753 1598 961 1644 mutare
984 1587 1085 1644 bac
1099 1602 1234 1642 nova
1262 1587 1494 1644 editione
1523 1587 1857 1642 decrevimus
1888 1603 1902 1651 ;
1949 1593 2006 1639 ut
2026 1601 2143 1655 quae
2171 1586 2410 1653 ejusdem
2449 1587 2660 1654 generis
2684 1596 2772 1640 aut
2804 1588 2992 1642 similis
3022 1592 3317 1659 argumenti
3371 1601 3514 1660 sunt,

240 1701 303 1740 ea
333 1685 672 1740 continenter
699 1697 765 1740 ac
785 1680 1028 1738 ordinate
1053 1680 1288 1751 perlecta
1313 1689 1368 1736 et
1413 1679 1780 1751 intelligantur
1830 1678 2023 1732 melius
2052 1692 2083 1731 a
2129 1676 2400 1743 studiosis,
2451 1686 2709 1731 eteorum
2745 1677 2900 1734 altius
2929 1679 3119 1739 animis
3145 1683 3519 1754 mentibusque

237 1776 576 1832 mandentur.

306 1869 575 1939 Principio
609 1867 801 1923 damus
826 1867 1189 1936 Quaestionum
1218 1866 1383 1922 libros
1403 1864 1681 1936 quosdam,
1716 1864 1772 1919 in
1793 1863 1984 1933 quibus
2010 1872 2133 1917 sunt
2154 1863 2464 1917 nominandi
2491 1879 2600 1933 prm
2623 1865 2832 1920 caeteris
2854 1865 2977 1920 libri
3003 1867 3068 1922 ad
3094 1867 3516 1941 Simplicianum,

238 1960 532 2033 Augustino
558 1959 673 2029 iam
695 1959 946 2030 episcopo
989 1973 1110 2014 cum
1141 1958 1260 2014 illos
1290 1957 1476 2024 edidit,
1507 1972 1663 2028 quam
1699 1956 2015 2028 dignissimi.
2058 1955 2189 2010 Nam
2224 1957 2314 2025 qui
2345 1957 2491 2026 prius
2517 1955 2584 2011 de
2613 1957 2737 2012 fidei
2763 1966 2817 2011 et
2844 1960 3028 2028 gratiae
3053 1961 3208 2018 donis
3236 1979 3342 2020 non
3372 1975 3521 2022 recte

243 2065 486 2112 senserat
514 2056 568 2110 in
601 2056 979 2126 scriptionibus
1002 2056 1207 2127 aliquot
1233 2056 1365 2123 suis,
1399 2055 1501 2111 hoc
1539 2055 1594 2109 in
1613 2068 1779 2124 opere
1805 2054 1904 2108 sub
1932 2053 2209 2108 exordium
2227 2054 2565 2124 episcopatus
2586 2055 2667 2109 sui
2699 2055 2897 2124 scripto
2917 2058 3240 2127 resipiscens
3270 2063 3522 2117 emenda-

243 2150 336 2216 vit,
365 2149 665 2220 abiecitque
691 2164 930 2205 errorem
958 2164 1133 2217 suum,
1162 2151 1436 2220 apostolico
1465 2151 1737 2223 praecipue,
1782 2150 1936 2204 sicuti
1962 2150 2013 2204 in
2044 2150 2180 2205 libro
2223 2149 2292 2205 de
2335 2151 2807 2208 Praedestinatione
2855 2162 3160 2208 sanctorum
3205 2156 3514 2228 prolitetur,

238 2241 486 2296 convictus
517 2243 818 2307 testimonio,
847 2257 914 2298 ex
943 2242 963 2295 ι
990 2241 1115 2298 Cor.
1143 2259 1216 2310 iv,
1235 2244 1304 2297 7:
1338 2243 1478 2313 quod
1508 2244 1853 2299 nihilominus
1881 2243 2060 2299 divino
2099 2244 2308 2299 muneri
2339 2260 2401 2300 ac
2436 2247 2744 2302 revelationi
2797 2249 3137 2304 tribuendum
3163 2249 3259 2305 Vir
3299 2261 3516 2311 sanctus

239 2331 430 2387 ibidem
456 2333 716 2404 agnoscit.
744 2334 1055 2403 Quanquam
1079 2348 1207 2404 ergo
1243 2334 1333 2388 illa
1360 2333 1428 2388 ad
1464 2334 1867 2404 Simplicianum
1889 2334 2249 2406 diSputatione
2277 2353 2390 2391 rem
2441 2339 2632 2394 alicubi
2676 2350 2855 2396 verset
2905 2342 2957 2396 iu
2985 2353 3259 2414 utramque
3289 2356 3516 2417 partem,

240 2424 502 2480 dubitanti
547 2441 733 2496 parum
762 2425 1078 2497 dissimilis(
1109 2425 1251 2496 quod
1290 2426 1528 2495 profecto
1571 2425 1876 2495 disputandi
1927 2442 2093 2496 genus
2142 2427 2396 2483 lectorem
2442 2431 2678 2499 postulat
2722 2447 2965 2502 sagacem
3021 2435 3516 2511 vigilantemque);

241 2523 471 2571 attamen
495 2531 554 2572 se
565 2517 674 2586 iam
696 2524 806 2571 tum
834 2527 1102 2588 antequam
1126 2514 1407 2586 Pelagiana
1433 2515 1636 2570 [tmesis
1647 2525 1932 2586 appareret,
1961 2517 2039 2571 sic
2064 2516 2381 2573 disseruisse
2396 2518 2526 2573 dicit
2553 2521 2620 2575 de
2644 2522 2785 2576 dono
2811 2529 3218 2591 perseverantiae
3243 2531 3506 2601 scribens,

243 2614 307 2660 ut
329 2623 501 2678 neque
526 2610 818 2663 remanserit
856 2609 1050 2679 aliquid
1077 2624 1175 2679 quo
1219 2617 1417 2663 vocetur
1435 2608 1489 2662 in
1517 2608 1725 2662 dubiant
1753 2610 1969 2679 gratiam
1997 2608 2095 2663 Dei
2132 2627 2234 2665 non
2262 2612 2535 2666 secundum
2561 2617 2735 2669 merita
2766 2631 2937 2672 nostra
2965 2619 3098 2687 dari,
3132 2631 3176 2676 et
3215 2625 3336 2678 satis
3366 2629 3522 2698 egerit

243 2699 401 2751 etiam
421 2699 614 2753 initium
653 2702 773 2770 ﬁdei
801 2718 905 2757 esse
933 2702 1123 2756 donum
1164 2701 1292 2768 Dei,
1317 2711 1479 2773 utque
1503 2703 1651 2757 exiis
1688 2719 1801 2773 qua:
1830 2704 1898 2756 ibi
1924 2703 2061 2756 dicta
2089 2714 2227 2771 sunt,
2277 2718 2632 2776 consequenter
2673 2711 2882 2778 eluceat,
2914 2715 3065 2767 etiam
3095 2731 3250 2786 usque
3288 2719 3342 2772 in
3369 2721 3525 2788 linem

239 2794 658 2859 perseverantiam
683 2795 884 2848 nonnisi
911 2794 971 2848 ab
1000 2811 1058 2849 eo
1100 2795 1300 2864 donari,
1324 2796 1409 2866 qui
1428 2811 1520 2850 nos
1551 2795 1922 2866 prwdestinavit
1949 2798 2001 2849 in
2029 2813 2176 2850 suum
2201 2815 2411 2870 regnum
2440 2809 2486 2852 et
2505 2799 2742 2871 gloriam.

235 2933 242 2940 .
310 2883 500 2938 Finitis
530 2886 954 2955 Quaestionibus,
982 2887 1148 2944 series
1177 2889 1358 2957 incipit
1385 2888 1772 2958 Opusculorum
1800 2904 1919 2957 qua:
1945 2888 2009 2942 ad
2038 2904 2216 2944 mores
2256 2891 2424 2960 magis
2470 2893 2714 2947 attinent.
2748 2894 2985 2951 Primum
3015 2914 3082 2953 ex
3107 2898 3191 2955 bis
3232 2901 3424 2960 librum
3453 2906 3523 2965 de

237 2976 372 3032 Fide
397 2993 579 3032 rerum
603 2995 721 3049 qua:
748 2994 853 3035 non
882 2979 1144 3047 videntur,
1179 2982 1480 3037 restitutum
1530 2983 1668 3036 imus
1721 2981 2037 3050 Augustino,
2091 2983 2175 3035 cui
2233 2998 2514 3054 perperam
2572 2985 2744 3040 fuerat
2794 2987 3520 3054 ErasmietLovaniensium

238 3069 634 3140 'l‘beologorum
681 3073 942 3127 sententia
977 3081 1212 3144 ereptus.
1250 3073 1603 3143 Subsequitur
1643 3075 1962 3142 opusculum
2011 3073 2078 3128 de
2118 3074 2250 3129 Fide
2299 3084 2353 3130 et
2382 3075 2661 3147 Symbolo,
2714 3080 2856 3148 quod
2908 3081 3264 3152 Hipponensis
3311 3091 3523 3148 consilii

239 3163 510 3233 episcopis
532 3173 804 3233 acceptum
840 3164 1037 3220 referre
1057 3165 1333 3232 debemus,
1356 3181 1579 3235 quorum
1605 3165 1848 3235 iussione
1888 3166 2221 3235 Augustinus
2256 3168 2650 3237 cpiscOpalibus
2679 3171 2913 3225 nondum
2940 3173 3121 3229 infulis
3159 3191 3447 3236 exornatus
3468 3183 3522 3238 id

234 3255 537 3325 argumenti
585 3256 826 3310 tractavit
859 3256 910 3310 in
963 3256 1054 3310 illo
1100 3255 1262 3310 totius
1291 3255 1486 3309 Africae
1527 3255 1770 3326 plcnario
1815 3269 2118 3322 consessu;
2164 3271 2324 3325 quem
2357 3257 2515 3310 etiam
2561 3267 2842 3312 tractatum
2899 3263 3084 3316 amicis
3132 3267 3521 3327 studiosissime

232 3349 559 3406 instantibus
577 3351 629 3404 in
659 3349 854 3405 librum
879 3350 1121 3420 redigere
1144 3351 1450 3419 compulsus
1474 3357 1574 3405 est.
1609 3349 1861 3404 Proxime
1885 3349 2188 3418 adiungitur
2205 3334 2341 3403 liber
2367 3348 2433 3404 de
2463 3349 2594 3405 Fide
2623 3360 2676 3405 et
2698 3350 2980 3421 Opcribus,
3007 3355 3059 3409 in
3082 3372 3177 3412 eos
3195 3361 3511 3434 publicatus,

231 3445 323 3515 qui
341 3443 644 3499 sentiebant
663 3452 718 3499 et
739 3458 926 3498 omnes
965 3444 1095 3498 citra
1125 3443 1413 3498 discrimen
1439 3441 1794 3496 admittendos
1824 3443 1892 3497 ad
1919 3442 2268 3510 Baptismum,
2297 3450 2351 3495 et
2382 3450 2647 3510 praecepta
2693 3459 2904 3498 morum
2936 3448 3146 3500 nonnisi
3187 3463 3306 3519 post
3334 3454 3520 3525 Bapti-

232 3551 413 3590 smum
443 3535 720 3601 tradenda,
751 3545 804 3592 et
833 3535 1050 3590 demum
1100 3535 1393 3604 baptizatos
1445 3533 1747 3588 Christianae
1801 3533 1924 3589 fidei
1960 3534 2152 3587 merito
2183 3532 2470 3588 salvandos
2517 3549 2657 3600 esse,
2686 3536 2896 3590 etiamsi
2927 3554 3105 3594 mores
3131 3547 3521 3610 quantumlibet

229 3628 450 3698 iniquos
478 3644 750 3698 nunquam
780 3629 1053 3682 mutarint.
1079 3629 1250 3692 Quam
1273 3627 1485 3682 tertiam
1522 3627 1828 3697 opinionem
1877 3641 1996 3680 cum
2029 3626 2531 3694 perniciosissimam
2559 3626 2823 3696 iudicaret
2878 3629 2934 3683 S.
2970 3631 3183 3700 Doctor,
3213 3639 3520 3694 convellen-

228 3719 364 3775 dam
397 3722 627 3790 suscepit
654 3735 761 3774 non
797 3720 996 3786 semel,’
1029 3719 1123 3775 sed
1168 3733 1328 3773 manu
1369 3719 1538 3772 amica
1589 3733 1804 3787 semper
1848 3725 1902 3772 et
1929 3716 2148 3788 paciﬁca
2184 3732 2198 3780 ;
2229 3716 2350 3786 quia
2395 3714 2686 3785 profectam
2722 3717 2789 3772 ab
2835 3723 3138 3776 auctoribus
3180 3723 3319 3780 haud
3357 3727 3520 3785 dubie

228 3813 513 3868 catholicis
535 3828 598 3868 ac
623 3813 725 3882 piis
759 3814 985 3882 :quibus
1007 3813 1132 3866 dum
1163 3812 1393 3866 occurrit
1419 3812 1470 3864 in
1498 3811 1592 3865 lib.
1623 3809 1688 3864 21
1721 3809 1787 3864 de
1829 3809 2054 3864 Civitate
2099 3808 2212 3873 Dei,
2246 3823 2362 3878 cap.
2393 3809 2478 3873 17,
2515 3808 2668 3863 Nunc
2679 3811 2814 3880 jam,
2848 3811 2941 3876 ait,
2973 3830 3087 3866 cum
3116 3817 3518 3875 miscricordibus

230 3904 416 3956 nostris
446 3904 698 3974 agendum
727 3919 834 3956 esse
861 3902 1002 3956 video
1028 3911 1074 3955 et
1103 3903 1312 3972 paciﬁca
1336 3901 1718 3971 disputandum.
1752 3899 1888 3954 Hinc
1916 3900 2074 3968 longe
2104 3897 2292 3953 abesse
2329 3912 2437 3952 non
2460 3900 2698 3967 oportuit
2727 3900 3094 3966 Encltiridion,
3142 3921 3248 3972 quo
3275 3908 3515 3965 doctrina

232 3995 464 4050 traditur
490 3996 558 4050 de
581 3995 733 4060 Fide,
765 3995 870 4065 Spe
891 4004 946 4050 et
969 3994 1239 4049 Charitate
1271 4013 1284 4049 :
1331 4009 1464 4064 Opus
1484 4009 1609 4049 vere
1625 4008 1863 4058 aureum,
1892 4002 2148 4047 nocturna
2177 4000 2230 4046 et
2255 3991 2441 4045 diurna
2480 4008 2641 4046 manu
2670 3993 3010 4047 versandum.
3036 3995 3194 4049 Liber
3217 3998 3284 4052 de
3328 4002 3514 4073 Agone

233 4083 545 4141 Christiano
569 4087 761 4142 eodem
806 4085 918 4142 fere
940 4096 1161 4156 spectat,
1195 4085 1317 4141 ﬁdei
1345 4086 1602 4156 Regulam
1631 4086 1910 4138 continens
1935 4093 1988 4137 et
2016 4092 2279 4152 praecepta
2320 4083 2553 4136 vivendi.
2585 4083 2691 4137 llos
2735 4083 2800 4139 de
2831 4084 2960 4140 Fide
2982 4086 3146 4142 libros
3165 4093 3360 4162 excipit
3379 4111 3512 4164 opus

237 4179 304 4234 de
325 4179 732 4236 Catecbizandis
761 4179 1000 4247 rudibus,
1030 4181 1228 4235 editum
1250 4188 1435 4250 rogatu
1468 4179 1678 4233 diaconi
1707 4176 2140 4246 Carthagiuensis
2173 4175 2503 4246 Deogratias,
2531 4176 2597 4231 ad
2633 4192 2790 4247 quem
2818 4179 3012 4247 saepius
3040 4183 3225 4250 primis
3255 4186 3375 4242 lidei
3404 4190 3514 4245 ele-

233 4273 434 4327 mentis
475 4271 747 4327 imbuendi
775 4272 1175 4328 deducebantur
1221 4286 1493 4327 sacrarum
1534 4271 1835 4325 litterarum
1874 4268 2054 4323 rudes.
2083 4267 2387 4323 Succedunt
2431 4269 2587 4323 simul
2616 4285 2736 4322 cum
2783 4279 3008 4325 tractatu
3049 4274 3117 4328 de
3145 4275 3508 4352 Continentia,

233 4381 354 4436 qua:
384 4367 626 4421 materia:
647 4376 701 4422 et
740 4366 1039 4437 argumenti
1068 4367 1146 4420 sui
1171 4365 1427 4421 affinitate
1451 4365 1748 4436 coniuncta:
1774 4373 1899 4419 sunt
1942 4365 2081 4418 inter
2104 4379 2162 4418 se
2189 4364 2607 4428 lucubrationes,
2643 4364 2708 4418 de
2725 4365 2874 4420 Bono
2913 4367 3200 4438 coniugali,
3226 4371 3292 4427 de
3321 4385 3507 4433 sancta

233 4459 574 4530 Virginitate,
605 4459 673 4515 de
696 4459 844 4514 Bono
873 4459 1177 4525 Viduitatis,
1206 4459 1274 4513 de
1317 4458 1592 4528 Coniugiis
1617 4456 1950 4513 adulterinis.
1993 4456 2183 4510 Postea
2204 4455 2271 4510 de
2298 4455 2590 4522 Mendacio,
2618 4465 2672 4511 et
2711 4465 2896 4512 contra
2926 4457 3256 4516 Mendacium
3291 4483 3305 4518 :
3334 4480 3414 4532 ac,
3440 4484 3511 4524 ne

232 4549 442 4622 singula
470 4564 873 4620 persequamur,
898 4549 1082 4604 ordine
1110 4549 1287 4603 omnia
1311 4556 1459 4603 certo
1486 4549 1806 4618 proprioque
1832 4555 1956 4601 sunt
1977 4547 2254 4602 collocata.

309 4643 531 4711 Verum,
560 4644 702 4715 quod
729 4645 807 4699 rei
830 4651 987 4713 caput
1012 4643 1398 4708 existimamus,
1449 4643 1752 4697 criticorum
1785 4643 1839 4696 in
1877 4641 1989 4711 ipsa
2019 4640 2282 4711 Opuscula
2304 4641 2584 4711 judicium,
2618 4642 2663 4696 si
2693 4643 2810 4712 quis
2835 4643 2967 4698 forte
2998 4646 3176 4715 injecit
3200 4649 3265 4702 de
3286 4660 3505 4709 auctore

233 4736 562 4806 scrupulum,
595 4736 663 4790 ad
685 4751 910 4791 examen
949 4744 1169 4790 vocatur
1203 4753 1215 4788 :
1243 4735 1483 4804 quaedam
1511 4750 1629 4805 quae
1651 4749 1751 4805 pro
1777 4734 1952 4789 nothis
1997 4733 2178 4788 haberi
2207 4734 2474 4802 volebant,
2503 4735 2726 4805 genuina
2754 4752 2872 4791 esse
2918 4748 3278 4795 monstrantur
3302 4760 3315 4808 ;
3348 4746 3449 4798 alia
3476 4762 3507 4800 e

233 4829 511 4884 contrario
539 4845 656 4899 quae
675 4828 922 4885 solebant
951 4827 1196 4898 genuinis
1244 4826 1554 4896 adiungere,
1581 4827 1667 4882 vel
1719 4828 2063 4896 repudiantur
2105 4835 2162 4880 ut
2210 4827 2393 4889 notha,
2442 4827 2526 4880 vel
2569 4828 2748 4898 aliquo
2769 4828 3074 4884 discrimine
3115 4843 3426 4899 separantur
3453 4845 3510 4890 ut

231 4922 418 4978 dubia.
449 4923 614 4992 Hujus
640 4923 953 4993 posterioris
977 4922 1187 4994 generis
1233 4929 1358 4976 sunt
1402 4929 1656 4976 tractatus
1683 4919 1751 4975 de
1779 4920 2032 4990 Symbolo
2060 4920 2124 4974 ad
2147 4919 2593 4986 Catechumenos,
2637 4930 2689 4974 et
2714 4921 2800 4974 alii
2829 4921 3042 4991 quidam
3093 4937 3155 4974 ex
3190 4931 3333 4977 tomo
3362 4942 3506 4983 nono

232 5017 475 5088 translati
505 5017 608 5071 huc
618 5017 782 5072 libelli
807 5017 922 5072 sive
939 5016 1246 5082 Sermones,
1269 5031 1403 5087 quos
1422 5016 1474 5070 in
1500 5023 1738 5071 extrema
1758 5014 2038 5069 voluminis
2059 5024 2209 5083 parte
2249 5015 2619 5069 minutioribus
2643 5016 2780 5085 typis
2800 5030 3023 5068 excusos
3037 5028 3481 5084 repraesentamus
3497 5063 3510 5078 .

303 5130 686 5187 lnadornanda
713 5146 925 5201 quoque
957 5130 1265 5201 Appendice
1288 5146 1389 5186 nec
1414 5135 1603 5201 exigua
1648 5145 1774 5184 cura
1804 5172 1816 5196 ,
1844 5145 1940 5184 nec
1994 5130 2168 5184 inanis
2212 5131 2364 5186 labor
2413 5132 2684 5200 impensus
2723 5141 2822 5184 est.
2856 5130 3240 5200 Opusculorum
3289 5138 3514 5194 subditi-

236 5222 428 5278 tiornm
455 5223 665 5292 (ιυπείιί
695 5232 820 5278 sunt
858 5232 911 5278 et
935 5225 1132 5293 reperti
1159 5223 1469 5293 plerumque
1494 5229 1759 5276 auctores.
1789 5221 1994 5290 llugoni
2023 5221 2295 5274 Victorino
2345 5221 2642 5274 vindicatur
2670 5222 2880 5277 libellus
2923 5223 2989 5278 de
3039 5224 3342 5284 Snbstanlia
3374 5229 3509 5286 dile-

232 5313 427 5369 ctionis
456 5331 472 5380 ;
504 5315 787 5384 eidemque
814 5315 916 5385 ipsi
940 5315 1180 5371 redditur
1209 5329 1344 5383 opus
1375 5313 1440 5368 de
1461 5322 1664 5383 septem
1693 5310 1868 5377 Vitiis,
1914 5321 1966 5366 et
1992 5321 2195 5381 septem
2228 5310 2390 5364 Donis
2410 5311 2637 5381 Spiritus
2658 5313 2844 5366 sancti.
2876 5312 3033 5368 Liber
3060 5315 3128 5370 de
3155 5316 3304 5371 Scala
3346 5318 3511 5376 Para-

237 5403 336 5458 disi
361 5406 660 5460 restituitur
679 5405 908 5476 Guigoni
940 5405 1294 5461 Cartltusiano
1326 5422 1339 5458 :
1370 5403 1438 5459 de
1465 5403 1779 5473 Cognitione
1803 5419 1950 5460 verte
1969 5404 2111 5469 vitm,
2142 5403 2374 5458 llonorio
2399 5404 2866 5473 Augustodunensi
2893 5423 2906 5459 :
2937 5405 3003 5460 de
3047 5407 3164 5461 Vita
3191 5409 3501 5478 christiana,

236 5493 479 5551 Fastidio
513 5497 714 5552 Britoni
743 5516 757 5551 :
789 5497 1011 5552 Paulino
1050 5495 1409 5567 Aquileiensi,
1453 5495 1522 5551 de
1572 5496 1890 5550 salutaribus
1946 5491 2286 5550 Documentis
2315 5537 2328 5561 ,
2378 5495 2444 5550 de
2499 5495 2759 5552 Conﬂictu
2809 5497 3056 5551 vitiorum
3093 5507 3146 5552 ct
3200 5501 3450 5555 virtutum
3484 5544 3500 5569 ,

230 5590 514 5646 Ambrosio
558 5589 946 5660 Autpertozde
1001 5589 1334 5646 Rectitudine
1361 5587 1636 5644 catholicae
1669 5587 2104 5653 conversationis,
2138 5603 2200 5642 ac
2249 5587 2471 5657 proinde
2523 5590 2679 5643 etiam
2728 5590 2795 5644 de
2842 5589 3084 5643 Vanitate
3131 5591 3311 5644 saeculi
3343 5633 3357 5656 ,
3393 5591 3510 5648 Eli-

228 5681 321 5752 gio
349 5679 687 5737 Noviomensi
718 5701 729 5734 :
763 5683 831 5737 de
856 5683 1005 5737 Bono
1029 5682 1326 5752 disciplina)
1347 5723 1366 5753 ,
1389 5679 1673 5740 Valeriano
1704 5680 2007 5753 Cymelensi
2051 5681 2300 5751 episcopo
2327 5723 2341 5748 ,
2393 5689 2494 5737 etc.
2521 5682 2753 5738 Libellus
2773 5682 2840 5738 de
2874 5682 3120 5736 Amicitia
3161 5699 3225 5737 ex
3274 5685 3504 5744 Aelrcdo

551 5775 777 5835 Sacr.
807 5776 1083 5836 Aucusr.
1121 5773 1228 5835 VI.
2949 5774 3180 5853 {Una}
