4134 6208
202 293 208 300 ’
231 289 310 349 ιδ
1657 282 1782 339 LIBI

1902 283 2096 340 unus.
3229 253 3256 262 ”
3433 302 3506 362 η

823 403 913 459 Vl.
960 404 1033 459 De
1081 404 1232 459 malo.

307 495 478 553 Omne
515 497 653 568 quod
691 505 796 564 est,
823 505 914 552 aut
954 506 1036 551 est
1079 509 1416 564 corporeum,
1445 502 1536 548 aut
1564 494 1814 564 incorpo-

234 603 409 644 reum.
439 589 769 660 Corporeum
808 586 1064 655 sensibili,
1109 587 1479 657 incorporeum
1508 594 1685 640 autem
1732 585 1813 640 in-

161 715 165 717 -
233 679 494 750 telligibili
537 680 719 749 specie
763 681 1084 734 continetur.
1125 677 1294 734 Omne
1333 678 1489 752 igitur
1520 676 1661 747 quod
1706 684 1808 743 est,

232 771 354 826 sine
383 770 556 841 aliqua
585 771 765 840 specie
786 787 891 826 non
922 779 1022 826 est.
1053 771 1151 826 Ubi
1177 755 1553 840 autem-aliqua
1583 769 1808 840 species,

231 863 539 918 necessario
563 871 645 917 est
675 862 863 933 aliquis
892 862 1100 928 modus,
1133 870 1187 918 et
1222 863 1412 916 modus
1449 859 1646 931 aliquid
1683 859 1810 914 boni

227 961 330 1007 est.
362 952 638 1008 Summum
662 968 791 1023 ergo
817 953 1014 1008 malum
1039 952 1237 1007 nullum
1264 951 1480 1008 modum
1502 951 1695 1013 habet;
1723 966 1810 1006 ca-

225 1055 313 1112 ret
333 1047 472 1101 enim
493 1046 638 1102 omni
669 1045 831 1101 bono.
850 1044 964 1100 Non
985 1053 1068 1100 est
1093 1044 1276 1115 igitur;
1307 1045 1430 1114 quia
1460 1043 1606 1098 nulla
1631 1043 1808 1112 specie

225 1138 554 1205 continetur,
603 1146 878 1209 totumque
929 1138 1031 1193 hoc
1084 1152 1277 1193 nomen
1329 1137 1453 1192 mali
1498 1136 1565 1201 de
1608 1137 1805 1206 speciei

225 1229 526 1298 privatione
556 1239 825 1300 repertum
853 1238 951 1284 est.

334 1319 444 1376 VII.
491 1321 616 1388 ρυω
663 1322 868 1391 praprie
903 1321 958 1374 in
990 1319 1247 1373 animante
1279 1319 1449 1372 anima
1477 1317 1694 1370 dicatur.

299 1414 488 1468 Anima
514 1413 798 1484 aliquando
824 1413 894 1467 ita
926 1412 1140 1476 dicitur,
1162 1419 1220 1466 ut
1250 1425 1372 1465 cum
1400 1418 1582 1465 mente
1611 1409 1804 1464 intelli-

213 1513 410 1574 gatur;
442 1505 602 1559 veluti
626 1521 744 1559 cum
772 1505 997 1559 dicimus
1025 1503 1293 1558 hominem
1319 1517 1384 1557 ex
1412 1503 1586 1557 anima
1612 1511 1666 1556 et
1685 1517 1802 1556 cor-

215 1611 350 1665 pore
397 1604 683 1652 constare:
715 1596 998 1666 aliquando
1036 1596 1130 1660 ita,
1162 1603 1219 1648 ut
1255 1603 1473 1664 excepta
1517 1601 1695 1650 mente
1722 1594 1799 1648 di-

210 1696 388 1743 catur.
411 1687 517 1749 Sed
537 1703 660 1742 cum
681 1697 902 1758 excepta
927 1695 1106 1742 mente
1129 1687 1342 1753 dicitur,
1360 1703 1426 1741 ex
1464 1686 1527 1741 iis
1547 1687 1798 1756 operibus

213 1779 531 1850 intelligitur
551 1795 674 1850 quae
701 1778 958 1835 habemus
984 1793 1104 1835 cum
1133 1778 1317 1834 bestiis
1344 1779 1666 1834 communia.
1701 1779 1800 1834 Be-

211 1871 331 1927 stiae
365 1887 598 1942 namque
621 1881 805 1927 carent
845 1873 1069 1938 ratione,
1093 1887 1212 1942 qum
1250 1871 1442 1926 mentis
1479 1886 1690 1942 semper
1716 1879 1799 1927 est

213 1963 450 2033 propria.

441 2055 574 2110 VIII.
635 2056 821 2112 Utrum
858 2071 946 2125 per
980 2072 1036 2110 se
1070 2055 1242 2108 anima
1279 2063 1554 2109 moveatur.

283 2145 483 2202 Moveri
513 2162 610 2217 per
639 2162 700 2212 se
723 2147 952 2210 animam
978 2146 1167 2211 sentit,
1197 2145 1289 2216 qui
1323 2147 1484 2204 sentit
1505 2145 1557 2199 in
1589 2160 1647 2200 se
1675 2159 1794 2200 esse

212 2237 560 2304 voluntatem.
590 2237 722 2302 Nam
750 2238 797 2294 si
817 2237 1078 2303 volumus,
1105 2251 1210 2296 non
1240 2235 1377 2294 alius
1395 2236 1464 2294 de
1485 2235 1638 2292 nobis
1660 2235 1790 2292 vult.

185 2328 275 2408 .Et
316 2329 418 2384 iste
456 2339 636 2384 motus
663 2329 855 2393 animus
890 2335 1214 2398 spontaneus
1261 2336 1377 2390 est;
1417 2325 1519 2381 hoc
1559 2325 1700 2380 enim
1742 2325 1792 2379 ei

213 2421 468 2477 tributum
494 2431 578 2476 est
603 2437 630 2474 a
664 2423 814 2476 Deo:
843 2420 930 2490 qui
962 2428 1138 2484 tamen
1185 2426 1379 2484 motus.
1425 2431 1530 2476 non
1567 2416 1638 2472 de
1675 2416 1792 2476 loco

212 2519 259 2572 in
303 2517 482 2572 locum
509 2524 612 2580 est,
642 2523 891 2584 tanquam
921 2512 1180 2584 corporis.
1211 2510 1475 2572 Localiter
1503 2509 1643 2564 enim
1671 2523 1790 2562 mo-

208 2607 318 2676 veri
347 2605 585 2680 corporis
617 2604 894 2676 proprium
922 2611 1020 2658 est.
1054 2603 1120 2657 Et
1145 2616 1262 2666 cum
1292 2601 1466 2668 anima
1495 2599 1785 2663 voluntate,

206 2698 257 2767 id
288 2707 396 2762 est,
432 2697 518 2753 illo
545 2706 689 2764 motu
715 2697 804 2768 qui
841 2694 1021 2752 localis
1052 2707 1158 2758 non
1179 2701 1280 2757 est,
1311 2705 1505 2760 corpus
1531 2705 1683 2750 suum
1709 2699 1790 2745 ta-

208 2805 325 2844 men
371 2787 616 2843 localiter
662 2795 860 2854 movet,
891 2799 998 2850 non
1042 2799 1106 2850 ex
1137 2782 1324 2846 eodem
1368 2790 1692 2846 monstratur
1733 2788 1790 2848 et

209 2882 316 2953 ipsa
355 2880 599 2945 localiter
633 2859 858 2934 moveri.
900 2875 1046 2932 Sicut
1085 2873 1322 2938 videmus
1361 2887 1390 2928 a
1426 2873 1641 2938 cardine
1666 2887 1786 2939 mo-

209 2973 310 3029 veri
329 2971 531 3045 aliquid
556 2987 652 3042 per
675 2983 921 3041 magnum
945 2967 1174 3040 spatium
1195 2965 1319 3033 loci,
1339 2973 1392 3032 et
1414 2974 1589 3032 tamen
1610 2965 1784 3044 ipsum

207 3063 472 3119 cardinem
490 3062 507 3094 ί
554 3077 660 3116 non
685 3059 884 3115 moveri
912 3059 1050 3114 loco.

240 3152 327 3208 IX.
381 3152 568 3208 Utrum
601 3151 856 3222 corporeis
893 3148 1118 3204 sensibus
1147 3146 1336 3218 percipi
1360 3146 1542 3200 veritas
1569 3146 1744 3216 possit.

269 3245 437 3303 Omne
460 3244 603 3317 quod
628 3257 916 3315 corporeus
941 3255 1128 3297 sensus
1166 3239 1395 3310 attingit,
1420 3237 1558 3309 quod
1581 3246 1635 3292 et
1660 3253 1784 3293 scn-

208 3337 344 3394 sihile
375 3337 598 3405 dicitur,
625 3336 740 3390 sine
766 3334 872 3398 ulla
914 3330 1308 3398 intermissione
1345 3330 1598 3402 temporis
1635 3343 1780 3386 com-

206 3437 428 3493 mutatur
450 3427 532 3501 (a)
557 3445 568 3481 :
595 3425 741 3491 velut
763 3440 884 3481 cum
907 3423 1085 3494 capilli
1106 3421 1295 3492 capitis
1323 3407 1486 3488 nostri
1509 3430 1774 3485 crescunt,

209 3519 284 3575 vel
308 3533 500 3590 corpus
535 3517 705 3588 vergit
732 3517 783 3572 in
815 3523 1162 3578 senectutem,
1191 3521 1284 3568 aut
1316 3512 1368 3566 in
1393 3510 1665 3580 juventam
1695 3512 1777 3565 ef-

203 3608 728 3682 ﬂorescit,perpetuo
758 3606 808 3672 id
837 3606 914 3670 lit,
945 3620 1044 3660 nec
1069 3603 1285 3664 omnino
1311 3601 1613 3666 intermittit
1637 3601 1773 3664 fieri.

202 3699 352 3774 Quod
390 3707 561 3754 autem
610 3713 714 3761 non
767 3705 964 3764 manet,
997 3694 1196 3778 percipi
1240 3708 1345 3747 non
1399 3701 1613 3762 potest:
1647 3691 1776 3748 illud

203 3793 334 3848 enim
369 3790 664 3863 percipitur
685 3788 827 3862 quod
855 3787 1073 3843 scientia
1100 3783 1582 3854 comprehenditur.
1618 3783 1775 3848 Com-

205 3885 447 3955 prehendi
461 3892 644 3939 autem
661 3897 764 3940 non
779 3877 1102 3952 potestquod
1119 3879 1232 3932 sine
1247 3876 1636 3942 intermissione
1652 3891 1772 3942 tnu-

209 3984 352 4031 tatur.
384 3975 500 4030 Non
519 3983 603 4029 est
625 3973 781 4043 igitur
797 3967 1150 4042 exspectanda
1179 3966 1456 4020 sinceritas
1483 3965 1719 4024 veritatis
1739 3979 1771 4032 a

207 4067 436 4125 sensibus
459 4065 724 4138 corporis.
752 4063 856 4118 Sed
891 4078 957 4117 ne
986 4061 1106 4131 quis
1132 4059 1271 4114 dicat
1300 4073 1419 4113 esse
1451 4057 1626 4130 aliqua
1644 4071 1770 4108 sen-

208 4159 368 4214 sibilis
393 4158 579 4213 eodem
606 4155 768 4211 modo
795 4169 1005 4226 semper
1033 4151 1319 4220 manentia,
1343 4157 1399 4208 et
1423 4147 1770 4218 qumstionem

207 4249 345 4304 nobis
370 4249 438 4304 de
475 4250 586 4304 sole
628 4257 788 4318 atque
828 4244 994 4299 stellis
1033 4242 1238 4307 all‘erat,
1285 4241 1336 4293 in
1379 4238 1569 4312 quibus
1615 4237 1770 4300 facile

205 4341 425 4396 convinci
475 4354 584 4396 non
625 4347 834 4412 potest;
879 4336 1006 4391 illud
1049 4343 1191 4390 certe
1235 4347 1392 4388 nemo
1432 4340 1515 4386 est
1541 4330 1630 4400 qui
1661 4345 1768 4385 non

203 4441 402 4504 cogatur
428 4432 610 4498 fateri,
645 4429 774 4484 nihil
803 4443 922 4484 esse
964 4425 1217 4486 sensibile
1242 4422 1382 4494 quod
1426 4437 1532 4478 non
1577 4420 1769 4478 habeat

201 4525 353 4580 simile
375 4524 544 4591 falso,
576 4523 649 4578 ita
677 4529 738 4576 ut
761 4519 1046 4576 internosci
1075 4533 1181 4585 non
1207 4516 1389 4587 possit.
1421 4514 1552 4582 Nam
1581 4523 1639 4569 ut
1664 4513 1768 4570 alia

200 4619 611 4687 praetermittam,
630 4614 808 4670 omnia
834 4628 950 4684 qua:
975 4628 1071 4684 per
1094 4625 1285 4682 corpus
1311 4610 1588 4678 sentimus,
1605 4608 1766 4664 etiam

199 4722 297 4763 cum
327 4726 385 4766 ea
421 4723 542 4764 non
572 4706 767 4762 adsunt
791 4703 1055 4766 sensibus,
1086 4703 1340 4770 imagines
1371 4711 1548 4762 tamen
1579 4715 1764 4755 eorum

196 4800 398 4869 patimur
428 4811 696 4868 tanquam
721 4811 936 4867 prorsus
963 4795 1154 4859 adsint,
1182 4794 1264 4848 vel
1289 4793 1341 4848 in
1364 4807 1572 4858 somno,
1598 4792 1684 4847 vel
1710 4792 1764 4848 in

197 4890 365 4950 lurore.
398 4889 571 4962 Quod
598 4904 716 4943 cum
761 4888 1009 4958 patimur,
1053 4887 1271 4940 omnino
1300 4895 1477 4948 utrum
1520 4899 1582 4939 ea
1637 4883 1764 4953 ipsis

193 4988 409 5044 sensibus
456 4983 786 5048 sentiamus,
831 4989 920 5040 aut
959 4979 1214 5050 imagines
1262 4978 1590 5034 sensibilium
1633 4977 1760 5044 sint,

192 5074 476 5134 discernere
514 5090 621 5130 non
645 5075 902 5129 valemus.
934 5073 988 5128 Si
1016 5071 1172 5142 igitur
1201 5079 1324 5125 sunt
1363 5069 1618 5140 imagines
1643 5082 1764 5122 sen-

189 5167 395 5224 sibilium
427 5168 613 5234 falsae,
641 5180 760 5238 quae
782 5163 1009 5218 discerni
1041 5163 1169 5233 ipsis
1198 5161 1440 5216 sensibus
1471 5167 1758 5229 nequeunt,

185 5266 230 5314 et
254 5260 378 5316 nihil
419 5259 640 5332 percipi
672 5265 847 5328 potest
877 5255 975 5311 nisi
1015 5253 1154 5326 quod
1193 5268 1222 5306 a
1255 5251 1383 5307 falso
1423 5251 1758 5318 discernitur,

188 5367 275 5408 non
301 5365 379 5410 est
401 5353 677 5426 judicium
723 5348 958 5403 veritatis
1011 5347 1355 5402 constitutum
1401 5346 1450 5400 in
1495 5344 1758 5401 sensibus.

185 5440 527 5510 Quamobrem
576 5440 932 5509 saluberrime
972 5438 1322 5494 admonemur
1359 5437 1524 5492 averti
1559 5437 1624 5492 ab
1662 5436 1762 5493 hoc

231 5599 346 5662 (tot
377 5607 597 5654 κειται.
621 5612 735 5662 cap.
757 5595 837 5648 28.
889 5566 914 5592 ’

238 5686 254 5717 ⁸
284 5687 366 5737 me
387 5695 492 5739 ttat.
523 5692 581 5740 et
598 5692 709 5744 tres
731 5690 836 5732 Mss.
861 5679 1058 5744 addunt,
1084 5677 1322 5744 “cuidem
1343 5675 1694 5742 impartitrilem.

1920 398 2144 466 mundo,
2176 401 2264 472 qui
2306 402 2546 474 profecto
2574 419 2864 478 corporeus
2903 417 2986 466 est
3027 418 3083 482 et
3110 412 3408 486 sensibilis;
3449 427 3505 475 et

1919 487 1986 544 ad
2017 490 2207 558 Deum,
2231 493 2282 548 id
2309 501 2391 580 est
2415 497 2714 567 veritatem,
2735 516 2850 571 quae
2877 502 3149 560 intellectu
3173 516 3225 562 et
3251 487 3502 566 interi-ore

1917 590 2095 637 mente
2123 585 2349 654 capitur,
2379 603 2496 657 quae
2540 604 2751 659 semper
2781 602 2958 649 manet
2990 603 3044 649 et
3083 596 3318 667 ejusdem
3355 600 3501 655 modi

1917 681 2026 738 est,
2060 691 2178 744 qum
2226 692 2330 732 non
2371 680 2528 742 habet
2571 682 2850 756 imaginem
2891 687 3030 754 falsi,
3060 704 3088 742 a
3118 706 3221 760 qua
3263 691 3498 748 discerni

1917 778 2025 819 non
2054 767 2244 846 possit,
2273 778 2384 824 tota
2411 771 2681 828 alacritate
2711 779 2966 832 converti.

2276 882 2345 940 Χ.
2393 885 2574 946 Utrum
2610 908 2795 966 corpus
2830 911 2862 954 a
2897 895 3008 962 Deo
3045 898 3129 964 sit.
3183 890 3188 896 ’

1984 969 2154 1036 Omtte
2181 972 2380 1030 bonum
2419 991 2448 1034 a
2490 978 2600 1038 Deo
2628 999 2642 1036 :
2670 996 2828 1044 omne
2855 987 3154 1058 speciosum
3189 989 3410 1061 bonum,
3439 992 3492 1048 in

1902 1070 2168 1134 quantum
2195 1065 2497 1133 speciosum
2537 1077 2618 1130 est
2639 1088 2654 1138 ;
2698 1081 2751 1127 et
2777 1087 2935 1132 omne
2957 1077 3100 1148 quod
3125 1080 3334 1149 species
3358 1096 3490 1148 eun-

1911 1151 2060 1226 tinet,
2083 1154 2381 1224 speciosum
2397 1166 2498 1213 est.
2517 1159 2687 1226 Omne
2705 1176 2879 1230 autem
2893 1182 3103 1238 cqrpus,
3123 1181 3181 1236 ut
3194 1187 3387 1244 corpus
3400 1174 3489 1244 sit,

1910 1243 2090 1314 specie
2129 1245 2300 1317 aliqua
2340 1251 2662 1314 continetur.
2693 1255 2862 1320 Omne
2892 1259 3048 1329 igitur
3074 1276 3267 1333 corpus
3295 1279 3325 1318 a
3357 1243 3488 1326 Deo.

2121 1358 2212 1415 XI.
2257 1361 2427 1430 Quare
2463 1365 2689 1422 Christus
2727 1370 2789 1423 de
2825 1371 3014 1440 femina
3039 1384 3188 1430 natus
3220 1377 3305 1431 sit.

1980 1451 2122 1507 Deus
2173 1468 2294 1508 cum
2347 1456 2554 1524 liberat,
2596 1475 2702 1515 non
2753 1471 2955 1530 partem
3009 1465 3235 1535 aliquam
3267 1469 3484 1537 liberat;

1907 1542 2003 1602 sed
2054 1552 2223 1604 totum
2272 1546 2480 1613 liberat,
2512 1552 2653 1619 quod
2702 1552 2841 1609 forte
2876 1556 2927 1609 in
2976 1559 3213 1626 periculo
3255 1567 3359 1615 est.
3390 1562 3488 1618 Sa-

1907 1634 2104 1704 pientia
2128 1652 2256 1707 ergo
2284 1647 2340 1694 et
2365 1640 2545 1695 Virtus
2584 1643 2697 1710 Dei,
2731 1647 2818 1714 qui
2849 1647 3042 1703 dicitur
3063 1651 3370 1720 unigenitus
3401 1653 3488 1708 Fi-

1907 1724 2028 1788 lius.
2053 1725 2270 1785 homine
2293 1740 2541 1800 suscepto
2563 1733 2926 1792 liberationem
2953 1739 3184 1794 hominis
3213 1741 3485 1799 indicavit.

1905 1818 2148 1878 Hominis
2187 1831 2363 1880 autem
2399 1825 2641 1882 liberatio
2671 1829 2724 1882 in
2754 1839 2977 1901 utroque
3007 1847 3142 1888 sexu
3178 1834 3361 1890 debuit
3393 1851 3487 1906 ap-

1901 1927 2111 1982 parere.
2138 1915 2298 1984 Ergo,
2333 1918 2456 1987 quia
2499 1920 2669 1973 virum
2717 1924 3032 1991 opportebat
3073 1926 3364 1995 suscipere,
3393 1928 3488 1997 qui

1902 2018 2063 2066 sexus
2105 2005 2474 2064 honorabilior
2499 2018 2598 2076 est,
2632 2026 2962 2083 consequens
3007 2025 3121 2070 erat
3164 2024 3224 2071 ut
3268 2017 3486 2074 feminei

1899 2108 2062 2152 sexus
2089 2096 2330 2154 liberatio
2357 2098 2482 2155 hinc
2506 2113 2807 2172 appareret,
2827 2105 2968 2174 quod
2992 2107 3079 2161 ille
3101 2106 3180 2162 vir
3195 2107 3262 2164 de
3285 2108 3484 2168 femina

1899 2194 2058 2243 natus
2085 2197 2188 2244 08L

2146 2279 2261 2335 XII.
2304 2279 2566 2338 Sententia
2588 2286 2852 2357 cujusdam
2877 2288 3118 2358 sapientis
3143 2289 3240 2361 (α).

1969 2370 2146 2442 Agite,
2177 2387 2233 2438 ο,
2263 2373 2452 2443 inquit,
2485 2375 2668 2438 miseri
2697 2379 2971 2445 mortales,
2998 2380 3101 2436 hoc
3126 2381 3266 2452 agite
3290 2397 3358 2439 ne
3382 2399 3485 2439 un-

1895 2476 2057 2532 quam
2088 2463 2290 2532 polluat
2323 2465 2428 2520 hoc
2476 2467 2803 2528 domicilium
2843 2471 3106 2540 malignus
3130 2475 3382 2542 spiritus;
3413 2491 3483 2533 ne

1895 2551 2144 2610 sensibus
2161 2552 2433 2609 immixtus
2447 2555 2674 2612 incestet
2690 2558 2882 2613 anima)
2900 2560 3258 2630 sanctitatem,
3272 2564 3479 2620 lucem~

1892 2659 2000 2714 que
2027 2646 2222 2712 mentis
2261 2645 2554 2702 obnubilet.
2592 2647 2770 2718 Serpit
2808 2649 2909 2705 hoc
2944 2652 3142 2708 malum
3169 2668 3266 2723 per
3292 2670 3480 2713 omnes

1892 2734 2070 2792 aditus
2107 2738 2416 2804 sensuales;
2447 2739 2540 2794 dat
2567 2754 2626 2795 se
2655 2739 2859 2810 figuris,
2885 2744 3252 2804 accommodat
3280 2748 3478 2804 colori-

1890 2828 2012 2896 bus,
2039 2828 2278 2888 adhaeret
2300 2831 2467 2898 sonis,
2499 2832 2628 2887 latet
2649 2833 2700 2887 in
2729 2833 2837 2900 ira,
2877 2837 2929 2888 in
2952 2835 3158 2892 fallacia
3183 2841 3476 2911 sermonis,

1891 2923 2145 2978 odoribus
2175 2939 2236 2978 se
2273 2924 2514 2994 subjicit,
2558 2925 2790 2981 infundit
2815 2929 3128 2998 saporibus,
3176 2943 3240 2987 ac
3279 2934 3478 2992 turbidi

1889 3023 2066 3069 motus
2094 3014 2276 3069 illuvie
2313 3015 2610 3070 tenebrosis
2635 3016 2910 3073 affectibus
2944 3019 3187 3076 tenebrat
3215 3035 3404 3080 sensus
3431 3027 3472 3093 ³,

1889 3109 2210 3175 quibusdam
2250 3109 2460 3164 nebulis
2499 3110 2685 3179 implet
2727 3127 2913 3166 omnes
2940 3123 3146 3169 meatus
3174 3116 3476 3187 intelligen-

1889 3201 1998 3267 tiae,
2025 3215 2121 3268 per
2145 3216 2277 3269 quos
2300 3201 2601 3268 expandere
2631 3202 2810 3256 lumen
2833 3204 3055 3257 rationis
3076 3207 3256 3260 radius
3275 3209 3471 3263 mentis

1887 3293 2046 3356 solet.
2079 3293 2148 3346 Et
2174 3294 2300 3363 quia
2321 3293 2503 3348 radius
2523 3293 2771 3350 aetherem
2791 3294 2926 3349 lucis
2947 3303 3048 3361 est,
3077 3296 3132 3349 in
3157 3311 3330 3368 eoque
3351 3312 3473 3368 spe-

1885 3385 2063 3440 culum
2107 3385 2300 3440 divinas
2352 3387 2690 3456 praesentiae:
2735 3388 2792 3442 in
2845 3387 2949 3443 hoc
2992 3391 3133 3444 enim
3184 3391 3357 3460 Deus,
3415 3393 3471 3450 in

1887 3476 1987 3532 hoc
2016 3478 2258 3533 voluntas
2283 3479 2528 3546 innoxia,
2556 3479 2608 3532 in
2642 3482 2743 3534 hoc
2775 3488 2921 3536 recte
2959 3481 3084 3537 facti
3111 3484 3356 3539 meritum
3383 3500 3472 3542 re.

1885 3569 2063 3625 lucet:
2100 3571 2240 3625 Deus
2277 3569 2472 3640 ubique
2519 3585 2756 3640 praesens
2804 3580 2918 3639 est;
2976 3581 3100 3628 tunc
3133 3583 3310 3630 autem
3349 3577 3470 3632 uni-

1882 3664 2074 3732 cuique
2115 3672 2354 3718 nostrum
2397 3664 2555 3720 simul
2586 3673 2698 3731 est,
2729 3679 2852 3720 cum
2894 3666 3088 3722 mentis
3127 3675 3324 3722 nostra
3360 3667 3467 3722 illi-

1881 3754 2002 3808 bata
2030 3754 2232 3823 puritas
2275 3754 2327 3808 in
2355 3754 2471 3824 ejus
2500 3756 2783 3824 praesentia
2812 3771 2871 3812 se
2911 3771 3032 3812 esse
3071 3757 3352 3826 putaverit:
3399 3758 3466 3815 Ut

1882 3845 2023 3900 enim
2059 3845 2203 3900 visus
2229 3846 2526 3911 oculorum,
2570 3846 2614 3900 si
2637 3845 2795 3901 fuerit
2821 3847 3054 3911 vitiatus,
3086 3847 3341 3916 quidquid
3378 3849 3462 3902 vi-

1879 3936 2007 3990 dere
2037 3950 2142 3988 non
2189 3936 2452 4004 potuerit,
2483 3935 2672 3990 adesse
2715 3951 2819 3989 non
2859 3944 3037 4002 putat;
3084 3935 3274 3987 frustra
3315 3936 3461 3991 enim

1878 4028 2188 4080 circumstat
2208 4025 2390 4078 oculos
2417 4039 2653 4092 praesens
2681 4025 2854 4092 imago
2881 4039 3080 4090 rerum,
3114 4023 3157 4077 si
3184 4024 3353 4079 oculis
3379 4025 3460 4080 in-

1879 4117 2098 4187 tegritas
2141 4115 2318 4169 desit:
2348 4114 2420 4168 ita
2457 4113 2616 4168 etiam
2654 4115 2792 4169 Deus
2838 4115 2928 4185 qui
2973 4128 3231 4185 nusquam
3269 4115 3456 4188 deest,

1878 4209 2072 4263 frustra
2115 4205 2326 4276 pollutis
2371 4205 2563 4259 animis
2611 4220 2853 4275 praesens
2901 4215 3016 4274 est,
3069 4223 3227 4278 quem
3272 4208 3459 4267 videre

1875 4299 2070 4353 mentis
2094 4297 2308 4352 ctecitas
2332 4311 2438 4351 non
2472 4305 2662 4366 potest.

1873 4410 2012 4466 XIII.
2040 4411 2151 4479 Quo
2170 4411 2464 4466 documento
2496 4419 2682 4464 constet
2703 4409 2928 4464 homines
2948 4410 3114 4466 bestiis
3139 4412 3454 4470 antecellere.

1947 4525 2090 4578 Inter
2118 4525 2282 4602 multa
2322 4523 2513 4593 quibus
2540 4523 2747 4577 ostendi
2776 4532 2949 4594 potest
2980 4523 3247 4578 hominem
3276 4525 3448 4579 ratio-

1877 4631 1940 4670 ne
1966 4614 2150 4670 bestiis
2186 4614 2526 4676 antecellere,
2561 4613 2662 4667 hoc
2701 4613 2944 4667 omnibus
2971 4613 3305 4668 manifestum
3347 4623 3449 4682 est,

1872 4709 2014 4779 quod
2068 4709 2258 4762 bellum
2301 4708 2367 4760 ab
2411 4706 2713 4761 hominibus
2760 4707 2963 4762 domari
3013 4719 3066 4763 et
3112 4709 3451 4770 mansuefieri

1870 4809 2114 4870 possunt,
2151 4798 2390 4853 homines
2437 4813 2466 4851 a
2506 4798 2696 4853 belluis
2721 4799 2867 4854 nullo
2893 4800 3070 4854 modo.

2016 4912 2152 4967 XIV.
2197 4911 2317 4968 Non
2371 4914 2524 4984 fuisse
2567 4929 2751 4982 corpus
2787 4911 2972 4966 Christi
2994 4913 3312 4980 phantasma.

1941 5004 1995 5058 Si
2025 5004 2336 5073 phantasma
2367 5004 2466 5056 fuit
2495 5018 2685 5071 corpus
2714 5001 2930 5064 Christi,
2951 5000 3128 5055 lefellit
3156 5001 3398 5058 Christus
3429 5021 3446 5060 :

1869 5097 1993 5151 etsi
2044 5095 2246 5161 fefellit,
2304 5097 2500 5150 veritas
2556 5111 2658 5150 non
2712 5102 2811 5146 est.
2870 5092 2962 5145 Est
3021 5102 3197 5148 autem
3255 5096 3449 5150 veritas

1867 5188 2127 5254 Christus.
2164 5187 2277 5242 Non
2306 5187 2462 5256 igitur
2486 5187 2793 5255 phantasma
2816 5181 2912 5237 fuit
2937 5198 3128 5254 corpus
3143 5184 3276 5254 ejus.

2433 5297 2546 5351 XV.
2574 5295 2654 5351 De
2681 5297 2950 5352 intellectu.

1941 5393 2110 5450 Omne
2140 5391 2284 5462 quod
2309 5405 2370 5446 se
2418 5389 2684 5459 intelligit,
2733 5389 3135 5460 comprehendit
3181 5405 3259 5445 se.
3294 5387 3445 5460 Quod

1930 5594 1944 5622 ¹
1970 5598 2040 5639 Er.
2069 5596 2121 5639 et
2139 5595 2328 5647 septem
2354 5591 2480 5641 mss,
2501 5580 2733 5647 tenebrati
2763 5590 2942 5647 sensus.

1929 5635 2211 5715 (uirenti-.i'
2233 5635 2415 5696 scilicet
2452 5635 2950 5715 ("arthaginensis‘hde
2982 5644 3149 5688 mente
3181 5635 3450 5698 mundani];

1869 5701 2206 5761 ηΤγῖτὶυησὶιιιιι
2229 5717 2392 5756 ticum.
2420 5715 2432 5754 1
2459 5701 2662 5753 ttetracl.
2691 5718 2793 5763 cap.
2820 5701 2894 5749 '26.
