4180 6214
616 256 686 311 15
1054 220 1065 232 1
1363 248 1451 303 DE
1494 247 1807 308 DIVERSIS
1842 242 2364 316 QUIESTIONIBUS
2401 246 2683 315 LXXXIII,
2723 250 2778 306 S.
2820 252 3183 313 AUGUSTINI
3813 276 3883 333 ω

619 376 798 424 autem
829 378 887 420 se
935 361 1364 432 comprehendit,
1398 362 1609 415 ﬁnitum
1634 370 1717 416 est
1745 360 1864 416 sibi.
1898 359 1966 413 Et
1982 359 2198 414 intelle-

618 467 735 514 ctus
762 434 1009 524 intelligit
1043 468 1120 507 se.
1158 452 1299 522 Ergo
1348 450 1529 507 ﬁnitus
1547 461 1629 506 est
1667 451 1789 505 sibi.
1829 450 1937 505 Nec
1965 450 2199 504 inﬁnitus

616 564 734 605 esse
758 548 887 609 vult,
915 546 1153 615 quamvis
1179 544 1348 613 possit
1373 560 1387 609 ;
1417 544 1539 613 quia
1584 552 1739 599 notus
1772 543 1872 598 sibi
1898 557 2015 598 esse
2063 543 2193 610 vult,

615 648 759 695 amat
773 639 913 695 enim
935 653 1013 692 se.

1106 726 1246 782 XVI.
1290 726 1368 780 De
1407 726 1545 780 Filio
1584 725 1699 779 Dei.
1732 736 1737 741 '

687 827 830 880 Deus
872 823 1109 879 omnium
1155 836 1273 889 qua:
1318 829 1477 883 sunt,
1509 834 1666 873 causa
1702 827 1802 874 est.
1843 819 1994 887 Quod
2021 828 2197 876 autem

616 917 851 974 omnium
880 929 1058 969 rerum
1085 927 1241 967 causa
1271 922 1369 978 est,
1400 912 1561 965 etiam
1590 913 1860 980 sapientia:
1899 927 2008 968 suae
2038 928 2196 969 causa

615 1019 698 1065 est
723 1027 736 1063 :
765 1024 863 1063 nec
890 1019 1120 1075 unquam
1144 1005 1284 1058 Deus
1310 1002 1424 1056 sine
1452 1002 1707 1072 sapientia
1738 1017 1851 1056 sua.
1875 1002 2035 1072 Igitur
2054 1020 2196 1058 sem-

614 1100 837 1169 piternze
857 1095 1129 1164 sapientiae
1150 1107 1260 1146 sua:
1279 1105 1437 1145 causa
1462 1102 1544 1145 est
1562 1092 1881 1171 sempiterna
1907 1109 1920 1144 :
1945 1108 2043 1147 nec
2063 1102 2195 1148 tem-

613 1206 747 1261 pore
778 1189 919 1257 prior
946 1195 1026 1239 est
1054 1199 1211 1254 quam
1242 1197 1337 1236 sua
1371 1182 1646 1251 sapientia.
1672 1180 1874 1236 Deinde
1908 1184 1952 1237 si
1982 1183 2191 1239 Patrem

613 1286 995 1348 sempiternum
1022 1288 1139 1328 esse
1169 1274 1307 1327 inest
1332 1272 1463 1335 Deo,
1497 1286 1595 1326 nec
1635 1271 1731 1325 fuit
1768 1271 2047 1342 aliquando
2084 1288 2193 1329 non

614 1373 789 1437 Pater,
820 1381 1087 1437 nunquam
1113 1364 1229 1419 sine
1257 1364 1393 1419 Filio
1420 1362 1537 1417 fuit.

1070 1455 1232 1510 XVII.
1276 1455 1350 1508 De
1383 1455 1591 1508 scientia
1614 1454 1728 1508 Dei.

683 1554 853 1608 Omne
904 1546 1229 1619 praeteritum
1279 1546 1387 1614 jam
1435 1560 1544 1599 non
1587 1553 1702 1610 est;
1749 1559 1907 1601 omne
1955 1546 2189 1603 futurum

612 1643 846 1701 nondum
873 1648 954 1695 est
983 1658 995 1691 :
1026 1652 1184 1691 omne
1224 1635 1380 1705 igitur
1412 1642 1467 1689 et
1499 1635 1821 1704 praeteritum
1862 1644 1915 1690 et
1955 1637 2188 1692 futurum

612 1739 782 1793 deest.
807 1733 958 1802 Apud
984 1733 1146 1784 Deum
1170 1737 1348 1783 autem
1375 1727 1507 1781 nihil
1531 1727 1679 1783 deest
1706 1746 1719 1780 :
1746 1743 1847 1783 nec
1865 1732 2190 1798 praeteritum

611 1828 772 1899 igitur
792 1838 891 1879 nec
911 1821 1163 1886 futurum,
1192 1818 1285 1873 sed
1309 1834 1468 1873 omne
1490 1834 1722 1887 praasens
1741 1828 1821 1874 est
1840 1821 1975 1889 apud
2000 1821 2186 1876 Deum.

1107 1912 1291 1967 XVIII.
1324 1911 1402 1965 De
1432 1911 1693 1967 Trinitate.

682 2011 854 2065 Omne
905 2005 1045 2076 quod
1097 2013 1212 2069 est,
1266 2003 1410 2057 aliud
1462 2011 1545 2058 est
1592 2020 1699 2074 quo
1750 2016 1989 2074 constat,
2048 2010 2189 2065 aliud

611 2116 717 2173 quo
759 2097 1107 2159 discernitur,
1150 2093 1291 2148 aliud
1321 2109 1425 2163 quo
1454 2097 1713 2164 congruit.
1746 2096 1999 2152 Universa
2031 2099 2192 2170 igitur

611 2201 850 2249 creatura
880 2189 923 2243 si
963 2196 1016 2243 et
1042 2194 1124 2241 est
1151 2200 1363 2254 quoque
1400 2185 1560 2241 modo
1579 2226 1593 2251 ,
1621 2196 1673 2240 et
1701 2187 1769 2241 ab
1807 2204 1873 2243 eo
1904 2191 2044 2258 quod
2075 2207 2191 2246 om—

611 2285 740 2340 nino
769 2281 901 2336 nihil
928 2288 1011 2335 est
1039 2278 1323 2347 plurimum
1349 2276 1543 2343 distat,
1573 2287 1626 2331 et
1646 2279 1755 2333 suis
1786 2281 2021 2348 partibus
2064 2282 2192 2337 sibi-

611 2383 724 2430 met
751 2370 1013 2442 congruit,
1037 2383 1250 2423 causam
1280 2381 1490 2437 quoque
1526 2367 1641 2437 ejus
1666 2369 1854 2423 trinam
1883 2368 2001 2425 esse
2029 2385 2192 2441 opor-

612 2473 725 2529 tet;
755 2478 857 2532 qua
897 2461 998 2525 sit,
1031 2474 1133 2526 qua
1163 2457 1266 2511 hoc
1299 2457 1399 2521 sit,
1429 2472 1530 2525 qua
1569 2458 1670 2512 sibi
1699 2460 1868 2512 amica
1916 2462 2002 2514 sit.
2032 2461 2193 2518 Crea-

611 2565 746 2612 turze
767 2560 942 2607 autem
967 2562 1202 2608 causam,
1245 2545 1297 2601 id
1321 2554 1424 2610 est,
1450 2555 1723 2602 auctorem
1751 2550 1915 2603 Deum
1940 2550 2187 2607 dicimus.

610 2646 835 2715 Oportet
868 2655 995 2709 ergo
1025 2653 1143 2694 esse
1169 2637 1513 2700 Trinitatem,
1544 2652 1646 2706 qua
1676 2638 1805 2692 nihil
1834 2642 2187 2709 praestantius,
2248 2653 2254 2660 ’

611 2732 992 2804 intelligentius
1020 2737 1075 2784 et
1093 2728 1299 2783 beatius
1326 2727 1562 2783 invenire
1579 2729 1811 2798 perfecta
1833 2732 1970 2787 ratio
1994 2744 2186 2804 potest.

612 2827 842 2895 Ideoque
877 2823 1033 2877 etiam
1065 2835 1184 2875 cum
1214 2818 1409 2873 veritas
1449 2821 1721 2889 quaeritur,
1763 2824 1883 2892 plus
1907 2841 2062 2895 quam
2091 2828 2191 2882 tria

612 2931 809 2989 genera
838 2912 1188 2984 quaestionum
1216 2924 1335 2964 esse
1356 2925 1464 2964 non
1491 2922 1744 2980 possunt;
1776 2923 1950 2970 utrum
1974 2918 2193 2974 omnino

611 3011 705 3076 sit,
735 3018 912 3063 utrum
951 3006 1054 3060 hoc
1080 3018 1151 3057 an
1176 3000 1323 3056 aliud
1349 3001 1438 3068 sit,
1469 3010 1643 3058 utrum
1669 3006 2067 3076 approbandum
2096 3010 2194 3065 im-

615 3097 1012 3170 probandumve
1039 3098 1125 3147 sit.

1026 3188 1170 3245 XIX.
1209 3190 1291 3245 De
1318 3189 1427 3245 Deo
1453 3198 1499 3245 et
1526 3198 1771 3244 creatura.

683 3287 836 3356 Quod
887 3288 1319 3342 incommutabile
1366 3297 1482 3353 est,
1528 3296 1785 3340 aeternum
1831 3294 1950 3340 est:
1984 3302 2194 3356 semper

613 3379 755 3436 enim
782 3379 1023 3448 ejusdem
1071 3379 1217 3434 modi
1258 3387 1359 3433 est.
1407 3378 1558 3445 Quod
1604 3387 1778 3432 autem
1822 3378 2196 3434 commutabile

614 3480 715 3533 est,
742 3470 965 3538 tempori
986 3470 1271 3524 obnoxium
1293 3477 1376 3523 est
1399 3485 1411 3522 :
1441 3484 1545 3523 non
1565 3469 1706 3522 enim
1727 3484 1939 3537 semper
1956 3468 2194 3537 ejusdem

592 3559 758 3614 modi
787 3567 899 3623 est,
931 3568 984 3615 et
1027 3559 1148 3614 ideo
1189 3567 1447 3613 aiternum
1480 3573 1585 3613 non
1627 3568 1773 3613 recte
1800 3559 2011 3614 dicitur.
2043 3559 2195 3626 Quod

613 3649 755 3703 enim
786 3657 1037 3715 mutatur,
1075 3664 1181 3704 non
1211 3658 1389 3703 manet
1414 3668 1426 3702 :
1457 3648 1598 3719 quod
1625 3665 1728 3703 nou
1759 3659 1955 3715 manet,
1985 3667 2088 3706 non
2113 3660 2198 3708 est

614 3746 891 3794 aeternum.
924 3739 1088 3809 quue
1113 3741 1251 3795 inter
1275 3740 1574 3795 immortale
1597 3747 1652 3795 et
1669 3748 1923 3794 (eternum
1951 3742 2189 3810 interest,

613 3831 755 3901 quod
791 3846 949 3886 omne
986 3841 1245 3887 aeternum
1288 3832 1584 3886 immortale
1626 3841 1736 3896 est,
1779 3848 1883 3887 non
1913 3849 2073 3887 omne
2100 3835 2194 3888 im-

613 3922 839 3975 mortale
887 3922 1016 3976 satis
1061 3923 1325 3978 subtiliter
1367 3932 1622 3978 :eternum
1664 3922 1858 3977 dicitur
1887 3943 1899 3976 :
1931 3925 2052 3994 quia
2095 3926 2194 3979 etsi

600 4029 827 4081 .semper
853 4012 1050 4082 aliquid
1086 4015 1258 4079 vivat,
1301 4024 1476 4068 tamen
1516 4016 1560 4069 si
1602 4016 2003 4070 mutabilitatem
2033 4017 2197 4086 patia-

615 4110 721 4165 tur,
757 4118 862 4154 nou
893 4104 1105 4168 proprie
1132 4113 1387 4156 mternum
1415 4106 1731 4172 appellatur,
1762 4107 1882 4174 quia
1913 4121 2020 4161 non
2053 4121 2195 4163 sem-

617 4206 715 4259 per
761 4190 997 4257 ejusdem
1045 4192 1187 4245 modi
1233 4200 1348 4256 est;
1398 4197 1638 4262 quamvis
1688 4197 2022 4265 immortale,
2074 4202 2195 4269 quia

617 4297 831 4351 semper
859 4282 1004 4344 vivit,
1032 4291 1177 4336 recte
1205 4283 1309 4337 dici
1346 4285 1533 4352 possit.
1567 4286 1801 4341 Vocatur
1839 4297 2015 4344 autem
2042 4300 2196 4346 aeter-

617 4390 745 4429 num
792 4374 1054 4428 interdum
1092 4374 1252 4428 etiam
1282 4377 1420 4444 quod
1450 4377 1747 4433 immortale
1775 4389 1876 4433 est.
1908 4380 2042 4436 Illud
2068 4398 2197 4439 vero

618 4465 758 4536 quod
784 4474 836 4519 et
860 4466 1204 4519 mutationem
1230 4468 1442 4535 patitur,
1468 4476 1517 4520 et
1539 4469 1729 4523 anima:
1752 4473 2050 4539 prmsentia,
2076 4490 2196 4529 cum

619 4557 794 4611 anima
835 4572 940 4611 non
986 4557 1085 4621 sit,
1114 4557 1292 4611 vivere
1318 4557 1530 4625 dicitur,
1560 4575 1731 4630 neque
1766 4562 2063 4619 immortale
2088 4565 2198 4621 ullo

616 4649 812 4715 modo,
844 4658 898 4703 et
925 4650 1093 4703 multo
1141 4649 1315 4702 minus
1356 4658 1611 4705 aeternum
1656 4652 1875 4723 intelligi
1914 4666 2106 4725 potest.
2140 4658 2195 4714 In

618 4750 820 4796 aeterno
847 4742 1017 4806 enim,
1065 4757 1186 4796 eum
1212 4744 1428 4811 proprie
1467 4744 1676 4811 dicitur,
1717 4761 1888 4817 neque
1913 4750 2197 4821 quidquam

617 4834 949 4901 prmteritum
996 4832 1147 4901 quasi
1192 4834 1489 4900 transierit,
1520 4851 1692 4905 neque
1736 4839 2020 4909 quidquam
2059 4842 2197 4898 futu-

618 4942 736 4980 rum
775 4926 925 4995 quasi
970 4925 1204 4981 nondum
1246 4927 1349 4993 sit,
1398 4926 1492 4982 sed
1523 4928 1771 5000 quidquid
1816 4940 1929 5001 est,
1971 4942 2198 4990 tantum-

618 5016 779 5072 modo
806 5024 905 5070 est.

1142 5108 1261 5163 XX.
1303 5109 1380 5165 De
1408 5111 1517 5165 loco
1543 5110 1658 5166 Dei.

690 5197 837 5253 Deus
859 5210 966 5251 non
996 5197 1194 5252 alicubi
1230 5210 1331 5255 est.
1362 5201 1513 5269 Quod
1542 5204 1682 5259 enim
1708 5205 1899 5264 alicubi
1924 5218 2039 5279 est,
2067 5226 2197 5267 con-

621 5288 817 5343 tinetur
847 5286 1003 5341 loco:
1035 5286 1175 5356 quod
1200 5292 1499 5348 continetur
1531 5294 1669 5359 loco,
1709 5311 1902 5367 corpus
1928 5310 2028 5355 est.
2060 5303 2199 5358 Deus

622 5388 799 5436 autem
829 5395 936 5434 non
975 5388 1057 5435 est
1096 5394 1325 5451 corpus:
1355 5399 1458 5438 non
1485 5386 1645 5455 igitur
1684 5388 1876 5444 alicubi
1900 5402 1999 5446 est.
2030 5397 2097 5450 Et
2124 5408 2200 5452 ta-

622 5490 745 5529 men
777 5474 898 5543 quia
930 5484 1010 5528 est
1031 5515 1044 5539 ,
1076 5483 1129 5528 et
1158 5475 1209 5528 in
1237 5474 1354 5529 loco
1394 5492 1499 5531 non
1533 5489 1648 5546 est,
1682 5481 1734 5535 in
1762 5483 1852 5537 illo
1880 5496 2003 5541 sunt
2028 5490 2198 5557 potius

622 5568 835 5635 omnia,
864 5582 1019 5638 quam
1062 5568 1174 5637 ipse
1212 5569 1422 5625 alicubi.
1473 5572 1578 5628 Nec
1606 5584 1780 5633 tamen
1812 5566 1898 5636 ita'
1923 5584 1973 5637 in
2002 5585 2107 5651 illo,
2144 5598 2201 5645 ut

625 5657 744 5736 ipse
769 5660 837 5715 sit
860 5661 1007 5717 locus
1033 5679 1045 5715 :
1072 5661 1219 5717 locus
1246 5663 1385 5718 enim
1418 5665 1467 5719 in
1498 5669 1665 5742 spatio
1692 5684 1767 5727 cst
1802 5678 1938 5745 quod
1969 5670 2223 5751 longitu-'

2314 357 2438 412 dine
2463 368 2516 414 et
2553 360 2829 418 latitudine
2871 373 2925 419 et
2965 367 3240 425 altitudine
3281 376 3522 444 corporis
3566 392 3885 456 occupatur;

2312 463 2411 503 nec
2434 449 2573 504 Deus
2592 452 2697 507 tale
2719 454 2916 525 aliquid
2941 466 3040 511 est.
3066 459 3131 513 Et
3149 462 3323 517 omnia
3351 465 3509 535 igitur
3526 467 3580 523 in
3603 449 3719 541 ipso
3740 449 3883 546 sunt,

2309 550 2361 595 et
2389 541 2537 597 locus
2580 559 2683 599 non
2728 557 2828 601 est.
2880 546 3053 603 Locus
3099 560 3275 608 tamen
3317 553 3411 610 Dei
3447 558 3667 617 abusive
3693 541 3886 623 dicitur

2307 633 2559 703 templum
2590 636 2706 704 Dei,
2748 654 2855 692 non
2884 640 3025 709 quod
3056 656 3123 697 eo
3155 644 3508 716 contineatur,
3540 650 3635 706 sed
3662 655 3803 724 quod
3829 657 3882 712 ei

2304 743 2538 797 praesens
2563 730 2649 785 sit.
2672 730 2729 785 Id
2748 739 2923 789 autem
2944 734 3076 789 nihil
3100 737 3289 793 melius
3309 754 3464 808 quam
3487 743 3663 800 anima
3684 748 3881 805 munda

2304 820 2634 891 intelligitur.

2534 936 2675 992 XXI.
2720 938 2902 995 Utrum
2925 940 3065 997 Deus
3091 952 3266 999 auctor
3291 947 3417 1001 mali
3434 964 3536 1003 non
3563 951 3648 1005 sit.

2376 1025 2626 1096 Quisquis
2643 1031 2882 1084 omnium
2908 1046 3027 1102 quae
3050 1042 3176 1088 sunt
3216 1045 3402 1093 auctor
3429 1048 3532 1104 est,
3561 1048 3616 1095 et
3636 1041 3703 1096 ad
3730 1043 3880 1114 cujus

2303 1114 2594 1173 bonitatem
2640 1118 2692 1173 id
2722 1128 2921 1174 tantum
2963 1124 3194 1191 pertinet
3230 1134 3286 1181 ut
3310 1127 3381 1183 sit
3408 1144 3568 1185 omne
3595 1133 3736 1202 quod
3765 1142 3876 1201 est,

2302 1221 2408 1261 non
2438 1222 2560 1263 esse
2583 1208 2649 1263 ad
2678 1223 2798 1264 eum
2826 1213 3092 1280 pertinere
3121 1215 3269 1271 nullo
3294 1229 3448 1289 pacto
3473 1230 3667 1290 potest.
3708 1223 3881 1282 Omne

2302 1307 2476 1354 autem
2503 1299 2646 1367 quod
2684 1300 2895 1368 deﬁcit,
2940 1303 3009 1358 ab
3034 1319 3103 1360 eo
3127 1307 3268 1376 quod
3305 1319 3389 1365 est
3431 1327 3552 1369 esse
3578 1314 3785 1381 deﬁcit,
3824 1326 3880 1373 et

2298 1388 2469 1442 tendit
2497 1388 2552 1443 in
2579 1404 2687 1444 non
2721 1406 2861 1447 esse.
2906 1392 3040 1450 Esse
3088 1404 3264 1453 autem
3301 1408 3358 1454 et
3390 1401 3445 1456 in
3475 1404 3620 1459 nullo
3651 1406 3880 1466 deﬁcere

2299 1478 2497 1534 bonum
2537 1490 2652 1547 est,
2683 1492 2738 1538 et
2777 1485 2976 1541 malum
3002 1496 3086 1544 est
3125 1488 3375 1548 deﬁcere.
3408 1495 3478 1549 At
3504 1496 3595 1553 ille
3626 1499 3692 1553 ad
3720 1516 3877 1572 quem

2298 1586 2407 1626 non
2430 1587 2549 1629 esse
2565 1589 2671 1629 non
2697 1575 2929 1646 pertinet
2953 1593 3058 1634 non
3078 1589 3336 1638 estcausa
3363 1582 3663 1656 deﬁciendi,
3692 1590 3745 1644 id
3768 1600 3872 1661 est,

2296 1663 2545 1718 tendendi
2575 1666 2643 1719 ad
2681 1681 2788 1721 non
2832 1683 2984 1735 esse;
3027 1671 3183 1740 quia,
3227 1680 3284 1727 ut
3325 1674 3396 1729 ita
3423 1676 3630 1746 dicam,
3661 1683 3873 1742 essendi

2295 1768 2453 1809 causa
2478 1763 2577 1810 est.
2607 1755 2742 1812 Boni
2761 1759 2923 1829 igitur
2952 1764 3318 1821 tantummodo
3341 1781 3499 1823 causa
3524 1779 3642 1826 est:
3675 1781 3728 1828 et
3753 1790 3875 1844 pro-

2294 1855 2476 1913 pterea
2503 1845 2617 1916 ipse
2636 1860 2899 1904 summum
2922 1851 3121 1907 bonum
3142 1863 3247 1910 est.
3269 1854 3522 1922 Quocirca
3544 1861 3669 1916 mali
3689 1872 3873 1920 auctor

2296 1948 2402 1989 non
2428 1944 2540 2003 est,
2580 1938 2672 2008 qui
2709 1940 2947 1995 omnium
2987 1958 3107 2013 qua:
3147 1953 3272 2000 sunt
3313 1957 3498 2003 auctor
3525 1960 3643 2007 est:
3671 1954 3790 2024 quia
3816 1955 3873 2011 in

2298 2037 2549 2095 quantum
2579 2038 2723 2095 sunt,
2757 2031 2810 2085 in
2836 2040 3040 2089 tantum
3077 2034 3216 2091 bona
3244 2048 3368 2093 sunt
3393 2039 3490 2110 (a).

2564 2144 2731 2199 XXII.
2772 2146 2935 2202 Deum
2972 2164 3072 2202 non
3106 2151 3213 2220 pati
3239 2153 3598 2208 necessitatem.

2364 2232 2466 2287 Ubi
2502 2235 2647 2289 nulla
2687 2236 3008 2307 indigentia,
3039 2240 3178 2293 nulla
3210 2242 3532 2299 necessitas:
3576 2244 3665 2301 ubi
3694 2248 3871 2307 nullus

2295 2322 2552 2391 deiectus,
2586 2327 2728 2382 nulla
2776 2328 3080 2400 indigentia.
3122 2331 3306 2389 Nullus
3331 2344 3507 2392 autem
3549 2337 3790 2397 defectus
3815 2343 3868 2400 in

2302 2414 2444 2472 Deo:
2471 2418 2614 2473 nulla
2642 2435 2770 2491 ergo
2790 2422 3099 2478 necessitas.

2702 2531 2890 2589 XXIII.
2934 2533 3014 2590 De
3044 2535 3203 2593 Patre
3229 2547 3276 2593 et
3305 2537 3463 2595 Filio.

2366 2619 2536 2677 Omne
2560 2630 2762 2678 castum
2802 2626 3045 2683 castitate
3073 2637 3277 2684 castum
3307 2640 3407 2698 est,
3438 2640 3492 2688 et
3532 2648 3690 2692 omne
3713 2646 3872 2695 aeter-

2295 2727 2422 2766 num
2448 2714 2741 2770 aeternitate
2772 2724 3030 2773 arternum
3055 2728 3157 2789 est,
3188 2730 3243 2775 et
3271 2736 3426 2778 omne
3452 2724 3729 2794 pulchrum
3754 2731 3872 2800 pul-

2296 2804 2616 2872 chritudine,
2659 2815 2714 2862 et
2741 2823 2900 2866 omne
2925 2811 3123 2867 bonum
3164 2814 3423 2872 bonitate.
3475 2817 3611 2889 Ergo
3637 2831 3691 2876 et
3712 2836 3872 2880 omne

2296 2897 2511 2966 sapiens
2536 2899 2811 2967 sapientia,
2855 2911 2910 2957 et
2946 2918 3106 2959 omne
3149 2906 3322 2962 simile
3361 2908 3723 2966 similitudine.
3765 2912 3872 2969 Sed

2296 2986 2503 3042 duobus
2528 2988 2701 3045 modis
2721 2999 2924 3046 castum
2950 2993 3193 3050 castitate
3217 2995 3412 3051 dicitur
3436 3015 3448 3051 :
3476 2999 3561 3053 vel
3588 3000 3727 3069 quod
3753 3016 3872 3058 eam

2295 3079 2495 3149 gignat,
2522 3090 2581 3135 ut
2606 3096 2668 3136 ea
2698 3082 2769 3137 sit
2791 3094 2995 3139 castum
3025 3088 3267 3142 castitate
3291 3103 3449 3159 quam
3490 3090 3680 3163 gignit,
3707 3102 3761 3149 et
3786 3095 3872 3150 cui

2297 3171 2612 3242 principium
2640 3182 2796 3244 atque
2824 3189 2982 3230 causa
3013 3186 3094 3232 est
3130 3187 3186 3232 ut
3213 3181 3315 3245 sit;
3362 3181 3517 3237 aliter
3543 3193 3717 3239 autem
3751 3201 3872 3242 cum

2297 3264 2698 3332 participatione
2740 3266 2999 3321 castitatis
3047 3268 3277 3339 quidque
3323 3282 3529 3328 castum
3579 3284 3691 3341 est,
3732 3276 3873 3345 quod

2298 3363 2470 3424 potest
2496 3355 2779 3425 aliquando
2818 3372 2937 3413 esse
2985 3373 3091 3413 non
3119 3370 3354 3428 castum;
3386 3372 3545 3434 atque
3572 3365 3642 3420 ita
3677 3366 3745 3420 de
3772 3382 3875 3424 ea}—

2301 3446 2425 3500 teris
2461 3446 2855 3517 intelligendum
2896 3458 2997 3504 est.
3028 3450 3159 3505 Nam
3204 3461 3255 3508 et
3302 3454 3479 3510 anima
3521 3458 3873 3515 atternitatem

2298 3535 2383 3589 vel
2428 3536 2737 3606 intelligitur
2778 3538 2859 3592 vel
2910 3538 3140 3595 creditur
3173 3545 3476 3616 consequi,
3532 3547 3626 3601 sed
3677 3559 3875 3605 aeterna

2298 3627 2610 3682 aeternitatis
2643 3629 3043 3699 participatione
3079 3630 3155 3685 ﬁt.
3198 3633 3313 3688 Non
3342 3645 3520 3692 autem
3551 3638 3617 3692 ita
3647 3648 3875 3696 :eternus

2298 3719 2458 3783 Deus,
2487 3720 2581 3775 sed
2610 3720 2750 3790 quod
2782 3721 2948 3791 ipsius
2992 3725 3303 3781 aeternitatis
3331 3736 3415 3783 est
3436 3739 3641 3785 auctor.
3683 3732 3792 3787 Hoc
3819 3741 3874 3788 et

2301 3809 2368 3864 de
2396 3809 2787 3880 pulchritudine
2827 3822 2881 3867 et
2906 3813 2971 3869 de
3013 3814 3248 3872 bonitate
3269 3817 3391 3874 licet
3417 3820 3655 3891 intelligi.
3677 3822 3872 3890 Quam-

2298 3902 2481 3957 obrem
2510 3918 2629 3957 cum
2669 3904 2880 3975 sapiens
2909 3906 3048 3961 Deus
3088 3908 3300 3977 dicitur,
3325 3921 3378 3966 et
3401 3928 3464 3967 ea
3502 3914 3757 3983 sapientia
3785 3930 3872 3968 sa-

2299 3993 2451 4062 piens
2476 3994 2689 4061 dicitur,
2718 3996 2834 4051 sine
2854 4013 2957 4067 qua
2982 4013 3104 4053 eum
3144 4002 3227 4055 vel
3257 4002 3435 4066 fuisse,
3463 4004 3762 4075 aliquando,
3790 4008 3873 4062 vel

2300 4097 2418 4137 esse
2445 4099 2604 4152 posse
2633 4084 2783 4140 nefas
2821 4096 2905 4141 est
2931 4087 3171 4156 credere,
3217 4106 3321 4146 non
3362 4093 3758 4163 participatione
3785 4112 3872 4150 sa-

2301 4174 2514 4240 pientiae
2544 4176 2757 4244 sapiens
2784 4177 2995 4245 dicitur,
3028 4179 3182 4234 sicuti
3211 4182 3407 4249 anima,
3435 4199 3552 4254 quae
3583 4196 3637 4241 et
3674 4201 3792 4243 esse
3821 4195 3876 4243 et

2300 4281 2406 4320 non
2438 4283 2558 4322 esse
2587 4270 2798 4338 sapiens
2824 4279 2999 4341 potest
3029 4289 3042 4326 :
3090 4273 3185 4328 sed
3213 4275 3353 4346 quod
3380 4275 3491 4347 ipse
3518 4292 3633 4332 eam
3674 4293 3873 4349 genue-

2298 4356 2388 4419 rit,
2418 4372 2519 4426 qua
2543 4359 2756 4429 sapiens
2783 4360 2996 4428 dicitur,
3015 4363 3327 4433 sapientiam
3355 4363 3448 4438 (b).
3483 4366 3610 4421 Item
3638 4368 3726 4423 illa
3755 4384 3874 4440 qua:

2300 4448 2705 4517 participatione
2729 4459 2853 4506 sunt
2876 4453 2958 4507 vel
2987 4462 3149 4520 easta,
3173 4454 3255 4509 vel
3284 4466 3501 4523 aeterna,
3526 4459 3607 4513 vel
3631 4460 3873 4532 pulchra,

2306 4539 2389 4593 vel
2432 4539 2590 4607 bona,
2631 4543 2712 4597 vel
2756 4545 3034 4614 sapientia,
3065 4548 3343 4616 recipiunt,
3372 4556 3428 4603 ut
3468 4550 3664 4606 dictum
3690 4563 3792 4624 est,
3821 4566 3878 4610 ut

2310 4631 2516 4699 possint
2548 4648 2648 4687 nec
2674 4642 2817 4689 casta
2840 4650 2976 4704 esse,
3008 4652 3106 4691 nec
3130 4646 3348 4706 aeterna,
3383 4656 3480 4696 nec
3509 4642 3746 4715 pulchra,
3780 4662 3879 4702 nec

2301 4721 2461 4789 bona,
2494 4738 2592 4778 nec
2620 4725 2874 4794 sapientia
2901 4743 2913 4777 :
2944 4734 2998 4780 at
3025 4725 3138 4795 ipsa
3170 4729 3404 4795 castitas,
3430 4734 3720 4802 aeternitas,
3761 4737 3880 4806 pul-

2302 4812 2569 4884 chritudo,
2617 4812 2847 4881 bonitas,
2898 4817 3176 4885 sapientia,
3224 4821 3371 4876 'utllo
3419 4823 3578 4878 modo
3621 4828 3880 4897 recipiunt

2302 4915 2394 4960 aut
2418 4907 2837 4976 corruptionem,
2862 4916 2969 4973 aut,
3004 4918 3064 4962 ut
3091 4910 3163 4964 ita
3189 4911 3386 4981 dicam,
3419 4918 3875 4988 temporalitatem,

2302 5006 2393 5051 aut
2422 4998 2822 5067 turpitudinem,
2850 5008 2941 5054 aut
2977 5000 3255 5058 malitiam.
3302 5005 3442 5075 Ergo
3468 5008 3624 5061 etiam
3654 5008 3737 5062 illa
3762 5027 3879 5079 qua:

2304 5089 2707 5159 participatione
2750 5089 2942 5146 similia
2992 5102 3152 5159 sunt,
3183 5095 3442 5159 recipiunt
3490 5096 3879 5155 dissimilitudi-

2305 5198 2428 5238 nem
2463 5200 2475 5237 :
2517 5191 2571 5237 at
2592 5183 2704 5254 ipsa
2730 5185 3022 5241 similitudo
3064 5186 3209 5241 nullo
3234 5186 3393 5240 modo
3430 5201 3495 5242 ex
3522 5187 3694 5258 aliqua
3734 5198 3882 5259 parte

2303 5282 2479 5342 potest
2504 5287 2621 5328 esse
2658 5271 2957 5330 dissimilis.
2983 5275 3135 5331 Unde
3159 5275 3217 5329 ﬁt
3242 5285 3299 5329 ut
3324 5291 3444 5331 cum
3470 5276 3758 5335 similitudo
3783 5280 3883 5338 Pa-

2304 5366 2401 5421 tris
2422 5367 2590 5421 Filius
2615 5365 2829 5435 dicitur,
2846 5360 2964 5439 quia
2988 5370 3102 5437 ejus
3124 5369 3527 5439 participatione
3548 5372 3738 5428 similia
3759 5384 3884 5431 sunt

2304 5473 2654 5530 quaecumque
2681 5469 2805 5516 sunt
2829 5460 2913 5515 vel
2934 5460 3071 5514 inter
3099 5474 3159 5515 se
3183 5461 3268 5517 vel
3295 5460 3407 5519 Deo
3430 5464 3622 5520 similia
3649 5465 3781 5538 (ipsa
3802 5476 3884 5525 est

2386 5638 2437 5714 εξ)
2463 5633 2962 5714 1.“.e}r99!;c=313;96.-.
3011 5702 3054 5714 _.
3218 5697 3249 5714 ,.
3328 5696 3378 5714 ,,
3437 5702 3511 5714 _.
3551 5703 3561 5714 .

2386 5650 2417 5685 α
2463 5642 2705 5685 lBetract.
2730 5647 2834 5696 cap.
2853 5638 2930 5684 26.
3114 5697 3126 5710 θ
3500 5702 3511 5711 ι
3551 5703 3561 5714 .

2366 5638 2439 5760 Et»;
2473 5704 2488 5745 t
2522 5703 2722 5747 netract.
2761 5709 2864 5758 cap.
2901 5695 2981 5760 28,
3006 5702 3059 5748 et
3092 5695 3179 5749 lib.
3217 5697 3250 5750 6
3272 5731 3288 5763 ,
3319 5696 3385 5750 de
3437 5707 3603 5755 'mmt.
3629 5715 3730 5766 cap.
3751 5703 3797 5753 2.
