4134 6208
210 361 278 420 l7
1034 328 1077 362 ²⁴
1138 330 1153 373 ⁵
1639 353 1809 410 LIBEI

1917 351 2078 409 lNUS.
3440 354 3506 409 18

217 478 355 535 enim
378 475 593 548 species
617 474 820 546 prima,
842 488 945 546 qua
971 481 1116 540 sunt,
1150 480 1207 529 ut
1233 474 1305 529 ita
1331 472 1526 541 dicam,
1556 474 1811 542 speciata,

221 567 467 626 etforma
519 583 623 639 qua
670 566 905 622 formata
945 576 1068 621 sunt
1092 566 1333 637 omnia);
1365 581 1428 621 ex
1474 565 1614 618 milia
1660 573 1811 634 parte

223 662 361 720 Patri
389 670 567 732 potest
606 675 733 715 esse
759 659 1053 715 dissimilis.
1092 658 1234 713 Idem
1267 657 1425 728 igitur
1456 655 1612 736 quod.
1633 655 1809 718 Pater,

221 754 289 809 ita
308 764 364 808 ut
387 753 485 808 iste
509 751 683 806 Filius
710 750 801 817 sit,
825 749 915 805 ille
955 749 1131 813 Pater,
1157 747 1210 803 id
1236 756 1337 814 est,
1366 747 1467 801 iste
1495 744 1810 810 similitudo,

222 846 307 901 ille
350 846 500 914 cujus
540 842 840 899 similitudo
884 853 996 908 est;
1039 842 1137 897 iste
1186 841 1502 907 substantia,
1543 839 1634 894 ille
1681 838 1811 893 sub-

224 938 458 1001 stantia‘,
494 951 561 990 ex
588 951 697 1005 quo
727 942 833 988 una
861 933 1174 988 substantia.
1206 932 1337 987 Nam
1362 933 1404 987 si
1438 948 1545 986 non
1578 945 1681 985 una
1703 937 1807 1016 est,

222 1031 401 1099 recipit
461 1027 868 1084 similitudinem
925 1027 1252 1091 similitudo;
1297 1025 1439 1096 quod
1490 1024 1603 1079 ﬁeri
1651 1037 1809 1093 posse

219 1121 389 1174 omnis
418 1120 697 1175 verissima
727 1127 886 1189 negat
910 1119 1066 1173 ratio.
1596 1188 1603 1193 _

259 1208 446 1265 XXIV.
485 1208 665 1265 Utrum
694 1218 956 1279 peccatum
983 1216 1029 1263 et
1054 1217 1186 1263 recte
1225 1211 1412 1279 factum
1437 1207 1489 1261 in
1516 1207 1670 1260 libero
1712 1206 1775 1258 sit

750 1299 1024 1354 voluntatis
1054 1299 1284 1354 arbitrio.

287 1390 555 1462 Quidquid
581 1406 704 1446 casu
733 1389 816 1457 ﬁt,
855 1399 1053 1445 temere
1080 1389 1139 1443 ﬁt
1170 1407 1183 1443 :
1213 1388 1466 1459 quidquid
1486 1398 1696 1443 temere
1727 1387 1805 1453 ﬁt,

220 1499 322 1539 non
347 1483 410 1538 ﬁt
428 1483 780 1554 providentia.
802 1480 857 1536 Si
876 1496 1004 1551 ergo
1020 1496 1145 1536 casu
1162 1480 1335 1550 aliqua
1363 1480 1493 1533 ﬁunt
1516 1481 1566 1533 in
1585 1478 1805 1543 mundo,

220 1590 323 1630 non
347 1574 683 1645 providentia
726 1574 1010 1628 universus
1040 1571 1266 1626 mundus
1296 1571 1717 1625 administratur.
1750 1569 1809 1623 Si

220 1683 326 1723 non
352 1666 690 1738 providentia
712 1666 997 1721 universus
1022 1664 1251 1719 mundus
1278 1662 1703 1727 administratur,
1728 1669 1810 1715 est

222 1773 346 1830 ergo
370 1758 547 1828 aliqua
574 1767 761 1812 natura
787 1765 944 1826 atque
975 1755 1270 1810 substantia
1298 1769 1416 1825 qum
1436 1753 1503 1807 ad
1532 1768 1665 1823 opus
1684 1767 1809 1823 pro-

221 1847 469 1905 videntiae
510 1866 616 1904 non
648 1849 933 1919 pertineat.
981 1846 1152 1902 Omne
1195 1854 1373 1901 autem
1418 1845 1560 1915 quod
1589 1853 1705 1910 est,
1753 1844 1805 1898 in

223 1950 471 2010 quantum
501 1949 586 1995 est
605 1982 620 2006 ,
651 1940 852 1995 bonum
881 1947 982 1993 est.
1022 1938 1241 1994 Summe
1268 1937 1409 1992 enim
1438 1945 1522 1991 est
1558 1935 1685 1991 illud
1713 1936 1808 1990 bo-

221 2046 371 2099 num,
397 2036 545 2103 cujus
570 2033 977 2103 participatione
1002 2039 1126 2086 sunt
1155 2030 1293 2085 bona
1321 2039 1533 2085 cratera.
1559 2029 1628 2083 Et
1646 2042 1805 2083 omne

222 2125 361 2194 quod
402 2125 653 2180 mutabile
678 2134 760 2181 est
781 2166 798 2191 ,
829 2140 931 2178 non
962 2139 1058 2195 per
1081 2137 1141 2178 se
1174 2123 1345 2192 ipsum
1369 2164 1384 2187 ,
1414 2121 1506 2176 sed
1548 2121 1672 2176 boni
1702 2122 1803 2175 im-

221 2215 488 2271 mutabilis
518 2216 944 2286 participatione,
982 2214 1035 2269 in
1064 2222 1318 2285 quantum
1345 2222 1444 2278 est,
1473 2213 1670 2267 bonum
1698 2221 1800 2267 est.

221 2302 388 2361 Porro
432 2304 563 2360 illud
593 2307 828 2373 bonum,
870 2307 1021 2376 cujus
1061 2306 1466 2376 participatione
1505 2314 1629 2358 sunt
1668 2304 1807 2360 bona

220 2405 410 2452 caetera
456 2412 804 2469 quaecumque
849 2406 971 2452 sunt
1009 2399 1064 2464 ³,
1096 2412 1200 2450 non
1243 2411 1339 2466 per
1367 2394 1543 2460 aliud,
1577 2393 1672 2449 sed
1712 2409 1809 2464 per

221 2501 278 2543 se
300 2489 474 2558 ipsum
512 2489 711 2543 bonum
743 2498 861 2556 est,
893 2503 1047 2559 quam
1076 2489 1307 2543 divinam
1334 2487 1493 2542 etiam
1520 2485 1807 2555 providen-

223 2577 345 2631 tiam
394 2592 667 2633 vocamus.
701 2577 840 2632 Nihil
884 2577 1041 2648 igitur
1069 2593 1194 2631 casu
1240 2576 1297 2630 ﬁt
1341 2575 1642 2630 inmundo.
1693 2575 1807 2631 Hoc

220 2667 533 2733 constituto,
561 2682 892 2738 consequens
922 2666 1131 2722 videtur
1156 2675 1216 2721 ut
1242 2665 1496 2737 quidquid
1528 2666 1580 2720 in
1606 2665 1808 2721 mundo

218 2757 440 2829 geritur,
486 2758 677 2829 partim
732 2759 984 2814 divinitus
1014 2768 1244 2829 geratur,
1278 2759 1467 2828 partim
1500 2767 1679 2812 nostra
1708 2772 1807 2813 vo-

220 2847 441 2904 Iuntate.
473 2848 616 2904 Deus
643 2851 787 2905 enim
831 2851 1019 2920 quovis
1062 2849 1274 2904 homine
1304 2850 1505 2919 Optimo
1547 2856 1601 2904 et
1622 2849 1809 2919 justis-

219 2940 352 2996 simo
394 2941 555 3011 longe
584 2950 742 3010 atque
790 2940 1295 3010 imcomparabiliter
1322 2940 1511 2995 melior
1539 2948 1592 2993 ct
1615 2938 1808 3008 justior

221 3039 320 3087 est.
346 3030 533 3086 Justus
553 3042 733 3086 autem
764 3045 955 3101 regens
979 3041 1029 3086 et
1059 3030 1361 3101 gubernans
1390 3032 1657 3096 universa,
1686 3029 1808 3083 nul-

220 3120 322 3176 lam
360 3136 577 3191 poenam
623 3122 866 3191 cuiquam
911 3122 1036 3176 sinit
1075 3120 1341 3175 immerito
1380 3120 1574 3189 inﬂigi,
1603 3118 1807 3173 nullum

220 3211 495 3282 premium
525 3211 794 3265 immerito
824 3210 957 3265 dari.
986 3209 1226 3265 Meritum
1257 3217 1429 3263 autem
1455 3223 1646 3278 poenae,
1683 3222 1807 3277 pec-

221 3313 425 3366 catum;
474 3311 530 3358 et
569 3301 815 3356 meritum
862 3301 1098 3371 pnemii,
1147 3310 1293 3355 recte
1338 3298 1534 3353 factum
1566 3307 1667 3351 est.
1699 3296 1809 3350 Nec

220 3404 494 3464 peccatum
546 3401 762 3459 autem,
820 3408 919 3448 nec
965 3400 1114 3447 recte
1157 3389 1354 3445 factum
1402 3389 1653 3459 imputari
1696 3388 1807 3442 cui—

220 3484 370 3558 quam
412 3487 560 3558 juste
607 3493 814 3556 potest,
864 3484 953 3555 qui
984 3484 1112 3539 nihil
1159 3483 1343 3538 fecerit
1371 3482 1582 3553 propria
1616 3481 1807 3535 volnu-

218 3589 343 3636 tate.
373 3581 472 3635 Est
495 3580 658 3650 igitur
686 3588 741 3634 et
784 3586 1056 3648 peceatum
1085 3584 1139 3632 et
1167 3585 1310 3633 recte
1336 3574 1529 3631 factum
1558 3574 1611 3628 in
1642 3574 1808 3629 libero

215 3672 514 3728 voluntatis
545 3669 784 3725 arbitrio.

664 3761 834 3817 XXV.
874 3760 953 3816 De
978 3777 1123 3815 cruce
1150 3759 1355 3814 Christi.

285 3854 566 3924 Sapientia
585 3853 681 3908 Dei
706 3852 976 3907 hominem
1000 3849 1066 3905 ad
1093 3850 1413 3919 exemplum,
1437 3862 1541 3919 quo
1568 3856 1711 3903 recte
1732 3848 1812 3902 vi-

220 3960 466 4003 veremus
485 3987 500 4011 ,
531 3942 784 4013 suscepit.
814 3942 1049 3997 Pertinet
1077 3949 1253 3995 autem
1278 3939 1343 3994 ad
1376 3939 1537 3994 vitam
1569 3947 1765 3993 rectam
1791 3980 1806 4003 ,

220 4054 280 4095 ea
302 4053 426 4108 qua:
450 4050 560 4091 non
586 4042 711 4089 sunt
734 4033 1017 4089 metuenda
1044 4049 1151 4088 non
1182 4042 1439 4087 metuere.
1468 4032 1608 4086 Mors
1632 4039 1809 4084 autem

223 4129 515 4186 metuenda
546 4143 654 4182 non
681 4135 781 4182 est.
825 4124 1069 4195 Oportuit
1106 4139 1234 4194 ergo
1263 4123 1491 4192 idipsum
1525 4121 1666 4173 illius
1710 4119 1810 4172 bo—

223 4223 380 4278 minis
410 4234 573 4291 quem
596 4218 691 4272 Dci
719 4216 986 4286 Sapientia
1014 4215 1267 4284 suscepit,
1302 4221 1472 4267 morte
1500 4209 1808 4265 monstrari.

226 4315 361 4371 Sunt
385 4300 570 4367 autem
599 4310 845 4364 homines
872 4309 959 4379 qui
991 4307 1232 4378 quamvis
1256 4314 1481 4360 mortem
1512 4305 1679 4374 ipsam
1704 4317 1810 4357 non

226 4407 490 4471 timeant,
528 4417 696 4475 genus
732 4409 912 4456 tamen
952 4399 1167 4470 aliquod
1207 4399 1373 4468 ipsius
1412 4396 1600 4451 mortis
1627 4395 1813 4449 horreo

226 4509 401 4556 scunt.
438 4496 799 4553 Nihilominus
830 4503 1002 4549 autem
1028 4536 1041 4559 ,
1088 4502 1144 4547 ut
1184 4492 1295 4564 ipsa
1341 4505 1486 4545 mors
1527 4488 1814 4544 metuenda

224 4607 330 4646 non
353 4598 460 4657 est,
488 4590 560 4643 ita
587 4588 791 4643 nullum
815 4601 980 4656 genus
1002 4585 1191 4639 mortis
1211 4584 1348 4639 bene
1374 4591 1427 4638 et
1448 4590 1593 4636 recte
1615 4579 1814 4634 viventi

226 4681 432 4738 homini
462 4678 806 4735 metuendum
839 4685 938 4730 est.
969 4675 1320 4730 Nihilominus
1361 4674 1516 4743 igitur
1552 4673 1651 4727 hoc
1679 4688 1811 4743 quo-

227 4785 328 4841 que
351 4770 496 4824 illius
522 4768 756 4822 hominis
776 4780 936 4821 cruce
954 4764 1344 4820 ostendendum
1372 4763 1485 4817 fuit.
1513 4762 1649 4817 Nihil
1671 4763 1813 4817 enim

227 4871 340 4916 erat
362 4860 509 4915 inter
540 4859 718 4913 omnia
748 4871 945 4928 genera
966 4855 1151 4911 mortis
1181 4854 1273 4909 illo
1294 4869 1487 4924 genere
1516 4852 1821 4908 exsecrabi-

225 4952 324 5009 lius
351 4961 410 5010 et
440 4947 863 5006 formidolosius.

524 5038 719 5095 XXVI.
760 5037 835 5094 De
870 5037 1153 5105 differentia
1180 5046 1516 5108 peccatorum.

294 5136 417 5192 Alia
444 5142 571 5190 sunt
599 5141 816 5201 peccata
844 5130 1196 5197 inﬁrmitatis,
1227 5131 1329 5185 alia
1355 5128 1633 5200 imperitia:
1657 5170 1672 5195 ,
1712 5128 1816 5184 alia

225 5226 470 5282 malitiae.
522 5222 809 5279 Inﬁrmitas
851 5223 1117 5278 contraria
1162 5230 1244 5275 est
1290 5220 1510 5287 virtuti,
1554 5219 1819 5287 imperitia

226 5318 500 5375 contraria
527 5326 611 5373 est
637 5316 931 5387 sapientiae,
962 5298 1160 5371 malitia
1185 5314 1450 5370 contraria
1472 5322 1554 5368 est
1574 5312 1816 5367 bonitati.

227 5398 486 5481 Quisquis
515 5409 677 5479 igitur
704 5407 855 5463 novit
883 5406 1006 5477 quid
1038 5407 1109 5462 sit
1134 5406 1304 5460 virtus
1330 5413 1384 5459 et
1403 5404 1659 5473 sapientia
1686 5403 1816 5467 Dei,

228 5510 412 5572 potest
434 5500 748 5556 existimare
773 5515 895 5570 quas
922 5499 1030 5554 sint
1058 5508 1273 5569 peccata
1302 5496 1548 5552 venialia.
1576 5496 1645 5550 Et
1669 5496 1818 5567 quis-

294 5615 314 5646 ¹
347 5613 519 5664 tsthaac
539 5612 694 5664 verba
711 5648 727 5674 ,
747 5612 837 5663 iste
862 5610 1155 5673 substantia,
1182 5609 1264 5662 ille
1296 5606 1575 5667 substantia,
1599 5608 1773 5656 absunt
1794 5618 1823 5655 a

688 5740 1268 5800 Mss.,quantumcumque
1307 5738 1432 5787 sunt.
1474 5730 1559 5783 Alli
1581 5736 1818 5798 quatuor,

224 5802 761 5870 manu.

1926 471 2045 542 quis
2071 470 2218 525 novit
2240 468 2367 541 quid
2394 471 2463 526 sit
2492 472 2698 527 bonitas
2726 472 2842 539 Dei,
2870 480 3045 542 potest
3064 472 3366 528 existimare
3390 473 3506 541 qui-

1922 563 2021 618 bus
2046 563 2278 633 peccatis
2306 572 2447 619 certa
2478 579 2635 635 pmna
2678 563 2936 620 debeatur
2973 574 3026 619 et
3057 564 3143 618 hic
3166 564 3297 619 etin
3328 562 3504 617 futuro

1924 656 2138 711 smculo.
2179 655 2383 723 Quibus
2417 657 2553 711 bene
2590 657 2823 711 tractatis
2850 698 2863 720 ,
2899 656 3239 724 probabiliter
3278 652 3505 724 judicari

1922 755 2122 816 potest,
2164 748 2250 817 qui
2283 762 2386 801 non
2417 750 2521 801 sint
2547 748 2766 818 cogendi
2793 748 2857 801 ad
2889 747 3253 815 paenitentiam
3295 747 3505 799 luctuo—

1924 854 2036 894 sam
2062 848 2116 895 et
2142 839 2565 905 lamentabilcm,
2607 841 2847 909 quamvis
2874 848 3089 909 peccata
3120 838 3419 902 fateantur;
3450 844 3504 890 et

1920 929 2112 999 quibus
2139 930 2277 983 nulla
2310 931 2528 983 omnino
2553 930 2815 998 speranda
2858 931 2926 983 sit
2950 930 3094 983 salus
3118 972 3133 995 ,
3165 930 3266 982 nisi
3294 927 3500 982 sacriﬁ—

1918 1022 2058 1077 cium
2093 1022 2380 1078 obtulerint
2406 1023 2516 1077 Deo
2550 1023 2793 1091 spiritum
2819 1023 3227 1077 contribulatum
3254 1036 3349 1092 per
3389 1035 3504 1091 pm-

1918 1114 2216 1170 nitentiam.

2365 1204 2577 1259 XXVII.
2610 1204 2687 1259 De
2717 1206 3046 1274 providentia.

1992 1297 2135 1352 Fieri
2160 1305 2336 1367 potest
2365 1307 2424 1352 ut
2453 1314 2545 1367 per
2571 1297 2770 1351 malum
2810 1296 3082 1351 hominem
3110 1298 3287 1351 divina
3325 1299 3503 1367 provi-

1915 1390 2095 1445 dentia
2126 1399 2179 1444 et
2210 1390 2393 1460 puniat
2417 1398 2471 1444 et
2491 1390 2801 1459 Opitulctur.
2828 1386 2959 1443 Nam
2984 1388 3288 1443 Judaeorum
3312 1388 3501 1457 impie-

1916 1491 1998 1536 tas
2023 1489 2077 1535 et
2102 1481 2315 1536 Judzcos
2341 1481 2699 1551 supplantavit
2729 1483 2745 1511 ¹
2770 1522 2784 1546 ,
2816 1490 2870 1535 et
2898 1481 3154 1536 Gentibus
3186 1481 3342 1535 saluti
3382 1481 3498 1535 fuit.

1916 1570 2045 1626 Item
2074 1571 2188 1626 ﬁeri
2235 1581 2408 1641 potest
2437 1580 2494 1625 ut
2538 1571 2714 1626 divina
2740 1572 3069 1641 providentia
3101 1588 3195 1641 per
3231 1571 3503 1625 hominem

1915 1663 2114 1719 bonum
2158 1672 2213 1719 et
2240 1663 2457 1720 damnet
2497 1673 2552 1719 et
2595 1664 2839 1733 adjuvet,
2883 1663 3019 1717 sicut
3060 1664 3134 1717 ait
3172 1663 3499 1733 Apostolus:

1914 1754 2045 1808 Aliis
2071 1772 2243 1809 sumus
2273 1756 2399 1809 odor
2424 1757 2538 1809 vita:
2560 1756 2614 1808 in
2639 1756 2814 1820 vitam,
2844 1754 2961 1809 aliis
2989 1765 3155 1808 autem
3179 1755 3304 1808 odor
3329 1752 3503 1807 mortis

1913 1845 1969 1899 in
1995 1854 2204 1899 mortem
2228 1845 2299 1916 (Il
2326 1845 2442 1900 Cor.
2476 1863 2543 1913 ιι,
2582 1845 2695 1917 16).
2724 1844 2828 1900 Sed
2860 1861 2981 1900 cum
3027 1845 3200 1899 omnis
3226 1844 3500 1898 tribulatio

1914 1946 2003 1991 aut
2042 1953 2201 2008 paena
2247 1938 2529 2008 impiorum
2569 1939 2670 2006 sit,
2720 1948 2810 1993 aut
2850 1938 3160 1993 exercitatio
3191 1938 3494 2007 justorum;

1912 2028 2035 2097 quia
2063 2028 2250 2084 eadem
2278 2030 2469 2085 tribula
2520 2040 2573 2084 et
2619 2030 2798 2100 paleas
2834 2029 3103 2098 concidit,
3145 2038 3198 2085 et
3236 2028 3501 2084 frumenta

1912 2119 2080 2188 paleis
2122 2121 2308 2188 exuit,
2351 2120 2492 2175 unde
2535 2120 2809 2175 tribulatio
2852 2136 3044 2175 nomen
3094 2120 3331 2190 accepit;
3377 2135 3501 2174 rur-

1914 2224 2028 2275 sus,
2060 2224 2181 2264 cum
2202 2225 2302 2280 pax
2331 2220 2383 2265 et
2412 2210 2563 2280 quies
2590 2225 2619 2262 a
2647 2210 2905 2265 molestiis
2932 2210 3310 2279 temporalibus
3326 2217 3383 2263 et
3405 2209 3502 2263 bo-

1913 2315 2013 2355 nos
2042 2300 2294 2369 lucretur,
2324 2310 2377 2357 et
2404 2309 2709 2370 corrumpat
2735 2302 2902 2355 malos
2934 2317 2947 2354 :
2979 2302 3157 2355 omnia
3185 2300 3298 2354 haec
3323 2300 3503 2353 divina

1914 2392 2245 2461 providentia
2276 2408 2372 2461 pro
2392 2394 2594 2449 meritis
2624 2392 2928 2448 moderatur
2953 2394 3272 2447 animarum.
3297 2391 3401 2447 Sed
3421 2399 3503 2445 ta-

1914 2498 2041 2538 men
2070 2499 2177 2538 non
2217 2484 2319 2538 sibi
2348 2485 2550 2554 eligunt
2578 2485 2704 2539 boni
2733 2485 3085 2539 ministerium
3115 2483 3498 2551 tribulationis,

1915 2589 2015 2629 nec
2044 2576 2170 2629 mali
2198 2584 2378 2629 amant
2401 2590 2604 2644 pacem.
2647 2574 2821 2642 Quare
2848 2576 2946 2644 ipsi
2978 2589 3189 2644 quoque
3208 2616 3221 2639 ,
3251 2589 3345 2644 per
3366 2588 3502 2644 quos

1915 2666 1969 2721 id
1992 2668 2166 2738 agitur
2190 2667 2331 2738 quod
2361 2667 2625 2738 ignorant,
2658 2683 2764 2721 non
2788 2668 3007 2737 justitim
3034 2684 3152 2737 qua:
3178 2667 3407 2722 refertur
3432 2666 3502 2721 ad

1914 2756 2117 2822 Deum,
2146 2757 2241 2812 sed
2280 2758 2666 2813 malevolentia:
2709 2773 2819 2811 sua:
2865 2758 3167 2813 mercedem
3210 2756 3498 2827 accipiunt.

1914 2847 2371 2915 Quemadmodum
2398 2864 2498 2903 nec
2522 2849 2675 2905 bonis
2705 2849 3013 2917 imputatur,
3028 2848 3168 2919 quod
3198 2849 3325 2918 ipsis
3337 2847 3501 2918 prod-

1913 2954 2034 2995 esse
2087 2940 2390 2997 volentibus
2425 2951 2647 2997 nocetur
2673 2942 2827 2995 alicui
2853 2984 2867 3008 ,
2910 2940 3005 2996 sed
3031 2941 3172 2995 bono
3199 2942 3378 2995 animo
3405 2941 3500 2996 be-

1913 3030 2232 3086 nevolentia:
2255 3033 2531 3101 prtemium
2556 3032 2801 3087 tribuitur
2825 3050 2836 3085 :
2863 3032 2932 3085 ita
2954 3032 3113 3086 etiam
3135 3042 3326 3086 cetera
3351 3046 3503 3086 crea-

1918 3131 2034 3177 tura
2075 3140 2171 3193 pro
2212 3124 2415 3179 meritis
2444 3124 2738 3179 animarum
2781 3123 3117 3177 rationalium
3157 3124 3243 3178 vel
3276 3124 3502 3178 sentitur

1912 3214 1999 3266 vel
2028 3213 2174 3278 latet,
2207 3213 2291 3268 vel
2317 3214 2539 3267 molesta
2569 3214 2653 3267 vel
2679 3213 2957 3267 commoda
2988 3222 3089 3266 est.
3116 3214 3334 3267 Summo
3355 3213 3503 3267 enim

1915 3306 2026 3361 Deo
2051 3314 2239 3361 cuncta
2269 3306 2406 3362 bene
2432 3306 2839 3360 administrante
2868 3320 2985 3374 qua:
3013 3302 3157 3369 fecit,
3195 3303 3329 3358 nihil
3353 3304 3501 3359 inor-

1915 3398 2150 3454 dinatum
2198 3399 2251 3453 in
2298 3399 2586 3464 universo,
2635 3397 2870 3468 nihilque
2921 3397 3173 3466 injustum
3217 3407 3336 3463 est,
3387 3397 3502 3455 sive

1914 3489 2204 3545 scientibus
2248 3489 2360 3544 sive
2400 3489 2761 3545 nescientibus
2798 3489 2970 3543 nobis.
3004 3489 3108 3544 Sed
3152 3490 3204 3543 in
3245 3498 3391 3559 parte
3416 3480 3503 3544 lof-

1914 3578 2150 3636 fenditur
2178 3581 2350 3633 anima
2384 3579 2649 3649 peccatrix
2678 3597 2690 3632 :
2725 3588 2900 3634 tamen
2928 3580 3048 3649 quia
3080 3594 3177 3650 pro
3201 3579 3404 3635 meritis
3427 3580 3503 3635 ibi

1914 3680 2016 3739 est,
2058 3671 2147 3726 ubi
2180 3671 2339 3726 talem
2368 3685 2489 3726 esse
2525 3670 2716 3737 decet,
2762 3678 2816 3725 et
2852 3685 2914 3724 ea
2943 3671 3139 3739 patitur
3182 3686 3300 3741 quae
3340 3670 3503 3725 talem

1914 3763 2024 3832 pati
2051 3778 2260 3833 aequum
2287 3771 2390 3830 est,
2426 3763 2728 3817 universum
2753 3776 2975 3831 regnum
3000 3762 3091 3815 Dei
3120 3762 3261 3815 nulla
3282 3776 3376 3817 sua
3402 3760 3501 3818 fm-

1915 3854 2080 3909 ditate
2107 3853 2390 3908 deformat.
2437 3853 2834 3921 Quamobrem,
2879 3853 3128 3921 quoniam
3174 3867 3281 3905 non
3320 3851 3500 3904 omnia

1918 3947 2163 4001 novimus
2188 3961 2306 4015 quae
2330 3945 2397 4000 de
2424 3946 2576 3999 nobis
2602 3945 2738 3998 bene
2767 3945 2872 4011 agit
2891 3944 3022 3996 ordo
3049 3943 3277 4007 divinus,
3308 3942 3361 3993 in
3384 3941 3502 3995 sola

1916 4038 2056 4091 bona
2081 4038 2354 4091 voluntate
2394 4035 2683 4088 secundum
2716 4035 2883 4103 legem
2918 4033 3152 4103 agimus;
3194 4034 3246 4088 in
3287 4035 3500 4090 caeteris

1918 4135 2092 4181 autem
2120 4124 2408 4181 secundum
2438 4125 2608 4194 legem
2636 4125 2860 4193 agimur,
2887 4140 3008 4179 cum
3036 4125 3119 4179 lex
3150 4125 3263 4195 ipsa
3292 4126 3500 4181 incom-

1918 4217 2187 4272 mutabilis
2207 4224 2437 4281 maneat,
2461 4224 2515 4270 et
2541 4215 2719 4268 omnia
2736 4214 3004 4269 mutabilia
3023 4215 3377 4284 pulcherrima
3403 4232 3501 4287 gito

1917 4308 2231 4364 bernatione
2254 4306 2578 4362 moderetur.
2610 4305 2785 4360 Gloria
2815 4306 2970 4375 igitur
2999 4308 3052 4360 in
3082 4307 3341 4361 altissimis
3367 4307 3499 4376 Deo,

1919 4413 1966 4456 et
1994 4403 2047 4456 in
2071 4411 2202 4455 terra
2229 4418 2330 4469 pax
2355 4398 2637 4454 hominibus
2660 4400 2803 4453 boum
2829 4400 3098 4455 voluntatis
3124 4399 3270 4474 (Luc.
3295 4418 3353 4470 ιι,
3381 4404 3499 4474 14).

2052 4490 2286 4546 XXVIII.
2322 4491 2490 4556 Quare
2516 4490 2651 4545 Deus
2681 4491 2925 4545 mundum
2954 4493 3119 4560 facere
3146 4493 3373 4547 voluerit.

1993 4582 2092 4649 Qui
2134 4582 2323 4652 quaerit
2361 4596 2524 4652 quare
2565 4581 2795 4636 voluerit
2830 4582 2969 4637 Deus
2998 4583 3250 4637 mundum
3285 4582 3500 4652 facere,

1923 4689 2138 4730 causam
2165 4675 2354 4743 quaerit
2382 4673 2667 4727 voluntatis
2696 4674 2810 4728 Dei.
2853 4673 2957 4729 Sed
2995 4673 3168 4728 omnis
3195 4688 3353 4729 causa
3381 4674 3499 4728 elﬁo

1924 4766 2072 4820 ciens
2099 4772 2197 4843 est.
2242 4764 2414 4819 Omne
2440 4775 2617 4818 autem
2647 4764 2885 4819 efﬁciens
2922 4764 3092 4834 majus
3138 4773 3218 4818 est
3246 4778 3401 4831 quam
3446 4763 3502 4817 id

1924 4856 2065 4926 quod
2096 4855 2343 4910 efﬁcitur.
2385 4855 2525 4909 Nihil
2555 4864 2729 4910 autem
2768 4855 2939 4925 majus
2976 4863 3059 4909 est
3084 4855 3353 4907 voluntate
3380 4852 3499 4908 Dei.

1925 4945 2053 5002 Non.
2067 4962 2193 5016 ergo
2221 4946 2335 5016 ejus
2361 4961 2519 5002 causa
2547 4945 2828 5016 qumrenda
2854 4952 2955 4999 est.

2001 5036 2191 5092 XXIX.
2229 5037 2412 5092 Utrum
2441 5036 2631 5105 aliquid
2660 5036 2724 5089 sit
2757 5048 2956 5087 sursum
2985 5041 3071 5085 aut
3105 5031 3338 5087 deorsum
3377 5034 3434 5089 in

2592 5140 2839 5178 universo.

2003 5222 2128 5287 Qua:
2150 5236 2348 5275 sursum
2374 5227 2487 5272 sunt
2506 5218 2666 5288 sapite
2689 5215 2906 5286 (Coloss.
2931 5231 3006 5284 ιιι,
3033 5215 3111 5287 ‘2).
3142 5217 3214 5270 Ea
3241 5231 3359 5286 qua:
3384 5230 3508 5272 sura

1928 5330 2046 5370 sum
2075 5320 2199 5368 sunt
2225 5328 2412 5383 sapere
2447 5310 2697 5381 juhemur
2719 5350 2733 5376 ,
2774 5309 3066 5377 spiritualia
3104 5308 3341 5372 scilicet,
3385 5324 3509 5378 quae

1927 5423 2035 5461 non
2067 5406 2197 5461 locis
2226 5413 2279 5460 et
2306 5401 2546 5474 partibus
2573 5400 2731 5470 hujus
2752 5401 2934 5456 mundi
2960 5414 3168 5456 sursum
3197 5414 3317 5454 esse
3345 5398 3509 5453 intela

1929 5498 2136 5570 ligenda
2162 5504 2314 5560 sunt,
2344 5494 2437 5549 sed
2465 5494 2653 5548 merito
2679 5493 3005 5548 excellentia:
3031 5506 3179 5557 suae;
3212 5505 3281 5544 ne
3307 5490 3361 5543 in
3390 5490 3511 5557 ejus

1929 5590 2112 5645 mundi
2143 5597 2290 5657 parte
2331 5587 2555 5656 ﬁgamus
2578 5587 2811 5641 animum
2840 5592 3099 5650 nostrum,
3127 5596 3233 5651 quo
3260 5580 3510 5635 universo

1931 5794 1949 5841 ι
1996 5727 2121 5851 ἔξω.
2143 5730 2216 5833 ἐι
2236 5721 2455 5772 undecim
2473 5729 2603 5783 Mss,
2626 5718 2803 5771 Julum
2824 5710 3164 5782 supplantavit.
3192 5713 3338 5765 -Sic
3362 5713 3511 5764 etiam

1952 5799 1993 5835 .u
2064 5821 2077 5836 .
2186 5818 2200 5833 .

1952 5799 2077 5836 .020.
2143 5799 2200 5833 ω.
