4180 6214
566 335 634 392 19
1266 322 1356 380 DE
1396 317 1702 379 DIVERSIS
1738 306 2133 383 ρυΑῑετιοΝιι

2238 311 2255 363 s
2293 309 2573 382 LXXXIII,
2616 316 2671 371 ε.
2714 314 3077 375 AUGUSTiNl

562 465 663 507 nos
685 448 944 506 debemus
969 459 1186 503 exuere.
1229 442 1449 499 Sursum
1489 448 1663 493 autem
1694 451 1755 490 ac
1795 433 2043 487 deorsum
2085 425 2139 479 in

564 540 719 611 hujus
744 538 926 596 mundi
950 537 1191 608 partibus
1215 543 1314 591 εει.
1344 535 1472 588 Nam
1497 532 1772 586 universus
1794 542 1890 582 nec
1911 527 2021 596 ipse
2043 524 2139 578 ha-

559 635 650 692 bet
700 646 912 691 sursum
971 640 1063 687 aut
1123 631 1393 687 deorsum.
1458 630 1758 696 Corporeus
1808 629 1891 677 est
1951 619 2132 684 enim;

559 728 681 799 quia
710 742 871 785 omne
913 724 1123 780 visibile
1163 736 1476 792 corporeum
1525 728 1624 772 est.
1679 715 1818 769 Nihil
1863 722 2039 767 autem
2081 711 2135 764 in

558 820 814 875 universo
859 831 1086 888 corpore
1134 829 1342 870 sursum
1394 821 1485 866 aut
1537 810 1785 864 deorsum
1846 814 1944 861 est.
2000 803 2136 858 Cum

559 911 701 968 enim
722 911 776 967 in
798 922 893 967 sex
918 916 1099 980 partes
1123 915 1301 963 motus
1326 904 1440 958 ﬁeri
1462 902 1719 965 videatur,
1745 899 1832 969 qui
1855 906 2030 952 rectus
2053 895 2136 950 di-

559 1003 719 1071 citur,
751 1001 805 1057 id
832 1009 948 1067 est,
979 998 1072 1070 qui
1096 994 1372 1053 circnlaris
1396 1008 1501 1047 non
1531 1000 1648 1058 εει,
1691 991 1744 1044 in
1769 990 2041 1044 anteriora
2079 995 2134 1042 et

559 1093 876 1165 posteriora,
905 1093 958 1146 in
980 1088 1278 1146 dexteriora
1307 1093 1359 1139 et
1386 1083 1713 1138 sinisteriora
1738 1124 1750 1145 ,
1780 1081 1830 1133 in
1859 1079 2134 1148 superiora

558 1193 613 1239 et
639 1181 921 1245 inferiora;
956 1178 1100 1233 nulla
1124 1176 1340 1231 omnino
1366 1173 1501 1227 ratio
1522 1182 1603 1225 est
1621 1187 1716 1225 cur
1744 1170 1992 1223 universo
2018 1182 2138 1221 cor-

560 1274 676 1345 poni
701 1280 827 1328 ante
849 1285 913 1326 ac
933 1277 1052 1340 post
1078 1266 1211 1322 nihil
1237 1266 1324 1330 sit,
1354 1273 1407 1318 et
1432 1262 1648 1317 dextera
1677 1277 1739 1315 ac
1759 1260 1911 1324 laeva,
1944 1259 2013 1312 sit
2043 1272 2135 1337 au-

559 1375 664 1421 tem
688 1378 901 1420 sursum
929 1375 993 1416 ac
1017 1359 1288 1415 deorsum.
1329 1352 1433 1410 Sed
1456 1368 1520 1407 eo
1554 1351 1954 1431 considerantes
1993 1345 2135 1401 deci-

556 1456 773 1527 piuntur
797 1492 813 1522 ,
844 1450 987 1524 quod
1013 1448 1255 1506 sensibus
1280 1454 1333 1525 et
1360 1438 1727 1499 consuetudini
1755 1439 1969 1495 difficile
1994 1435 2138 1490 obsi-

542 1508 734 1603 istitur.
776 1508 890 1601 lion
916 1542 1058 1599 enim
1082 1548 1192 1595 tam
1232 1518 1398 1593 facilis
1422 1543 1502 1589 est
1528 1532 1682 1589 nobis
1712 1529 1989 1585 conversio
2018 1542 2137 1581 cor-

556 1640 736 1712 poris,
765 1651 884 1708 quat
909 1634 997 1700 ﬁt,
1041 1634 1085 1689 si
1114 1631 1234 1702 quis
1261 1629 1433 1701 capite
1460 1625 1710 1680 deorsum
1744 1619 1944 1707 moveri
1970 1619 2129 1707 velit,

557 1711 715 1804 quam
754 1727 922 1786 facilis
948 1734 1032 1783 est
1054 1740 1086 1780 a
1114 1723 1299 1779 dextra
1326 1721 1377 1775 in
1409 1720 1593 1774 laevam
1618 1757 1632 1782 ,
1662 1716 1744 1770 vel
1772 1714 1839 1768 ab
1867 1711 2135 1795 anteriore

556 1825 611 1881 in
651 1820 997 1895 posterion
1042 1824 1264 1887 partem.
1308 1810 1661 1880 Quamobrem
1699 1806 1917 1863 remotis
1961 1804 2136 1858 verbis

557 1929 738 1973 secum
767 1912 870 1984 ipsi
890 1910 1069 1967 animo
1089 1904 1436 1977 satagendum
1461 1912 1564 1969 est,
1595 1910 1651 1956 ut
1675 1901 1776 1957 hoc
1804 1914 2025 1955 cernere
2053 1913 2137 1953 va-

552 2006 680 2063 lect.

556 2095 729 2152 XXX.
774 2093 956 2149 Utrum
981 2090 1152 2145 omnia
1178 2089 1234 2142 in
1270 2086 1535 2141 utilitatem
1563 2083 1779 2138 hominis
1817 2090 1983 2135 creata
2010 2081 2130 2135 sint.

627 2188 699 2245 Ut
746 2188 885 2243 inter
916 2184 1197 2240 honestum
1233 2189 1287 2237 et
1324 2178 1451 2233 utile
1494 2178 1749 2241 interest,
1792 2174 1860 2228 ita
1897 2182 1952 2227 et
1998 2173 2135 2227 inter

556 2278 836 2336 fruendum
865 2285 919 2332 et
947 2273 1222 2330 utendum.
1254 2270 1563 2339 Quanquam
1602 2267 1744 2321 enim
1785 2279 1943 2318 omne
1969 2262 2135 2316 hone-

555 2381 695 2427 stum
721 2369 883 2436 utile,
911 2375 966 2422 et
1002 2379 1162 2421 omne
1188 2361 1317 2416 utile
1356 2360 1634 2414 honestum
1663 2371 1782 2412 esse
1806 2397 1820 2419 ,
1868 2353 2135 2409 subtiliter

555 2461 766 2524 defendi
799 2465 961 2529 queat
990 2476 1003 2512 :
1036 2465 1211 2511 tamen
1243 2453 1364 2522 quia
1394 2451 1559 2517 magis
1597 2448 1809 2518 pr0prie
1836 2456 1994 2515 atque
2022 2446 2132 2499 usi-

557 2564 716 2612 tatius
744 2554 1025 2608 honestum
1050 2548 1243 2603 dicitur
1275 2542 1417 2614 quod
1444 2551 1658 2613 propter
1682 2555 1740 2595 se
1768 2540 1938 2608 ipsum
1968 2552 2134 2608 expc-

554 2645 775 2703 tendum
803 2650 887 2698 est
908 2681 924 2709 ,
962 2640 1093 2696 utile
1116 2646 1292 2693 autem
1318 2633 1457 2706 quod
1485 2633 1550 2688 ad
1578 2630 1719 2686 aliud
1748 2628 1945 2698 aliquid
1990 2626 2132 2683 refe-

552 2736 778 2797 rendum
808 2741 922 2790 est:
949 2729 1239 2788 secundum
1273 2728 1408 2780 hanc
1426 2723 1776 2779 differentiam
1801 2737 1939 2776 nunc
1966 2718 2136 2790 loqui-

553 2838 703 2893 mIIr,
739 2823 868 2880 illud
897 2837 1029 2878 sane
1056 2818 1417 2876 custodientes
1442 2856 1455 2881 ,
1501 2822 1556 2869 ut
1594 2813 1875 2867 honestum
1911 2822 1964 2865 et
2004 2811 2134 2866 utile

552 2918 701 2977 nullo
726 2914 890 2970 modo
915 2911 1127 2969 sibimet
1149 2908 1513 2964 adversentur.
1544 2903 1826 2959 Adversari
1854 2903 1994 2957 enim
2020 2900 2136 2958 haec

552 3008 652 3064 sibi
697 3005 980 3077 aliquando
1019 3001 1263 3072 imperite
1310 3015 1371 3053 ac
1414 2997 1699 3068 vulgaritcr
1738 2995 2131 3050 existimantur.

551 3101 680 3157 Frui
708 3114 835 3170 ergo
862 3097 1088 3153 dicimur
1114 3109 1177 3150 ea
1206 3108 1265 3149 re
1294 3091 1361 3147 de
1387 3105 1490 3161 qua
1516 3090 1756 3159 capimus
1780 3088 2127 3159 voluptatem.

550 3190 762 3248 Utimur
788 3201 851 3244 ea
876 3201 1033 3257 quam
1060 3182 1339 3241 referimus
1382 3181 1450 3235 ad
1489 3180 1541 3235 id
1583 3178 1726 3235 unde
1756 3179 2000 3249 voluptas
2043 3194 2130 3249 ca-

549 3281 742 3353 pienda
770 3287 871 3337 est.
898 3276 1083 3334 Omnis
1110 3276 1288 3346 itaque
1309 3272 1540 3329 humana
1567 3271 1836 3342 perversis
1857 3279 1959 3335 est,
1990 3270 2131 3342 quod

550 3374 711 3431 etiam
736 3371 921 3428 vitium
947 3377 1185 3436 vocatur,
1218 3363 1457 3421 fruendis
1484 3363 1558 3418 uti
1584 3362 1722 3419 velle
1744 3403 1759 3428 ,
1791 3372 1948 3433 atque
1974 3372 2133 3418 uten-

551 3466 635 3523 dis
662 3464 785 3522 frui.
815 3464 885 3520 Et
909 3477 1098 3521 rursus
1121 3460 1294 3517 omnis
1321 3459 1604 3526 ordinatio,
1635 3474 1754 3530 quae
1779 3459 1945 3513 virtus
1970 3458 2129 3514 etiam

550 3556 855 3615 nominatur
877 3595 891 3620 ,
935 3552 1172 3610 fruendis
1198 3550 1334 3618 frui,
1375 3560 1429 3607 et
1455 3550 1666 3606 utendis
1699 3550 1796 3606 uti.
1823 3549 2130 3606 Fruendum

551 3656 635 3704 est
656 3656 834 3704 autem
863 3644 1123 3709 honestis,
1156 3643 1406 3698 utendum
1433 3657 1561 3697 vero
1600 3640 1833 3696 utilibus.
1866 3640 2130 3696 Honesta-

550 3746 658 3794 tem
684 3752 818 3794 voco
847 3734 1232 3805 intelligibilem
1275 3731 1756 3804 pulchritudinem,
1788 3747 1946 3801 quam
1974 3731 2132 3801 spiri-

551 3830 747 3885 tuulem
774 3843 873 3884 nos
899 3826 1111 3897 proprie
1137 3825 1392 3891 dicimus;
1440 3824 1714 3879 utilitatem
1744 3832 1919 3879 autem
1940 3862 1955 3888 ,
1995 3822 2131 3876 divi-

550 3936 673 3977 nam
708 3919 1113 3990 providentiam.
1143 3917 1477 3985 Quapropter
1503 3930 1801 3985 quanquam
1832 3913 1936 3969 sint
1964 3913 2132 3968 multa

549 4013 772 4086 pulchra
799 4012 1025 4066 visibilia
1049 4052 1066 4078 ,
1094 4026 1212 4081 quae
1242 4010 1416 4064 minus
1441 4008 1654 4078 proprie
1691 4007 1915 4063 honesta
1946 4006 2127 4076 appel-

548 4105 761 4165 lantur;
789 4104 902 4171 ipsa
930 4111 1107 4157 tamen
1139 4100 1498 4170 pulchritudo,
1533 4116 1600 4155 ex
1627 4115 1729 4171 qua
1754 4100 1977 4172 pulchra
2009 4107 2134 4154 sunt

550 4205 898 4264 quaecumque
937 4189 1156 4260 pulchra
1197 4197 1358 4253 sunt,
1402 4188 1546 4242 nullo
1577 4188 1735 4242 modo
1772 4196 1855 4243 est
1880 4188 2130 4244 visibilis.

551 4283 680 4341 Item
708 4282 875 4339 multa
901 4281 1045 4336 utilia
1070 4278 1338 4345 visibilia;
1384 4278 1478 4333 sed
1506 4278 1618 4347 ipsa
1644 4277 1846 4333 utilitas
1865 4318 1881 4344 ,
1925 4293 1990 4333 ex
2030 4292 2134 4348 qua

550 4377 709 4443 nobis
749 4383 971 4448 prosunt
1010 4386 1355 4444 quaecumque
1385 4377 1646 4441 prosunt,
1692 4386 1851 4441 quam
1898 4370 2133 4425 divinam

551 4470 940 4543 providentiam
969 4467 1196 4523 dicimus
1219 4504 1234 4533 ,
1264 4464 1487 4521 visibilis
1514 4480 1620 4520 non
1647 4472 1750 4519 est.
1781 4463 1975 4519 Notum
2005 4477 2134 4519 sane

551 4565 625 4621 sit
675 4563 959 4619 visibilium
1009 4560 1226 4617 nomine
1272 4559 1449 4614 omnia
1501 4556 1798 4626 corporalia
1848 4556 2129 4612 contineri.

551 4654 777 4726 Oportet
806 4669 932 4724 ergo
966 4652 1065 4708 frui
1093 4650 1327 4722 pulchris
1352 4648 1724 4717 invisibilibus,
1752 4646 1807 4703 id
1832 4656 1935 4715 est,
1968 4647 2136 4703 hone-

554 4746 651 4802 stis
680 4764 693 4801 :
723 4754 902 4800 utrum
931 4753 1108 4800 autem
1133 4741 1411 4809 omnibus,
1440 4740 1542 4796 alia
1569 4739 1795 4810 quaestio
1819 4747 1937 4805 est;
1966 4754 2136 4810 quan-

552 4850 711 4910 quam
738 4838 960 4893 fortasse
984 4836 1209 4892 honesta
1236 4849 1342 4889 non
1372 4833 1473 4888 nisi
1499 4832 1689 4902 quibus
1718 4830 1998 4887 fruendum
2028 4838 2134 4898 est,

554 4930 657 4986 dici
686 4928 888 4985 deceat.
921 4929 1150 4986 Utilibus
1177 4934 1354 4984 autem
1385 4924 1643 4982 utendum
1667 4933 1751 4981 est
1777 4924 2049 4992 omnibus,
2075 4935 2136 4981 ut

554 5034 768 5093 quoquo
785 5034 970 5091 eorum
996 5035 1130 5091 opus
1154 5028 1253 5076 est.
1284 5018 1351 5074 Et
1375 5017 1474 5073 frui
1505 5016 1716 5087 quidem
1742 5016 1862 5073 cibo
1881 5024 1934 5072 et
1961 5017 2136 5087 quali-

553 5110 646 5167 bet
669 5109 931 5180 corporali
960 5110 1226 5179 voluptate
1250 5124 1356 5167 non
1397 5106 1530 5163 adeo
1564 5106 1792 5161 absurde
1820 5106 2134 5162 existiman-

555 5214 643 5261 tur
665 5212 719 5260 et
747 5202 927 5258 bestia:
957 5221 970 5256 :
1002 5202 1078 5257 uti
1104 5211 1279 5258 autem
1304 5203 1476 5274 aliqua
1498 5217 1557 5257 re
1576 5216 1683 5256 non
1709 5209 1884 5271 potest
1905 5201 2007 5257 nisi
2027 5201 2135 5256 ani-

554 5297 662 5352 mal
691 5292 831 5364 quod
859 5292 1079 5348 rationis
1122 5301 1205 5346 est
1245 5294 1528 5363 particeps.
1572 5291 1721 5348 Scire
1758 5306 1987 5361 namque
2029 5306 2135 5362 quo

555 5387 787 5459 quidque
811 5384 1145 5442 referendum
1175 5384 1278 5447 sit,
1310 5399 1415 5440 non
1441 5385 1620 5441 datum
1660 5393 1743 5441 est
1780 5385 2002 5441 rationis
2034 5400 2135 5441 ex-

554 5481 825 5553 pertibus;
873 5477 966 5534 sed
1011 5493 1185 5547 neque
1228 5477 1355 5546 ipsis
1393 5478 1738 5534 rationalibus
1784 5476 1980 5533 stultis.
2023 5476 2135 5535 Nec

553 5575 630 5631 uti
660 5574 882 5644 quisque
902 5580 1076 5642 potest
1094 5586 1158 5626 ea
1182 5585 1242 5626 re
1263 5586 1383 5641 quae
1406 5585 1512 5639 quo
1534 5571 1805 5627 referenda
1828 5571 1899 5627 sit
1920 5572 2126 5640 nescit;

554 5679 655 5722 nec
682 5664 958 5735 quisquam
990 5670 1161 5734 potest
1201 5662 1337 5717 scire
1377 5662 1474 5717 nisi
1518 5662 1748 5732 sapiens.
1780 5663 1955 5732 Quare
1983 5663 2133 5720 abuti

551 5753 747 5813 rectius
773 5753 876 5810 dici
900 5748 1105 5821 solent,
1135 5752 1225 5823 qui
1252 5767 1358 5809 non
1386 5751 1524 5808 bene
1552 5758 1788 5809 utuntur.
1827 5753 1945 5813 Non
1987 5755 2133 5814 enim

3744 324 3821 383 20
3863 355 3883 388 ι

2245 426 2487 496 cuiquam
2509 431 2722 499 prodest
2743 433 2795 488 id
2815 449 2920 503 quo
2942 435 3078 512 male
3099 436 3290 503 utitur;
3313 446 3368 494 et
3387 439 3525 510 quod
3539 454 3642 496 non
3655 441 3816 512 prod-
3871 496 3876 503 .

2242 527 2355 586 est,
2388 533 2492 573 non
2533 521 2713 590 utique
2765 522 2890 577 utile
2918 533 3017 578 est.
3053 508 3189 580 Utile
3214 518 3388 582 autem
3405 508 3675 600 quidquid
3696 541 3809 597 est,

2241 610 2437 665 utendo
2460 619 2544 667 est:
2567 613 2696 668 utile
2730 632 2743 668 :
2772 612 2843 669 ita
2869 631 3025 671 nemo
3053 618 3217 672 utitur
3241 620 3342 673 nisi
3371 621 3506 675 utili.
3540 620 3655 677 Non
3685 639 3812 695 ergo

2241 699 2404 754 utitur
2426 741 2441 765 ,
2469 702 2706 772 quisquis
2746 706 2882 760 male
2910 705 3091 760 utitur.
3120 698 3359 764 Perfecta
3400 710 3556 782 igitur
3585 704 3814 768 hominis

2240 788 2376 844 ratio
2398 831 2412 856 ,
2449 807 2567 862 quae
2606 793 2772 849 virtus
2802 806 3020 851 vocatur
3047 838 3062 865 ,
3109 798 3272 853 utitur
3301 801 3474 870 primo
3517 816 3576 857 se
3606 792 3719 873 ipsa
3747 803 3813 859 ad

2240 878 2637 950 intelligendum
2663 883 2826 939 Deum
2845 926 2859 951 ,
2888 893 2945 941 ut
2970 901 3035 942 eo
3061 887 3267 943 fruatur
3294 906 3323 947 a
3353 906 3458 960 quo
3486 890 3645 947 etiam
3679 880 3813 948 facta

2239 980 2337 1027 est.
2377 972 2549 1029 Utitur
2572 987 2749 1032 autem
2772 980 2980 1034 caeteris
3005 968 3348 1036 rationalibus
3371 978 3727 1039 animantibus
3747 978 3813 1039 ad

2239 1069 2585 1135 societatem,
2642 1071 3033 1129 irrationalibus
3083 1068 3151 1129 ad
3205 1076 3567 1133 eminentiam.
3638 1076 3813 1132 Vitam
3866 1126 3875 1135 .

2240 1162 2399 1216 etiam
2438 1178 2588 1218 suam
2627 1163 2694 1218 ad
2724 1164 2776 1218 id
2804 1164 3007 1232 refert,
3035 1174 3092 1221 ut
3137 1165 3340 1222 fruatur
3382 1168 3488 1223 Deo
3522 1187 3535 1223 :
3570 1156 3639 1223 ita
3669 1169 3811 1224 enim

2238 1252 2390 1308 beata
2408 1262 2507 1308 est.
2531 1245 2672 1325 Ergo
2694 1262 2749 1309 et
2770 1269 2830 1310 se
2854 1254 2966 1325 ipsa
2987 1256 3150 1311 utitur
3174 1273 3325 1327 ;quae
3339 1248 3577 1329 profecto
3600 1242 3815 1314 inchoat

2237 1345 2505 1399 miseriam
2552 1360 2648 1416 per
2688 1345 3008 1416 superbiam,
3060 1346 3105 1401 si
3146 1345 3213 1402 ad
3255 1361 3317 1403 se
3358 1347 3550 1417 ipsam,
3598 1364 3702 1403 non
3746 1348 3814 1404 ad

2240 1435 2406 1490 Deum
2445 1434 2724 1491 referatur.
2755 1435 2932 1493 Utitur
2962 1439 3117 1491 etiam
3147 1438 3458 1510 corporibus
3496 1426 3811 1510 quibusdam

2239 1525 2567 1581 vivificandis
2611 1525 2676 1581 ad
2720 1527 3158 1594 beneficentiam;
3199 1528 3277 1583 sic
3319 1529 3463 1585 enim
3511 1522 3675 1585 utitur
3717 1545 3814 1586 suo

2237 1633 2462 1689 corpore
2494 1636 2505 1672 :
2536 1618 2849 1688 quibusdam
2893 1616 3226 1675 assumendis
3270 1608 3356 1675 vel
3398 1606 3711 1691 respuendis
3748 1608 3815 1677 ad
3866 1678 3873 1687 ,

2240 1708 2591 1764 valetudinem
2621 1750 2636 1774 ,
2675 1709 2989 1780 quibusdam
3033 1708 3324 1765 tolerandis
3364 1704 3430 1765 ad
3462 1711 3765 1781 patientiam
3794 1751 3811 1781 ,
3872 1776 3876 1785 ι

2237 1803 2550 1874 quibusdam
2579 1802 2884 1860 ordinandis
2915 1790 2982 1859 ad
3015 1798 3276 1875 justitiam
3297 1845 3313 1872 ,
3344 1794 3658 1874 quibusdam
3688 1798 3814 1860 con;

2237 1894 2531 1951 siderandis
2570 1893 2637 1949 ad
2677 1880 2891 1966 aliquod
2930 1884 3168 1950 veritatis
3193 1880 3570 1950 documentum
3605 1912 3618 1948 :
3651 1886 3814 1949 utitur
3868 1954 3873 1960 ι

2237 1987 2397 2042 etiam
2428 1986 2492 2042 iis
2516 2003 2545 2041 a
2574 1987 2765 2058 quibus
2790 2001 2849 2042 se
2881 1986 3133 2053 abstinet,
3168 1985 3237 2041 ad
3282 1985 3704 2056 temperantiam.
3736 1972 3811 2040 ita

2237 2080 2484 2136 omnibus
2522 2088 2576 2135 et
2612 2080 2784 2134 sensis
2812 2086 2999 2133 etnon
3041 2078 3212 2133 sensis
3238 2078 3441 2144 utitur;
3483 2092 3583 2134 nec
3614 2066 3812 2147 aliquid

2238 2170 2449 2224 tertium
2477 2178 2577 2224 est.
2621 2167 2830 2224 Judicat
2868 2178 3046 2223 autem
3084 2168 3151 2224 de
3188 2166 3435 2223 omnibus
3475 2166 3664 2238 quibus
3706 2146 3811 2222 uti-

2239 2273 2323 2316 tur
2353 2279 2366 2314 :
2400 2261 2467 2315 de
2492 2261 2608 2316 solo
2636 2260 2744 2315 Deo
2771 2275 2878 2314 non
2903 2250 3105 2330 judiCat
3125 2301 3139 2327 ,
3169 2258 3289 2330 quia
3315 2256 3600 2313 secundum
3639 2248 3807 2312 Deum

2236 2356 2303 2410 de
2328 2355 2536 2410 caeteris
2557 2354 2791 2424 judicat;
2822 2369 2924 2410 nec
2947 2368 3012 2409 eo
3039 2354 3202 2408 utitur
3221 2393 3236 2417 ,
3269 2338 3362 2407 sed
3390 2348 3597 2406 fruitur.
3627 2350 3810 2420 Neque
3868 2410 3871 2413 _

2235 2450 2377 2504 enim
2403 2448 2469 2503 ad
2495 2447 2693 2518 aliquid
2724 2446 2868 2502 aliud
2907 2447 3047 2501 Deus
3076 2444 3383 2500 referendus
3404 2450 3506 2497 est.
3549 2442 3807 2509 Quoniam
3874 2504 3875 2507 η

2234 2554 2394 2595 omne
2421 2539 2563 2610 quod
2588 2538 2653 2593 ad
2670 2536 2815 2593 aliud
2832 2536 3165 2593 referendum
3181 2543 3283 2602 est,
3305 2532 3527 2589 inferius
3547 2543 3629 2589 est
3649 2548 3809 2604 quam

2237 2631 2287 2685 id
2316 2631 2381 2685 ad
2411 2631 2552 2701 quod
2582 2628 2914 2685 referendum
2942 2637 3043 2684 est.
3073 2628 3182 2683 Nec
3219 2636 3301 2682 est
3339 2625 3536 2696 aliquid
3580 2626 3691 2680 Deo
3717 2640 3809 2680 su-

2236 2722 2453 2791 perius,
2510 2738 2617 2776 non
2664 2721 2782 2776 loco
2809 2760 2825 2786 ,
2878 2718 2974 2775 sed
3021 2717 3330 2773 excellentia
3376 2730 3486 2779 sum
3540 2715 3807 2771 naturze‘.
3874 2698 3875 2701 η

2235 2814 2424 2869 Omnia
2454 2829 2582 2884 ergo
2608 2828 2726 2884 quas
2755 2812 2887 2867 facta
2914 2818 3075 2878 sunt,
3119 2809 3171 2864 in
3212 2823 3367 2863 usum
3408 2804 3637 2861 hominis
3673 2803 3810 2861 facta

2235 2915 2393 2974 sunt,
2445 2906 2568 2976 quia
2612 2902 2859 2960 omnibus
2907 2903 3071 2957 utitur
3106 2897 3393 2970 judicando
3437 2900 3573 2953 ratio
3590 2898 3647 2971 ,³,
3689 2910 3808 2966 quae

2238 2998 2439 3055 homini
2470 2997 2591 3053 data
2626 3006 2727 3053 est.
2770 2997 2837 3052 Et
2864 3004 2989 3051 ante
3019 2995 3224 3065 lapsum
3252 2993 3467 3064 quidem
3493 3006 3597 3047 non
3629 2990 3810 3046 uteba-

2239 3099 2322 3147 tur
2349 3089 2670 3157 tolerandis,
2710 3104 2808 3144 nec
2848 3096 2971 3159 post
3010 3084 3214 3156 lapsum
3242 3085 3409 3139 utitur
3449 3084 3547 3138 nisi
3578 3096 3805 3137 conver-

2236 3196 2369 3248 sus,
2428 3190 2484 3237 et
2530 3194 2828 3250 quanquam
2885 3185 3011 3233 ante
3066 3185 3293 3231 mortem
3350 3173 3630 3243 corporis,
3698 3171 3809 3241 jam

2235 3281 2412 3328 tamen
2453 3279 2706 3341 quantum
2757 3277 2933 3338 potest
2979 3266 3074 3324 Dei
3126 3267 3369 3332 amicus,
3416 3265 3536 3335 quia
3582 3263 3811 3318 libenter

2235 3379 2441 3420 servus.
2916 3425 2921 3429 ο

2232 3455 2428 3515 XXXI.
2484 3455 2743 3511 Sententia
2792 3453 3048 3508 Cimonis
3071 3493 3086 3516 ,
3136 3447 3556 3516 quemadmodum
3608 3448 3810 3502 virtutes

2303 3550 2463 3604 animi
2497 3548 2559 3601 ab
2587 3548 2676 3602 illo
2701 3546 2874 3600 diuisa:
2906 3561 2965 3599 ac
2992 3543 3213 3612 deﬁnita:
3239 3543 3340 3597 sint
3384 3539 3528 3612 (Cic.
3559 3538 3653 3595 lib.
3679 3538 3716 3593 3
3744 3522 3811 3593 de
3868 3588 3873 3591 Α

2305 3638 2556 3712 luvent.).

2306 3735 2357 3789 i.
2398 3732 2576 3787 Virtus
2600 3740 2683 3787 est
2710 3730 2871 3785 animi
2901 3729 3110 3784 habitus
3136 3737 3338 3783 natura:
3362 3725 3523 3782 modo
3546 3734 3704 3795 atque
3724 3738 3809 3778 ra-

2234 3825 2360 3881 tioni
2381 3831 2789 3879 consentaneus.
2825 3821 3000 3888 Quare
3025 3820 3272 3876 omnibus
3297 3818 3534 3890 partibus
3572 3816 3688 3885 ejus
3711 3829 3806 3869 co-

2232 3916 2413 3988 gniiis,
2438 3924 2544 3972 tota
2572 3916 2655 3971 vis
2696 3915 2799 3970 erit
2840 3914 3096 3983 simplicis
3131 3911 3425 3967 honestatis
3449 3909 3803 3965 considerata.
3858 3951 3870 3960 .

2212 4006 2404 4069 [Habet
2444 4007 2605 4077 igitur
2640 4014 2822 4076 partes
2863 4004 3121 4076 quatuor:
3149 4001 3503 4073 prudentiam,
3526 3999 3805 4068 justitiam,

2235 4098 2620 4166 fortitudinem,
2643 4096 3066 4168 temperantiam.
3094 4094 3379 4149 Prudentia
3406 4102 3487 4147 cst
3510 4107 3685 4146 rerum
3715 4090 3811 4146 bo-

2236 4208 2422 4249 narum
2460 4200 2516 4247 et
2543 4192 2798 4247 malarum
2848 4197 3262 4257 neutrarumque
3306 4185 3527 4240 scientia
3553 4183 3595 4237 ³.
3626 4183 3810 4237 Partes

2235 4284 2367 4355 ejus,
2397 4284 2675 4349 memoria,
2700 4281 3060 4352 intelligentia,
3083 4277 3432 4350 providentia.
3455 4273 3706 4330 Memoria
3728 4281 3810 4327 est

2236 4391 2332 4447 per
2356 4388 2512 4446 quam
2534 4374 2743 4429 animus
2771 4372 2963 4443 repetit
2991 4371 3077 4426 illa
3103 4385 3221 4440 quas
3245 4367 3472 4423 fuerunt.
3510 4363 3809 4432 intelligen-

2235 4467 2328 4532 tia,
2357 4480 2453 4535 per
2477 4480 2634 4536 quam
2663 4479 2724 4520 ea
2751 4461 3004 4533 perspicit
3026 4474 3144 4531 quae
3171 4466 3312 4514 sunt.
3343 4454 3695 4519 Providentia,
3716 4468 3811 4522 per

2236 4572 2395 4630 quam
2422 4554 2654 4612 futurum
2682 4553 2880 4625 aliquid
2910 4551 3117 4608 videtur
3154 4557 3433 4618 antequam
3480 4548 3672 4600 factum
3706 4552 3802 4599 est.

2237 4648 2443 4705 Iustitia
2482 4655 2564 4703 est
2591 4644 2803 4701 habitus
2826 4644 3007 4708 animi,
3040 4638 3306 4696 communi
3335 4637 3561 4691 utilitate
3590 4651 3809 4690 conscr-

2236 4748 2381 4809 vata,
2420 4753 2568 4796 suam
2594 4736 2784 4806 cuique
2808 4733 3047 4789 tribuens
3086 4728 3414 4800 dignitatem.
3450 4726 3579 4795 Ejus
3608 4726 3811 4781 initium

2237 4842 2321 4892 est
2346 4832 2416 4890 ab
2453 4839 2642 4888 natura
2668 4826 2994 4898 profectum:
3016 4822 3209 4896 deinde
3236 4819 3477 4892 quaedam
3506 4820 3556 4874 in
3583 4830 3807 4873 consue-

2237 4925 2473 4983 tudinem
2501 4937 2568 4978 ex
2595 4918 2836 4977 utilitatis
2878 4915 3084 4972 ratione
3111 4920 3373 4971 venerunt
3399 4930 3413 4967 :
3439 4919 3626 4984 postea
3649 4923 3736 4965 res
3759 4914 3815 4963 et

2236 5017 2307 5075 ab
2328 5023 2515 5073 natura
2542 5009 2809 5084 profectas
2833 5016 2891 5066 et
2912 5006 2985 5065 ab
3006 5003 3391 5064 consuetudine
3417 5001 3684 5073 probatas,
3730 4999 3810 5054 1ε-

2236 5121 2358 5180 gum
2380 5115 2553 5162 metus
2578 5112 2633 5160 et
2658 5101 2848 5172 religio
2867 5100 3062 5157 sanxit.
3093 5098 3290 5154 Natura
3306 5096 3392 5167 jus
3417 5100 3517 5155 est,
3540 5089 3680 5161 quod
3704 5104 3811 5146 non

2238 5200 2416 5270 opinio
2436 5196 2637 5269 genuit,
2665 5194 2764 5252 sed
2787 5192 3031 5266 quadam
3059 5192 3238 5246 innata
3271 5187 3350 5240 vis
3381 5181 3621 5249 inseruit,
3650 5192 3706 5235 ut
3727 5196 3817 5236 re-

2239 5292 2510 5363 ligionem,
2539 5288 2817 5360 pietatem,
2870 5281 3115 5355 gratiam,
3160 5276 3591 5337 vindicationem,
3623 5272 3811 5363 obser—

2238 5362 2491 5448 vantiam,
2517 5378 2820 5435 veritatem.
2850 5373 3054 5443 Religio
3078 5378 3162 5425 est
3187 5382 3305 5441 qua:
3325 5363 3616 5436 superioris
3636 5362 3817 5434 cujus-

2303 5518 2408 5565 Ἐν.
2448 5519 2500 5564 ει
2520 5512 2689 5570 plures
2731 5517 2855 5570 Mm,
2901 5506 2988 5560 sed
3024 5500 3310 5557 meum
3348 5496 3821 5552 δεύεσθαι-διο

2240 5579 2548 5639 etiammgd.
2569 5581 2622 5639 et
2642 5583 2759 5639 Ven.
2799 5579 2883 5639 __M.
2947 5628 2979 5639 __

2302 5643 2323 5673 ³
2354 5628 2550 5689 codices
2570 5636 2693 5695 duo,
2715 5628 2983 5697 iudicandi
2997 5628 3138 5679 ratio.

2304 5702 2338 5765 ⁸Α
2354 5674 2699 5750 ἔξδῖὖῦίῖξεῖ
2715 5674 3246 5765 ἶιῖἶριῖἆξὶεξέᾷίεω,
3292 5695 3468 5739 Rerum
3510 5682 3742 5736 eam
3773 5674 3825 5731 α

2239 5760 2477 5815 mularum
2498 5766 2543 5812 et
2568 5750 2877 5822 utrartmtqite
2899 5750 3112 5807 scientia.
