4134 6208
482 348 557 407 3:5
968 382 975 390 -
1234 347 1319 403 DE
1362 344 1669 403 DIVERSIS
1707 338 2227 409 QUAESTIONIBUS
2265 336 2548 409 LXXXIII,
2588 342 2645 398 S.
2686 343 3050 405 AUGUSTINI
3674 355 3749 414 21

474 475 654 525 metus
678 468 877 541 aliquid
907 475 1129 536 metuat,
1160 483 1281 523 cum
1312 467 1486 522 anima
1532 464 1706 534 potius
1746 461 1863 530 ipso
1908 466 2062 514 metu'

474 568 711 627 metuat;
759 560 887 617 illud
913 561 1168 626 attendat,
1200 558 1343 630 quod
1367 558 1585 627 cognitu
1612 555 1767 609 facile
1790 561 1892 617 est,
1935 551 2055 605 nul-

474 650 587 706 lum
614 662 817 709 metum
856 669 978 709 esse
1008 654 1108 708 nisi
1135 653 1291 707 futuri
1321 660 1375 706 et
1411 647 1737 704 imminentis
1763 646 1909 700 mali.
1947 644 2055 700 Ne-

475 757 629 798 cesse
649 753 730 799 est
750 752 927 800 autem
952 753 1013 799 ut
1037 744 1126 814 qui
1151 744 1357 810 metuit,
1381 741 1577 812 aliquid
1598 738 1783 809 fugiat.
1807 737 2057 807 Quisquis

474 835 652 905 itaque
681 845 921 891 metuere
963 836 1171 901 metuit,
1219 843 1302 890 est
1338 831 1580 903 profecto
1622 828 2054 892 absurdissimus,

472 928 596 997 quia
619 928 865 997 fugiendo
886 928 1048 983 habet
1067 927 1294 996 idipsum
1312 924 1454 995 quod
1481 923 1629 993 fugit.
1652 921 1784 977 Nam
1806 920 2056 991 quoniam

474 1034 580 1073 non
609 1020 861 1074 metuitur
889 1020 989 1074 nisi
1020 1034 1087 1073 ne
1106 1017 1303 1087 aliquid
1332 1016 1455 1071 mali
1476 1015 1699 1079 accidat,
1726 1021 1965 1068 metuere
1989 1026 2057 1066 ne

474 1108 681 1161 accidat
713 1117 904 1171 metus,
934 1108 1066 1161 nihil
1099 1106 1243 1161 aliud
1271 1114 1354 1161 est
1375 1105 1477 1160 nisi
1506 1104 1752 1174 amplecti
1793 1103 1934 1172 quod
1968 1117 2057 1157 re-

474 1199 640 1266 spuis.
669 1199 819 1265 Quod
840 1199 886 1253 si
906 1213 1206 1268 repugnans
1226 1207 1327 1264 est,
1354 1196 1507 1251 sicuti
1532 1205 1635 1259 est,
1667 1195 1814 1251 nullo
1839 1208 2058 1264 prorsus

474 1287 636 1341 modo
650 1289 863 1365 metuit,
889 1288 1125 1357 quisquis
1141 1287 1271 1341 nihil
1299 1286 1445 1341 aliud
1464 1295 1607 1342 amat
1632 1301 1792 1354 quam
1817 1300 1922 1340 non
1947 1299 2060 1340 meâ€”

475 1384 647 1432 tuere.
674 1378 739 1431 Et
762 1386 1042 1448 prepterea
1058 1392 1221 1432 nemo
1251 1385 1425 1447 potest
1453 1376 1558 1431 hoc
1583 1375 1754 1431 solum
1780 1390 1980 1441 amare,
2004 1382 2059 1430 et

474 1483 582 1521 non
628 1467 842 1523 habere.
876 1467 1064 1523 Utrum
1094 1477 1272 1524 autem
1316 1468 1417 1522 hoc
1445 1468 1616 1522 solum
1657 1465 1940 1521 amandum
1967 1466 2055 1527 sit.

474 1557 580 1609 alia
610 1558 833 1626 quaestio
857 1566 958 1613 est.
982 1558 1097 1614 Jam
1126 1573 1283 1628 quem
1310 1573 1415 1613 non
1442 1558 1708 1613 exanimat
1734 1565 1926 1624 metus,
1958 1572 2061 1613 nec

475 1646 737 1715 cupiditas
766 1663 886 1702 eum
909 1656 1100 1715 vastat,
1122 1663 1222 1703 nee
1247 1648 1508 1718 mgritudo
1533 1658 1785 1712 macerat,
1805 1663 1905 1704 nec
1926 1662 2060 1703 ven-

475 1735 595 1789 tilat
624 1739 857 1807 gestiens
881 1746 935 1792 et
957 1752 1093 1793 vana
1120 1738 1324 1793 laetitia.
1351 1737 1409 1793 Si
1428 1737 1569 1792 enim
1598 1738 1762 1807 cupit,
1782 1739 1906 1808 quia
1928 1737 2061 1793 nihil

473 1828 617 1882 aliud
642 1839 723 1883 est
745 1830 1005 1899 cupiditas
1022 1829 1126 1884 nisi
1148 1845 1299 1885 amor
1319 1845 1496 1884 rerum
1520 1829 1926 1896 transeuntium,
1950 1845 2063 1885 me-

473 1928 590 1973 tuat
616 1935 835 1975 necesse
863 1928 963 1984 est,
998 1936 1067 1975 ne
1091 1930 1182 1975 aut
1209 1921 1417 1975 amittat
1438 1935 1531 1976 eas
1556 1936 1679 1977 cum
1703 1921 1925 1991 adeptus
1948 1922 2064 1977 fue-

472 2012 563 2076 rit,
596 2021 687 2067 aut
719 2028 826 2067 non
849 2012 1190 2082 adipiscatur.
1217 2011 1333 2067 Non
1355 2020 1532 2068 autem
1557 2014 1775 2068 metuit:
1803 2028 1906 2071 non
1933 2028 2061 2085 ergo

474 2103 638 2172 cupit.
668 2104 801 2159 Item
822 2104 867 2158 si
887 2104 1099 2173 angitur
1122 2103 1285 2158 animi
1314 2103 1519 2171 dolore,
1547 2119 1769 2160 necesse
1798 2113 1880 2160 est
1901 2105 2062 2160 etiam

474 2202 620 2248 metu
640 2195 897 2264 agitetur:
920 2193 1171 2264 quoniam
1191 2209 1414 2264 quorum
1437 2194 1698 2250 malorum
1719 2195 2061 2265 praisentium

476 2294 561 2339 est
581 2285 890 2351 anxietudo,
908 2300 1091 2340 eorum
1119 2293 1200 2340 est
1228 2293 1282 2341 et
1306 2286 1694 2360 imminentium
1714 2295 1905 2342 metus.
1924 2287 2064 2342 Metu

475 2385 658 2433 autem
684 2386 832 2432 caret
850 2395 864 2432 :
882 2392 1010 2449 ergo
1028 2386 1084 2433 et
1106 2377 1465 2434 anxietudine.
1490 2377 1620 2433 Item
1645 2378 1689 2433 si
1712 2378 1923 2432 laztetur
1946 2378 2063 2431 ina-

476 2468 636 2532 uiter,
681 2469 748 2523 de
792 2469 856 2522 iis
904 2468 1064 2523 rebus
1103 2468 1329 2533 laetatur,
1377 2484 1508 2538 quas
1554 2476 1733 2538 potest
1782 2470 2062 2524 amittere:

478 2548 644 2629 quare
674 2567 876 2614 metuat
895 2574 1115 2615 necesse
1136 2570 1220 2615 est
1249 2575 1317 2615 ne
1342 2560 1567 2614 amittat.
1598 2559 1707 2616 Sed
1733 2561 1879 2616 nullo
1907 2560 2067 2617 modo

478 2651 702 2706 metuit:
735 2652 883 2706 nullo
905 2651 1064 2706 modo
1085 2652 1242 2721 igitur
1265 2653 1474 2707 laetatur
1498 2652 1747 2707 inaniter.

478 2741 721 2798 XXXIV.
766 2743 948 2798 Utrum
987 2760 1088 2798 non
1135 2743 1278 2797 aliud
1317 2744 1589 2798 amandum
1629 2745 1712 2811 sit,
1754 2760 1905 2815 quam
1932 2754 2068 2799 metu

514 2896 517 2901 _
1181 2852 1368 2891 carere.

556 2927 615 2982 Si
645 2927 833 2982 vitium
862 2934 945 2982 est
973 2940 1079 2981 non
1100 2935 1363 2995 metuere,
1393 2942 1498 2982 non
1527 2935 1610 2982 est
1633 2927 1940 2983 amandum.
1964 2927 2071 2984 Sed

484 3032 644 3073 nemo
674 3017 1013 3073 beatissimus
1036 3018 1242 3085 metuit,
1269 3027 1325 3074 et
1343 3012 1506 3073 nemo
1518 3018 1854 3074 beatissimus
1870 3019 1922 3072 in
1945 3019 2071 3073 vitio

484 3119 585 3166 est.
618 3111 732 3197 an
775 3120 857 3166 est
895 3111 1073 3180 itaque
1098 3112 1281 3165 vitium
1309 3126 1418 3167 non
1443 3119 1700 3166 metuere.
1742 3112 1811 3166 At
1852 3111 2073 3167 audacia

483 3203 669 3257 vitium
698 3209 797 3257 est.
826 3202 943 3256 Non
966 3218 1093 3272 ergo
1113 3202 1351 3272 quisquis
1371 3217 1477 3257 non
1502 3202 1707 3265 metuit,
1748 3201 1919 3257 audax
1958 3210 2071 3267 est;

484 3308 788 3363 quanquam
815 3292 990 3347 omnis
1017 3293 1105 3362 qui
1145 3291 1324 3355 audet,
1356 3306 1460 3345 non
1492 3300 1713 3346 metuat.
1756 3290 1884 3346 Item
1911 3290 2074 3345 cada-

482 3399 580 3438 ver
607 3398 766 3438 omne
790 3398 895 3437 non
936 3383 1143 3437 metuit.
1173 3382 1507 3451 Quapropter
1534 3397 1651 3437 cum
1692 3396 1974 3437 commune
2004 3383 2076 3437 sit

484 3490 594 3555 non
631 3483 870 3530 metuere
914 3474 1224 3529 beatissimo
1263 3483 1316 3529 et
1354 3472 1539 3527 audaci
1582 3481 1637 3527 et
1673 3472 1937 3535 cadaveri.
1977 3473 2075 3529 sed

484 3566 827 3623 beatissimus
857 3566 910 3621 id
936 3567 1127 3622 habeat
1154 3581 1249 3635 per
1291 3566 1720 3636 tranquillitatem
1761 3565 1947 3632 animi,
1975 3581 2072 3619 au-

488 3659 593 3714 dax
618 3675 713 3729 per
739 3659 1114 3725 temeritatem,
1146 3658 1373 3714 cadaver
1392 3659 1512 3728 quia
1533 3659 1677 3713 omni
1703 3672 1863 3715 sensu
1889 3668 2072 3725 caret;

486 3766 660 3822 neque
685 3766 792 3806 non
817 3749 1100 3805 amandum
1126 3759 1209 3806 est
1237 3765 1340 3806 non
1371 3759 1629 3815 metuere,
1657 3752 1906 3821 quoniam
1933 3752 2074 3806 beati

489 3860 610 3901 esse
634 3845 912 3911 volumus;
941 3860 1114 3915 neque
1135 3844 1307 3900 solum
1340 3844 1645 3911 amandum,
1694 3844 1947 3914 quoniam
1975 3859 2072 3899 att-

490 3937 649 3995 daces
673 3946 729 3994 et
753 3936 1012 3993 inanimes
1040 3950 1158 3992 esse
1182 3936 1450 3991 nolumus.

879 4026 1097 4081 XXXV.
1144 4026 1279 4092 Quid
1296 4027 1572 4080 amandum
1598 4027 1679 4081 sit.

534 4184 537 4189 ,
563 4121 616 4173 l.
658 4117 917 4185 Quoniam
947 4115 1200 4184 quidquid
1227 4131 1332 4170 non
1359 4117 1488 4169 vivit
1513 4131 1621 4170 non
1649 4117 1857 4183 metuit,
1901 4132 2077 4187 neque

489 4206 598 4263 vita
623 4205 910 4262 carendum
938 4204 1215 4275 quisquam
1259 4206 1603 4272 persuaserit,
1636 4214 1693 4257 ut
1728 4214 1873 4260 metu
1915 4207 2077 4260 etiam

493 4314 677 4355 carere
704 4299 997 4369 possimus;
1026 4296 1315 4352 amandum
1342 4305 1422 4351 est
1453 4298 1568 4351 sine
1590 4306 1735 4351 metu
1750 4297 1947 4353 vivere.
1968 4298 2077 4353 Sed

491 4408 678 4448 rursus
708 4392 830 4461 quia
858 4392 961 4445 vita
990 4398 1133 4446 metu
1161 4404 1368 4457 carens,
1406 4391 1563 4444 etiam
1582 4432 1596 4457 ,
1639 4390 1682 4443 si
1732 4390 2076 4462 intelligentia

492 4493 692 4549 careat,
728 4501 833 4539 non
874 4492 956 4540 est
992 4484 1313 4554 appetenda;
1363 4483 1647 4539 amandum
1686 4493 1768 4540 est
1792 4487 1907 4539 sine
1932 4497 2077 4543 metu

491 4592 612 4633 cum
634 4577 905 4633 intellectu
933 4577 1129 4632 vivere.
1162 4576 1287 4632 Idne
1303 4577 1472 4631 solum
1497 4576 1819 4633 amandum?
1844 4594 1913 4635 an
1926 4596 2080 4635 amor

493 4685 705 4741 quoque
730 4670 843 4739 ipse
871 4669 1130 4724 amandus
1154 4669 1270 4724 est?
1295 4669 1368 4724 Ita
1404 4684 1550 4735 vero,
1579 4670 1791 4741 quando
1832 4671 1948 4728 sine
1976 4672 2081 4730 hoc

491 4760 583 4817 illa
611 4777 719 4818 non
746 4769 1010 4817 amantur.
1050 4759 1157 4817 Sed
1199 4761 1245 4816 si
1289 4770 1507 4832 propter
1547 4763 1649 4817 alia
1695 4778 1813 4833 quas
1854 4765 2079 4821 amanda

492 4863 619 4908 sunt
660 4867 812 4908 amor
852 4861 1080 4920 amatur,
1113 4866 1221 4906 non
1263 4859 1409 4907 recte
1451 4853 1615 4907 amari
1655 4854 1905 4908 diciturâ€˜.
1936 4855 2079 4910 Nihil

493 4945 636 5000 enim
681 4946 824 5000 aliud
868 4954 951 5001 est
996 4959 1195 5012 amare,
1251 4959 1408 5014 quant
1438 4953 1655 5014 propter
1680 4959 1739 5000 se
1770 4946 1934 5014 ipsam
1965 4963 2078 5003 rem

490 5033 723 5102 aliquam
754 5045 1025 5104 appetere.
1050 5036 1185 5091 Num
1213 5036 1370 5106 igitur
1396 5044 1611 5105 propter
1635 5050 1694 5092 se
1728 5037 1898 5106 ipsum
1928 5054 2080 5096 amor

491 5124 823 5195 appetendus
857 5134 958 5191 est,
1008 5141 1129 5181 cum
1173 5126 1384 5197 quando
1412 5124 1549 5183 desit
1586 5127 1727 5199 quod
1752 5139 1979 5196 amatur,
2013 5145 2078 5187 ea

489 5214 562 5270 sit
600 5213 890 5270 indubitata
929 5215 1175 5271 miseria?
1202 5218 1403 5275 Deinde
1428 5234 1548 5274 cum
1577 5235 1727 5276 amor
1755 5230 1930 5277 motus
1958 5223 2078 5292 quiâ€”

490 5307 614 5363 dam
654 5308 741 5375 sit,
776 5322 950 5378 neque
978 5307 1118 5362 ullus
1163 5308 1232 5363 sit
1273 5320 1449 5366 motus
1474 5312 1575 5366 nisi
1601 5312 1666 5367 ad
1694 5313 1925 5383 aliquid;
1955 5330 2078 5369 cum

488 5398 783 5469 quaerimus
810 5398 938 5469 quid
970 5398 1256 5455 amandum
1282 5401 1370 5469 sit,
1399 5404 1523 5472 quid
1551 5405 1621 5460 sit
1659 5404 1786 5459 illud
1826 5404 1893 5459 ad
1933 5406 2078 5475 quod

487 5492 692 5546 moveri
737 5499 998 5561 oporteat,
1043 5491 1349 5561 quazrimus.
1402 5493 1577 5561 Quare
1623 5496 1668 5550 si
1716 5495 1970 5551 amandus
1997 5505 2082 5552 est

491 5594 665 5650 amor,
719 5597 827 5639 non
873 5582 1057 5652 utique
1106 5583 1279 5638 omnis
1317 5584 1578 5641 amandus
1607 5596 1706 5643 est.
1736 5587 1831 5643 Est
1858 5588 2081 5644 enimet

553 5715 667 5784 â€˜Sic
685 5722 863 5784 ÎºÎ»Îµá½·ÎµÎ¹
883 5715 1149 5784 octodecim
1166 5724 1270 5767 Mss.
1297 5723 1445 5784 At_Er.
1466 5725 1520 5770 et
1540 5724 1673 5784 Lov.,
1685 5733 1778 5774 non
1803 5727 1930 5776 recte
1943 5736 2078 5775 amor

488 5774 687 5831 dicitur.
713 5803 775 5816 â€”
792 5778 941 5840 Lugd.
965 5785 1018 5831 et
1040 5786 1179 5842 Ven.,
1203 5779 1377 5833 amari.
1445 5787 1501 5830 Îœ.
1656 5774 1671 5784 â€™
1714 5832 1717 5833 Î½

2167 458 2352 528 turpis,
2377 473 2483 530 quo
2501 461 2711 517 animus
2730 477 2789 518 se
2815 463 2930 534 ipso
2950 465 3199 527 inferiora
3225 477 3475 538 sectatur,
3495 486 3614 543 quae
3634 487 3748 529 ma-

2163 549 2241 620 gis
2271 553 2483 620 proprie
2525 554 2784 622 cupiditas
2828 556 3039 623 dicitur,
3085 560 3323 617 omnium
3350 562 3554 619 scilicet
3581 564 3748 621 malo-

2163 656 2280 694 rum
2310 642 2476 696 radix.
2522 644 2589 698 Et
2629 644 2745 700 ideo
2771 662 2878 702 non
2906 649 3189 705 amandum
3216 659 3319 718 est,
3346 654 3486 723 quod
3511 655 3749 711 manenti

2164 739 2219 784 et
2247 731 2442 787 fruenli
2467 736 2633 789 amori
2655 738 2671 768 á½·
2698 736 2897 793 auferri
2929 749 3119 809 potest.
3152 743 3314 813 Cujus
3339 760 3467 814 ergo
3493 747 3570 801 rei
3595 762 3751 802 amor

2163 822 2421 879 amandus
2449 833 2551 890 est,
2592 826 2695 881 nisi
2732 828 2848 898 ejus
2876 845 2995 901 qua:
3036 848 3139 888 non
3181 844 3355 903 potest
3399 836 3587 893 deesse
3618 838 3748 894 dum
3832 892 3839 903 ,

2164 915 2409 969 amatur?
2437 914 2491 969 Id
2529 926 2704 973 autem
2746 930 2846 988 est,
2893 923 3033 992 quod
3076 924 3207 979 nihil
3250 936 3333 982 est
3375 928 3518 983 aliud
3550 928 3749 986 habere

2162 1022 2321 1076 quam
2363 1007 2579 1065 nosSe'.
2611 993 2795 1067 Porr'oâ€™
2802 1030 2987 1070 aurum
3018 1027 3074 1071 et
3107 1034 3266 1075 omne
3292 1035 3487 1092 corpus
3515 1039 3619 1077 non
3648 1022 3751 1079 hoc

2164 1108 2247 1152 est
2279 1097 2476 1155 habere
2500 1102 2640 1171 quod
2672 1119 2863 1161 nosse:
2891 1123 2996 1163 non
3022 1109 3197 1181 itaque
3223 1114 3507 1169 amandum
3547 1124 3649 1171 est.
3684 1116 3752 1170 Et

2164 1191 2411 1259 quoniam
2441 1200 2617 1260 potest
2640 1194 2838 1265 aliquid
2866 1200 3052 1264 amari,
3076 1210 3181 1256 â€˜nec
3201 1203 3402 1269 haberi,
3444 1220 3548 1260 non
3577 1199 3749 1260 solum

2164 1295 2229 1334 ex
2262 1282 2343 1337 his
2371 1299 2492 1353 qua:
2526 1286 2753 1341 amanda
2782 1303 2889 1343 non
2918 1299 3060 1354 sunt,
3104 1301 3163 1345 ut
3208 1294 3486 1361 pulchrum
3513 1296 3753 1366 .aliquod

2164 1386 2379 1441 corpus,
2409 1373 2501 1428 sed
2532 1376 2692 1431 etiam
2723 1392 2907 1433 eorum
2932 1396 3052 1450 qua:
3073 1383 3299 1438 amanda
3330 1394 3489 1453 sunt,
3516 1394 3572 1440 ut
3596 1387 3752 1443 beata

2170 1465 2305 1531 vita;
2347 1474 2399 1521 et
2427 1482 2613 1522 rursus
2647 1479 2823 1539 potest
2862 1472 3063 1542 aliquid
3094 1474 3298 1541 haberi,
3335 1493 3435 1533 nec
3476 1480 3664 1547 amari,
3696 1489 3754 1535 ut

2166 1558 2485 1626 compedes:
2508 1558 2629 1629 jure
2668 1563 2924 1631 quieritur
2969 1574 3143 1621 utrum
3190 1569 3358 1637 possit
3391 1571 3654 1640 quispiam
3697 1572 3753 1627 id

2166 1651 2308 1724 quod
2334 1652 2534 1710 habere
2562 1655 2692 1709 nihil
2717 1664 2800 1712 est
2820 1657 2925 1712 nisi
2954 1674 3134 1727 nosse,
3169 1675 3272 1716 non
3301 1678 3482 1719 amare
3507 1679 3626 1720 cum
3658 1666 3756 1722 ha-

2166 1744 2308 1810 beat,
2353 1745 2405 1801 id
2448 1755 2550 1812 est,
2595 1750 2820 1805 noverit.
2864 1749 2970 1807 Sed
3012 1738 3135 1810 cum
3164 1755 3440 1812 videamus
3470 1761 3751 1818 nonnullos

2168 1851 2275 1892 non
2301 1837 2369 1893 ob
2395 1838 2560 1905 aliud,
2595 1839 2742 1895 verbi
2767 1843 2957 1912 gratia,
3003 1844 3212 1901 discere
3260 1863 3531 1915 numeros,
3564 1851 3665 1906 nisi
3695 1860 3755 1907 ut

2169 1931 2356 1988 eadem
2385 1932 2665 2004 disciplina
2695 1937 2968 2005 pecuniosi
3000 1937 3147 2005 fiant,
3179 1949 3271 1994 aut
3296 1940 3597 1999 hominibus
3636 1946 3754 2014 pla-

2168 2032 2357 2090 ceant;
2386 2038 2690 2109 quamâ€˜cum
2718 2025 3020 2095 didicerint,
3048 2029 3115 2085 ad
3153 2031 3397 2088 eumdem
3425 2034 3585 2091 finem
3610 2037 3754 2093 refe-

2169 2125 2310 2181 runt,
2343 2133 2501 2187 quem
2526 2118 2625 2174 sibi
2656 2133 2776 2174 cum
2804 2119 3092 2188 discerent,
3135 2136 3545 2194 proposuerant;
3577 2144 3755 2199 neque

2170 2205 2333 2260 ullam
2363 2206 2696 2276 disciplinam
2726 2210 2866 2265 aliud
2887 2211 2956 2266 sit
2993 2212 3189 2270 habere
3212 2231 3373 2286 quam
3418 2233 3609 2274 nosse:
3641 2220 3758 2277 ï¬eri

2170 2307 2348 2370 potest
2374 2307 2432 2354 ut
2461 2300 2657 2356 habeat
2682 2303 2908 2373 quisque
2933 2304 3154 2375 aliquid,
3201 2309 3342 2377 quod
3387 2310 3606 2378 habere,
3653 2312 3758 2369 hoc

2171 2392 2242 2445 sit
2265 2391 2405 2461 quod
2431 2406 2607 2458 nosse,
2642 2409 2813 2465 neque
2832 2406 2974 2451 amet
3001 2406 3195 2454 tamen.
3219 2400 3529 2473 Quanquam
3556 2404 3760 2463 bonum

2173 2481 2314 2551 quod
2344 2497 2449 2537 non
2479 2492 2706 2551 amatur,
2752 2501 2912 2542 nemo
2950 2496 3126 2557 potest
3167 2490 3401 2559 perfecte
3447 2494 3646 2552 habere
3674 2499 3760 2555 vel

2173 2591 2351 2632 nosse.
2393 2577 2523 2644 Quis
2563 2578 2704 2633 enim
2750 2588 2925 2648 potest
2964 2596 3123 2637 nosse
3163 2594 3414 2654 quantum
3443 2588 3514 2642 sit
3537 2589 3758 2661 bonum,

2173 2684 2280 2740 quo
2304 2684 2409 2724 non
2436 2670 2659 2725 fruitur?
2688 2670 2803 2727 Non
2827 2681 3004 2728 autem
3032 2674 3239 2741 fruitur,
3264 2678 3310 2732 si
3339 2694 3444 2734 non
3466 2692 3643 2737 amat:
3663 2699 3762 2741 nec

2176 2759 2337 2815 habet
2368 2760 2525 2831 igitur
2548 2761 2688 2831 quod
2714 2762 2998 2819 amandum
3026 2774 3128 2833 est,
3158 2767 3248 2837 qui
3273 2783 3379 2824 non
3405 2781 3568 2839 amat,
3596 2774 3758 2830 etiam

2176 2852 2221 2906 si
2242 2867 2422 2907 amare
2446 2854 2632 2923 possit,
2663 2855 2757 2924 qui
2793 2870 2900 2911 non
2942 2856 3121 2913 habet.
3170 2859 3337 2916 Nemo
3366 2862 3530 2933 igitur
3551 2865 3763 2923 beatam

2176 2942 2336 2996 vitam
2354 2944 2521 3010 novit,
2539 2951 2595 3000 et
2617 2945 2781 3001 miser
2804 2954 2920 3002 est:
2946 2950 3199 3018 quoniam
3221 2952 3266 3007 si
3287 2954 3512 3010 amanda
3534 2966 3635 3024 est,
3660 2960 3765 3015 sic-

2179 3036 2255 3090 uti
2282 3044 2385 3101 est,
2410 3036 2513 3091 hoc
2530 3045 2613 3091 est
2639 3051 2756 3092 eam
2778 3053 2936 3095 nosse
2960 3041 3105 3110 quod
3126 3041 3328 3099 habere
3353 3044 3452 3117 (Î±).

2247 3128 2301 3181 2.
2333 3128 2463 3195 Quae
2483 3144 2604 3183 cum
2630 3128 2702 3184 ita
2737 3130 2863 3198 sint,
2890 3132 3018 3201 quid
3044 3144 3126 3188 est
3172 3135 3312 3191 aliud
3348 3137 3502 3194 beate
3529 3140 3741 3216 vivere,

2180 3218 2282 3273 nisi
2324 3227 2585 3275 aeternum
2624 3219 2821 3289 aliquid
2874 3225 3252 3292 cognoscendo
3302 3227 3536 3285 habere?
3582 3231 3763 3289 diter-

2180 3325 2307 3365 num
2329 3318 2412 3366 est
2432 3312 2598 3377 enim,
2621 3311 2689 3366 de
2708 3327 2814 3382 quo
2842 3314 2957 3369 solo
2985 3324 3132 3372 recte
3157 3317 3351 3385 liditur,
3390 3321 3531 3391 quod
3556 3324 3757 3382 amanti

2179 3402 2376 3457 auferri
2408 3417 2513 3457 non
2563 3410 2739 3471 potest
2765 3419 2780 3457 :
2804 3404 2965 3475 idque
3002 3406 3177 3475 ipsum
3217 3418 3302 3464 est
3335 3410 3477 3480 quod
3515 3412 3648 3468 nihil
3689 3417 3755 3475 sit

2181 3492 2323 3549 aliud
2351 3492 2549 3549 habere
2568 3509 2728 3564 quam
2752 3510 2931 3552 nosse.
2961 3496 3211 3554 Omnium
3251 3502 3392 3555 enim
3429 3517 3608 3558 rerum
3630 3520 3772 3575 prte-

2182 3586 2573 3641 stantissimum
2600 3596 2685 3641 est
2707 3586 2849 3657 quod
2868 3597 3126 3645 aeternum
3156 3600 3275 3646 est:
3304 3601 3359 3648 et
3392 3604 3685 3666 propterea.
3706 3598 3759 3654 id

2182 3678 2382 3735 habere
2411 3693 2517 3733 non
2544 3693 2849 3749 possumus,
2896 3681 2998 3735 nisi
3038 3697 3098 3737 ea
3136 3698 3197 3739 re
3222 3698 3326 3755 qua
3370 3690 3771 3755 praestantiores

2182 3785 2387 3837 sumus,
2422 3771 2473 3826 id
2499 3781 2583 3826 est
2606 3782 2803 3828 mente.
2828 3773 3096 3843 Quidquid
3113 3783 3289 3830 autem
3318 3788 3497 3834 mente
3521 3779 3765 3850 habetur,

2183 3863 2454 3918 nosceudo
2479 3863 2726 3931 habetur;
2754 3864 3065 3935 nullumque
3100 3864 3298 3921 bonum
3326 3868 3565 3937 perfecte
3592 3872 3772 3928 nosci-

2186 3967 2289 4020 tur.
2313 3957 2454 4026 quod
2478 3971 2584 4012 non
2614 3956 2851 4026 perfecte
2889 3967 3116 4013 amatur.
3156 3958 3340 4028 Neque
3372 3970 3429 4016 ut
3464 3963 3575 4016 sola
3619 3979 3771 4021 mens

2184 4058 2360 4120 potest
2387 4064 2733 4121 cognoscere,
2773 4051 2847 4105 ita
2880 4058 2934 4106 et
2953 4065 3133 4107 amare
3161 4052 3275 4107 sola
3301 4061 3493 4122 potest.
3530 4053 3772 4125 Namque

2183 4158 2336 4197 amor
2360 4143 2625 4212 appetitus
2652 4142 2866 4213 quidam
2886 4152 2970 4199 est
2996 4161 3011 4197 :
3040 4152 3095 4199 et
3118 4142 3358 4200 videmus
3375 4146 3534 4201 etiam
3560 4149 3770 4205 caeteris

2184 4234 2349 4289 animi
2380 4235 2617 4303 partibus
2646 4235 2824 4291 inesse
2858 4237 3173 4307 appetitum,
3230 4238 3319 4311 qui
3371 4238 3416 4292 si
3471 4240 3634 4294 menti
3676 4257 3772 4295 ra-

2185 4324 2419 4394 tionique
2447 4327 2768 4390 consentiat,
2799 4327 2852 4379 in
2885 4328 2975 4381 tali
3006 4343 3137 4398 pace
3175 4337 3231 4383 et
3267 4331 3648 4399 tranquillitate
3673 4347 3772 4387 va-

2183 4419 2325 4474 cabit
2367 4426 2548 4474 mente
2597 4420 2944 4490 contemplari
2997 4422 3139 4490 quod
3189 4432 3448 4478 mternum
3494 4434 3594 4480 est.
3623 4427 3771 4498 Ergo

2185 4510 2344 4564 etiam
2370 4509 2579 4565 caeteris
2606 4510 2719 4564 suis
2747 4510 2987 4579 partibus
3016 4526 3199 4567 amare
3229 4516 3440 4571 animus
3466 4515 3626 4571 debet
3669 4517 3776 4574 hoc

2188 4610 2295 4656 tam
2326 4616 2573 4671 magnum
2596 4600 2736 4671 quod
2761 4610 2941 4657 mente
2963 4606 3391 4672 cognoscendum
3414 4600 3521 4663 est.
3555 4608 3620 4663 Et
3637 4624 3776 4680 quo-

2188 4694 2331 4750 niam
2357 4693 2410 4748 id
2448 4693 2593 4763 quod
2622 4701 2850 4760 amatur,
2899 4691 3098 4748 alliciat
3136 4709 3203 4750 ex
3261 4711 3320 4750 se
3366 4709 3634 4755 amantem
3680 4716 3778 4757 ne-

2186 4801 2339 4843 cesse
2364 4793 2476 4852 est;
2501 4785 2562 4841 ï¬t
2587 4795 2645 4841 ut
2669 4786 2747 4841 sic
2767 4793 3001 4840 amatum
3019 4786 3161 4854 quod
3190 4798 3450 4843 aeternum
3480 4800 3583 4858 est,
3614 4800 3791 4847 Ï‰Î¹Î¹á½³Î¹--Î¿

2186 4879 2356 4934 nitate
2375 4878 2610 4932 animum
2631 4876 2842 4931 alliciat.
2871 4877 3129 4944 Quocirca
3148 4892 3213 4934 ea
3230 4878 3443 4935 demum
3461 4882 3565 4936 vita
3595 4883 3771 4950 beata,

2188 4987 2306 5041 qua:
2334 4979 2532 5025 :eterna
2557 4977 2659 5024 est.
2691 4966 2831 5035 Quid
2851 4983 2981 5024 vero
3010 4977 3269 5025 aeternum
3300 4980 3400 5036 est,
3448 4971 3588 5039 quod
3618 4981 3775 5027 aster-

2189 5061 2353 5116 nitate
2371 5060 2607 5114 animum
2637 5058 2858 5125 afficiat,
2892 5058 2996 5114 nisi
3038 5060 3219 5115 Deus?
3271 5062 3439 5113 Amor
3464 5072 3645 5115 autem
3689 5077 3777 5119 re-

2187 5168 2306 5207 rum
2337 5150 2707 5217 amandarum,
2736 5150 2971 5207 charitas
2991 5153 3074 5207 vel
3103 5152 3317 5206 dilectio
3337 5151 3529 5207 melius
3551 5151 3769 5209 dicitur.

2188 5244 2366 5311 Quare
2395 5242 2641 5298 omnibus
2685 5243 3023 5313 cogitationis
3080 5242 3282 5297 viribus
3324 5243 3771 5300 considerandum

2189 5346 2271 5392 est
2298 5335 2704 5391 saluberrimum
2738 5334 2866 5390 illud
2893 5343 3242 5406 praeceptum,
3272 5334 3470 5408 Diliges
3496 5333 3775 5392 Dominum

2254 5475 2271 5506 Â¹
2298 5479 2396 5521 ttat.
2425 5478 2476 5521 et
2497 5478 2608 5522 octo
2622 5478 2752 5531 Mss,
2774 5473 2997 5521 amatori.

2254 5537 2273 5567 Â²
2296 5541 2633 5597 ÏÏ…Î¸Î¹Ï…Î¿Ï„Î·ÎœÎ´Îµ.
2658 5545 2767 5583 cum
2799 5536 3030 5597 tiugypio,
3055 5546 3199 5597 quam
3225 5534 3355 5597 sicut
3382 5535 3672 5597 noscendum
3704 5540 3776 5597 est

2188 5593 2340 5648 nosse.
2362 5603 2415 5644 Et
2452 5596 2591 5654 infra,
2616 5604 2757 5652 Nemo
2795 5593 2946 5656 igiizif
2966 5593 3153 5645 beatam
3189 5594 3335 5645 vitam
3371 5593 3494 5646 Î´á½³ÎµÎ±Î¹
3535 5595 3777 5647 noscenda

2188 5665 2259 5711 est
2277 5695 2291 5719 ,
2336 5656 2478 5720 uouit.
2526 5656 2905 5706 additamentum
2955 5664 3199 5720 sumptum
3247 5665 3326 5708 est
3378 5671 3445 5708 ex
3482 5663 3519 5704 -l
3568 5663 3772 5711 Retract.

2187 5718 2605 5845 Ï‰á¿—á½·Î¹Î¾á¿—á¿–á¿–ÎµÎ¹Î·Î¿á¿‘.
2633 5790 2735 5841 cap.
2754 5775 2830 5828 26.
