4134 6208
334 309 409 369 es
1233 308 1238 312 ‘
1363 335 1368 339 -
1748 301 1949 360 LIBER
1987 303 2184 362 unus.
2833 310 2842 356 τ
3547 317 3620 376 ,ο

334 429 502 484 Deum
529 432 671 479 tuum
693 421 751 477 in
792 427 896 477 toto
925 420 1076 476 corde
1099 428 1204 487 tuo,
1235 429 1281 474 et
1301 419 1354 473 in
1379 426 1484 474 tota
1523 419 1693 474 anima
1742 429 1848 486 tua,
1882 429 1928 473 et

332 523 386 577 in
413 529 517 576 tota
535 526 700 572 mente
727 525 818 569 tua
848 513 1058 586 (Matth.
1092 527 1221 578 xxu,
1270 509 1382 584 '57);
1425 520 1478 566 ct
1509 510 1638 565 illud
1669 509 1809 581 quod
1855 511 1928 566 ait

335 610 591 667 Dominus
620 607 804 674 Jesus,
838 605 963 659 llwc
992 613 1061 658 est
1081 612 1246 657 autem
1277 604 1376 657 vita
1401 612 1605 666 wterna,
1635 604 1693 655 iu
1735 618 1925 670 cogno-

332 715 473 760 scant
502 716 549 758 te
573 702 746 756 solum
795 715 967 752 verum
1019 697 1200 766 Deum,
1251 705 1297 752 et
1336 712 1480 766 quem
1528 695 1706 750 misisti
1745 693 1926 749 Iesum

334 798 584 853 Christum
610 792 790 862 (Joan.
828 807 954 855 xv",
987 789 1062 861 5).

650 882 896 939 XXXVI.
933 882 1008 936 De
1049 880 1312 935 nutrienda
1345 881 1607 934 charitate.

405 981 457 1035 l.
488 978 816 1033 Charitatem
863 988 1017 1039 voco,
1072 988 1175 1042 qua
1205 975 1488 1026 ‘amantur
1533 987 1596 1026 ea
1643 986 1762 1042 quae
1817 985 1922 1025 non

334 1079 458 1127 sunt
491 1085 599 1140 prze
629 1069 748 1138 ipso
792 1076 1006 1120 amante
1058 1064 1448 1118 contemnenda
1480 1079 1493 1115 :
1531 1063 1581 1117 id
1632 1071 1733 1128 est,
1782 1061 1921 1132 quod

333 1174 588 1219 arternum
617 1168 721 1224 est,
748 1169 802 1213 et
831 1156 973 1227 quod
994 1171 1178 1210 amare
1205 1156 1378 1224 ipsum
1425 1163 1681 1210 aeternum
1725 1161 1918 1223 potest.

335 1255 473 1309 Deus
498 1252 655 1323 igitur
677 1258 733 1304 et
756 1250 964 1302 animus
996 1263 1101 1317 quo
1145 1256 1357 1300 amatur
1379 1248 1420 1313 ’³,
1451 1246 1680 1300 Charitas
1709 1245 1922 1314 proprie

335 1344 524 1400 dicitur
574 1339 947 1412 purgatissima
966 1347 1022 1392 et
1061 1346 1452 1402 consummata,
1509 1337 1553 1390 si
1604 1336 1732 1390 nihil
1779 1335 1921 1389 aliud

334 1443 544 1491 amatur
569 1434 644 1504 (α)
678 1451 692 1486 :
719 1432 855 1485 hanc
884 1438 938 1484 et
957 1429 1298 1484 dilectionem
1327 1428 1431 1483 dici
1457 1429 1644 1497 placet.
1673 1427 1776 1482 Sed
1797 1441 1920 1481 cum

334 1528 482 1582 Deus
529 1525 693 1592 magis
737 1522 974 1592 diligitur
1015 1536 1177 1590 quam
1209 1521 1440 1586 animus,
1491 1528 1547 1572 ut
1577 1519 1728 1572 malit
1760 1519 1920 1573 homo

334 1620 458 1689 ejus
478 1632 590 1674 esse
613 1631 766 1687 quam
794 1629 942 1681 suus,
978 1623 1101 1668 tunc
1119 1628 1242 1668 vere
1262 1613 1440 1667 animo
1460 1627 1773 1681 summeque
1793 1626 1921 1665 con-

335 1711 546 1774 sulitur,
577 1716 971 1777 consequenter
995 1715 1052 1761 et
1071 1706 1306 1775 corpori,
1334 1705 1489 1759 nobis
1513 1703 1564 1758 id
1597 1718 1701 1757 non
1731 1718 1920 1758 curan—

335 1803 473 1858 tibus
497 1802 676 1871 aliquo
694 1799 930 1870 appetitu
948 1806 1240 1868 satagente,
1262 1796 1355 1852 sed
1381 1805 1583 1850 tantum
1603 1805 1844 1866 prompta
1866 1804 1920 1851 et

334 1894 506 1948 oblata
535 1892 892 1946 sementibus.
939 1889 1230 1944 Cliaritatis
1281 1896 1458 1943 autem
1502 1901 1767 1944 venenum
1813 1898 1914 1955 est,

335 1999 455 2054 spes
481 1981 950 2054 adipiscendorum
979 1989 1069 2034 aut
1095 1978 1498 2035 retinendarum
1522 1979 1913 2048 temporalium.

337 2077 722 2132 Nutrimentum
763 2075 880 2144 ejus
919 2082 1019 2138 est,
1054 2073 1352 2127 imminutio
1386 2072 1712 2142 cupiditatis;
1735 2071 1915 2141 perfe-

332 2172 456 2236 ctio,
483 2171 626 2225 nulla
669 2167 952 2238 cupiditas.
980 2166 1200 2237 Signum
1252 2164 1521 2236 profectus
1569 2164 1703 2234 ejus,
1736 2165 1916 2219 immi-

332 2262 480 2316 nutio
510 2261 734 2324 timoris;
793 2258 1001 2328 signum
1052 2256 1393 2326 perfectionis
1443 2255 1576 2325 ejus,
1622 2255 1799 2310 nullus
1847 2255 1918 2308 ti-

329 2367 489 2408 mor:
521 2352 642 2422 quia
693 2359 748 2405 et
788 2349 938 2402 rudia:
979 2357 1050 2402 est
1093 2348 1318 2401 omnium
1371 2347 1621 2400 malorum
1669 2345 1916 2415 cupiditas

327 2443 374 2510 (l
403 2442 540 2496 Tim.
567 2459 640 2506 vr,
673 2441 791 2511 10);
817 2449 892 2506 et,
921 2448 1266 2493 consummata
1291 2438 1493 2492 dilectio
1515 2440 1652 2508 {oras
1682 2437 1832 2490 mittit
1853 2437 1916 2489 ti-

326 2551 515 2589 morem
545 2533 587 2603 (l
610 2533 768 2586 Joan.
797 2548 870 2599 ιν,
906 2530 1018 2602 18).
1042 2529 1293 2600 Quisquis
1338 2530 1510 2599 igitur'
1539 2543 1658 2583 eam
1711 2521 1916 2583 nutrire

324 2625 468 2688 vult,
498 2625 655 2678 instet
681 2620 987 2677 minuendis
1019 2620 1419 2689 cupiditatibus.
1465 2620 1559 2674 Est
1601 2626 1776 2673 autem
1816 2633 1910 2673 cu-

324 2714 543 2784 piditas,
569 2728 725 2767 amor
749 2711 1080 2783 adipiscendi
1129 2719 1223 2765 aut
1251 2709 1525 2766 obtinendi
1575 2709 1908 2779 temporalia.

323 2807 493 2876 Hujus
519 2805 820 2861 minuendae
851 2805 1059 2859 initium
1090 2813 1192 2870 est,
1227 2805 1392 2859 Deum
1419 2804 1624 2867 timere,
1654 2802 1743 2871 qui
1765 2802 1914 2857 solus

324 2898 500 2953 timeri
528 2898 644 2952 sine
673 2912 856 2951 amore
906 2911 1013 2950 non
1037 2904 1233 2967 potest.
1277 2895 1358 2949 Ad
1409 2894 1726 2965 sapientiam
1769 2896 1911 2951 enim

323 2987 582 3054 tenditur,
604 2997 659 3042 et
681 2987 812 3042 nihil
842 2987 1018 3042 verius
1049 3001 1115 3041 eo
1157 2987 1296 3056 quod
1319 2985 1517 3041 dictum
1565 2997 1666 3056 est,
1697 2989 1912 3044 Initium

322 3080 584 3149 sapientia:
609 3080 759 3133 timor
777 3072 980 3132 Domini
1007 3076 1189 3148 (Eccli.
1220 3093 1258 3143 ι,
1283 3076 1397 3146 16).
1420 3077 1588 3133 Nemo
1614 3089 1697 3134 est
1717 3081 1912 3151 quippe

324 3173 415 3241 qui
440 3187 544 3226 non
568 3172 736 3241 magis
766 3171 1006 3229 dolorem
1051 3169 1255 3240 fugiat,
1288 3185 1444 3240 quam
1501 3182 1714 3242 appetat
1757 3175 1910 3229 volu-

329 3273 531 3332 ptatem
560 3280 574 3316 :
607 3260 1292 3332 quandoquidemvidcmus
1320 3262 1478 3316 etiam
1499 3263 1910 3320 immanissimas

323 3355 578 3410 bestiasa
627 3354 877 3410 maximis
925 3354 1286 3423 voluptatibus
1333 3354 1616 3409 absterreri
1663 3355 1909 3412 dolorum

321 3456 506 3511 metu;
538 3445 682 3514 quod
709 3461 827 3500 cum
856 3446 908 3498 in
935 3445 1248 3499 earumdem
1267 3445 1706 3500 consuetudinem
1735 3458 1908 3502 verte-

322 3535 414 3598 rit,
435 3534 654 3589 domita:
691 3543 747 3589 et
772 3543 1063 3589 mansueta:
1092 3543 1369 3589 vocantur.
1397 3534 1732 3605 Quapropter
1774 3552 1912 3606 quo-

326 3626 474 3679 niam
504 3626 643 3679 inest
673 3624 873 3679 homini
903 3624 1060 3689 ratio,
1099 3639 1218 3693 quae
1248 3639 1369 3678 cum
1425 3625 1589 3679 servit
1633 3626 1911 3696 cupiditati

324 3717 669 3787 perversione
712 3715 1026 3779 miserabili,
1054 3724 1111 3770 ut
1166 3715 1410 3770 homines
1457 3731 1561 3771 non
1603 3718 1906 3787 timeantur,

321 3809 561 3878 suggerit
589 3807 756 3862 latere
787 3820 944 3876 posse
961 3807 1270 3870 commissa,
1301 3817 1352 3861 ct
1369 3808 1435 3861 ad
1461 3809 1681 3878 tegenda
1705 3812 1908 3866 occulta

323 3909 542 3970 peccata
573 3899 926 3954 astutissimas
948 3898 1186 3952 fallacias
1218 3902 1518 3968 comparat;
1548 3917 1612 3954 eo
1645 3903 1701 3955 lit
1730 3911 1785 3956 ut
1816 3904 1908 3956 lio-

325 3993 500 4046 mines
551 4006 685 4060 quos
735 3990 970 4045 nondum
1009 3990 1241 4045 delectat
1295 3989 1628 4058 pulchritudo
1676 3993 1906 4059 virtutis,

325 4083 424 4137 nisi
449 4082 670 4151 paenisa
705 4080 976 4150 peccando
1015 4080 1410 4144 deterreantur,
1469 4096 1586 4148 quae
1634 4082 1911 4136 verissime

324 4185 422 4240 per
444 4180 658 4227 sanctos
699 4179 756 4226 et
782 4171 990 4224 divinos
1041 4170 1184 4224 viros
1231 4169 1604 4239 prmdicantur,
1662 4178 1718 4224 et
1769 4171 1911 4240 quod

325 4262 504 4316 celant
539 4261 864 4327 hominibus,
901 4261 1010 4315 Deo
1038 4261 1202 4315 celari
1236 4277 1338 4313 non
1373 4274 1530 4329 posse
1550 4261 1906 4328 consentiant,

325 4354 594 4410 difﬁcilius
641 4355 925 4408 alcmentur
953 4368 1108 4423 quam
1146 4355 1289 4408 ferte.
1334 4353 1401 4407 Ut
1438 4362 1613 4408 autem
1663 4355 1910 4408 timeatur

324 4445 488 4511 Deus,
528 4447 708 4502 divina
729 4446 1056 4516 providentia
1080 4447 1190 4516 regi
1220 4446 1465 4501 universa
1485 4446 1907 4516 persuadendum

323 4548 438 4602 est;
466 4552 573 4592 non
599 4546 704 4592 tam
736 4537 1048 4601 rationibus,
1071 4551 1209 4606 quas
1249 4537 1338 4607 qui
1388 4545 1562 4607 potest
1613 4539 1768 4604 inire,
1817 4554 1912 4609 po-

326 4640 428 4684 test
460 4630 570 4699 jam
608 4639 664 4685 et
699 4629 1146 4699 pulchritudinem
1213 4629 1418 4684 sentire
1465 4629 1692 4695 virtutis,
1751 4645 1908 4700 quam

321 4721 583 4790 exemplis
624 4721 706 4775 vel
730 4719 1054 4785 recentibus,
1101 4720 1145 4774 si
1170 4735 1272 4790 qua
1301 4729 1604 4788 occurrunt,
1632 4723 1714 4776 vel
1736 4721 1803 4776 de
1830 4721 1912 4776 hi-

320 4815 510 4880 storia,
548 4823 688 4870 etea
740 4815 971 4870 maxime
1020 4830 1143 4883 quae
1188 4814 1304 4884 ipsa
1347 4814 1524 4869 divina
1572 4813 1905 4884 providentia

321 4917 662 4978 procurante,
693 4907 807 4962 sive
832 4908 885 4962 in
917 4907 1134 4973 Vetere,
1162 4907 1276 4962 sive
1301 4908 1351 4960 in
1392 4905 1540 4960 Novo
1569 4906 1910 4962 Testamento

317 4998 824 5054 excellentissimam
865 4999 1235 5053 auctoritatem
1268 4997 1537 5068 religionis
1575 4998 1794 5068 recepit.
1827 4999 1911 5054 Si-

316 5090 432 5144 mul
454 5099 632 5144 autem
656 5089 919 5160 agendum
949 5098 1034 5144 est
1069 5098 1125 5145 et
1151 5089 1220 5145 de
1245 5089 1419 5159 poenis
1466 5099 1823 5160 peccatorum,
1856 5100 1911 5146 et

314 5181 384 5238 de
411 5181 650 5251 praemiis
676 5190 822 5238 recte
841 5183 1122 5238 factorum.

387 5274 448 5328 2.
473 5274 592 5330 1am
620 5291 748 5331 vero
776 5291 898 5330 cum
933 5276 1106 5346 aliqua
1134 5291 1238 5330 non
1271 5275 1523 5344 peccandi
1555 5277 1902 5343 consuetudo,

315 5366 466 5436 quod
511 5382 798 5424 onerosum
839 5368 1142 5438 putabatur,
1197 5367 1348 5423 facile
1392 5383 1510 5422 csse
1559 5369 1905 5438 persuaserit;

315 5456 548 5527 incipiat
571 5460 771 5529 gustari
791 5459 1016 5516 dulcedo
1046 5460 1276 5530 pietatis,
1308 5469 1361 5514 ct
1389 5459 1750 5514 commendari
1789 5461 1908 5529 pul-

379 5571 399 5600 ι
423 5573 492 5618 Ita
546 5575 654 5619 uss.
712 5577 768 5619 At
810 5571 960 5630 editi,
1014 5568 1306 5622 Cliaritutcm
1361 5583 1472 5622 voco
1530 5577 1706 5620 motum
1760 5569 1909 5620 animi

315 5641 414 5691 quo
433 5663 448 5686 ,
484 5637 582 5679 etc.

381 5692 404 5758 ξ
427 5692 627 5758 Quidam
641 5697 768 5754 Mss,
787 5706 889 5758 quo,
901 5703 1139 5758 ornantur.

378 5752 459 5814 (α)
491 5752 850 5820 tametsi).
867 5755 944 5807 26.

2033 420 2276 476 chritudo
2298 421 2528 489 virtutis,
2557 431 2616 479 ut
2642 424 2917 484 charitatls
2944 426 3166 485 libertas
3187 441 3306 501 prie
3353 433 3608 491 servitute

2035 514 2240 569 timoris
2263 515 2514 570 emineat.
2544 516 2695 573 Tunc
2711 518 2823 588 jam
2858 520 3291 591 persuadendum
3335 533 3419 578 est
3444 523 3619 580 fideli-

2031 603 2130 660 bus
2158 607 2579 675 praecedentibus
2603 612 3025 681 regenerationis
3070 612 3456 681 Sacramentis,
3495 631 3616 686 quze

2031 711 2252 752 necesse
2301 707 2382 752 est
2418 700 2703 769 plurimum
2751 712 3019 771 moveant,
3062 705 3188 775 quid
3221 707 3429 762 intersit
3470 707 3610 762 inter

2030 789 2166 845 duos
2209 790 2475 858 homines,
2503 804 2736 851 veterem
2767 805 2822 852 et
2849 813 3067 863 novum,
3100 801 3426 856 exteriorem
3456 811 3510 857 et
3533 803 3614 857 lin-

2030 882 2302 948 teriorem,
2333 891 2605 940 terrenum
2649 897 2703 942 et
2731 889 3024 956 ctelestem;
3077 891 3129 945 id
3173 900 3274 958 est,
3315 892 3455 947 inter
3489 908 3611 948 eum

2029 974 2116 1042 qui
2145 973 2282 1028 bona
2325 977 2556 1032 carnalia
2583 987 2636 1032 et
2663 981 2998 1050 temporalia,
3022 990 3076 1037 et
3095 997 3219 1038 eum
3247 984 3337 1054 qui
3362 985 3614 1054 spiritua-

2028 1063 2096 1117 lia
2141 1073 2195 1119 et
2233 1075 2432 1121 aeterna
2483 1078 2755 1124 sectatur:
2787 1073 3224 1144 manendumque
3262 1091 3330 1130 ne
3381 1075 3613 1145 peritura

2029 1156 2285 1213 beneficia
2314 1170 2368 1216 et
2406 1163 2733 1218 transeuntia
2767 1174 3148 1233 exspectentur
3180 1181 3210 1220 a
3241 1167 3370 1234 Deo,
3421 1167 3614 1236 quibus

2028 1258 2082 1304 et
2105 1251 2332 1320 improbi
2361 1253 2602 1309 homines
2630 1254 2902 1310 abundare
2932 1266 3195 1326 possunt;
3241 1257 3335 1313 sed
3383 1257 3532 1312 firma
3561 1263 3617 1312 et

2027 1339 2490 1414 sempiterna,‘pro
2519 1345 2713 1417 quibus
2737 1347 3061 1417 accipiendis
3091 1349 3270 1403 omnia
3291 1363 3412 1420 quae
3432 1348 3484 1403 in
3511 1349 3615 1405 hoc

2026 1432 2226 1487 mundo
2256 1435 2391 1489 bona
2421 1444 2671 1504 putantur
2700 1446 2754 1492 et
2782 1439 2941 1504 mala,
2977 1439 3193 1508 penitus
3222 1439 3609 1495 contemnenda

2026 1538 2168 1584 sunt.
2197 1529 2293 1584 llic
2315 1531 2812 1598 prmstantissimum
2839 1531 2969 1586 illud
2995 1541 3046 1586 et
3069 1532 3281 1589 unicum
3311 1533 3612 1602 exemplum

2026 1619 2287 1674 Dominici
2313 1619 2543 1675 hominis
2565 1621 2968 1692 proponendum
2997 1632 3088 1678 est
3117 1624 3157 1690 ‘,
3191 1623 3281 1693 qui
3307 1637 3429 1676 cum
3457 1637 3516 1677 se
3533 1629 3610 1677 tot

2025 1714 2295 1768 miraculis
2323 1723 2522 1769 tantam
2550 1731 2728 1770 rerum
2760 1723 3078 1785 potestatem
3113 1715 3312 1770 habere
3341 1723 3612 1769 monstra-

2024 1817 2125 1875 ret,
2156 1817 2210 1862 ct
2236 1823 2297 1863 ea
2332 1810 2532 1878 sprevit
2565 1813 2691 1877 quae
2719 1823 2908 1878 magna
2949 1809 3112 1873 bona,
3161 1816 3218 1863 et
3264 1822 3326 1863 ea
3362 1804 3612 1861 sustinuit

2024 1915 2141 1970 quae
2165 1915 2353 1970 magna
2379 1901 2516 1954 mala
2538 1900 2769 1969 imperiti
2798 1908 2986 1968 putant
3022 1917 3035 1953 :
3059 1915 3196 1969 quos
3236 1912 3416 1954 mores
3443 1905 3498 1952 et
3523 1895 3609 1951 di-

2023 1993 2325 2064 sciplinam,
2350 2009 2417 2048 ne
2448 2001 2595 2048 tanto
2624 1993 2800 2047 minus
2831 1992 3108 2062 quisquam
3137 1989 3352 2060 aggredi
3389 1988 3608 2054 audeat,

2023 2083 2375 2155 quantoillud
2416 2083 2586 2153 magis
2629 2082 2877 2149 honorat,
2922 2091 2976 2137 et
3024 2081 3092 2137 de
3138 2077 3608 2152 pollicitationibus

2021 2185 2182 2246 atque
2209 2175 2601 2229 hortationibus
2646 2173 2784 2243 ejus,
2815 2181 2870 2228 et
2907 2172 2974 2228 de
3001 2172 3321 2226 imitantium
3362 2171 3608 2226 multitu-

2021 2266 2146 2322 dine
2172 2266 2551 2336 Apostolorum
2575 2306 2590 2332 ,
2634 2273 2950 2336 martyrum,
2997 2273 3411 2334 sanctorumque
3447 2263 3608 2318 innu-

2021 2357 2382 2424 merabilium,
2416 2372 2573 2427 quam
2613 2371 2720 2412 non
2766 2356 2874 2411 sint
2906 2355 2995 2411 illa
3047 2353 3384 2426 desperanda
3429 2361 3610 2410 osten-

2020 2447 2251 2504 dendum
2271 2459 2372 2504 est.

2058 2537 2146 2597 ’5.
2188 2542 2257 2595 At
2283 2541 2372 2596 ubi
2401 2541 2600 2595 fuerint
2627 2540 2917 2595 carnalium
2959 2538 3288 2609 voluptatum
3340 2535 3608 2592 illecebrae

2019 2643 2304 2704 superatae,
2337 2633 2632 2688 cavendum
2663 2643 2748 2688 est
2777 2649 2844 2688 ne
2871 2632 3127 2702 subrepat
3153 2641 3313 2700 atque
3356 2628 3608 2685 succedat

2019 2727 2280 2796 cupiditas
2331 2725 2578 2796 placendi
2623 2725 2926 2780 hominibus
2979 2732 3069 2778 aut
3111 2738 3208 2793 per
3241 2721 3415 2793 aliqua
3467 2721 3606 2777 facta

2017 2820 2299 2887 mirabilia,
2341 2829 2432 2875 aut
2459 2835 2552 2890 per
2598 2818 2868 2874 difficilem
2913 2817 3298 2872 continentiam
3347 2817 3459 2871 sive
3503 2831 3604 2886 pa-

2019 2912 2280 2976 tientiam,
2321 2920 2411 2966 aut
2446 2927 2543 2982 per
2575 2911 2804 2980 aliquam
2844 2909 3204 2979 largitionem,
3265 2915 3355 2962 aut
3389 2907 3606 2963 nomine

2017 3003 2255 3059 scientia:
2285 3002 2368 3057 vel
2390 3002 2706 3073 eloquentiie
2733 3019 2745 3054 :
2774 3002 2824 3054 in
2852 3015 2918 3056 eo
2938 3015 3135 3070 genere
3159 3009 3241 3056 est
3260 3008 3314 3055 et
3333 2998 3597 3070 cupiditas

2018 3094 2256 3149 honoris.
2274 3092 2468 3149 Contra
2487 3109 2605 3163 quae
2619 3093 2795 3146 omnia
2819 3090 3165 3162 proferantur
3180 3106 3239 3146 ea
3261 3105 3380 3160 quae
3402 3089 3603 3158 scripta

2018 3196 2143 3240 sunt
2186 3185 2254 3240 de
2283 3185 2439 3239 laude
2489 3184 2780 3247 charitatis,
2824 3192 2881 3238 et
2924 3183 2992 3238 de
3021 3183 3274 3237 inanitate
3304 3181 3602 3251 jactantiar;

2016 3275 2377 3346 doceaturque
2421 3290 2579 3345 quam
2614 3275 2682 3329 sit
2714 3271 3022 3343 pudendum
3062 3273 3140 3328 eis
3185 3272 3396 3342 placere
3441 3269 3600 3337 velle,

2016 3383 2150 3437 quos
2178 3368 2314 3422 nolis
2339 3367 2554 3421 imitari.
2584 3367 2688 3420 Aut
2716 3365 2858 3420 enim
2896 3363 3025 3419 boni
3071 3378 3176 3418 non
3215 3372 3359 3429 sunt,
3384 3372 3438 3416 et
3468 3361 3601 3416 nihil

2016 3475 2263 3529 magnum
2295 3466 2376 3514 est
2402 3473 2432 3512 a
2460 3457 2613 3511 malis
2643 3457 2885 3522 laudari;
2943 3465 3034 3510 aut
3061 3455 3187 3511 boni
3228 3464 3370 3520 sunt,
3405 3465 3460 3510 et
3506 3469 3601 3510 eos

2015 3557 2226 3618 oportet
2254 3548 2470 3602 imitari.
2494 3547 2600 3602 Sed
2630 3548 2720 3617 qui
2750 3547 2875 3602 boni
2899 3555 3046 3614 sunt,
3069 3546 3267 3601 virtute
3291 3545 3416 3600 boni
3444 3554 3598 3600 sunt:

2015 3640 2182 3695 virtus
2207 3647 2386 3694 autem
2416 3655 2520 3694 non
2544 3639 2750 3709 appetit
2779 3639 2920 3709 quod
2961 3639 3014 3694 in
3052 3639 3282 3694 aliorum
3325 3639 3601 3694 hominum

2014 3742 2279 3804 potestate
2309 3741 2410 3787 est.
2441 3732 2542 3800 Qui
2581 3747 2710 3803 ergo
2753 3731 2993 3787 imitatur
3022 3731 3212 3797 bonos,
3267 3731 3466 3786 nullius
3503 3729 3604 3784 ho-

2014 3826 2174 3881 minis
2215 3827 2415 3896 appetit
2454 3825 2684 3892 laudem;
2735 3826 2824 3896 qui
2879 3825 3072 3890 malos,
3119 3839 3222 3879 non
3265 3823 3457 3893 dignus
3517 3829 3604 3876 est

2018 3917 2195 3971 laude.
2225 3917 2279 3971 Si
2305 3925 2484 3971 autem
2535 3917 2744 3985 placere
2793 3915 3095 3968 hominibus
3137 3914 3256 3967 ideo
3296 3914 3395 3978 vis,
3428 3919 3486 3965 ut
3522 3910 3602 3966 eis

2017 4008 2190 4077 prosis
2219 4006 2283 4060 ad
2309 4006 2636 4074 diligendum
2670 4006 2862 4064 Deum;
2891 4018 2997 4057 non
3021 4003 3131 4072 jam
3155 4002 3277 4068 hoc,
3325 4001 3419 4057 sed
3457 4001 3601 4057 aliud

2015 4098 2184 4166 cupis.
2208 4095 2311 4164 Qui
2340 4103 2516 4150 autem
2548 4095 2764 4165 placere
2801 4095 2968 4165 cupit,
3023 4095 3384 4150 necessarium
3428 4093 3601 4150 adhuc

2016 4187 2175 4243 habet
2199 4188 2444 4242 timorem
2477 4205 2489 4241 :
2518 4186 2774 4256 primum,
2821 4203 2886 4242 ne
2917 4186 3122 4242 occulte
3153 4187 3428 4257 peccando
3462 4186 3601 4242 inter

2015 4278 2320 4350 hypocritas
2369 4294 2398 4333 a
2441 4279 2666 4334 Domino
2703 4287 3060 4349 computetur;
3099 4278 3313 4347 deinde,
3356 4280 3400 4333 si
3430 4279 3597 4334 bene-

2015 4372 2165 4426 factis
2190 4371 2402 4441 placere
2445 4371 2664 4441 appetit,
2715 4385 2781 4425 ne
2821 4369 2958 4425 hanc
2987 4369 3290 4425 mercedem
3328 4385 3600 4440 aucupans

2015 4463 2202 4532 perdat
2221 4461 2361 4532 quod
2382 4462 2604 4517 daturus
2630 4469 2713 4516 est
2743 4461 2904 4517 Deus.

2085 4557 2138 4611 4.
2169 4555 2275 4612 Sed
2298 4555 2505 4611 "devicta
2551 4556 2650 4610 ista
2701 4554 3013 4624 cupiditate,
3059 4553 3299 4610 cavenda
3349 4554 3597 4624 superbia

2015 4655 2115 4701 est.
2149 4644 2376 4701 Difficile
2407 4655 2490 4700 est
2507 4645 2648 4700 enim
2674 4653 2733 4700 ut
2761 4645 3010 4716 dignetur
3037 4645 3332 4700 consociari
3365 4644 3599 4700 homini-

2014 4736 2132 4802 bus,
2158 4737 2248 4806 qui
2275 4737 2352 4791 eis
2373 4737 2582 4806 placere
2615 4738 2726 4806 jam
2757 4753 2864 4792 non
2889 4737 3177 4803 desiderat,
3207 4747 3260 4792 et
3302 4738 3514 4806 plenum
3541 4752 3600 4793 se

2015 4827 2296 4882 virtutibus
2327 4833 2492 4895 putat.
2521 4826 2708 4898 Itaque
2737 4827 2917 4882 adhuc
2942 4829 3279 4883 necessarius
3305 4836 3385 4881 est
3417 4829 3596 4893 timor,

2015 4935 2083 4974 ne
2106 4918 2232 4973 illud
2261 4918 2420 4972 etiam
2451 4917 2591 4988 quod
2619 4918 2836 4973 videtur
2865 4917 3084 4980 habere,
3116 4915 3390 4970 auferatur
3427 4917 3494 4970 ab
3518 4933 3599 4994 ,οη

2017 5011 2230 5086 (Matth.
2260 5029 2382 5079 xxv,
2414 5011 2530 5082 29);
2560 5021 2615 5067 et
2641 5012 2892 5066 manibus
2919 5025 2982 5064 ac
3026 5009 3250 5079 pedibus
3281 5009 3455 5080 ligatis
3476 5010 3599 5065 init-

2015 5113 2155 5159 tatur
2192 5104 2245 5157 in
2293 5103 2541 5158 tenebras
2584 5101 2884 5156 exteriores
2931 5096 3040 5172 (Id.
3064 5100 3324 5170 xxn,l5).
3370 5099 3596 5170 Quapro—

2015 5204 2132 5265 pter
2155 5193 2248 5246 Dei
2274 5193 2436 5246 timor
2455 5206 2561 5246 non
2603 5190 2776 5245 solum
2805 5189 3039 5258 inchoat,
3067 5190 3162 5247 sed
3209 5192 3367 5246 etiam
3395 5190 3602 5259 perlicit

2015 5285 2327 5354 sapientem.
2357 5283 2406 5338 ls
2431 5290 2513 5338 est
2539 5290 2722 5337 autem
2764 5282 2854 5354 qui
2882 5298 3090 5338 summe
3116 5282 3286 5352 diligit
3327 5282 3514 5344 Deum,
3549 5291 3601 5334 et

2014 5376 2313 5447 proximum
2343 5385 2591 5447 tanquam
2616 5389 2675 5430 se
2703 5375 2897 5445 ipsum.
2930 5376 3060 5445 Qua:
3080 5385 3258 5432 autem
3302 5375 3354 5428 in
3388 5373 3488 5428 hoc
3510 5373 3598 5427 iti-

2081 5574 2094 5602 ι
2118 5571 2354 5634 Eugypius
2374 5571 2422 5617 in
2444 5569 2632 5634 duobus
2655 5577 2783 5634 Mss,
2816 5567 3093 5634 exemplain
3109 5563 3302 5634 HW
3331 5575 3599 5634 proponi-rt-

2015 5632 2130 5682 dum
2152 5627 2261 5680 est}
2287 5631 2390 5679 loco
2413 5631 2599 5680 scilicet
2620 5632 2678 5681 ad
2703 5627 2788 5682 lib.
2810 5633 2833 5680 1
2863 5627 3068 5681 Retract.
3090 5642 3195 5691 cap.
3218 5627 3292 5688 19,
3320 5627 3597 5691 emendato;

2013 5695 2096 5742 ubi
2130 5695 2420 5756 Augustinus
2440 5694 2675 5743 Christum
2693 5705 2720 5741 a
2742 5708 2799 5744 se
2818 5691 3074 5756 aliquando
3095 5689 3276 5743 dictum
3306 5702 3421 5742 esse
3442 5689 3600 5748 homi-

2014 5769 2128 5808 nem
2149 5754 2442 5806 Demiaicmn
2464 5769 2560 5808 nou
2583 5758 2770 5820 probat.

3419 5827 3452 5844 φ

3543 5882 3589 5912 -,-’t
