4180 6214
465 301 535 362 ιι
1244 294 1335 353 DE
1363 290 1676 352 DIVERSIS
1712 283 2234 358 QUIES'I‘IONIBUS
2274 287 2561 356 LXXXIII,
2605 289 2660 345 S.
2704 291 3066 349 AUGUSTINI
3674 298 3752 357 κ

463 414 843 487 amputem
860 412 1304 482 ὐίίῆοιιιιιιειςιιο
1342 408 1644 467 metuendae
1679 406 1809 473 sint,
1848 411 1905 459 et
1925 402 2045 472 quis-

462 506 563 563 bus
585 506 840 564 remediis
864 506 941 562 uti
966 511 1232 575 oporteat,
1253 503 1356 558 alia
1384 502 1610 572 qumstio
1634 507 1737 556 est.

872 595 1135 653 XXXVII.
1168 594 1247 649 De
1266 610 1461 664 semper
1483 601 1625 647 nato.

533 689 719 747 Melior
738 697 821 745 est
843 700 1058 757 semper
1086 696 1266 753 natus,
1295 700 1455 756 quam
1493 683 1582 753 qui
1611 695 1826 750 semper
1870 678 2045 733 nasci-

461 790 567 837 tur.
593 782 730 849 Quia
754 782 845 851 qui
870 796 1086 851 semper
1106 780 1365 844 nascitur,
1392 776 1627 832 nondum
1654 783 1736 829 est
1772 782 1929 828 natus
1950 789 1964 835 ;
1986 779 2043 827 et

462 888 735 942 nunquam
765 882 920 929 natus
944 882 1025 928 est
1049 879 1140 927 aut
1169 880 1327 926 natus
1342 870 1464 935 erit,
1488 868 1532 922 si
1553 881 1767 935 semper
1784 864 2042 919 nascitur.

467 966 627 1021 Aliud
653 976 735 1021 est
757 967 898 1022 enim
924 965 1095 1031 nasci,
1138 963 1280 1018 aliud
1325 969 1511 1016 natum
1541 970 1678 1015 esse.
1710 959 1787 1012 Ac
1820 972 1918 1026 per
1943 954 2046 1010 hoc

461 1071 732 1126 nunquam
762 1057 923 1123 ﬁlius,
952 1055 997 1110 si
1031 1068 1301 1123 nunquam
1326 1061 1480 1106 natus
1508 1068 1521 1104 :
1554 1049 1695 1104 ﬁlius
1719 1056 1897 1103 autem
1920 1046 2043 1116 quia

465 1159 644 1215 natus,
671 1157 755 1203 est
777 1162 989 1217 semper
1010 1146 1149 1200 ﬁlius
1173 1162 1187 1199 :
1210 1157 1425 1212 semper
1449 1140 1610 1210 igitur
1631 1148 1806 1194 natus.

484 1294 487 1295 ν
720 1236 1008 1293 XXXVIII.
1038 1235 1117 1291 De
1142 1232 1543 1307 conformatione
1570 1232 1774 1286 anime.

528 1330 663 1386 Cum
688 1328 832 1384 aliud
854 1328 923 1384 sit
948 1335 1158 1393 natura,
1201 1324 1344 1379 aliud
1379 1323 1681 1393 disciplina,
1710 1319 1855 1376 aliud
1889 1334 2039 1386 usus,

459 1426 512 1474 et
541 1418 656 1475 haec
686 1420 740 1475 in
770 1434 873 1474 una
913 1418 1089 1473 anima
1142 1416 1506 1486 intelligantur
1542 1414 1685 1469 nulla
1732 1410 2043 1468 diversitate

457 1509 768 1565 substantiae
794 1528 806 1564 :
839 1509 967 1565 item
998 1523 1121 1565 cum
1150 1506 1295 1563 aliud
1332 1505 1404 1562 sit
1433 1505 1728 1576 ingenium,
1750 1502 1896 1560 aliud
1931 1502 2042 1559 vir-

462 1609 567 1663 tus,
592 1599 735 1655 aliud
779 1598 1153 1669 tranquillitas,
1196 1597 1444 1654 similiter
1494 1596 1652 1652 unius
1697 1593 2043 1665 ejusdemque

455 1692 810 1747 substantiae:
852 1699 907 1747 et
956 1706 1078 1747 cum
1120 1690 1297 1745 anima
1338 1689 1410 1745 sit
1443 1688 1664 1745 alterius
1706 1686 2040 1752 substantias,

457 1796 615 1852 quam
649 1784 809 1849 Deus,
844 1799 1147 1853 quanquam
1177 1782 1246 1838 ab
1266 1782 1358 1838 illo
1377 1782 1534 1849 facta;
1564 1781 1679 1853 ipse
1700 1789 1878 1838 autem
1900 1781 2043 1836 Deus

455 1873 523 1927 sit
545 1874 904 1929 sacratissima
954 1874 1066 1941 illa,
1099 1882 1152 1930 et
1196 1873 1378 1930 multis
1402 1873 1590 1942 verbo,
1638 1888 1701 1930 re
1739 1873 1926 1942 paucis
1949 1887 2043 1927 co-

456 1964 602 2033 gnita
660 1964 933 2019 Trinitas:
967 1954 1378 2034 diligentissime
1441 1962 1868 2035 investigandum
1918 1970 2038 2031 est,

458 2053 600 2123 quod
621 2054 695 2109 ait
716 2054 977 2110 Dominus
999 2054 1181 2124 Iesus,
1208 2046 1374 2109 Nemo
1400 2056 1533 2111 venit
1558 2054 1629 2110 ad
1650 2072 1748 2123 me,
1773 2055 1871 2109 nisi
1891 2070 2040 2126 quem

454 2140 611 2197 Pater
639 2147 901 2199 attraxerit
934 2142 1112 2218 (Joan.
1144 2152 1220 2214 vi,
1246 2143 1362 2219 i4);
1394 2154 1468 2213 et,
1496 2144 1662 2201 Nemo
1686 2147 1817 2202 venit
1842 2146 1911 2201 ad
1936 2145 2036 2200 Ρα·

454 2247 599 2303 trem,
624 2239 721 2292 nisi
747 2256 836 2309 per
868 2255 947 2294 me
978 2238 1087 2311 (Id.
1116 2255 1228 2307 xw,
1255 2240 1333 2312 6);
1360 2248 1436 2308 et,
1466 2238 1587 2311 Ipse
1610 2255 1696 2295 vos
1751 2240 1805 2295 in
1843 2255 2042 2295 omnem

452 2333 708 2387 veritatem
732 2333 933 2388 inducet
956 2330 1066 2407 (Id.
1086 2348 1195 2401 xvu,
1219 2332 1333 2404 I5),

915 2422 1156 2477 XXXIX.
1202 2422 1275 2475 De
1301 2422 1571 2475 alimentis.

520 2512 660 2581 Quid
686 2520 770 2567 est
794 2512 938 2583 quod
960 2512 1154 2581 accipit
1192 2526 1311 2566 eam
1346 2526 1483 2577 rem,
1511 2526 1671 2581 quam
1700 2519 1995 2567 commutat
2016 2513 2042 2567 ἲ

450 2613 509 2662 ιιι
550 2604 746 2661 animal
790 2604 987 2661 cibum.
1027 2602 1163 2672 Quid
1194 2611 1276 2659 est
1302 2602 1449 2673 quod
1492 2603 1769 2673 accipitur,
1801 2611 1854 2658 et
1892 2618 2043 2659 eom-

451 2697 723 2755 mutatur‘l
766 2704 825 2753 ut
851 2686 992 2752 idem
1017 2696 1189 2752 cibus.
1228 2695 1365 2763 Quid
1394 2704 1476 2751 est
1499 2694 1639 2767 quod
1667 2695 1944 2766 accipitur,
1986 2705 2042 2752 et

450 2807 557 2846 non
578 2791 978 2846 commutatur?
1001 2801 1060 2845 ut
1083 2789 1252 2845 oculis
1277 2789 1388 2856 lux,
1416 2797 1471 2845 et
1493 2805 1656 2845 sonus
1677 2790 1911 2845 auribus.
1933 2788 2041 2846 Sed

450 2882 566 2940 haec
594 2898 688 2955 per
728 2899 922 2955 corpus
958 2883 1151 2954 accipit
1178 2884 1356 2939 anima
1388 2900 1401 2936 :
1430 2882 1557 2953 quid
1582 2891 1667 2939 est
1691 2892 1868 2939 autem
1898 2882 2040 2953 quod

451 2989 548 3045 per
586 2989 647 3031 se
674 2976 842 3046 ipsam
881 2975 1093 3046 accipit,
1136 2983 1192 3032 et
1220 2982 1512 3031 commutat
1556 2974 1609 3029 in
1651 2974 1754 3030 se?
1799 2983 1856 3029 ut
1882 2974 2038 3030 aliam

451 3067 703 3131 animam,
748 3081 907 3136 quam
951 3065 1258 3137 recipiendo
1295 3067 1349 3121 in
1374 3065 1659 3121 amicitiam
1691 3065 1773 3121 sui
1812 3065 2041 3122 similem

448 3154 597 3211 facit.
638 3157 705 3212 Et
728 3155 855 3227 quid
884 3164 970 3213 est
1005 3156 1146 3226 quod
1174 3172 1267 3226 per
1305 3172 1365 3212 se
1395 3157 1562 3225 ipsam
1589 3157 1801 3226 accipit,
1836 3166 1892 3212 et
1933 3171 2040 3212 non

452 3248 777 3302 commutat?
823 3256 879 3302 ut
919 3248 1436 3319 veritatem..Quare
1483 3248 1910 3318 cognoscendum
1958 3256 2043 3305 est

454 3345 510 3394 et
533 3339 658 3410 quid
684 3340 753 3395 sit
789 3339 948 3396 Petro
972 3339 1194 3406 dictum,
1227 3339 1400 3393 Macta
1436 3349 1482 3394 et
1510 3340 1762 3394 manduca
1787 3338 1940 3413 (Aet.
1966 3357 2001 3395 ι
2018 3376 2037 3409 ,

456 3427 601 3497 1⁸5);
632 3436 687 3484 ει
723 3429 850 3499 quid
875 3430 927 3484 in
971 3429 1279 3500 Evangelio,
1314 3428 1380 3483 Et
1406 3431 1505 3485 vita
1532 3440 1638 3485 erat
1668 3430 1756 3485 lux
1779 3429 2041 3486 hominum

456 3517 632 3591 (Joan.
661 3519 804 3591 1,4).

456 3611 567 3667 XL.
610 3611 735 3667 Cum
786 3614 1069 3669 animarum
1118 3624 1301 3668 natura
1348 3630 1451 3668 una
1491 3615 1577 3680 sit,
1610 3616 1745 3671 unde
1782 3616 2041 3673 honuinum

968 3704 1176 3760 diuersa:
1202 3704 1522 3760 voluntates?

530 3795 609 3851 Ex
674 3795 902 3852 diversis
959 3797 1088 3851 visis
1136 3796 1376 3852 diversus
1432 3799 1695 3867 appetitus
1742 3799 2039 3858 animarum

457 3896 564 3954 cst,
613 3901 678 3940 ex
726 3886 935 3941 diverso
972 3887 1209 3957 appetitu
1256 3886 1501 3943 diversus
1544 3889 1869 3958 adipiscendi
1917 3905 2041 3947 suc-

457 3991 658 4049 cessus,
682 3993 743 4031 ex
776 3977 985 4033 diverso
1031 3992 1280 4032 successu
1316 3978 1525 4034 diversa
1573 3982 1921 4049 consuetudo,
1972 3997 2040 4039 ex

457 4070 667 4125 diversa
704 4070 1086 4125 consuetudine
1133 4070 1342 4126 diversa
1389 4082 1471 4126 est
1514 4074 1778 4129 voluntas.
1820 4075 2040 4131 Diversa

458 4171 635 4216 autem
661 4161 773 4215 visa
814 4159 945 4215 ordo
989 4175 1167 4214 rerum
1198 4160 1322 4215 facit
1354 4178 1366 4213 :
1400 4164 1636 4217 occultus
1663 4165 1898 4234 quidem,
1943 4167 2040 4222 sed

458 4253 558 4308 sub
585 4252 759 4307 divina
794 4250 1123 4321 providentia
1150 4260 1326 4306 certus
1369 4260 1565 4309 tamen.
1606 4253 1720 4308 Non
1762 4255 1941 4325 itaque
1969 4257 2040 4313 ob

463 4344 563 4400 hoc
591 4342 877 4413 putandum
922 4351 1005 4398 est
1030 4341 1266 4398 diversas
1295 4358 1412 4399 esse
1457 4355 1668 4401 naturas
1704 4348 1999 4404 animarum
2020 4390 2036 4417 ,

460 4434 581 4504 quia
608 4433 831 4488 diversa:
873 4442 995 4488 sunt
1024 4434 1357 4501 voluntates;
1390 4452 1509 4492 cum
1552 4438 1712 4492 etiam
1743 4439 1897 4496 unius
1920 4440 2040 4497 ani-

463 4541 562 4580 ma:
588 4525 827 4579 voluntas
868 4540 962 4594 pro
990 4534 1289 4595 temporum
1331 4527 1637 4586 diversitate
1664 4532 1918 4588 varietur.
1951 4533 2038 4590 Sl-

459 4616 670 4686 qnidem
699 4617 803 4671 alio
854 4625 1094 4688 tempore
1121 4618 1267 4675 dives
1295 4635 1413 4676 esse
1452 4622 1617 4692 cupit,
1639 4624 1746 4680 alio
1775 4634 2037 4697 tempore,

458 4708 777 4778 contemptis
815 4708 1016 4764 divitiis
1044 4710 1258 4779 sapiens
1287 4726 1405 4767 esse
1426 4712 1693 4770 desiderat
1725 4735 1737 4771 :
1766 4728 1821 4773 et
1844 4718 1898 4773 in
1925 4720 2041 4789 ipso

459 4796 826 4868 temporalium
841 4800 1073 4869 appetitu
1095 4801 1197 4853 alio
1215 4809 1452 4871 tempore
1474 4805 1562 4859 uni
1586 4807 1785 4862 homini
1803 4811 2041 4879 negotia-

460 4890 553 4955 tio,
576 4898 631 4944 et
654 4890 759 4945 alio
786 4900 1028 4962 tempore
1055 4892 1240 4948 militia
1263 4893 1458 4964 placet.

459 4978 594 5033 XLI.
619 4979 745 5035 Cum
761 4984 927 5037 omnia
951 4983 1085 5039 Deus
1113 4986 1304 5056 fecerit,
1333 5002 1490 5055 quare
1504 5004 1603 5042 non
1616 4990 1832 5055 wqualia
1842 4994 2035 5062 fecerit.

528 5070 661 5137 Quia
706 5085 810 5126 non
855 5084 1031 5129 essent
1079 5075 1273 5141 omnia,
1320 5078 1363 5132 si
1410 5088 1592 5134 essent
1633 5082 1855 5152 aequalia
1890 5101 1902 5138 :
1932 5099 2043 5141 non

458 5160 600 5217 enim
640 5170 819 5216 essent
859 5163 1023 5217 multa
1069 5181 1246 5222 rerum
1286 5184 1506 5239 genera,
1538 5172 1731 5243 quibus
1758 5175 2043 5234 conﬁcitur

460 5254 792 5320 universitas,
834 5254 1033 5326 primas
1062 5264 1116 5312 et
1142 5262 1424 5331 secundas,
1473 5274 1527 5319 et
1573 5266 1826 5337 deinceps
1873 5284 2042 5341 usque

456 5344 523 5399 ad
573 5346 782 5400 ultimas
810 5346 1078 5402 ordinatas
1123 5349 1322 5405 habens
1367 5365 1639 5413 creaturas
1684 5376 1697 5412 :
1733 5368 1787 5414 et
1829 5362 1930 5417 hoc
1960 5372 2043 5419 est

370 5474 379 5479 .
461 5438 599 5507 quod
624 5438 837 5507 dicitur,
866 5442 1065 5496 omnia.

494 5530 651 5587 XLII.
696 5532 959 5599 Quomodo
997 5534 1223 5591 Christus
1252 5547 1298 5591 et
1326 5538 1379 5593 in
1408 5549 1545 5597 utero
1574 5547 1748 5601 matris
1775 5548 1929 5618 fuerit
1959 5559 2005 5604 et

1121 5627 1172 5679 in
1208 5629 1362 5683 caelis.

528 5702 803 5777 Quomodo
830 5716 1047 5773 verbum
1064 5714 1313 5788 hominis,
1332 5721 1473 5793 quod
1497 5724 1597 5780 etsi
1612 5727 1761 5783 multi
1785 5729 2030 5806 audiunt,

652 5821 686 5839 θ

2159 409 2328 456 ιοιιιιιι
2358 402 2580 459 audiunt
2606 404 2812 476 singuli.

2152 489 2334 547 XLIII.
2378 493 2546 562 Quare
2571 493 2736 551 Filius
2769 497 2861 552 Dei
2887 500 2940 553 in
2981 502 3183 558 homine
3208 507 3468 577 apparuit,
3495 516 3544 563 et
3571 507 3775 580 δρᾶσι,

2573 598 2651 643 tus
2680 600 2882 645 sanctus
2918 592 2974 645 in
3015 594 3289 651 columba?

2222 676 2354 742 Quia
2382 678 2468 733 ille
2497 680 2658 743 venit,
2691 690 2749 736 ut
2776 683 3080 752 exemplum
3110 686 3318 742 vivendi
3346 688 3742 750 demonstraret

2152 768 2489 835 hominibus;
2518 772 2637 839 iste,
2679 782 2735 827 ut
2764 774 2959 830 donum
2988 777 3181 847 ipsum,
3214 796 3321 850 quo
3345 782 3482 838 bene
3509 786 3738 842 vivendo

2151 860 2475 927 pervenitur,
2525 862 2864 931 signiﬁcaret,
2917 870 3179 936 apparuit.
3224 869 3517 943 Utrumque
3555 885 3735 931 autem

2150 947 2426 1004 visibiliter
2451 949 2643 1005 factum
2666 962 2747 1007 est
2773 963 2992 1023 propter
3009 959 3271 1027 carnales,
3297 962 3364 1017 ab
3389 962 3452 1017 iis
3474 978 3595 1033 qua:
3615 974 3735 1020 ocu-

2151 1036 2217 1092 lis
2242 1040 2510 1109 corporeis
2539 1052 2848 1110 cernuntur,
2884 1045 2951 1099 ad
2975 1061 3038 1101 ea
3070 1064 3190 1117 quae
3218 1060 3396 1108 mente
3425 1054 3738 1126 intelligun-

2151 1139 2254 1196 tur,
2286 1141 2745 1190 sacramentorum
2775 1136 3023 1205 gradibus
3064 1141 3482 1201 transferendos.
3522 1146 3655 1203 Nam
3682 1156 3741 1205 et

2148 1221 2310 1277 verba
2334 1233 2526 1278 sonant
2549 1232 2604 1280 et
2631 1232 2945 1294 transeunt;
2976 1244 3075 1284 nec
3105 1239 3279 1289 tamen
3308 1249 3372 1290 ea
3407 1252 3526 1306 quae
3555 1238 3739 1295 verbis

2149 1312 2548 1384 signiﬁcantur,
2579 1332 2704 1372 cum
2750 1318 2950 1389 aliquid
2993 1320 3231 1378 divinum
3275 1333 3434 1396 atque
3474 1334 3736 1387 eternium

2149 1403 2414 1474 loquendo
2446 1411 2747 1478 exponitur,
2775 1411 3021 1469 similiter
3047 1423 3344 1474 transeunt.

2147 1493 2328 1553 XLIV.
2372 1497 2541 1565 Quare
2584 1508 2721 1556 tanta
2761 1512 2875 1573 post
2921 1505 3054 1559 uenit
3096 1506 3348 1565 Dominus
3387 1511 3539 1571 λειω
3581 1512 3732 1571 Chri-

2349 1597 2477 1658 stus,
2505 1600 2550 1645 et
2572 1609 2674 1647 non
2701 1593 2754 1647 in
2777 1596 3027 1668 principio
3053 1600 3246 1669 peccati
3266 1602 3483 1659 hominis
3499 1606 3525 1660 ?

2216 1680 2349 1748 Quia
2377 1697 2536 1739 omne
2578 1684 2858 1755 pulchrum
2884 1703 2917 1742 a
2943 1703 3153 1746 summa
3192 1692 3589 1761 pulchritudine
3610 1701 3694 1755 est
3713 1732 3733 1769 ,

2147 1770 2285 1840 quod
2336 1771 2478 1829 Deus
2504 1784 2588 1831 est
2618 1793 2631 1829 :
2665 1778 2977 1847 temporalis
3003 1789 3180 1837 autem
3211 1783 3547 1853 pulchritudo
3574 1791 3737 1850 rebus

2146 1861 2526 1921 decedentibus
2564 1867 3078 1941 succedentibusque
3108 1875 3396 1944 peragitur.
3422 1877 3595 1936 Habet
3633 1892 3735 1939 au-

2149 1961 2254 2009 tem
2280 1953 2529 2011 decorem
2572 1972 2729 2013 suum
2756 1959 2809 2013 in
2838 1960 3060 2029 singulis
3089 1963 3389 2035 quibusque
3429 1967 3737 2031 hominibus

2145 2047 2351 2117 singula
2368 2064 2592 2118 qumque
2615 2059 2746 2105 aetas
2758 2051 2827 2105 ab
2847 2051 3065 2108 infantia
3092 2069 3261 2126 usque
3282 2059 3351 2114 ad
3376 2074 3730 2123 senectutem.

2146 2136 2296 2193 Sicut
2322 2154 2449 2210 ergo
2477 2139 2740 2196 absurdus
2769 2151 2871 2209 est,
2919 2145 3014 2213 qui
3034 2144 3328 2215 iuvenilem
3356 2159 3562 2210 tantum
3604 2168 3735 2216 ictae

2149 2240 2253 2285 tem
2290 2231 2449 2286 vellet
2472 2246 2593 2286 esse
2618 2233 2672 2287 in
2702 2232 2919 2292 homine
2960 2240 3287 2310 temporibus
3317 2244 3565 2316 subdito;
3598 2251 3736 2309 invk

2145 2319 2298 2375 deret
2345 2320 2487 2375 enim
2533 2324 2744 2379 caeteris
2792 2324 3307 2402 pulchritudinibus,
3352 2350 3472 2404 qua:
3523 2342 3737 2399 caeteris

2145 2411 2387 2469 aetatibus
2410 2427 2532 2469 suas
2556 2414 2699 2471 vices
2728 2424 2885 2485 atque
2906 2418 3150 2477 ordinem
3176 2435 3366 2493 gerunt
3390 2446 3403 2483 :
3427 2430 3507 2487 sic
3528 2432 3727 2490 absur-

2145 2502 2245 2558 dus
2281 2511 2381 2569 est,
2409 2505 2500 2575 qui
2535 2505 2589 2560 in
2617 2507 2733 2577 ipso
2761 2508 3008 2566 universo
3048 2526 3245 2582 genere
3289 2518 3522 2578 humano
3565 2539 3728 2583 unam

2144 2602 2356 2650 aetatem
2375 2595 2681 2665 desiderat;
2713 2612 2835 2655 nam
2858 2608 2914 2657 et
2939 2602 3113 2673 ipsum
3131 2613 3379 2677 tanquam
3402 2622 3539 2669 unus
3567 2616 3731 2673 homo

2144 2693 2328 2741 aetates
2356 2700 2481 2742 suas
2524 2689 2651 2760 agit.
2688 2689 2800 2747 Nec
2825 2694 3063 2762 oportuit
3088 2696 3273 2753 venire
3312 2699 3567 2759 divinitas
3609 2720 3732 2762 maa

2144 2775 2389 2847 gistrum,
2414 2778 2565 2849 cujus
2601 2781 2898 2840 imitatione
2923 2785 2977 2841 in
3008 2801 3188 2843 mores
3214 2790 3447 2860 optimos
3473 2793 3733 2855 formare-

2146 2877 2250 2936 tur,
2277 2870 2376 2926 nisi
2422 2880 2661 2942 tempore
2688 2873 2985 2944 juventutis
3032 2876 3134 2953 (a).
3174 2881 3257 2937 Ad
3285 2882 3388 2941 hoc
3412 2887 3556 2943 valet
3590 2889 3734 2960 quod

2144 2962 2432 3032 Apostolus
2474 2964 2636 3033 dicit,
2680 2968 2780 3025 sub
2827 2969 2944 3041 lege
2992 2980 3242 3043 tanquam
3290 2978 3392 3034 sub
3444 2980 3734 3054 paedagogo

2142 3054 2391 3124 parvulos
2416 3056 2707 3114 custoditos
2734 3059 2927 3131 (Galat.
2979 3079 3058 3132 ιιι,
3088 3065 3184 3134 25,
3217 3067 3334 3140 24),
3379 3070 3548 3129 donec
3576 3077 3731 3132 veni-

2144 3154 2229 3201 ret
2250 3146 2336 3202 cui
2361 3147 2691 3219 servabatur,
2718 3153 2809 3223 qui
2835 3169 2932 3224 per
2954 3154 3250 3225 PrOphetas
3272 3163 3567 3229 promissus
3593 3176 3731 3226 erat.

2143 3237 2302 3293 Aliud
2328 3240 2470 3296 enim
2489 3243 2729 3312 estquod
2748 3245 2923 3301 divina
2942 3250 3276 3319 providentia
3304 3256 3458 3324 quasi
3482 3259 3729 3327 privatim

2144 3344 2264 3385 cum
2283 3330 2505 3402 singulis
2520 3334 2649 3404 agit,
2675 3334 2819 3391 aliud
2834 3337 2978 3407 quod
3003 3345 3187 3411 generi
3208 3344 3455 3402 universo
3476 3356 3730 3421 tanquam

2144 3421 2353 3492 publice
2376 3424 2606 3480 consulit
2630 3426 2670 3479 ⁸.
2718 3426 2854 3483 Nam
2876 3438 2930 3484 et
2954 3431 3276 3504 quicumque
3308 3437 3503 3510 singuli
3521 3441 3589 3496 ad
3611 3454 3732 3499 cer-5

2144 3520 2253 3567 tam
2279 3514 2593 3584 sapientiam
2634 3529 3008 3588 pervenerunt,
3043 3524 3257 3580 nonnisi
3286 3527 3474 3584 eadem
3501 3533 3732 3592 veritate

2143 3618 2358 3662 suarum
2404 3606 2708 3678 singillatim
2763 3619 2979 3666 aetatum
3033 3617 3430 3684 opportunitate
3482 3611 3733 3683 iliustratI

2143 3704 2267 3752 sunt
2296 3713 2309 3751 :
2340 3712 2373 3753 a
2397 3713 2500 3768 qua
2524 3699 2769 3767 veritate,
2800 3713 2859 3757 ut
2882 3704 3108 3773 populus
3127 3708 3342 3776 sapiens
3364 3713 3538 3781 ﬁeret,
3564 3715 3731 3785 ipsius

2141 3790 2353 3859 generis
2378 3790 2594 3847 humani
2620 3796 2915 3863 opportuna
2938 3803 3097 3852 atate
3123 3796 3284 3853 homo
3321 3811 3596 3873 susceptus
3622 3813 3728 3863 est.

2497 3882 2659 3939 XLV.
2695 3884 2950 3941 Adversus
2977 3888 3372 3946 mathematicos.

2214 3975 2268 4030 1.
2306 3973 2424 4029 Νοιι
2448 3989 2543 4030 eos
2570 3976 2909 4046 appellarunt
2934 3978 3340 4037 mathematicos
3379 3993 3612 4055 veteres,
3638 3990 3730 4059 qui

2144 4079 2286 4120 nunc
2312 4065 2681 4135 appellantur;
2715 4066 2811 4122 sed
2851 4068 2971 4124 illos
2996 4070 3086 4139 qui
3134 4079 3431 4142 temporum
3475 4086 3731 4138 numeros

2144 4163 2293 4210 motu
2317 4155 2439 4210 caeli
2467 4171 2531 4210 ac
2573 4155 2807 4211 siderum
2853 4160 3295 4230 pervestigarunt,
3329 4163 3395 4219 dc
3420 4166 3610 4235 quibus
3638 4180 3729 4225 re—

2144 4243 2381 4297 ctissime
2406 4244 2601 4299 dicitur
2638 4246 2692 4300 in
2723 4246 3009 4317 Scripturis
3038 4252 3236 4307 sanctis
3267 4271 3279 4307 :
3308 4253 3505 4311 Iterum
3533 4275 3625 4313 nec
3646 4261 3730 4316 Itis

2145 4335 2285 4390 debet
2307 4336 2518 4406 ignosci.
2560 4337 2621 4392 Si
2649 4340 2781 4393 enim
2815 4350 3010 4395 tantum
3047 4352 3317 4415 potuerunt
3341 4350 3485 4415 scire,
3513 4359 3568 4405 ut
3605 4362 3729 4423 pota

2144 4428 2518 4485 sentwstimare
2544 4430 2785 4484 circulum
2802 4446 2823 4495 ;
2851 4435 3102 4502 quomodo
3130 4436 3282 4507 hujus
3320 4439 3593 4497 Dominum
3627 4454 3731 4501 non

2144 4519 2345 4589 facilius
2380 4520 2673 4575 invenerunt
2715 4520 2866 4593 (Sap.
2910 4541 3021 4592 xui,
3056 4527 3109 4591 8,
3142 4526 3237 4599 9)?
3281 4529 3426 4586 Mens
3454 4534 3596 4589 enim
3626 4536 3734 4591 hu-

2145 4626 2302 4667 mana
2326 4611 2395 4667 de
2414 4612 2709 4671 visibilibus
2731 4615 2997 4685 judicans,
3026 4628 3201 4689 potest
3237 4632 3525 4693 agnoscere
3548 4631 3729 4686 omnis

2145 4701 2245 4759 bus
2271 4702 2568 4760 visibilibus
2611 4721 2668 4761 se
2704 4707 2872 4777 ipsam
2901 4724 3021 4765 esse
3056 4710 3351 4770 meliorem.
3397 4718 3526 4787 Qua:
3552 4728 3733 4781 tamen

2146 4809 2265 4849 cum
2294 4796 2458 4851 etiam
2482 4812 2540 4851 se
2579 4806 2795 4868 pr0pter
2820 4799 3085 4856 defectum
3132 4806 3527 4881 profectumque
3557 4815 3611 4869 in
3641 4829 3734 4872 sa-

2146 4886 2343 4956 pientia
2367 4889 2559 4943 fatetur
2577 4904 2716 4957 esse,
2750 4892 3079 4959 mutabilem,
3106 4896 3307 4954 invenit
3331 4914 3489 4973 supra
3521 4916 3580 4961 se
3613 4914 3733 4964 esse

2146 4977 2628 5035 incommutabilem
2664 4982 2941 5039 veritatem
2974 5003 2987 5039 :
3018 4994 3178 5057 atque
3206 4991 3276 5044 ita
3307 4994 3585 5051 adhaerens
3610 4998 3734 5069 post

2147 5071 2337 5140 ipsam,
2367 5072 2503 5127 sicut
2526 5072 2723 5128 dictum
2753 5083 2855 5142 est,
2907 5078 3131 5134 Adhaesit
3169 5084 3339 5138 animo
3374 5096 3485 5141 mea
3531 5092 3642 5157 post
3686 5090 3735 5145 te

2151 5160 2318 5232 (Psal.
2350 5178 2475 5230 an,
2504 5162 2598 5234 9);
2630 5165 2778 5221 beata
2820 5169 3066 5237 efﬁcitur,
3098 5172 3416 5230 intrinsecus
3455 5177 3734 5237 inveniens

2146 5254 2305 5309 etiam
2331 5255 2568 5310 omnium
2591 5256 2873 5313 visibilium
2898 5258 3204 5315 Creatorem
3230 5272 3390 5331 atque
3414 5266 3729 5339 Dominum;

2146 5362 2250 5400 non
2277 5362 2520 5415 quaerens
2548 5350 2879 5407 extrinsecus
2907 5353 3149 5418 visibilia,
3191 5358 3431 5423 quamvis
3454 5360 3732 5420 caelestia!

2146 5453 2264 5506 quae
2281 5447 2371 5491 aut
2386 5453 2489 5491 non
2511 5440 2866 5507 inveniuntur,
2880 5452 2971 5496 ant
2985 5458 3105 5498 cum
3127 5461 3316 5517 magno
3336 5445 3516 5506 laboro
3532 5452 3735 5511 frustra

2148 5527 2506 5596 inveniuntur,
2523 5531 2621 5585 nisi
2639 5548 2703 5586 ex
2716 5547 2896 5587 eorum
2910 5550 3029 5604 qua:
3042 5534 3170 5592 foris
3185 5548 3307 5593 sunt
3320 5541 3737 5616 pulchritudine,

2211 5682 2227 5713 ι
2248 5690 2347 5729 Duo
2364 5688 2490 5741 Mss,
2514 5685 2962 5795 twtquamgﬂublicis
2994 5688 3273 5743 utilitatibus
3291 5692 3510 5747 malit.

2212 5741 2284 5795 (al
2315 5748 2352 5795 ll
2374 5750 2576 5795 Retract.
2597 5758 2702 5795 can.

2212 5741 2284 5809 (α)
2315 5748 2352 5795 ll
2374 5750 2576 5796 Retract.
2597 5741 2702 5808 cap.
