4134 6208
297 352 367 416 29
412 336 419 337 “
1290 336 1293 341 ’
1336 302 1345 315 ’
1709 334 1910 396 Libuit
1952 334 2143 399 usus.
2198 340 2205 343 ‘

297 462 590 536 Inveniatur
616 460 814 530 tuth
862 460 953 544 qui
992 462 1134 527 intus
1181 470 1285 534 est,
1327 468 1382 524 et
1434 465 1578 538 prliis
1603 464 1658 520 in
1699 464 1876 520 anima

298 569 611 642 superiores,
631 565 894 622 deindein
917 577 1138 634 corpore
1164 558 1442 617 inferiores
1459 555 1880 631 pulchritudines

299 667 565 732 operatur.

355 740 411 807 ἓ.
455 748 727 805 Adversus
769 748 863 803 eos
891 748 1068 802 autem
1099 743 1188 816 qui
1230 744 1373 798 ituiic
1401 740 1739 813 appellantur
1766 744 1882 795 lna-

301 841 834 908 tliematici,volentes
850 840 1001 894 actus
1017 845 1228 892 nostros
1243 832 1556 904 corporibus
1570 830 1879 888 cmle'stibus

300 920 539 999 subdere,
582 942 639 988 et
668 942 767 986 nos
810 926 1043 986 vendere
1077 926 1268 995 'stellis,
1302 924 1582 997 ipsumque
1608 918 1836 994 pretium
1859 962 1875 988 ,

301 1032 397 1098 quo
419 1020 719 1092 vendimur,
758 1032 789 1078 a
816 1020 972 1078 nobis
1009 1018 1269 1091 accipere,
1301 1004 1434 1072 nihil
1464 1016 1643 1072 verius
1681 1016 1734 1070 et
1758 1012 1879 1069 bre-

300 1121 410 1175 vius
437 1108 535 1172 diei
562 1124 756 1187 potest,
787 1128 945 1185 quam
969 1126 1063 1169 eos
1087 1122 1193 1167 non
1222 1106 1574 1180 respondere,
1600 1103 1704 1161 nisi
1727 1106 1881 1160 acce-

302 1208 399 1283 ptis
458 1205 976 1265 eonsiellationibus.
1044 1198 1103 1259 in
1157 1197 1650 1259 constellationibus
1700 1198 1877 1251 autem

300 1296 465 1358 notari
516 1304 714 1371 partes,
769 1286 997 1367 quaies‘
1053 1292 1317 1350 trecentas
1367 1291 1639 1363 sexaginta
1692 1286 1877 1344 dicunt

302 1388 496 1448 habere
530 1388 839 1460 signiferum
869 1384 1124 1441 circulum
1158 1401 1173 1439 :
1202 1384 1402 1438 motum
1428 1389 1605 1437 autem
1633 1378 1755 1435 cteli
1783 1380 1879 1448 per

300 1488 456 1539 unam
505 1474 685 1535 lteram
733 1477 848 1533 lierl
892 1476 947 1531 in
975 1474 1274 1547 quindecim
1316 1470 1575 1543 partibus,
1626 1472 1687 1524 ut
1734 1468 1879 1524 tanta

302 1580 451 1630 mura
477 1556 767 1642 quindecim
813 1568 989 1639 partes
1029 1565 1286 1631 oriantur,
1318 1569 1569 1634 quantam
1599 1564 1745 1616 tenet
1768 1566 1875 1614 una

302 1665 453 1720 liora.
494 1663 616 1732 Quae
640 1664 821 1733 partes
862 1656 1081 1730 singulae
1111 1654 1382 1726 sexaginta
1410 1650 1640 1709 minutas
1686 1651 1880 1707 habere

300 1756 559 1810 dicuntur.
588 1746 814 1808 Minutas
852 1750 1032 1808 autem
1061 1748 1383 1804 minutarum
1424 1744 1534 1817 jam
1565 1743 1616 1801 in
1647 1740 1880 1801 constet-

301 1834 606 1912 latinuibus,
639 1845 707 1901 de
735 1843 926 1914 quibus
952 1839 1127 1897 futura
1155 1834 1443 1910 praedicere
1462 1848 1521 1893 se
1544 1834 1745 1903 dicunt,
1774 1850 1881 1891 non

302 1926 605 2000 inveniunt;
630 1938 921 2003 conceptus
943 1937 1117 1986 autem
1148 1928 1481 2001 geminorum
1502 1922 1752 1998 quoniam
1771 1934 1878 1981 uno

301 2026 575 2084 concubitu
620 2020 850 2081 efﬁcitur
874 2065 887 2087 ,
932 2020 1303 2077 atteStantibus
1345 2015 1569 2075 medicis
1592 2060 1608 2086 ,
1654 2026 1878 2090 querum

304 2112 568 2190 disciplina
612 2112 783 2171 multo
828 2120 911 2170 est
950 2108 1145 2169 certior
1189 2119 1347 2183 atque
1390 2104 1738 2176 manil‘eistior,
1772 2108 1878 2164 tam

300 2212 459 2282 parvo
499 2206 699 2279 puncto
728 2200 983 2275 temporis
1008 2203 1290 2273 contingit,
1320 2202 1379 2257 ut
1409 2196 1463 2257 in
1489 2201 1621 2257 duas
1650 2200 1882 2256 minutas

299 2300 617 2355 minutarum
648 2306 757 2365 non
784 2292 1049 2351 tendatur.
1080 2290 1233 2348 Unde
1257 2300 1383 2362 ergo
1410 2293 1461 2346 in
1487 2290 1713 2362 geminis
1736 2294 1881 2344 tanta

246 2406 251 2411 ·
299 2386 579 2445 diversitas
618 2386 912 2453 actionum,
966 2388 1020 2440 et
1060 2388 1369 2449 eventuum,
1417 2382 1472 2437 et
1499 2381 1827 2436 voluntatum
1863 2422 1877 2447 ,

301 2488 433 2551 quos
455 2484 677 2534 necesse
706 2485 787 2531 est
807 2473 1050 2531 eamdem
1081 2472 1543 2529 eonsteilatinnem
1573 2471 1881 2540 conceptio-

298 2568 470 2625 naiem
494 2568 711 2629 habere,
735 2572 789 2620 et
807 2563 1084 2619 amborum
1108 2570 1264 2617 unam
1287 2560 1744 2616 constellationem
1768 2560 1880 2616 dari

298 2656 674 2718 mathematice
697 2658 739 2722 ‘.
768 2660 1019 2727 tanquam
1048 2655 1209 2710 unius
1232 2650 1503 2708 hominist
1526 2652 1581 2709 Si
1607 2661 1782 2707 autem
1811 2650 1878 2707 ad

296 2748 554 2824 genitales
585 2740 606 2782 ⁸
650 2747 1085 2804 constellationes
1108 2754 1168 2801 se
1208 2748 1390 2801 tenere
1430 2743 1709 2807 Voluerint,
1756 2742 1884 2813 ipsis

297 2840 520 2913 géminls
544 2836 922 2905 etcludnnlur,
951 2839 1041 2908 qui
1073 2837 1386 2907 plerumque
1412 2834 1483 2890 ita
1516 2842 1634 2905 post
1659 2834 1884 2889 invicem

300 2928 593 2989 tunduntur
640 2938 707 2986 ex
754 2936 926 2993 utero,
976 2935 1034 2982 ut
1083 2926 1185 2981 hoc
1237 2926 1491 2994 temporis
1543 2922 1881 2979 intervallum

296 3028 483 3081 rursus
526 3022 593 3078 ati
621 3023 851 3077 minutas
890 3018 1213 3075 minutarum
1246 3024 1561 3083 revertatur,
1600 3020 1734 3087 quas
1776 3022 1882 3071 traa

298 3112 517 3172 claudas
551 3117 604 3170 in
632 3102 1125 3169 constellationiltiis
1154 3114 1422 3179 nunquam
1467 3108 1753 3178 accipiunt,
1784 3116 1884 3163 nec

299 3214 519 3279 possunt
548 3212 797 3261 tractare.
838 3202 973 3259 Cum
1003 3204 1177 3257 autelii
1209 3200 1375 3255 milita
1416 3202 1540 3255 rem
1572 3204 1663 3253 eos
1687 3197 1882 3268 praedis

298 3299 438 3354 xisse
462 3291 692 3360 dicatur,
735 3294 854 3350 ideo
894 3294 972 3360 nt,
999 3294 1121 3364 quia
1147 3294 1253 3346 non
1284 3294 1466 3346 tenent
1495 3289 1740 3344 homines
1765 3294 1881 3345 me.

295 3384 464 3446 mni-ia
492 3380 747 3444 falsitates
773 3394 1089 3456 erroresque
1110 3388 1334 3439 eorum:
1380 3381 1474 3438 sed
1501 3384 1611 3435 non
1652 3378 1839 3436 intenti
1866 3410 1881 3449 ε

296 3475 394 3537 nisi
423 3474 478 3535 in
504 3492 568 3536 ea
598 3488 716 3549 qum
747 3477 953 3533 illorum
982 3475 1253 3545 responsis
1284 3472 1644 3545 provenerint,
1671 3478 1734 3527 en
1760 3478 1881 3542 quae

295 3587 403 3629 non
429 3571 772 3644 provenerint
796 3568 1177 3624 obliviscuntur
1210 3584 1221 3619 :
1252 3572 1303 3619 et
1333 3580 1394 3619 ea
1439 3560 1881 3629 commemorant,

296 3668 419 3734 quae
444 3668 546 3718 non
577 3666 694 3717 arte
715 3656 823 3726 illa,
850 3668 969 3728 quze
995 3657 1135 3712 nulla
1159 3663 1262 3721 est,
1294 3650 1383 3711 sed
1406 3654 1631 3726 quadam
1658 3654 1884 3710 obscura

296 3764 477 3809 rerum
505 3763 650 3807 sorte
680 3750 1010 3819 contingunt.
1051 3746 1204 3815 Quod
1234 3747 1279 3801 si
1313 3746 1513 3816 peritia?
1544 3745 1754 3800 illorum
1785 3752 1883 3799 vo:

294 3844 411 3899 lunt
432 3843 685 3905 tribuere,
710 3840 888 3895 dicant
908 3836 1191 3892 artiﬁciose
1213 3836 1448 3891 divinare
1469 3836 1626 3889 etiam
1648 3842 1885 3890 mortuas

294 3936 635 3995 membranas
658 3938 882 4005 scriptas
922 3930 1204 4003 quaslibet,
1237 3930 1303 3986 de
1342 3930 1531 4000 quibus
1571 3930 1882 3999 plerumque

297 4028 679 4103 provoluntate
706 4044 823 4083 sors
844 4026 969 4081 exit.
1003 4024 1154 4092 Quod
1185 4023 1226 4078 si
1250 4032 1354 4077 non
1381 4029 1494 4076 arte
1521 4018 1587 4076 de
1607 4019 1881 4075 codicibus

297 4122 407 4178 e‘xit
434 4134 578 4192 saepe
607 4132 793 4174 versus
835 4118 1004 4171 futura
1037 4113 1420 4185 praenuntiam,
1462 4110 1589 4180 quid
1618 4110 1809 4164 mirum
1837 4108 1882 4163 si

297 4212 457 4267 etiam
487 4224 553 4268 ex
598 4209 776 4264 animo
820 4206 1101 4277 loquentis,
1151 4212 1256 4259 non
1298 4210 1432 4268 arte,
1466 4199 1561 4256 Sed
1604 4200 1749 4255 ani-te
1775 4197 1883 4254 exit

297 4284 471 4376 aliqua
502 4301 775 4374 praedictio
804 4296 1142 4355 lltttlrnrum?
1762 4314 1767 4319 ε

849 4382 1033 4444 XLVl.
1076 4384 1151 4441 De
1177 4384 1322 4457 ideis.

369 4484 423 4541 l.
463 4482 615 4539 ldeas
660 4484 807 4538 Plato
835 4481 1035 4552 primus
1064 4480 1357 4549 appellasse
1402 4464 1713 4546 perhibetur
1752 4471 1833 4546 (α)
1864 4490 1879 4530 :

296 4585 608 4631 nontamen
653 4574 698 4629 si
726 4574 825 4628 hoc
852 4584 1044 4627 nomen
1071 4578 1350 4641 antequam
1389 4566 1502 4638 ipse
1540 4564 1878 4634 institueret,

297 4676 404 4719 non
431 4668 566 4729 erat,
598 4663 719 4719 ideo
743 4658 825 4718 vel
849 4670 935 4717 res
965 4656 1091 4732 ipsa:
1117 4672 1221 4715 non
1250 4662 1421 4723 erant,
1452 4662 1582 4729 quas
1612 4656 1757 4712 ideas
1782 4662 1881 4711 vos

296 4754 457 4823 cavit,
489 4756 571 4813 vel
597 4772 627 4811 a
672 4752 819 4811 nullo
849 4763 998 4809 erant
1043 4750 1360 4816 intellectas;
1390 4746 1482 4806 sed
1510 4747 1615 4805 alio
1659 4750 1882 4804 fortasse

294 4856 457 4919 atque
484 4849 587 4903 alio
607 4844 821 4902 nomine
843 4846 909 4900 ab
934 4842 1048 4898 aliis
1073 4852 1230 4914 atque
1260 4838 1377 4896 aliis
1404 4842 1716 4910 nuncupatzc
1735 4842 1878 4896 sunt.

294 4938 451 4994 Licet
489 4938 626 4993 enim
657 4936 848 5006 cuique
886 4937 963 4990 rei
1001 4933 1278 5005 incognita:
1306 4931 1349 4999 ⁸,
1382 4940 1500 5002 quae
1538 4930 1738 4985 nullum
1781 4927 1880 4985 ha:-

294 5030 418 5085 beat
466 5030 715 5084 usitatum
765 5030 983 5086 nomen.
1024 5024 1289 5095 quodlibet
1340 5028 1533 5077 nomen
1581 5020 1876 5090 imponere.

296 5122 429 5176 Nam
460 5138 564 5176 non
605 5132 687 5175 est
730 5110 1038 5181 verisimile,
1071 5116 1332 5186 sapientes
1376 5116 1465 5170 adt
1513 5113 1687 5169 nullos
1718 5113 1881 5168 misse

294 5222 419 5266 ante
446 5210 757 5276 Platonem;
804 5216 888 5265 adt
926 5207 1052 5262 latas
1079 5216 1210 5277 quas
1237 5198 1405 5271 Plato,
1439 5212 1497 5257 ut
1526 5198 1725 5258 ditium
1754 5209 1836 5256 est
1860 5236 1875 5269 ι

295 5302 445 5356 ideas
466 5312 641 5367 vocat,
693 5306 1040 5370 quaecumque
1082 5304 1168 5351 res
1194 5298 1321 5361 sint,
1352 5304 1457 5349 non
1511 5290 1877 5363 intellexisse:

291 5394 554 5463 siquidem
582 5403 726 5448 tanta
769 5392 821 5445 in
852 5390 929 5444 eis
959 5390 1035 5443 vis
1075 5386 1429 5452 constituitur,
1462 5394 1518 5438 ut
1545 5383 1645 5439 nisi
1675 5382 1758 5439 his
1799 5382 1882 5437 in-

299 5486 471 5540 telleet
482 5486 523 5539 is
546 5483 756 5554 sapiens
776 5496 896 5537 esse
922 5496 1076 5534 nemo
1098 5478 1283 5548 possit.
1322 5474 1587 5530 Credibile
1609 5484 1690 5530 est
1717 5473 1878 5530 etiam

366 5577 384 5606 ¹
407 5577 478 5625 Sic
495 5583 597 5623 uss.
616 5572 736 5623 Editi
756 5585 898 5637 vero,
922 5574 1085 5637 partes
1103 5562 1328 5637 mortales,
1358 5573 1464 5637 etc.

365 5637 386 5667 ¹
409 5644 470 5685 Ita
485 5638 531 5685 in
546 5644 653 5686 Mss.
678 5638 729 5684 At
754 5633 802 5683 in
823 5628 1033 5690 excusis,
1053 5628 1173 5682 dare
1189 5628 1559 5681 mathematicos.

365 5692 387 5726 ³
406 5704 502 5746 Duo
519 5702 646 5757 3:35.,
668 5696 732 5745 ad
759 5693 957 5757 nativas.

363 5759 609 5819 {Quatuor
633 5753 762 5814 Mss,
786 5753 1004 5819 cognitae.

362 5810 440 5882 (ιι)
452 5821 548 5871 Lib.
571 5821 602 5871 7
624 5818 692 5870 de
705 5810 972 5878 civit."Dei,
991 5826 1098 5878 cap.
1121 5810 1199 5863 ΞΒ.

1984 463 2180 538 prater
2206 466 2462 527 Graeciam
2507 469 2674 529 fuisse
2717 472 2772 528 in
2801 472 2918 529 aliis
2957 460 3207 545 gestibus
3247 460 3570 546 apsumi
3610 476 3626 511 3

1983 560 2124 631 quod
2166 560 2325 616 etiam
2354 560 2502 619 Plato
2547 563 2661 633 ipse
2705 578 2812 620 non
2853 565 3025 621 solum
3064 563 3451 637 peregrinandi)
3477 568 3571 620 ιιιει

1982 655 2196 726 pientiae
2216 655 2549 725 perficienda:
2575 656 2742 729 gratia
2764 658 2893 714 satis
2914 666 3138 715 testatus
3162 664 3265 724 est,
3296 658 3390 716 sed
3408 657 3570 715 etiam

1984 748 2037 802 in
2062 740 2212 803 libris
2237 748 2346 803 suis
2386 756 2787 806 commemorat.
2816 750 2925 805 Hos
2952 764 3100 823 ergo,
3128 750 3177 807 sl
3202 750 3292 823 qui
3331 734 3566 815 luerunt;
3612 744 3619 753 ’

1984 853 2088 893 non
2120 837 2527 895 existimandum
2556 849 2639 895 est
2666 839 2812 898 ideas
2841 843 3134 913 ignorasse,
3178 838 3421 914 quamvis
3466 834 3572 899 alio
3614 840 3621 871 ῖ

1984 930 2207 986 fortasse
2232 945 2323 986 eas
2344 931 2557 987 nomine
2574 933 2895 988 vocaverint.
2926 932 3029 990 Sed
3056 935 3122 989 de
3144 934 3359 990 nomine
3382 932 3577 989 hante!
3612 936 3623 1009 _'

1985 1016 2086 1076 mis
2124 1020 2322 1078 dictum
2354 1022 2424 1078 sit
2456 1040 2469 1078 :
2500 1038 2613 1079 rem
2653 1024 2944 1091 videamus,
2993 1040 3112 1096 qum
3139 1024 3371 1080 maxime
3394 1023 3573 1080 constt

1984 1113 2217 1170 deranda
2242 1122 2401 1185 atque
2439 1114 2708 1171 noscenda
2733 1124 2835 1181 est,
2875 1116 2929 1171 in
2964 1124 3228 1186 potestate
3269 1100 3572 1173 constitutis
3610 1140 3619 1148 ο

1983 1202 2273 1269 vocabulis,
2302 1204 2525 1280 utquod
2554 1205 2697 1261 volet
2728 1206 2973 1277 quisque,
3002 1206 3232 1279 appellet
3270 1212 3385 1264 rem
3410 1208 3570 1279 quam

1985 1295 2311 1366 cognoverit.

2054 1386 2110 1441 2.
2149 1386 2301 1443 ldeas
2359 1387 2516 1458 igitur
2561 1386 2723 1445 latine
2776 1396 3060 1457 possumus
3104 1388 3190 1444 vel
3237 1376 3438 1444 lbrmatl
3484 1378 3570 1444 Vel

1984 1478 2192 1550 species
2217 1479 2415 1545 dicere,
2450 1488 2507 1534 ut
2546 1480 2767 1535 verbum
2795 1493 2827 1534 e
2854 1479 3017 1536 verbo
3058 1479 3349 1538 transferre
3391 1478 3572 1537 videat

1986 1584 2123 1624 mur.
2155 1569 2210 1627 Si
2234 1579 2407 1626 autem
2434 1570 2667 1626 rationes
2688 1585 2779 1627 eas
2799 1584 3071 1637 vocemus,
3095 1570 3163 1627 ab
3183 1570 3566 1642 interpretandi

1986 1660 2201 1731 quidem
2230 1661 2554 1732 proprietate
2579 1661 2943 1729 discedimus;
2972 1662 3207 1720 rationes
3232 1662 3372 1719 enim
3396 1668 3572 1734 gmw

1986 1760 2114 1819 λόγοι
2146 1752 2499 1823 appellantur,
2528 1767 2635 1809 non
2676 1752 2812 1809 ideas
2839 1771 2853 1808 :
2879 1752 2975 1809 sed
3001 1762 3180 1810 tamen
3202 1752 3444 1825 quisquis
3470 1753 3574 1813 hoc
3603 1764 3617 1815 ζ

1986 1843 2240 1899 vocabulo
2263 1844 2339 1899 uti
2361 1844 2608 1910 voluerit,
2640 1858 2670 1898 a
2696 1860 2758 1901 re
2784 1845 2897 1915 ipsa
2938 1858 3044 1900 non
3064 1843 3331 1901 aberrabit
3354 1844 3395 1899 ιε
3433 1842 3574 1903 Sunt

1985 1948 2215 2005 namque
2254 1932 2389 1991 ideae
2418 1934 2735 2005 principales
2774 1933 2958 1990 formae
2982 1933 3246 2004 quaedam,
3277 1933 3360 1991 vei
3401 1934 3570 1992 ratio-
3612 1972 3615 1979 ι

1987 2037 2083 2080 nes
2128 2038 2307 2081 rerum
2337 2024 2555 2081 stabiles
2582 2031 2743 2094 atque
2770 2023 3248 2091 incommutabiles,
3293 2039 3413 2095 qua:
3441 2024 3574 2095 ipsa

1986 2112 2225 2171 formate
2239 2131 2346 2170 non
2361 2123 2505 2181 sunt,
2515 2130 2580 2171 ac
2595 2130 2691 2186 per
2710 2115 2813 2171 hoc
2830 2123 3045 2171 aeterna:
3064 2130 3130 2170 ac
3147 2130 3359 2184 semper
3381 2113 3576 2175 eodem

1985 2206 2147 2263 modo
2170 2220 2291 2262 sese
2317 2205 2594 2274 habentes,
2627 2220 2746 2276 quae
2781 2206 2835 2261 in
2860 2204 3039 2262 divina
3069 2205 3413 2276 intelligentia
3436 2220 3573 2262 cou-

1987 2298 2239 2353 tinentur.
2291 2296 2504 2353 Etcum
2531 2297 2659 2369 ipsa:
2697 2311 2870 2367 neque
2910 2297 3169 2362 oriantur,
3201 2310 3376 2367 neque
3402 2295 3572 2352 inter-
3602 2330 3610 2337 -

1987 2397 2110 2444 eant
2132 2404 2148 2453 ;
2174 2387 2463 2444 secundum
2489 2402 2581 2443 eas
2602 2396 2777 2442 tamen
2806 2385 3025 2442 formari
3043 2384 3238 2442 dicitur
3250 2399 3410 2441 omne
3423 2382 3569 2457 quod
3602 2421 3608 2427 -

1987 2478 2113 2534 oriri
2143 2487 2198 2533 et
2225 2479 2443 2534 interire
2459 2487 2652 2548 potest,
2678 2486 2733 2535 et
2759 2493 2918 2534 omne
2936 2477 3079 2549 quod
3095 2478 3265 2534 oritur
3287 2486 3342 2534 et
3372 2477 3576 2545 interit.

1987 2568 2178 2623 Anima
2209 2584 2333 2624 vero
2358 2577 2579 2639 negatur
2602 2582 2694 2623 eas
2722 2567 2915 2623 intueri
2941 2582 3120 2639 posse,
3151 2567 3257 2625 nisi
3275 2568 3574 2646 rationalis,

1988 2674 2050 2714 ea
2097 2660 2176 2714 sui
2218 2668 2366 2730 parte
2394 2676 2495 2731 qua
2540 2659 2773 2726 excellit,
2822 2659 2874 2714 id
2921 2667 3003 2717 est
3043 2660 3157 2730 ipsa
3196 2668 3377 2716 mente
3416 2669 3578 2731 atque

1987 2751 2212 2816 ratione,
2243 2754 2391 2823 quasi
2440 2750 2667 2824 quadam
2710 2751 2843 2810 facie
2880 2750 2964 2808 vel
3005 2752 3158 2809 oculo
3198 2768 3295 2810 suo
3323 2742 3606 2821 interiore,

1988 2852 2145 2927 atque
2170 2842 2501 2927 intelligibili.
2544 2844 2611 2901 Et
2637 2861 2697 2902 ea
2719 2845 2933 2916 quidem
2963 2842 3075 2919 ipsa
3095 2836 3370 2904 rationalis
3392 2834 3574 2927 anima

1989 2924 2093 2990 nun
2121 2935 2293 2990 omnis
2317 2926 2371 2990 et
2395 2935 2661 3006 quaelibet,
2683 2935 2778 2992 sed
2803 2951 2921 3007 qum
2945 2945 3126 2993 sancta
3154 2943 3208 2993 et
3230 2930 3363 3008 pura
3388 2924 3605 3007 fuerit,’

1990 3025 2104 3080 hare
2132 3018 2385 3081 asseritur
2426 3016 2500 3080 illi
2547 3024 2737 3081 visioni
2786 3041 2907 3083 esse
2952 3022 3184 3083 idonea:
3218 3020 3270 3083 id
3314 3036 3413 3094 est,
3455 3020 3578 3101 quat

1989 3118 2137 3174 illum
2181 3118 2352 3189 ipsum
2401 3110 2609 3174 oculum
2650 3135 2755 3189 quo
2799 3118 3046 3176 videntur
3093 3112 3215 3188 ista,
3264 3134 3475 3187 sanum,
3519 3106 3602 3176 et-

1989 3211 2274 3276 sincerum,
2320 3219 2374 3268 et
2418 3226 2689 3279 serenum,
2739 3222 2793 3266 et
2833 3210 3056 3267 similem
3108 3199 3194 3266 his
3240 3204 3401 3268 rebus
3444 3224 3579 3282 quas

1989 3300 2170 3358 videre
2212 3290 2453 3366 intendit,
2492 3294 2754 3357 habuerit.
2805 3301 2937 3371 Quis
2977 3309 3151 3358 autem
3197 3290 3478 3374 religiosus
3521 3286 3578 3359 et

1990 3408 2114 3449 vera
2157 3392 2409 3463 religione
2435 3393 2688 3460 imbutus,
2720 3392 2959 3463 quamvis
2989 3388 3227 3450 nondum
3264 3386 3433 3464 possit
3457 3384 3597 3453 haec

1989 3484 2204 3552 intueri,
2245 3482 2439 3555 negare
2484 3494 2661 3539 tamen
2690 3483 2899 3549 audeat,
2932 3482 3039 3539 imo
3079 3498 3184 3540 non
3211 3480 3371 3540 etiam
3409 3472 3600 3555 proli-5

1992 3584 2182 3644 teatur,
2212 3579 2388 3632 omnia
2430 3592 2549 3647 quas
2587 3585 2729 3639 sunt,
2778 3575 2829 3630 id
2869 3584 2971 3643 est,
3000 3590 3348 3647 quaecumque
3389 3570 3443 3632 in
3474 3566 3574 3634 suo

1988 3680 2184 3737 genere
2213 3666 2426 3737 propria
2454 3666 2680 3736 quadam
2713 3667 2902 3720 natura
2931 3664 3291 3733 continentur,
3322 3674 3380 3723 ut
3415 3664 3525 3721 silit
3549 3662 3599 3734 σῖ

1989 3757 2099 3812 Deo
2119 3766 2333 3812 auctore
2356 3773 2475 3813 esse
2501 3762 2797 3827 proereata,
2819 3761 2988 3827 eoque
3008 3765 3228 3813 auctore
3252 3756 3429 3813 omnia
3450 3769 3572 3826 quae

1990 3847 2173 3903 vivunt
2206 3848 2404 3912 vivere,
2437 3856 2595 3917 atque
2620 3847 2975 3902 universalem
3016 3862 3192 3902 rerum
3238 3844 3578 3902 incolumita-

1991 3947 2116 4004 tem,
2157 3938 2503 4008 ordinemque
2545 3938 2719 4008 ipsum
2748 3953 2853 4007 quo
2882 3951 2944 3991 ea
2973 3950 3092 4005 quae
3122 3943 3413 4007 mutantur,
3443 3950 3593 4008 suos.

1989 4022 2308 4090 temporales
2323 4036 2510 4077 cursus
2526 4029 2671 4073 certo
2689 4018 3049 4074 moderamine
3065 4018 3355 4084 celebrant,
3370 4018 3568 4078 summi
3586 4068 3591 4071 _

1989 4111 2081 4167 Dei
2114 4108 2315 4181 legibus
2358 4109 2620 4166 contineri
2662 4119 2715 4164 et
2755 4094 3083 4179 gubernari?
3130 4108 3246 4178 Quo
3286 4096 3576 4168 Constituto

1987 4210 2143 4273 atque
2170 4217 2443 4268 concesso,
2473 4201 2589 4271 quis
2615 4200 2805 4256 audeat
2832 4200 3009 4256 dicere
3035 4200 3201 4257 Deum
3230 4199 3587 4257 irrationahi-.

1987 4296 2108 4352 liter
2145 4296 2323 4351 omnia
2364 4294 2708 4350 condidisse?
2738 4293 2886 4361 Quod
2935 4293 2978 4348 si
3006 4301 3153 4350 recte
3179 4293 3284 4349 dici
3313 4292 3398 4371 vel
3422 4276 3592 4371 credi.

1988 4405 2092 4445 non
2123 4397 2314 4458 potest,
2345 4395 2511 4443 restat
2538 4395 2594 4442 ut
2615 4387 2791 4441 omnia
2819 4386 3022 4442 ratione
3047 4387 3155 4441 sint
3190 4366 3422 4442 condita.
3460 4366 3572 4442 Nec

1986 4481 2171 4537 eadem
2200 4481 2405 4536 ratione
2422 4479 2601 4545 homo,
2628 4494 2729 4549 qua
2757 4494 2924 4550 equus
2952 4496 2965 4533 :
2992 4478 3095 4535 hoc
3114 4479 3253 4535 enim
3276 4478 3567 4535 absurdum

1988 4582 2070 4630 est
2115 4572 2439 4630 existimare.
2482 4570 2697 4641 Singula
2741 4571 2900 4641 igitur
2945 4571 3172 4641 propriis
3220 4578 3344 4624 sunt
3386 4558 3587 4639 creata.

1987 4665 2298 4721 rationibus.
2340 4664 2446 4721 llas
2486 4671 2661 4718 autem
2689 4662 2923 4718 rationes
2951 4661 3041 4716 ubi
3083 4658 3446 4716 arbitrandum
3483 4665 3569 4715 est

1987 4772 2125 4826 esse,
2157 4757 2260 4813 nisi
2302 4756 2355 4812 in
2385 4757 2497 4826 ipsa
2528 4765 2705 4811 mente
2738 4753 3046 4811 Creatoris?
3092 4752 3207 4808 Non
3248 4751 3390 4807 enim
3416 4759 3566 4831 extra

1987 4863 2045 4904 se
2088 4848 2372 4919 quidquam
2417 4846 2647 4917 positum
2700 4844 3020 4921 intuebatur,
3068 4850 3126 4897 ut
3170 4839 3462 4921 secundum
3512 4836 3567 4895 id

1986 4941 2327 4996 constitueret
2353 4936 2495 5009 quod
2537 4934 2893 4992 constituebat
2923 4951 2936 4986 :
2968 4946 3089 4986 nam
3121 4929 3221 4987 hoc
3245 4920 3448 5000 opinari
3478 4942 3567 4984 sa-

1986 5030 2234 5102 crilegum
2262 5038 2362 5085 est.
2391 5024 2543 5096 Quod
2574 5028 2616 5082 si
2643 5026 2726 5080 bm
2752 5026 2930 5078 rerum
2955 5016 3190 5077 omnium
3210 5020 3561 5102 creandarum

1985 5099 2347 5177 creatarum've
2388 5117 2622 5173 rationes
2666 5115 2717 5169 in
2749 5112 2924 5168 divina
2969 5118 3146 5168 mente
3181 5099 3561 5180 continentur,

1972 5224 2158 5281 neque
2182 5212 2235 5264 in
2265 5206 2438 5263 divina
2467 5206 2643 5261 mente
2669 5203 2955 5276 quidquam
2986 5204 3086 5260 nisi
3116 5208 3372 5260 aeternum
3401 5208 3563 5273 atque

1984 5282 2411 5359 incommutabile
2435 5304 2610 5369 potest
2635 5302 2757 5352 es‘se
2781 5306 2796 5361 ;
2824 5282 2983 5368 atque
3008 5295 3104 5351 ba‘s
3121 5302 3300 5351 rerum
3325 5286 3568 5350 rationes

1984 5393 2303 5466 principales
2357 5390 2586 5461 appellat
2643 5389 2788 5445 ideas
2832 5389 3025 5444 Plato:
3057 5402 3160 5442 non
3209 5385 3380 5466 solum
3435 5391 3563 5439 sunt

1983 5464 2136 5549 ideae,
2165 5483 2258 5540 sed
2283 5484 2410 5553 ipsze
2435 5488 2575 5536 vera:
2599 5486 2740 5545 sunt,
2770 5476 2893 5549 quia
2919 5486 3135 5534 aeternae
3163 5464 3307 5541 sunt,
3337 5474 3392 5529 et
3411 5470 3560 5553 ejus-

1981 5578 2126 5634 modi
2150 5550 2319 5648 atque
2334 5572 2792 5630 incommutabiles
2820 5578 3071 5633 manent;
3101 5580 3326 5637 quarum
3356 5550 3561 5648 partial:

1983 5671 2194 5742 patione
2220 5644 2278 5722 iit
2302 5677 2357 5722 ut
2383 5668 2452 5722 sit
2476 5660 2728 5736 quidquid
2772 5668 2872 5728 est,
2900 5656 3275 5732 quoquomodo
3300 5654 3404 5712 est.
3448 5644 3559 5711 ΒΕ

2047 5804 2066 5838 ί
2089 5811 2267 5855 omnes
2281 5815 2436 5867 prope
2450 5809 2580 5865 Mss.
2601 5792 2892 5853 abiturum.

2318 5971 2343 5977 ας
2366 5968 2524 5980 ...φας’
