4134 6208
429 315 495 374 31
1158 311 1248 369 DE
1287 308 1603 370 DIVERSIS
1637 304 2158 380 QUrESTIONlBUS
2196 306 2479 377 LXXXIII,
2510 308 2567 366 S.
2609 310 2972 370 AUGUSTINI
3630 315 3698 371 δε

429 430 605 499 anima
648 427 924 486 rationalis
964 427 1105 484 inter
1130 442 1222 484 eas
1247 442 1336 483 res
1361 442 1479 498 quae
1524 434 1648 481 sunt
1676 440 1707 480 a
1734 425 1846 479 Deo
1881 437 2009 478 con-

431 519 578 589 ditae,
610 522 785 577 omnia
828 530 1080 592 superat;
1128 527 1180 575 et
1218 519 1329 574 Deo
1376 517 1609 587 proxima
1653 522 1755 579 est,
1801 512 2013 585 quando

431 626 564 683 pura
591 619 711 677 est;
743 611 897 683 eique
947 611 1000 667 in
1039 618 1294 681 quantum
1332 608 1588 662 charitate
1629 604 1929 670 cohaeserit,
1958 603 2015 657 in

432 709 639 773 tantum
665 703 732 759 ab
759 718 825 758 eo
851 703 1050 757 lumine
1078 701 1170 755 illo
1190 698 1510 770 intelligibili
1551 696 1761 768 perfusa
1787 694 2015 767 quodam

431 792 591 848 modo
634 803 687 849 et
716 794 971 849 illustrata
1004 791 1197 859 cernit,
1244 807 1347 847 non
1376 806 1471 861 per
1499 802 1782 858 corporeos
1810 787 2012 854 oculos,

431 882 528 939 sed
570 898 665 952 per
692 883 857 955 ipsius
885 884 966 940 sui
996 883 1307 953 principale,
1337 896 1441 952 quo
1467 880 1704 947 excellit,
1732 879 1785 934 id
1814 887 1897 934 est
1920 894 2017 948 per

433 972 835 1046 intelligentiam
884 990 1054 1041 suam,
1106 975 1232 1029 istas
1273 973 1530 1039 rationes,
1563 985 1786 1041 quarum
1810 969 2017 1026 visione

433 1066 495 1133 lit
514 1068 839 1125 beatissima.
862 1069 1004 1137 Quas
1024 1068 1277 1135 rationes,
1301 1074 1361 1122 ut
1380 1066 1578 1121 dictum
1594 1072 1697 1130 est,
1716 1063 1827 1118 sive
1844 1061 2012 1130 ideas,

433 1159 545 1216 sive
572 1160 788 1229 formas,
818 1161 929 1237 sive
959 1159 1188 1229 species,
1228 1158 1343 1213 sive
1370 1159 1602 1212 rationes
1629 1155 1755 1210 licet
1781 1168 1971 1209 vocare
1996 1193 2012 1219 ,

433 1261 488 1307 et
517 1252 697 1309 multis
722 1252 1032 1308 conceditur
1055 1251 1326 1323 appellare
1354 1249 1496 1322 quod
1523 1249 1653 1307 libet
1678 1250 1720 1318 ί,
1748 1248 1844 1304 sed
1886 1262 2017 1318 pau-

432 1344 661 1400 cissimis
689 1343 870 1400 videre
905 1343 1048 1416 quod
1078 1358 1258 1399 verum
1288 1352 1389 1399 est.

432 1454 641 1514 XLVII.
702 1456 883 1512 Utrum
928 1456 1200 1527 aliquando
1242 1456 1564 1528 cogitationes
1613 1464 1810 1510 nostras
1854 1452 2019 1508 videre

494 1588 497 1593 -
1091 1549 1360 1620 possimus.
1992 1568 1995 1571 ·

504 1640 681 1712 Quaeri
728 1641 865 1698 solet
900 1642 1168 1712 quomodo
1210 1650 1331 1713 post
1368 1641 1814 1697 resurrectionem
1859 1648 2020 1711 atque

433 1733 857 1790 immutationem
910 1733 1187 1804 corporis,
1237 1748 1357 1805 quae
1409 1733 1609 1789 sanctis
1658 1732 2015 1803 promittitur,

434 1828 785 1899 cogitationes
810 1836 1021 1883 nostras
1049 1826 1231 1883 videre
1256 1827 1541 1896 possimus.
1570 1827 1887 1896 Conjectura
1916 1825 2020 1880 ita-

433 1934 540 1992 que
579 1920 833 1992 capienda
871 1929 1039 1976 estex
1084 1935 1147 1976 ea
1195 1930 1343 1991 parte
1385 1919 1625 1990 corporis
1668 1918 1869 1980 nostri,
1899 1931 2018 1988 qua:

436 2012 556 2082 plus
589 2011 751 2069 habet
788 2012 953 2078 lucis;
985 2013 1232 2083 quoniam
1275 2011 1510 2082 angelica
1544 2024 1799 2081 corpora,
1844 2008 2018 2079 qualia

435 2115 536 2158 nos
574 2102 845 2159 habituros
882 2118 1192 2174 speramus,
1230 2102 1554 2158 lucidissima
1592 2110 1749 2172 atque
1787 2099 2017 2155 aetherea

435 2208 557 2249 esse
597 2194 918 2251 credendum
956 2203 1040 2251 est
1068 2194 1182 2267 (a):
1231 2195 1275 2249 si
1302 2209 1430 2265 ergo
1457 2194 1606 2249 multi
1649 2202 1822 2249 motus
1856 2192 2020 2247 animi

436 2284 604 2340 nostri
629 2271 771 2341 nunc
788 2295 1148 2357 agnoscuntur
1173 2286 1224 2340 in
1253 2286 1443 2352 oculis,
1471 2284 1746 2356 probabile
1768 2293 1851 2339 est
1877 2283 2019 2354 quod

437 2377 615 2433 nullus
641 2386 818 2434 motus
853 2380 1015 2433 animi
1042 2378 1263 2444 latebit,
1294 2393 1416 2434 cum
1448 2387 1615 2433 totum
1645 2377 1799 2432 fuerit
1825 2389 2021 2445 corpus

437 2465 748 2537 mthereum,
780 2468 833 2524 in
855 2469 1009 2539 cujus
1031 2469 1429 2539 comparatione
1455 2469 1541 2524 isti
1566 2468 1706 2524 oculi
1731 2482 1856 2524 caro
1875 2474 2017 2523 sunt.

875 2578 1103 2635 XLVIII.
1146 2578 1222 2635 De
1245 2580 1583 2635 credibilibus.

512 2673 853 2730 Credibilium
876 2674 973 2729 tria
999 2683 1122 2729 sunt
1143 2690 1357 2746 genera.
1381 2675 1495 2729 Alia
1521 2683 1644 2730 sunt
1669 2689 1785 2744 quae
1807 2688 2020 2745 semper

439 2764 750 2831 creduntur,
780 2773 834 2820 et
853 2780 1118 2835 nunquam
1151 2764 1550 2835 intelliguntur:
1582 2766 1717 2821 sicut
1745 2774 1829 2821 est
1847 2766 2021 2821 omnis

441 2850 697 2923 historia,
747 2856 1056 2926 temporalia
1103 2864 1158 2910 et
1207 2854 1435 2910 humana
1489 2864 1636 2925 gesta
1680 2870 2018 2926 percurrens.

441 2947 557 3003 Alia
581 2963 700 3020 qua:
723 2963 865 3014 mox,
896 2956 954 3004 ut
975 2947 1286 3015 creduntur,
1310 2948 1709 3020 intelliguntur:
1743 2949 1879 3005 sicut
1897 2957 2022 3003 sunt

442 3052 632 3096 omnes
656 3042 891 3097 rationes
919 3040 1186 3105 humanm,
1217 3042 1300 3098 vel
1326 3040 1393 3097 de
1422 3043 1678 3109 numeris,
1711 3040 1793 3096 vel
1817 3040 1883 3096 de
1906 3041 2025 3112 qui-

442 3130 678 3189 buslibet
701 3133 1013 3205 disciplinis.
1045 3133 1282 3192 Tertium
1304 3175 1319 3202 ,
1357 3149 1475 3204 qua).
1501 3134 1672 3205 primo
1699 3132 1989 3188 creduntur
2008 3174 2024 3197 ,

443 3230 500 3303 et
528 3233 708 3295 postea
736 3224 1135 3296 intelliguntur:
1167 3225 1341 3297 qualia
1365 3234 1488 3280 sunt
1512 3240 1574 3280 ea
1601 3240 1722 3296 quae
1744 3223 1811 3280 de
1832 3223 2025 3279 divinis

342 3338 349 3347 ε
444 3314 605 3373 rebus
642 3332 749 3373 non
785 3327 1004 3388 possunt
1042 3317 1296 3388 intelligi,
1323 3318 1425 3371 nisi
1462 3317 1532 3373 ab
1574 3316 1660 3372 his
1698 3317 1785 3387 qui
1825 3315 2025 3372 mundo

445 3414 571 3464 sunt
596 3409 790 3475 corde;
818 3409 961 3481 quod
989 3410 1047 3465 tit
1073 3410 1353 3481 praeceptis
1378 3409 1623 3476 servatis,
1651 3424 1772 3480 quae
1798 3409 1867 3466 de
1891 3408 2027 3465 bene

445 3500 673 3557 vivendo
698 3501 1049 3572 accipiuntur.

446 3633 634 3693 XLIX.
675 3637 845 3704 Quare
870 3638 969 3707 ﬁlii
1003 3636 1170 3693 Israel
1193 3637 1545 3708 sacriﬁcabant
1584 3637 1841 3695 visibiliter
1876 3653 2028 3710 peco-

482 3750 487 3777 τ
1033 3747 1146 3786 runt
1172 3732 1398 3787 victimas
1417 3734 1443 3786 .9

518 3840 651 3910 Quia
674 3850 799 3898 sunt
821 3842 981 3899 etiam
1007 3856 1156 3900 saera
1181 3844 1494 3914 spiritualia,
1527 3859 1751 3916 quorum
1776 3843 2032 3915 imagines

448 3934 715 3990 carnalem
739 3935 994 4007 populum
1018 3936 1291 3992 celebrare
1318 3936 1615 4007 oportebat,
1648 3945 1706 3992 ut
1723 3936 2032 4007 prtefigura—

451 4022 527 4079 tio
554 4025 678 4081 novi
724 4024 905 4096 populi
949 4027 1204 4083 servitute
1241 4027 1438 4082 veteris
1484 4027 1635 4083 ﬁeret
1664 4027 1763 4098 (b).
1796 4028 2030 4095 Quorum

450 4111 675 4169 duorum
713 4114 1028 4184 populorum
1053 4114 1405 4170 differentiam
1441 4119 1600 4171 etiam
1628 4118 1680 4171 in
1715 4132 2034 4187 unoquoque

451 4214 692 4261 nostrum
718 4205 843 4262 licet
867 4205 1163 4273 advertere,
1192 4221 1312 4262 cum
1338 4208 1561 4278 quisque
1581 4209 1649 4263 ab
1675 4219 1826 4266 utero
1850 4212 2034 4265 matris

450 4305 685 4353 veterem
723 4296 990 4354 hominem
1029 4313 1245 4355 necesse
1271 4308 1354 4354 est
1378 4307 1536 4369 agat,
1558 4298 1729 4355 donec
1764 4301 1941 4355 veniat
1969 4300 2035 4355 ad

451 4385 736 4458 iuvenilem
758 4396 1004 4455 :etatcm;
1035 4388 1123 4443 ubi
1146 4388 1255 4459 jam
1284 4403 1387 4444 non
1414 4396 1497 4444 est
1517 4402 1735 4445 necesse
1756 4390 2037 4445 carnaliter

454 4491 666 4548 sapere,
695 4479 789 4535 sed
825 4485 1001 4549 potest
1046 4478 1112 4533 ad
1141 4479 1433 4549 spiritualia
1468 4479 1739 4535 voluntate
1763 4486 1996 4536 converti
2017 4523 2034 4548 ,

454 4578 510 4625 et
535 4568 856 4628 intrinsecus
895 4571 1220 4643 regenerari.
1252 4570 1404 4638 Quod
1431 4586 1559 4643 ergo
1602 4572 1657 4626 in
1685 4587 1791 4627 uno
1820 4572 2036 4629 homine

454 4668 602 4717 recte
619 4660 865 4729 educato,
887 4662 1074 4718 ordine
1088 4670 1290 4718 natura:
1310 4661 1692 4734 disciplinaque
1717 4663 1973 4734 contingit
1990 4666 2033 4732 ',

457 4750 561 4808 hoc
589 4755 932 4825 proportione
958 4753 1011 4809 in
1046 4752 1295 4809 universo
1323 4767 1518 4825 genere
1543 4752 1775 4808 humano
1800 4752 1913 4809 ﬁeri
1944 4768 2039 4824 per

454 4841 688 4902 divinam
717 4846 1104 4919 providentiam
1124 4887 1141 4912 ,
1171 4845 1456 4917 peragique
1478 4844 1894 4916 pulcherrimum
1933 4852 2035 4901 est.

915 4960 978 5016 L.
1018 4959 1096 5016 De
1120 4958 1403 5033 aqualitate
1430 4956 1574 5014 Filii.

490 5129 497 5135 ,
526 5070 693 5137 Deus,
721 5085 878 5141 quem
904 5073 1106 5142 genuit,
1128 5072 1379 5144 quoniam
1403 5070 1680 5127 meliorem
1701 5084 1760 5127 se
1786 5084 2041 5142 generare

457 5178 566 5220 non
587 5163 758 5234 potuit
786 5161 957 5230 (nihil
983 5162 1129 5219 enim
1154 5164 1266 5220 Deo
1291 5163 1555 5234 melius),
1583 5176 1841 5235 generare
1858 5160 2044 5218 debuit

458 5255 743 5327 aequalem.
766 5253 825 5312 Si
849 5253 993 5310 enim
1021 5254 1209 5322 voluit,
1237 5265 1292 5311 et
1313 5271 1418 5313 non
1445 5256 1635 5328 potuit,
1664 5254 1907 5311 inﬁmus
1925 5262 2038 5311 est:

438 5452 449 5455 τ
522 5434 640 5505 ξβίε
656 5429 881 5505 plerique
902 5436 1012 5482 Mss.
1034 5428 1360 5505 editi-autem,
1390 5437 1439 5483 et
1454 5432 1619 5485 multis
1648 5429 1923 5483 conceditur
1955 5444 2043 5496 ap-

463 5490 645 5557 pellare
659 5490 950 5551 mnibus.
975 5493 1081 5553 sed,
1104 5499 1200 5541 etc.
1346 5490 1355 5493 ’
1985 5490 1997 5496 ’

477 5615 492 5628 ¹
526 5556 548 5587 ³
571 5555 1062 5628 Fossatensischex,
1097 5552 1651 5628 natura
1680 5553 1796 5620 agit.
1830 5554 1918 5605 Alii
1939 5557 2046 5618 qui-

460 5615 592 5676 dam,
614 5622 804 5667 mum
819 5615 1179 5681 disciplinaque
1193 5615 1435 5680 contingit;

522 5698 598 5825 83
628 5699 1187 5825 ὃ
1206 5698 1476 5825 ἓὼῆἀάϐε
1491 5701 1627 5753 Civit.
1650 5703 1737 5754 Del
1753 5738 1768 5766 ,
1793 5715 1899 5769 cap.
1921 5698 2000 5754 ω.

2126 422 2174 476 si
2199 422 2389 492 potuit,
2412 432 2465 477 et
2490 438 2597 479 non
2620 424 2806 489 voluit,
2833 425 3043 481 invidus
3063 431 3164 481 est.
3190 424 3273 480 Ex
3295 439 3400 498 quo
3423 425 3702 483 coniicitur

2123 514 2384 583 aequalem
2413 516 2661 585 genuisse
2690 516 2903 572 Filium.
3083 574 3086 576 γ
3168 576 3172 580 _

2120 603 2204 659 LI.
2247 604 2322 659 De
2347 606 2545 661 homine
2568 612 2704 678 [acto
2728 608 2797 661 ad
2820 609 3088 680 imaginem
3110 619 3157 665 et
3180 610 3556 666 similitudinem
3580 608 3695 669 Dei.

2193 697 2243 751 l.
2274 697 2404 752 Cum
2438 701 2753 756 exteriorem
2794 709 2850 757 et
2877 701 3184 757 interiorem
3214 703 3486 759 hominem
3523 705 3701 760 divina

2120 787 2387 858 Scriptura
2429 801 2846 859 commemoret,
2877 800 2931 848 et
2960 795 3012 847 in
3039 802 3244 850 tantum
3277 810 3370 851 eos
3396 795 3661 852 discernat
3681 838 3699 865 ,

2120 888 2181 934 ut
2204 879 2271 933 ab
2295 881 2551 949 Apostolo
2592 882 2788 938 dictum
2814 884 2912 950 sit,
2939 883 3006 938 Et
3031 885 3077 939 si
3103 886 3318 940 exterior
3359 886 3507 942 homo
3536 896 3702 942 noster

2120 971 2459 1043 corrumpitur
2480 1014 2495 1040 ,
2549 964 2636 1027 sed
2682 976 2888 1029 interior
2931 986 3198 1031 renovatur
3245 978 3309 1032 dc
3356 980 3437 1033 die
3463 980 3516 1034 in
3570 980 3701 1034 diem

2122 1059 2188 1131 (ll
2216 1060 2333 1115 Cor.
2378 1078 2450 1128 tv,
2496 1062 2621 1133 l6);
2672 1065 2835 1135 qumri
2879 1075 3053 1135 potest
3101 1076 3274 1121 utrum
3325 1083 3458 1124 unus
3507 1070 3701 1126 horum

2122 1150 2292 1206 factus
2338 1153 2407 1207 sit
2446 1153 2514 1208 ad
2544 1152 2823 1226 imaginem
2866 1165 2918 1210 et
2963 1157 3361 1214 similitudinem
3404 1160 3519 1214 Dei.
3568 1159 3700 1215 Nam

2122 1241 2250 1297 illud
2272 1244 2487 1298 stultum
2514 1253 2595 1299 est
2622 1261 2884 1314 qumrerc,
2913 1247 2957 1301 si
2986 1262 3141 1312 unus,
3172 1249 3291 1318 quis
3321 1249 3509 1304 horum
3528 1251 3552 1303 ?
3571 1252 3702 1318 Quis

2121 1333 2265 1388 enim
2308 1333 2512 1388 dubitat
2549 1350 2672 1390 eum
2707 1337 2881 1405 potius
2909 1338 2996 1407 qui
3035 1347 3340 1404 renovatur,
3381 1356 3538 1410 quam
3577 1356 3702 1397 eum

2121 1424 2211 1494 qui
2237 1426 2609 1495 corrumpitur,
2644 1426 2866 1482 dicere?
2893 1426 3079 1482 Utrum
3108 1438 3283 1484 autem
3310 1430 3488 1496 ambo,
3513 1447 3703 1502 magna

2122 1517 2345 1588 qumstio
2369 1526 2450 1573 est
2480 1519 2581 1590 (a).
2611 1518 2741 1573 Nam
2768 1520 2810 1573 si
2851 1520 3083 1593 exterior
3110 1520 3270 1575 homo
3294 1530 3378 1577 est
3409 1522 3580 1578 Adam
3604 1565 3619 1589 ,
3650 1532 3704 1579 et

2123 1606 2346 1663 interior
2372 1605 2643 1676 Christus,
2675 1611 2810 1666 bene
2840 1611 2997 1666 ambo
3031 1611 3415 1681 intelliguntur.
3448 1612 3555 1669 Sed
3582 1598 3704 1670 cum

2123 1696 2314 1762 Adam,
2347 1697 2485 1753 sicut
2511 1714 2538 1751 a
2563 1699 2673 1753 Deo
2697 1698 2865 1754 factus
2894 1709 2994 1767 cst,
3022 1699 3195 1756 bonus
3222 1715 3326 1756 non
3350 1704 3623 1770 manserit,
3648 1713 3706 1760 et

2123 1787 2389 1859 diligendo
2416 1793 2646 1845 carnalia
2684 1793 2911 1848 carnalis
2939 1792 3159 1848 allectus
3187 1794 3293 1859 sit,
3337 1810 3443 1850 non
3472 1795 3705 1853 absurde

2122 1881 2289 1936 videri
2316 1890 2517 1951 potest,
2550 1882 2651 1938 hoc
2676 1883 2848 1953 ipsum
2878 1884 2926 1939 ei
2957 1883 3123 1940 luisse
3155 1884 3347 1941 cadere
3369 1927 3385 1952 ,
3419 1886 3703 1956 imaginem

2125 1970 2219 2026 Dei
2248 1973 2264 2002 ί
2292 1980 2346 2026 et
2385 1972 2781 2029 similitudinem
2811 1975 3072 2030 amittere.
3104 1977 3182 2029 Ac
3211 1991 3303 2045 per
3330 1976 3431 2031 hoc
3460 1977 3573 2048 ipse
3612 1993 3703 2033 re-

2124 2069 2349 2116 novatur
2367 2104 2383 2129 ,
2411 2070 2466 2117 et
2500 2063 2612 2133 ipse
2639 2073 2722 2119 est
2750 2064 2969 2119 interior
2994 2081 3007 2118 :
3036 2066 3303 2134 quomodo
3327 2082 3454 2137 ergo
3480 2077 3564 2123 est
3589 2069 3705 2138 ipse

2124 2160 2178 2206 et
2200 2153 2471 2207 exterior?
2500 2154 2581 2208 An
2614 2153 2906 2209 secundum
2934 2168 3161 2224 corpus;
3189 2164 3248 2209 ut
3274 2157 3495 2212 interior
3519 2158 3586 2213 sit
3611 2173 3703 2213 se-

2124 2244 2352 2300 cundum
2377 2244 2606 2301 animam
2626 2288 2641 2315 ,
2672 2256 2726 2303 et
2753 2248 3018 2305 interioris
3046 2252 3116 2306 sit
3144 2253 3165 2283 ³
3196 2251 3512 2307 resurrectio
3539 2260 3594 2306 et
3618 2267 3704 2308 re-

2125 2336 2359 2403 novatio,
2382 2352 2500 2407 qua:
2526 2353 2668 2395 nunc
2691 2339 2750 2394 ﬁt
2775 2341 3067 2396 secundum
3092 2352 3316 2398 mortem
3340 2343 3533 2414 prioris
3555 2343 3699 2411 vitae,

2128 2425 2179 2481 id
2216 2436 2299 2481 est
2340 2428 2572 2497 peccati,
2618 2437 2673 2484 et
2718 2431 3009 2487 secundum
3056 2434 3512 2503 regenerationem
3550 2448 3705 2489 novae

2126 2518 2269 2585 vitm,
2297 2519 2349 2573 id
2373 2527 2456 2574 est
2475 2520 2693 2589 justitize
2713 2520 2737 2575 ?
2759 2521 2905 2589 Quos
2931 2523 3055 2578 item
3076 2522 3212 2578 duos
3236 2523 3478 2579 homines
3505 2523 3585 2578 sic
3610 2538 3708 2595 ap-

2125 2609 2307 2679 pellat,
2332 2618 2390 2664 ut
2410 2626 2570 2665 unum
2601 2619 2855 2677 veterem,
2873 2628 3033 2683 quem
3053 2612 3308 2669 debemus
3331 2629 3547 2679 exuere,
3577 2616 3708 2671 alte-

2126 2714 2246 2755 rum
2272 2716 2488 2769 novum,
2513 2713 2566 2758 et
2588 2718 2710 2759 eum
2737 2704 3059 2760 induendum
3082 2715 3463 2761 commemoret
3483 2704 3705 2776 (Coloss.

2127 2807 2204 2859 Ill,
2227 2791 2281 2859 9,
2300 2791 2418 2864 10):
2442 2808 2664 2863 quorum
2685 2809 2871 2850 rursus
2892 2796 3038 2850 illum
3056 2796 3288 2867 appellat
3307 2796 3587 2867 imaginem
3609 2806 3707 2852 ter-

2129 2882 2242 2937 reni
2265 2882 2513 2950 hominis,
2541 2885 2662 2954 quia
2686 2885 2975 2940 secundum
2999 2895 3273 2955 peccatum
3296 2887 3452 2956 primi
3476 2886 3708 2943 hominis

2127 2974 2346 3044 geritur,
2391 2974 2482 3045 qui
2522 2983 2606 3031 est
2643 2975 2846 3043 Adam;
2887 2977 3109 3031 alterum
3149 2978 3433 3047 imaginem
3473 2978 3709 3036 caelestis

2131 3064 2360 3121 hominis
2381 3065 2423 3137 (ι
2452 3065 2568 3120 Cor.
2597 3082 2670 3121 xv
2688 3107 2704 3134 ,
2733 3066 2846 3139 49),
2875 3068 2999 3137 quia
3025 3068 3320 3124 secundum
3342 3069 3600 3138 justitiam
3624 3084 3711 3126 se-

2130 3158 2287 3213 eundi
2314 3158 2544 3214 hominis
2566 3161 2800 3230 geritur,
2833 3159 2924 3228 qui
2952 3168 3034 3214 est
3061 3159 3221 3215 Jesus
3244 3158 3509 3216 Christus.
3550 3161 3711 3217 Exte-

2130 3249 2242 3304 rior
2263 3258 2438 3304 autem
2461 3249 2639 3313 homo,
2661 3250 2752 3319 qui
2776 3263 2917 3304 nunc
2937 3254 3315 3319 corrumpitur,
3337 3249 3512 3305 futura
3533 3265 3711 3306 resur-

2131 3340 2370 3395 rectione
2396 3339 2753 3407 renovabitur,
2783 3354 2905 3395 eum
2934 3339 3087 3395 istam
3118 3349 3344 3396 mortem
3371 3340 3707 3410 persolverit,

2132 3449 2290 3505 quam
2326 3443 2531 3490 natura
2564 3432 2742 3501 debet,
2775 3433 2893 3504 lege
2929 3433 3018 3489 illa
3066 3447 3185 3503 quae
3227 3433 3278 3488 in
3308 3432 3553 3502 paradiso
3589 3432 3713 3490 data

2133 3533 2217 3580 est
2242 3524 2284 3577 ³.

2203 3614 2258 3669 2.
2290 3614 2567 3683 Quomodo
2592 3624 2769 3671 autem
2802 3630 2906 3669 non
2931 3615 3001 3670 sit
3024 3614 3393 3685 incongruum,
3420 3614 3562 3686 quod
3581 3613 3713 3672 dici-

2137 3714 2226 3762 tur
2251 3706 2412 3761 etiam
2439 3721 2632 3777 corpus
2661 3706 2854 3761 factum
2879 3706 2945 3761 ad
2982 3706 3378 3762 similitudinem
3410 3706 3538 3771 Dei,
3563 3706 3716 3764 facile

2136 3796 2381 3868 intelligit
2414 3797 2503 3867 qui
2553 3797 2832 3867 diligenter
2858 3796 3082 3852 attendit
3104 3796 3246 3867 quod
3274 3798 3471 3853 dictum
3493 3807 3605 3865 est,
3651 3798 3717 3852 Et

2137 3888 2255 3959 fecit
2286 3885 2420 3940 Deus
2448 3886 2615 3940 omnia
2640 3886 2769 3940 bona
2805 3888 2951 3941 ualde
2980 3885 3128 3957 (Gen.
3157 3903 3210 3956 ι,
3239 3887 3350 3958 5i).
3380 3887 3546 3942 Nemo
3572 3888 3717 3943 enim

2137 3977 2342 4034 dubitat
2365 3977 2506 4048 quod
2530 3977 2598 4032 sit
2623 3978 2735 4048 ipse
2759 3978 3001 4048 primitus
3025 3978 3212 4033 bonus.
3242 3977 3416 4032 Multis
3440 3978 3580 4033 enim
3602 3993 3717 4032 mo-

2139 4069 2222 4125 dis
2247 4070 2349 4126 dici
2380 4084 2467 4126 res
2492 4078 2712 4140 possunt
2736 4069 2937 4125 similes
2966 4069 3077 4123 Deo
3107 4086 3119 4121 :
3151 4069 3268 4122 alia‘
3294 4069 3583 4124 secundum
3611 4070 3719 4124 vir-

2140 4170 2305 4216 tutem
2329 4168 2385 4216 et
2418 4162 2730 4231 sapientiam
2760 4160 2910 4216 factae
2933 4199 2948 4223 ,
2972 4160 3093 4230 quia
3128 4158 3183 4213 in
3213 4159 3327 4229 ipso
3353 4170 3436 4214 est
3462 4160 3628 4215 virtus
3664 4168 3722 4216 et

2139 4251 2394 4319 sapientia
2423 4265 2528 4303 non
2568 4249 2739 4316 facta;
2777 4250 2896 4304 aliae
2921 4250 2973 4304 in
3004 4261 3258 4321 quantum
3292 4251 3464 4306 solum
3504 4252 3728 4317 vivunt,‘

2140 4340 2261 4410 quia
2303 4339 2389 4394 ille
2430 4353 2637 4394 summe
2669 4348 2725 4394 et
2751 4340 2995 4409 primitus
3039 4340 3199 4405 vivit;
3230 4340 3346 4393 alia:
3375 4340 3428 4393 in
3464 4349 3717 4409 quantum

2141 4438 2296 4496 sunt,
2327 4429 2448 4499 quia
2487 4430 2575 4501 ille
2599 4444 2804 4484 summe
2845 4438 2899 4484 et
2927 4430 3169 4499 primitus
3195 4438 3297 4485 est.
3338 4431 3404 4484 Et
3445 4430 3566 4485 ideo
3602 4445 3723 4500 qua:

2143 4520 2507 4576 tantummodo
2531 4530 2671 4586 sunt,
2700 4536 2800 4577 nec
2828 4530 3002 4576 tamen
3032 4522 3215 4575 vivunt
3240 4530 3328 4575 aut
3354 4522 3582 4589 sapiunt,
3615 4537 3723 4576 non

2142 4610 2393 4681 perfecte,
2421 4611 2515 4667 sed
2540 4611 2729 4682 exigue
2755 4619 2880 4666 sunt
2904 4610 2971 4665 ad
2998 4611 3397 4668 similitudinem
3426 4611 3568 4681 ejus;
3600 4612 3724 4683 quia

2142 4713 2197 4759 et
2239 4704 2353 4774 ipsa
2380 4703 2519 4760 bona
2554 4714 2678 4761 sunt
2718 4705 2772 4760 in
2809 4705 2994 4761 ordine
3030 4719 3161 4771 suo,
3195 4720 3314 4760 cum
3340 4704 3409 4759 sit
3446 4704 3535 4759 ille
3563 4719 3727 4775 super

2143 4796 2320 4852 omnia
2359 4797 2561 4864 bonus,
2588 4812 2619 4852 a
2656 4811 2763 4868 quo
2799 4798 2977 4852 omnia
3013 4797 3151 4852 bona
3182 4797 3493 4867 procedunt.
3537 4796 3729 4853 Omnia

2146 4903 2276 4945 vero
2301 4904 2420 4960 quae
2445 4890 2627 4944 vivunt
2646 4897 2700 4944 et
2722 4904 2832 4943 non
2858 4888 3089 4957 sapiunt,
3120 4890 3277 4958 paulo
3302 4888 3529 4959 amplius
3556 4889 3727 4958 parti-

2145 4980 2323 5050 cipant
2339 4981 2757 5037 similitudinem.
2779 4979 2930 5049 Quod
2951 4982 3094 5036 enim
3115 4982 3266 5047 vivit,
3290 4982 3450 5038 etiam
3475 4989 3557 5035 est
3578 4998 3591 5033 :
3620 4995 3728 5034 non

2146 5080 2323 5127 autem
2360 5070 2612 5142 quidquid
2645 5079 2761 5137 est,
2787 5071 2947 5126 etiam
2972 5071 3121 5127 vivit.
3153 5071 3270 5126 lam
3294 5084 3455 5139 porro
3482 5084 3601 5138 qua:
3639 5082 3728 5123 sa-

2150 5164 2321 5235 piunt,
2345 5165 2415 5220 ita
2446 5164 2520 5220 illi
2547 5163 2892 5220 similitudine
2917 5172 3041 5221 sunt
3068 5163 3326 5235 proxima,
3354 5171 3409 5215 ut
3433 5160 3489 5215 in
3515 5169 3728 5216 creatu-

2153 5257 2230 5312 ris
2258 5257 2390 5313 nihil
2425 5257 2494 5313 sit
2534 5257 2901 5329 propinquius.
2943 5255 3095 5324 Quod
3134 5254 3276 5309 enim
3316 5252 3599 5324 participat
3643 5268 3732 5307 sa-

2216 5390 2335 5463 ﬁsie
2365 5396 2469 5439 Mss.
2507 5394 2562 5440 At
2595 5388 2731 5449 editi,
2764 5389 2852 5440 hoc
2882 5386 3043 5451 ipsum
3072 5386 3120 5437 ei
3148 5383 3293 5450 ﬁdsse
3325 5396 3494 5435 carere
3525 5382 3736 5448 imagine

2152 5460 2333 5561 Dant-1r.
2359 5520 2413 5576 _et
2437 5520 2571 5576 non,
2594 5512 2795 5566 interior
2812 5511 3088 5576 sit._Melius
3111 5517 3210 5561 Rat.
3239 5516 3292 5560 et
3317 5516 3447 5568 Mss,
3472 5505 3736 5558 interioris.

2150 5601 2212 5614 ——
2244 5574 2392 5637 Lugd.
2418 5572 2624 5636 etVen.,
2648 5576 2846 5627 interior
2869 5572 2946 5633 sit,
2977 5581 3034 5624 ut
3056 5581 3130 5622 Er.
3152 5579 3204 5623 et
3224 5579 3334 5621 Lov.
3402 5579 3456 5637 tu.

2216 5638 2237 5669 ³
2268 5629 2350 5685 Hic
2388 5637 2505 5687 editi
2543 5629 2752 5701 addunt,
2791 5650 2878 5701 per
2901 5629 3211 5701 praeceptum.
3246 5634 3527 5701 Navarrieus
3562 5629 3739 5692 codex,

2152 5704 2255 5765 post
2267 5704 2566 5765 prccantum
2578 5712 2597 5760 ;
2626 5695 2754 5765 quod
2776 5695 2805 5746 εἰ
2824 5695 3018 5765 caeteris
3041 5695 3146 5749 fere
3183 5702 3289 5746 Mss.
3311 5695 3468 5746 abeat.

2211 5761 2286 5824 τα)
2317 5760 2415 5810 Lib.
2433 5760 2495 5809 '11
2521 5760 2586 5809 de
2606 5760 2775 5810 arma.
2800 5771 2906 5822 cap.
2937 5760 2979 5809 t.
