4134 6208
368 305 440 361 35
1731 255 1734 258 ’
1788 281 1992 339 LIBER
2026 280 2226 337 unus.
3565 283 3638 343 st

366 415 602 491 pientim,
623 419 680 468 et
704 409 837 464 vivit
863 416 916 464 et
943 415 1064 464 est:
1095 403 1235 477 quod
1256 411 1432 461 autem
1457 402 1604 468 vivit,
1629 414 1849 456 necesse
1872 407 1955 452 est

368 519 424 563 ut
460 507 562 568 sit,
594 518 701 558 non
745 514 961 556 necesse
995 507 1076 554 est
1114 507 1172 552 ut
1215 497 1402 566 sapiat.
1432 495 1606 561 Quare
1643 507 1762 548 cum
1793 491 1955 544 homo

366 599 534 672 possit
560 595 828 667 particeps
853 606 971 648 esse
1012 589 1282 660 sapientiae
1317 584 1610 642 secundum
1648 583 1954 638 interiorem

366 689 676 752 hominem,
707 682 1000 740 secundum
1027 681 1201 751 ipsum
1231 679 1247 710 ί
1283 679 1357 732 ita
1396 685 1478 732 est
1523 674 1591 729 ad
1634 672 1950 744 imaginem,

364 791 423 836 ut
470 779 614 834 nulla
653 784 839 830 natura
879 771 1187 842 interposita
1227 768 1517 832 formetur;
1564 772 1619 820 et
1663 763 1784 818 ideo
1821 761 1954 816 nihil

365 873 433 926 sit
460 871 572 926 Deo
611 866 964 936 conjunctius.
997 863 1066 917 Et
1098 861 1236 930 sapit
1261 860 1403 915 enim
1423 899 1439 927 ,
1480 865 1535 913 et
1558 856 1719 922 vivit,
1750 863 1804 910 et
1826 861 1909 910 est
1936 871 1950 908 :

369 979 470 1032 qua
496 967 738 1016 creatura
767 955 899 1011 nihil
927 963 1010 1009 est
1038 953 1248 1008 melius.

438 1055 494 1108 '5.
533 1049 683 1119 Quod
729 1049 774 1103 si
814 1047 1045 1103 exterior
1070 1045 1232 1100 homo
1274 1043 1379 1098 vita
1424 1041 1511 1097 illa
1546 1040 1820 1111 accipitur,
1850 1052 1952 1109 qua

370 1159 466 1216 per
508 1156 702 1212 corpus
748 1140 1008 1195 sentimus
1051 1137 1285 1206 quinque
1330 1131 1618 1188 notissimis
1672 1130 1950 1198 sensibus,

369 1249 505 1305 quos
522 1248 642 1287 cum
670 1228 950 1302 pecoribus
972 1227 1228 1282 habemus
1249 1239 1557 1280 communes
1581 1241 1593 1276 :
1623 1238 1746 1277 nam
1767 1231 1822 1276 et
1841 1223 1952 1292 ipsa

367 1325 629 1381 molestiis
659 1321 999 1378 sensibilibus
1019 1361 1034 1387 ,
1066 1334 1185 1388 quae
1209 1315 1666 1387 persecutionihus
1705 1315 1952 1384 ingerun-

371 1425 476 1481 tur,
519 1413 787 1482 corrumpi
828 1420 1000 1481 potest
1034 1426 1046 1463 :
1089 1423 1194 1463 non
1243 1407 1509 1462 immerito
1552 1413 1604 1460 et
1651 1406 1750 1460 iste
1792 1405 1952 1459 homo

365 1505 636 1576 particeps
668 1504 858 1557 dicitur
900 1499 1258 1555 similitudinis
1306 1499 1436 1563 Dei;
1471 1513 1576 1552 non
1620 1497 1794 1552 solum
1830 1497 1950 1564 quia

366 1598 516 1661 vivit,
537 1594 680 1667 quod
701 1594 858 1649 etiam
881 1593 933 1646 in
957 1591 1139 1646 bestiis
1164 1598 1414 1660 apparet;
1445 1588 1539 1644 sed
1564 1588 1789 1658 amplius
1810 1587 1952 1658 quod

371 1688 439 1742 ad
470 1696 698 1742 mentem
737 1685 1062 1740 convertitur
1087 1698 1147 1738 se
1172 1691 1440 1752 regentem
1462 1724 1476 1748 ,
1504 1697 1662 1752 quam
1679 1684 1700 1712 ’
1728 1681 1953 1735 illustrat

371 1779 625 1849 sapientia
645 1821 660 1844 ,
693 1776 832 1847 quod
881 1776 934 1830 in
985 1774 1168 1830 bestiis
1193 1787 1298 1828 non
1329 1781 1506 1842 potest
1531 1771 1737 1827 ratione
1763 1787 1951 1826 caren-

375 1869 534 1924 tibus.
571 1869 773 1937 Corpus
797 1881 1010 1937 quoque
1037 1864 1270 1919 hominis
1289 1904 1302 1928 ,
1331 1863 1452 1933 quia
1475 1862 1645 1916 solum
1673 1862 1814 1916 inter
1841 1860 1955 1914 ani-

373 1963 586 2018 malium
628 1971 956 2016 terrenorqu
995 1972 1238 2026 corpora,
1280 1971 1384 2010 non
1429 1971 1652 2024 pronum
1681 1955 1734 2009 in
1777 1955 1952 2009 alvum

382 2045 702 2126 prostratum
729 2062 842 2119 est,
874 2067 991 2106 cum
1031 2050 1100 2106 sit
1124 2049 1358 2113 visibile,
1397 2048 1491 2103 sed
1535 2047 1601 2102 ad
1642 2047 1951 2102 intuendum

377 2146 564 2200 coelum
618 2154 894 2206 erectum,
946 2140 1086 2212 quod
1132 2147 1214 2194 est
1262 2139 1577 2209 principium
1631 2139 1951 2204 visibilium;

373 2253 673 2309 quanquam
703 2253 808 2290 non
840 2251 962 2300 sua,
997 2235 1090 2289 sed
1117 2235 1308 2289 animae
1344 2234 1625 2302 praesentia
1655 2235 1831 2288 vivere
1859 2248 1954 2287 co-

373 2339 653 2400 gnoscatur
678 2348 690 2382 :
722 2338 896 2383 tamen
926 2344 1031 2382 non
1058 2326 1216 2380 modo
1244 2325 1367 2395 quia
1397 2334 1509 2390 est,
1543 2333 1597 2380 et
1626 2325 1677 2379 in
1703 2335 1954 2395 quantum

374 2431 476 2486 est,
508 2422 688 2491 utique
715 2421 914 2475 bonum
941 2430 1024 2474 est
1048 2438 1060 2472 :
1094 2417 1187 2473 sed
1215 2418 1373 2473 etiam
1406 2417 1526 2487 quia
1556 2417 1658 2472 tale
1684 2425 1784 2483 est,
1809 2424 1869 2472 ut
1891 2417 1956 2472 ad

375 2511 837 2583 contemplandum
880 2512 1072 2566 omium
1116 2510 1185 2563 sit
1205 2509 1398 2577 aptius,
1437 2508 1604 2578 magis
1649 2508 1700 2562 in
1746 2509 1848 2562 hoc
1889 2508 1957 2564 ad

378 2605 657 2674 imaginem
684 2612 736 2656 et
759 2601 1157 2658 similitudinem
1183 2600 1298 2667 Dei,
1324 2614 1483 2670 quam
1513 2609 1704 2655 caetera
1732 2614 1958 2671 corpora

380 2692 679 2747 animalium
717 2691 914 2746 factum
957 2691 1076 2761 jure
1123 2689 1292 2744 videri
1340 2698 1534 2759 potest.
1582 2689 1781 2744 Tamen
1835 2690 1956 2760 quia

377 2781 541 2837 homo
567 2784 682 2838 sine
709 2783 816 2836 vita
844 2797 952 2836 non
991 2790 1135 2837 recte
1163 2780 1459 2850 appellatur
1487 2780 1564 2852 (α)
1590 2795 1604 2845 ;
1634 2796 1738 2835 non
1761 2795 1958 2851 corpus

377 2875 548 2929 solum
571 2873 729 2928 homo
749 2873 999 2939 exterior,
1022 2888 1195 2942 neque
1211 2873 1323 2927 sola
1349 2873 1455 2927 vita
1478 2889 1596 2943 qua:
1619 2874 1670 2928 in
1695 2888 1857 2929 sensu
1877 2884 1960 2930 est

375 2965 616 3034 corporis
635 3005 650 3031 ,
681 2966 774 3019 sed
799 2973 1081 3035 utrumque
1109 2964 1269 3019 simul
1291 2965 1486 3020 rectius
1513 2965 1738 3021 fortasse
1763 2967 1956 3022 intelli-

371 3057 536 3128 gitur.

446 3149 502 3203 4.
531 3146 717 3217 Neque
738 3147 926 3202 inscite
951 3146 1287 3218 distinguitur
1307 3187 1322 3211 ,
1353 3146 1495 3216 quod
1521 3147 1663 3202 aliud
1689 3149 1758 3203 sit
1784 3150 1959 3222 imago

373 3248 430 3295 et
459 3237 749 3293 similitudo
776 3238 904 3303 Dei,
950 3239 1037 3308 qui
1064 3238 1224 3293 etiam
1250 3238 1416 3292 Filius
1441 3237 1667 3304 dicitur;
1709 3239 1851 3294 aliud
1893 3241 1959 3296 ad

372 3330 658 3400 imaginem
689 3337 742 3382 et
783 3328 1186 3383 similitudinem
1231 3329 1358 3394 Dei,
1393 3329 1529 3384 sicut
1576 3331 1846 3386 hominem
1877 3331 1959 3386 fa-

371 3429 518 3478 ctum
545 3419 834 3489 accipimus
865 3418 961 3490 (b).
991 3420 1124 3474 Sunt
1150 3419 1308 3473 etiam
1333 3419 1422 3488 qui
1453 3435 1555 3475 non
1581 3421 1774 3475 frustra
1803 3422 1960 3476 intel-

368 3511 539 3582 ligant
566 3510 672 3564 duo
696 3511 834 3565 dicta
862 3524 980 3564 esse
1001 3551 1014 3574 ,
1037 3508 1104 3564 ad
1136 3509 1415 3580 imaginem
1436 3518 1490 3566 et
1522 3511 1919 3568 similitudinem
1943 3533 1956 3569 :

371 3618 498 3657 cum
525 3603 569 3656 si
599 3617 702 3656 una
730 3616 817 3656 res
842 3611 1002 3666 esset,
1033 3616 1198 3656 unum
1224 3614 1417 3656 nomen
1449 3601 1696 3658 sufficere
1722 3604 1960 3674 potuisse

377 3702 640 3748 asserunt.
670 3692 778 3748 Sed
822 3693 885 3746 ad
918 3692 1198 3764 imaginem
1239 3700 1472 3748 mentem
1515 3693 1705 3749 factam
1734 3696 1956 3764 volunt,

373 3800 501 3857 quae
526 3785 666 3839 nulla
707 3784 1014 3853 interposita
1041 3782 1332 3838 substantia
1355 3783 1422 3837 ab
1448 3784 1560 3854 ipsa
1587 3787 1810 3841 veritate
1848 3786 1958 3842 for-

371 3886 585 3943 matur,
614 3875 706 3946 qui
735 3876 896 3930 etiam
935 3875 1151 3944 spiritus
1193 3875 1386 3930 dicitur
1420 3892 1432 3929 :
1467 3891 1571 3931 non
1617 3878 1704 3933 ille
1732 3877 1959 3948 Spiritus

372 3977 629 4032 sanctus,
661 3966 751 4035 qui
783 3975 866 4020 est
889 3964 1125 4034 ejusdem
1168 3965 1512 4034 substantia},
1543 3966 1693 4036 cujus
1722 3977 1775 4022 ct
1803 3969 1961 4023 Pater

371 4070 429 4114 et
455 4059 624 4112 Filius
643 4098 657 4125 ,
687 4057 782 4113 sed
806 4058 1025 4128 spiritus
1049 4057 1297 4112 hominis.
1324 4056 1458 4111 Nam
1486 4059 1559 4111 ita
1586 4058 1684 4111 hos
1708 4058 1962 4113 discernit

373 4155 665 4226 Apostolus
697 4173 708 4206 :
743 4153 908 4206 Nemo
939 4153 1029 4206 scit
1055 4152 1176 4222 quid
1200 4164 1384 4223 agatur
1405 4152 1458 4204 in
1487 4151 1706 4218 homine,
1738 4153 1834 4205 nisi
1857 4153 1963 4223 spi-

375 4250 510 4302 ritus
530 4247 774 4311 hominis;
796 4255 842 4299 et
866 4262 1009 4299 nemo
1035 4245 1126 4299 scit
1154 4244 1275 4315 quid
1295 4252 1472 4314 agatur
1490 4245 1544 4297 in
1566 4243 1694 4308 Deo,
1717 4245 1813 4298 nisi
1840 4245 1963 4316 Spi-

373 4343 509 4396 ritus
535 4339 632 4392 Dei
674 4338 714 4410 (l
743 4337 861 4392 Cor.
896 4354 965 4403 ιι,
996 4337 1107 4408 Il).
1141 4337 1271 4392 Item
1300 4335 1367 4390 de
1409 4334 1594 4405 spiritu
1623 4334 1852 4390 hominis
1875 4335 1960 4391 di-

373 4435 451 4490 cit
475 4450 488 4484 :
523 4431 734 4486 Salvum
755 4431 909 4501 faciat
936 4429 1172 4500 spiritum
1199 4435 1434 4490 vestrum,
1464 4436 1509 4481 et
1532 4429 1754 4481 animam
1775 4437 1823 4482 et
1851 4444 1964 4482 cor-

373 4541 477 4597 pus
510 4524 550 4593 (ι
579 4522 755 4576 Thess.
786 4537 853 4586 v,
883 4519 998 4590 25).
1030 4521 1098 4575 Et
1140 4520 1240 4574 iste
1277 4520 1419 4574 enim
1447 4519 1612 4575 factus
1637 4527 1719 4575 est
1746 4535 1774 4574 a
1807 4520 1920 4576 Deo
1943 4565 1960 4590 ,

376 4618 517 4670 sicut
545 4624 600 4668 et
641 4624 834 4668 caetera
861 4621 1122 4666 creatura.
1152 4609 1418 4680 Scriptum
1446 4619 1530 4664 est
1555 4611 1696 4664 enim
1744 4611 1796 4665 in
1828 4611 1962 4667 Pro-

375 4705 580 4759 verbiis
607 4704 708 4758 hoc
733 4702 892 4756 modo
920 4718 933 4754 :
970 4701 1110 4756 Scito
1138 4700 1375 4770 quoniam
1401 4698 1649 4754 Dominus
1685 4701 1840 4754 corda
1869 4701 1964 4755 ho-

375 4799 571 4850 minum
615 4797 783 4860 novit;
814 4803 859 4847 et
883 4795 968 4865 qui
994 4793 1141 4862 ﬁnxit
1182 4793 1414 4862 spiritum
1442 4792 1703 4859 omnibus,
1740 4795 1850 4863 ipse
1873 4795 1965 4850 scit

370 4891 548 4944 omnia
576 4887 755 4958 (Prov.
791 4902 872 4940 xv:
893 4928 908 4954 ,
937 4886 1017 4957 2).
1048 4884 1187 4953 Ergo
1223 4885 1320 4938 iste
1345 4884 1560 4953 spiritus
1583 4884 1649 4939 ad
1681 4885 1963 4956 imaginem

371 4979 475 5035 Dei
505 4978 652 5032 nullo
678 4977 950 5030 dubitante
977 4973 1147 5028 factus
1174 4974 1432 5043 accipitur
1450 5014 1464 5038 ,
1495 4974 1546 5028 in
1575 4989 1680 5044 quo
1705 4984 1787 5030 est
1809 4975 1965 5030 intel-

371 5069 596 5139 ligentia
625 5067 862 5121 veritatis
896 5084 907 5118 :
941 5065 1107 5120 heret
1145 5066 1285 5119 enim
1316 5065 1524 5119 veritati
1557 5066 1699 5120 nulla
1725 5066 1963 5137 interpo-

373 5164 484 5219 sita
514 5171 778 5216 creatura.
810 5160 1014 5215 Czetera
1057 5159 1289 5214 hominis
1314 5158 1380 5212 ad
1405 5158 1801 5215 similitudinem
1829 5161 1965 5216 facta

373 5252 550 5307 videri
579 5253 791 5317 volunt;
832 5252 954 5322 quia
981 5252 1154 5305 omnis
1179 5248 1394 5320 quidem
1424 5249 1600 5319 imago
1628 5251 1815 5306 similis
1844 5261 1923 5307 est
1947 5295 1963 5321 ,

445 5451 466 5480 ⁸
493 5449 628 5513 aditi,
650 5448 915 5500 secundum
945 5462 995 5498 se
1017 5449 1191 5512 ipsum.
1233 5453 1288 5496 At
1310 5451 1438 5505 Mss,
1478 5445 1741 5497 secundum
1773 5447 1931 5512 ipsum
1946 5464 1965 5513 ;

375 5511 428 5562 id
457 5520 551 5571 est,
576 5512 819 5561 hominem
840 5511 1137 5560 interiorem.

446 5576 471 5606 ³
489 5569 616 5638 βενε,
640 5572 868 5623 convertit
887 5587 938 5622 se
969 5580 1223 5638 regentem,
1247 5583 1404 5636 quem,
1432 5576 1525 5620 etc.
1544 5569 1968 5631 ;dissentientibus

379 5635 528 5684 editis
542 5634 648 5684 aliis
671 5645 720 5686 et
740 5644 845 5684 διεδ.

470 5697 522 5770 ιβ)
554 5703 799 5770 [[εειεθίξι
823 5695 1029 5770 φιλ.βά

476 5755 522 5821 b)
554 5761 650 5808 Lib.
677 5761 706 5808 7
729 5760 794 5808 de
825 5755 1002 5821 “init,
1029 5771 1132 5821 cap.
1159 5759 1208 5819 6,
1232 5770 1281 5807 n.
1304 5757 1378 5818 12,
1405 5763 1456 5808 et
1479 5762 1493 5805 ι
1518 5762 1720 5807 neti-act.
1742 5769 1844 5821 cap.
1865 5755 1942 5808 26.

2065 410 2170 450 non
2213 402 2388 450 autem
2413 411 2571 452 omne
2595 395 2737 468 quod
2763 396 2934 453 simile
2961 403 3078 466 est,
3105 397 3266 452 etiam
3310 397 3482 468 imago
3508 412 3636 468 pro-

2064 487 2177 555 prie
2197 527 2211 552 ,
2242 485 2334 541 sed
2363 487 2496 543 forte
2520 487 2739 543 abusive
2764 488 2868 544 dici
2899 497 3091 559 potest.
3120 489 3226 545 Sed
3262 489 3553 546 cavendum
3580 491 3636 548 in

2062 576 2258 631 talibus
2285 591 2352 632 ne
2388 578 2512 648 quid
2538 578 2696 634 nimis
2735 580 3147 636 asseverandum
3172 589 3415 651 putetur,
3463 583 3552 637 illa
3577 599 3638 640 re

2062 680 2191 720 sane
2212 666 2492 723 salubriter
2517 669 2775 724 custodita
2796 712 2812 738 ,
2842 686 2909 726 ne
2937 672 3183 741 quoniam
3212 687 3403 744 corpus
3423 674 3636 744 quodli-

2060 758 2151 814 bet
2175 774 2270 829 per
2293 759 2478 815 localia
2503 763 2669 832 Spatia
2701 772 3002 832 porrectum
3027 772 3127 830 est,
3155 765 3349 835 aliquid
3380 766 3485 822 tale
3513 781 3636 824 cre-

2059 850 2214 906 datur
2239 865 2358 907 esse
2387 853 2680 908 substantia
2709 855 2820 910 Dei.
2849 854 2979 910 Nam
3005 870 3092 911 res
3117 871 3236 926 quae
3277 857 3330 911 in
3359 866 3509 929 parte
3532 859 3636 914 mi-

2059 957 2158 996 nor
2183 951 2264 998 est
2291 957 2450 1013 quam
2478 944 2530 998 in
2568 953 2677 1000 toto
2699 987 2713 1012 ,
2746 961 2844 1002 nec
2870 946 3107 1017 dignitati
3133 948 3323 1003 anima:
3347 950 3634 1018 convenit;

2057 1041 2254 1103 quanto
2280 1033 2454 1089 minus
2484 1035 2748 1104 majestati
2773 1036 2904 1091 Dei?

2056 1121 2163 1178 LII.
2195 1121 2274 1177 De
2311 1140 2367 1178 eo
2407 1124 2544 1194 quod
2569 1125 2754 1179 dictum
2793 1135 2898 1194 est,
2929 1127 3159 1185 Paenitet
3185 1144 3272 1186 me
3301 1129 3490 1189 fecisse
3535 1131 3635 1190 ho-

2494 1217 2690 1273 minem
2718 1217 2868 1290 (Gen.
2899 1234 2984 1286 v1,
3015 1221 3083 1288 6,
3117 1221 3194 1294 7).

2129 1307 2331 1360 Divina:
2360 1307 2647 1378 Scriptura:
2666 1323 2696 1362 a
2719 1317 2930 1364 terreno
2955 1317 3009 1365 et
3032 1310 3269 1369 humano
3287 1328 3446 1370 sensu
3469 1317 3536 1372 ad
3554 1317 3637 1373 di-

2056 1399 2233 1453 vinum
2266 1410 2320 1454 et
2347 1401 2618 1456 caelestem
2649 1415 2745 1457 nos
2771 1402 3068 1472 erigentes,
3101 1419 3267 1474 usque
3291 1405 3359 1461 ad
3387 1422 3450 1463 ea
3473 1409 3634 1465 verba

2056 1491 2480 1560 descenderunt,
2521 1494 2712 1565 quibus
2738 1493 2875 1548 inter
2903 1510 2962 1550 se
3003 1495 3435 1552 stultissimorum
3473 1501 3632 1556 etiam

2055 1583 2221 1638 utitur
2239 1583 2584 1639 consuetudo.
2607 1585 2786 1655 Itaque
2806 1601 2986 1640 earum
3009 1587 3168 1642 etiam
3190 1587 3525 1645 affectionum
3549 1607 3638 1647 no-

2055 1676 2197 1730 mina
2219 1717 2232 1743 ,
2266 1691 2398 1746 quas
2421 1677 2630 1732 animus
2653 1686 2835 1733 noster
2862 1678 3060 1748 patitur
3079 1719 3095 1746 ,
3122 1695 3254 1750 quas
3278 1680 3585 1752 longissime
3604 1701 3637 1742 a

2058 1769 2169 1824 Deo
2189 1784 2308 1826 esse
2330 1770 2596 1839 sejunctas
2618 1770 2726 1840 jam
2752 1771 2842 1840 qui
2868 1771 3058 1826 melius
3081 1773 3219 1842 sapit
3243 1773 3506 1846 intelligit,
3530 1769 3637 1832 nun

2057 1860 2431 1916 dubitaverunt
2450 1861 2526 1916 illi
2546 1861 2647 1916 viri
2669 1877 2766 1933 per
2783 1877 2917 1933 quos
2941 1863 3146 1918 locutus
3169 1873 3251 1921 est
3269 1866 3498 1937 Spiritus
3516 1883 3639 1925 san-

2057 1959 2172 2007 ctus
2192 1993 2207 2019 ,
2239 1952 2686 2022 opportunissime
2711 1953 2762 2007 in
2792 1952 2941 2008 libris
2969 1947 3187 2023 ponere.
3215 1955 3316 2025 Ut,
3346 1958 3492 2013 verbi
3517 1974 3638 2030 gra-

2060 2045 2128 2098 tia
2149 2086 2163 2111 ,
2208 2044 2458 2114 quoniam
2501 2043 2867 2099 difficillimum
2897 2053 2978 2100 est
3005 2053 3063 2100 ut
3106 2046 3266 2103 homo
3291 2048 3488 2119 aliquid
3517 2049 3638 2105 vin-

2058 2135 2200 2192 dicet
2227 2137 2342 2191 sine
2383 2137 2496 2204 ira,
2542 2136 2826 2192 vindictam
2869 2137 2964 2192 Dei
2991 2153 3109 2208 quae
3150 2139 3369 2196 omnino
3396 2143 3511 2198 sine
3537 2143 3638 2199 ista

2061 2227 2455 2295 perturbatione
2501 2226 2592 2294 fit,
2635 2227 2766 2282 iram
2810 2236 2987 2283 tamen
3033 2229 3324 2286 vocandam
3366 2231 3638 2302 iudicave-

2059 2328 2184 2371 runt
2217 2315 2314 2388 (a).
2360 2316 2488 2372 Item
2519 2317 2639 2387 quia
2683 2318 2923 2388 conjugis
2949 2319 3246 2375 castitatem
3289 2321 3510 2378 zelando
3537 2324 3639 2380 viri

2060 2407 2327 2462 custodire
2368 2417 2794 2474 consueverunt,
2831 2409 2972 2464 illam
3000 2409 3094 2465 Dei
3131 2412 3516 2480 providentiam
3545 2431 3641 2486 per

2061 2516 2217 2571 quam
2243 2501 2549 2572 praecipitur
2567 2512 2726 2573 atque
2752 2503 2925 2574 agitur
2949 2519 3017 2559 ne
3043 2505 3219 2559 anima
3249 2518 3638 2579 corrumpatur,

2061 2601 2116 2648 et
2157 2593 2286 2649 deos
2311 2593 2446 2649 alios
2469 2604 2628 2666 atque
2663 2595 2798 2651 alios
2822 2611 3052 2667 sequens
3079 2597 3309 2667 quodam
3335 2599 3495 2656 modo
3520 2616 3640 2658 me-

2061 2685 2373 2750 retricetur,
2404 2686 2576 2741 zelum
2606 2685 2700 2742 Dei
2741 2687 3161 2758 appellaverunt.
3193 2688 3284 2746 Sic
3324 2698 3383 2746 et
3424 2707 3640 2750 manum

2062 2777 2178 2843 Dei,
2210 2778 2317 2833 vim
2341 2794 2446 2849 qua
2474 2789 2754 2850 operatur;
2775 2788 2830 2836 et
2853 2781 3016 2850 pedes
3043 2781 3156 2849 Dei,
3186 2782 3293 2839 vim
3319 2800 3422 2857 qua
3447 2785 3499 2841 in
3525 2776 3643 2842 om-

2061 2871 2148 2926 nia
2187 2872 2530 2927 custodienda
2555 2874 2571 2904 ¹
2601 2882 2656 2928 ει
2694 2875 3037 2944 gubernanda
3077 2878 3372 2946 pertendit;
3403 2889 3459 2937 et
3485 2895 3642 2940 aures

2063 2963 2156 3018 Dei
2181 2964 2263 3018 vel
2290 2964 2474 3018 oculos
2500 2964 2629 3032 Dei,
2657 2966 2763 3019 vim
2789 2981 2896 3037 qua
2921 2968 3098 3022 omnia
3124 2970 3351 3041 percipit
3376 2981 3536 3044 atque
3560 2975 3643 3030 in-

2062 3055 2280 3126 telligit;
2317 3064 2372 3111 et
2411 3055 2596 3112 faciem
2627 3057 2753 3124 Dei,
2787 3059 2894 3113 vim
2939 3075 3041 3129 qua
3070 3075 3130 3116 se
3155 3063 3457 3120 manifestat
3483 3075 3644 3138 atque

2062 3145 2424 3215 dignoscitur;
2470 3154 2525 3201 et
2565 3156 2758 3203 caatera
2799 3147 2852 3202 in
2891 3148 3032 3203 hunc
3077 3151 3329 3219 modum,
3364 3165 3644 3225 propterea

2064 3237 2271 3293 scilicet
2296 3238 2420 3308 quia
2463 3252 2560 3292 nos
2586 3239 2653 3292 ad
2697 3253 2831 3310 quos
2857 3255 3036 3296 sermo
3065 3241 3124 3296 fit
3142 3283 3156 3308 ,
3187 3252 3242 3299 et
3279 3247 3528 3305 manibus
3552 3265 3644 3308 so-

2065 3331 2235 3387 lemus
2258 3330 2502 3401 operari,
2529 3339 2587 3386 et
2613 3330 2838 3400 pedibus
2867 3332 3147 3402 incedere,
3174 3345 3228 3392 et
3255 3353 3362 3410 quo
3389 3339 3492 3396 fert
3523 3344 3644 3400 ani-

2063 3436 2184 3477 mus
2226 3421 2541 3491 pervenire,
2572 3430 2627 3477 et
2653 3422 2871 3480 auribus
2915 3433 3072 3496 atque
3115 3429 3284 3487 oculis
3332 3435 3647 3508 exterisque

2062 3512 2308 3570 sensibus
2330 3514 2570 3584 corporis
2594 3515 2888 3585 corporalia
2917 3519 3222 3592 percipere,
3251 3532 3304 3578 et
3327 3524 3460 3582 facie
3490 3529 3646 3585 inno-

2063 3612 2270 3659 tescere
2301 3619 2316 3657 :
2348 3611 2404 3658 et
2428 3603 2476 3658 si
2503 3602 2629 3672 quid
2668 3603 2812 3660 aliud
2853 3604 2920 3660 ad
2951 3606 3088 3663 hanc
3119 3619 3366 3683 tanquam
3409 3619 3645 3687 regulam

2062 3695 2310 3767 pertinet.
2338 3694 2451 3749 Hoc
2479 3693 2640 3750 modo
2681 3694 2871 3766 igitur,
2905 3699 3156 3767 quoniam
3182 3707 3389 3760 mutare
3412 3717 3645 3780 coeptum

2063 3787 2277 3858 aliquod
2297 3796 2352 3842 et
2372 3787 2427 3842 in
2447 3786 2590 3842 aliud
2619 3786 2910 3845 transferre
2929 3802 3035 3845 non
3065 3790 3218 3849 facile
3243 3796 3475 3852 solemus
3496 3801 3516 3830 ³
3543 3801 3646 3856 nisi

2062 3879 2388 3951 paenitendo,
2409 3894 2709 3950 quanquam
2724 3879 2900 3935 divina
2915 3881 3245 3951 providentia
3263 3899 3451 3940 serena
3468 3899 3647 3948 mente

2065 3972 2388 4028 intuentibus
2416 3979 2669 4041 appareat
2704 3979 2896 4025 cuncta
2922 3971 3223 4029 certissimo
3261 3977 3448 4034 ordine
3477 3981 3645 4038 admi-

2064 4063 2311 4127 nistrare,
2331 4057 2879 4116 accommodatissime
2907 4069 3081 4118 tamen
3097 4062 3166 4119 ad
3190 4065 3441 4123 humilem
3460 4069 3649 4127 huma-

2065 4166 2188 4207 nam
2217 4149 2616 4221 intelligentiam
2632 4149 2654 4182 ³
2669 4165 2732 4206 ea
2747 4166 2866 4221 quae
2892 4151 3154 4224 incipiunt
3166 4169 3306 4224 esse,
3334 4173 3506 4230 neque
3524 4177 3646 4233 per-

2065 4252 2311 4301 sevcrant
2336 4251 2589 4314 quantum
2635 4252 3042 4314 perseveratura
3072 4255 3282 4318 Sperate
3312 4258 3468 4318 ευηῑ,
3496 4255 3647 4324 quasi

2064 4352 2162 4408 per
2185 4335 2548 4406 penitentiam
2568 4335 2663 4390 Dei
2685 4334 2933 4391 dicuntur
2954 4335 3148 4392 ablata.

2065 4427 2197 4484 Llll.
2219 4426 2300 4484 De
2324 4442 2449 4482 auro
2468 4435 2516 4482 et
2538 4435 2746 4498 argento
2770 4427 2907 4499 quod
2925 4425 3177 4485 Israelita:
3197 4432 3260 4487 ab
3280 4431 3544 4509 ﬁgyptiis
3563 4455 3648 4495 ac-

2727 4528 2983 4590 ceperunt.

2141 4613 2192 4666 l.
2223 4611 2470 4683 Quisquis
2509 4611 2735 4666 duorum
2783 4611 3244 4671 Testamentorum
3289 4616 3647 4691 dispensatio-

2069 4718 2165 4758 nes
2184 4746 2199 4770 ,
2227 4717 2324 4773 pro
2351 4711 2648 4772 temporum
2675 4704 3019 4774 congruentia
3038 4745 3054 4772 ,
3081 4707 3291 4776 generis
3317 4709 3533 4767 humani
3563 4714 3650 4770 di-

2068 4793 2295 4866 ligenter
2317 4791 2559 4850 aetatibus
2581 4793 2893 4850 distributas
2917 4795 3153 4852 intuetur
3169 4838 3186 4864 ,
3211 4800 3362 4876 satis,
3395 4813 3646 4872 quantum

2069 4888 2349 4954 existimo,
2382 4886 2630 4959 intelligit
2655 4887 2781 4958 quid
2825 4888 3038 4959 proprie
3063 4889 3229 4958 priori
3253 4893 3396 4948 aetati
3437 4901 3650 4967 generis

2071 4978 2321 5047 humani,
2349 4979 2475 5050 quid
2506 4979 2784 5051 posteriori
2809 4979 3110 5034 conveniat.
3139 4980 3325 5039 Divina
3351 4988 3493 5044 enim
3525 5006 3652 5061 pro-

2069 5071 2299 5127 videntia
2341 5070 2563 5141 pulchre
2601 5071 2779 5126 omnia
2808 5068 3150 5140 moderante,
3184 5071 3256 5129 ita
3285 5077 3528 5136 universa
3556 5097 3650 5154 ge-

2071 5164 2405 5220 nerationum
2426 5163 2590 5217 series
2609 5161 2677 5216 ab
2701 5160 2869 5216 Adam
2894 5175 3062 5232 usque
3085 5162 3152 5220 ad
3171 5163 3330 5228 finem
3359 5173 3536 5227 saeculi
3555 5175 3651 5230 ad-

2072 5253 2420 5318 ministratur,
2455 5261 2701 5323 tanquam
2732 5252 2889 5309 unius
2913 5251 3142 5312 hominis
3170 5272 3201 5312 a
3219 5247 3454 5330 pueritia
3481 5279 3648 5338 usque

2071 5345 2136 5401 ad
2182 5352 2509 5402 senectutem
2539 5344 2792 5415 temporis
2817 5347 2900 5401 sui
2939 5355 3162 5404 tractum
3189 5353 3356 5408 aetatis
3398 5356 3650 5426 gradibus

2074 5439 2424 5496 terminantis.
2467 5438 2535 5494 Et
2561 5437 2680 5494 ideo
2709 5440 2961 5496 virtutum
2987 5441 3148 5498 etiam
3172 5444 3368 5512 gradus
3407 5447 3462 5502 in
3486 5453 3652 5508 mori-

2136 5576 2152 5638 ?
2180 5580 2278 5623 nat.
2301 5580 2353 5624 et
2373 5581 2565 5637 septem
2586 5581 2714 5638 Mss.,
2737 5578 3083 5631 constituenda.

2135 5637 2156 5700 ξ
2179 5642 2426 5700 Duo_tiss.,
2445 5649 2539 5686 non
2561 5639 2662 5700 fere
2683 5638 2905 5690 solemus.

2135 5696 3176 5827 ξαέηιῗέἷῗῖῗὲίαδᾶὶέἅῗί
3203 5704 3576 5772 ν’ίεωθαίίωο
