4180 6214
513 255 598 321 ς35
1260 257 1349 314 DE
1389 257 1700 314 DIVERSIS
1737 254 2256 324 QUIESTIONIBUS
2291 259 2577 333 LXXXIII,
2618 265 2678 322 S.
2715 266 3079 327 AUGUSTINI
3723 289 3797 349 ω

453 417 462 425 ο
529 382 629 450 bus
647 420 665 450 ,
691 375 862 436 donec
888 379 1128 440 veniatur
1152 379 1217 434 ad
1243 394 1502 434 summam
1531 380 1761 432 hominis
1787 379 2103 483 perfectam-

457 500 464 531 :
527 487 632 544 que
675 472 953 536 virtutem.
988 482 1196 541 oportet
1225 474 1344 526 eum
1389 473 1746 541 distinguere,
1779 470 1864 540 qui
1913 469 2106 524 divinis

527 565 840 624 lectionibus
865 565 1008 634 pium
1052 565 1283 618 animum
1315 564 1539 618 intendit
1571 581 1584 616 :
1619 578 1685 616 ne
1711 564 1844 616 forte
1872 577 1992 616 cum
2020 563 2103 615 in-
2140 605 2144 608 .

457 693 468 701 ι
524 657 732 713 venerit
753 655 1036 724 aliquando
1061 657 1241 724 parvis
1269 671 1444 724 parva,
1467 654 1751 724 aliquando
1773 654 1974 722 majora
1995 669 2104 707 ma-

384 783 386 785 »
458 788 463 794 η
517 748 725 820 joribus
771 747 1055 817 imperari,
1100 756 1357 816 reputans
1401 747 1449 799 iu
1495 745 1894 813 comparatione
1933 744 2102 848 maio-

457 882 466 887 τ
521 855 641 898 rum
664 842 682 874 ί
713 846 929 912 peccata
956 853 1078 892 esse
1117 839 1205 892 illa
1233 854 1351 908 qua:
1380 837 1583 890 minora
1627 845 1781 900 sunt,
1828 851 1932 890 non
1957 836 2101 890 arbi-
2145 875 2153 881 ο

463 957 469 961 ·
521 938 694 989 tretur
720 930 962 986 decuisse
1005 938 1062 983 ut
1104 929 1225 984 talia
1276 929 1412 982 Deus
1444 927 1744 981 hominibus
1791 928 2097 998 imperaret.

520 1020 628 1078 Sed
655 1035 795 1076 nunc
821 1019 888 1074 de
907 1019 1157 1072 virtutum
1182 1016 1434 1086 gradibus
1457 1016 1613 1070 nimis
1640 1017 1852 1085 longum
1877 1027 1958 1071 est
1986 1017 2098 1072 dis-

462 1155 468 1160 .
519 1120 726 1184 putare.
788 1111 1168 1167 Verumtamen
1210 1107 1352 1177 quod
1392 1107 1458 1161 ad
1505 1118 1820 1176 prtesentem
1850 1108 2098 1177 quaestio-

516 1219 640 1260 nem
664 1200 1050 1268 discutiendam
1076 1199 1206 1254 satis
1223 1206 1326 1263 est,
1353 1206 1606 1267 quantum
1629 1196 1695 1251 ad
1721 1197 2093 1300 decipiendum

461 1342 466 1344 -
513 1294 738 1361 attinet.
767 1306 973 1352 summa
1010 1298 1063 1346 et
1090 1287 1323 1358 perfecta
1350 1288 1514 1342 virtus
1547 1294 1630 1341 est
1657 1288 2097 1391 neminemdeci-

514 1401 663 1458 pere,
689 1395 846 1456 atque
868 1381 996 1439 illud
1026 1378 1454 1479 exhibere'quod-
1471 1379 1672 1479 dictum
1696 1378 1904 1479 estus“
1931 1379 2097 1479 iri-ore

513 1487 698 1544 vestro,
715 1476 828 1542 Eat,
846 1482 956 1538 est;
979 1471 1122 1538 Non,
1151 1488 1252 1526 non
1278 1470 1488 1540 (Matth.
1518 1485 1568 1534 v,
1586 1470 1699 1539 57).
1722 1468 1827 1523 Sed
1856 1469 1979 1538 quia
1995 1467 2096 1523 hoc

513 1567 595 1630 eis
619 1567 934 1636 imperatum
958 1570 1061 1628 est,
1095 1560 1288 1630 quibus
1307 1560 1418 1630 jam
1442 1573 1663 1630 regnum
1687 1559 1944 1614 caelorum
1973 1573 2095 1627 pro-

514 1659 735 1716 missum
759 1664 870 1720 est;
892 1669 1082 1724 magna
1106 1660 1284 1708 autem
1307 1652 1470 1706 virtus
1491 1660 1573 1706 est
1597 1650 1714 1705 haec
1741 1650 1960 1722 implere
1981 1665 2095 1704 ma-

506 1721 648 1822 jora,
665 1747 854 1820 quibus
876 1721 1100 1801 debetur
1122 1745 1224 1804 hoc
1243 1743 1554 1844 praemium;
1581 1741 1983 1844 [tegi-minenim.
1993 1757 2096 1844 fw:

465 1813 468 1817 λ
507 1813 806 1896 λοηιήίυὺη
846 1838 1034 1907 patitur
1053 1876 1068 1900 ,
1096 1844 1141 1890 et
1169 1835 1255 1904 qui
1294 1836 1392 1890 vim
1422 1835 1648 1905 faciunt,
1678 1832 2094 1935 diripiuqbiilud

461 1981 470 1987 .
510 1901 622 2004 (Id.
653 1946 726 1995 xi,
746 1901 1228 1998 12).:quaerendum
1257 1933 1340 1981 est
1352 1901 1542 2025 quibus
1564 1923 1816 2024 gradibus
1937 1923 2091 2025 istam

509 2023 870 2089 summitatem
895 2017 1379 2090 perfectionemque
1400 2015 1640 2074 veniatur
1665 2033 1676 2068 :
1703 2014 1754 2068 in
1780 2013 1973 2083 quibus
1992 2013 2092 2068 uti-

505 2129 614 2185 que
640 2111 889 2184 gradibus
915 2110 1251 2170 inveniuntur
1273 2107 1380 2174 illi,
1407 2106 1599 2177 quibus
1625 2105 1795 2160 adhuc
1821 2115 2090 2162 terrenum

507 2223 729 2280 regnum
771 2206 1209 2279 promittebatur,
1240 2220 1346 2275 quo
1373 2204 1632 2306 promisso
1678 2215 1925 2306 tanquam
1964 2220 2088 2306 par-

507 2300 616 2362 vuli
657 2298 1048 2370 praeluderent,
1079 2305 1134 2352 et
1159 2295 1226 2351 ab
1256 2312 1360 2350 uno
1400 2296 1508 2398 Deo
1529 2297 1550 2328 ’
1570 2335 1585 2361 ,
1746 2304 1827 2350 est
1854 2297 2089 2398 omnium

509 2389 765 2456 Dominus.
783 2429 798 2455 ,
841 2387 1050 2462 interim
1078 2387 1303 2444 terrenis
1328 2384 1534 2455 gaudiis
1553 2426 1566 2449 ,
1595 2385 1784 2453 quibus
1814 2385 1986 2441 adhuc
2011 2387 2091 2442 in-

506 2479 754 2549 hiabant.
785 2479 1081 2549 impetratis
1100 2517 1114 2543 ,
1157 2477 1280 2534 inde
1309 2477 1644 2548 proficientes
1673 2487 1726 2532 et
1751 2478 1939 2546 spiritu
1967 2495 2086 2545 ere.

467 2545 472 2626 ξ
503 2545 756 2640 manu
788 2545 1044 2636 auderent
1072 2569 1231 2625 etiam
1258 2545 1474 2638 sperare
1499 2567 1752 2623 crelestia.
1785 2568 1933 2623 Sicut
1959 2585 2087 2640 ergo

467 2723 473 2734 ._
503 2637 712 2733 summa
736 2672 791 2730 et
816 2677 978 2734 prope
1005 2662 1182 2724 divina
1209 2637 1373 2718 virtus
1398 2671 1499 2726 est,
1527 2663 1788 2717 neminem
1816 2663 2080 2734 decipere;

469 2731 473 2735 Ι
501 2731 852 2824 sic-ultimum
892 2731 1076 2820 vitium
1105 2763 1220 2820 est,
1251 2754 1540 2824 quemlibet
1566 2755 1832 2826 decipere.
1864 2731 1949 2813 Ab
1986 2759 2085 2814 hoc

502 2847 690 2918 ultimo
716 2847 845 2916 vitio
873 2846 941 2902 ad
985 2846 1130 2908 illam
1159 2861 1421 2902 summam
1450 2845 1697 2902 virtutem
1747 2848 2083 2905 tendentibus

464 2913 470 3005 ξ
499 2913 697 3014 gradus
723 2913 806 3004 est
823 2979 840 3006 ,
867 2937 1133 3004 neminem
1158 2936 1373 3008 quidem
1403 2939 1487 2998 vel
1524 2939 1752 2994 amicum
1773 2980 1788 3003 ,
1821 2942 1902 2995 vel
1931 2943 2081 3011 igno-

500 3039 645 3102 tum,
678 3031 770 3101 sed
799 3039 977 3099 tamen
1018 3030 1293 3098 inimicum
1322 3030 1605 3100 aliquando
1632 3031 1896 3101 decipere.
1929 3033 2082 3091 Unde

499 3124 661 3198 etiam
685 3123 814 3194 illud
842 3139 873 3180 a
902 3133 1057 3194 poeta
1087 3123 1286 3184 dictum
1316 3139 1482 3194 prepe
1503 3125 1612 3192 jam
1653 3126 1918 3194 proverbii
1950 3142 2082 3182 con-

466 3195 473 3201 ,
498 3195 833 3288 suetudinem
864 3215 1090 3282 obtinuit
1114 3231 1128 3268 :

575 3381 577 3383 ί
623 3325 786 3386 ⁸³³⁸³³⁸
803 3339 866 3390 i“
897 3327 1074 3385 m’
1092 3325 1802 3450 “msiiiieﬁisi‘f‘ii‘ii‘i‘gsos

498 3488 605 3556 Sed
628 3489 876 3561 quoniam
907 3497 958 3546 et
999 3489 1112 3560 ipse
1138 3489 1307 3552 hostis
1349 3498 1520 3558 potest
1549 3491 1858 3562 plerumque
1887 3492 2079 3562 injuste

495 3581 700 3654 decipi,
752 3581 910 3650 veluti
948 3596 1068 3644 cum
1112 3590 1324 3650 pactum
1352 3581 1563 3652 aliquod
1610 3584 1666 3636 fit
1692 3583 1758 3637 de
1799 3586 2079 3654 temporali

470 3655 477 3661 ’
495 3688 658 3746 pace,
689 3688 820 3743 quas
861 3672 1100 3736 inducias
1129 3681 1352 3735 vocant,
1405 3682 1458 3726 et
1488 3688 1593 3727 non
1623 3685 1866 3728 servatur
1904 3674 2037 3738 ﬁdes
2059 3718 2073 3742 ,

408 3779 414 3790 ‘
493 3773 548 3822 et
585 3774 776 3833 uetera
817 3765 974 3830 talia;
1007 3765 1176 3826 multo
1215 3774 1298 3820 est
1336 3766 1606 3836 pnrgatior
1647 3783 1972 3839 summaque
2003 3769 2075 3825 illi

472 3837 671 3922 virtuti
700 3855 1074 3926 propinquior,
1105 3855 1194 3925 qui
1237 3871 1537 3925 quanquam
1571 3859 1696 3916 velit
1740 3837 1945 3914 hostem
1977 3861 2073 3920 de-

491 3943 705 4014 cipere,
738 3961 842 4018 non
886 3960 1006 4000 eum
1040 3953 1215 4010 tamen
1262 3945 1460 4015 decipit
1488 3949 1588 4003 nisi
1631 3952 1945 4016 auctoritate
1989 3952 2076 4007 di-

490 4034 631 4097 vina.
662 4035 800 4096 Deus
829 4035 971 4100 enim
1002 4034 1147 4098 novit
1176 4037 1259 4090 vel
1288 4038 1432 4094 solus
1453 4081 1467 4102 ,
1500 4039 1582 4093 vel
1615 4051 1760 4094 certe
1786 4041 1940 4111 longe
1977 4059 2073 4097 ex-

491 4126 766 4194 cellentius
791 4140 948 4198 quam
968 4126 1210 4189 homines
1235 4135 1394 4195 atque
1420 4129 1698 4193 sincerius,
1719 4147 1823 4200 qua
1848 4134 2073 4204 quisque

491 4230 646 4290 pinna
673 4215 958 4287 prmmiove
983 4216 1052 4278 sit
1079 4215 1289 4286 dignus.

475 4289 480 4294 ’
559 4305 613 4358 2.
644 4305 974 4373 QuaprOpter
1005 4305 1142 4370 Deus
1170 4306 1383 4375 quidem
1410 4320 1504 4374 per
1545 4307 1776 4375 seipsum
1806 4312 2070 4378 neminem

489 4397 715 4468 decipit;
743 4404 824 4452 est
847 4396 988 4463 enim
1019 4396 1180 4460 Pater,
1207 4397 1456 4460 Veritatis
1489 4416 1500 4451 :
1534 4409 1586 4455 et
1617 4399 1841 4465 Veritas,
1873 4411 1928 4456 et
1953 4401 2072 4471 Spi-

475 4465 625 4544 ritus
652 4487 900 4544 Veritatis
931 4505 944 4540 :
977 4488 1148 4559 dignis
1178 4499 1352 4558 tamen
1380 4490 1536 4559 digna
1568 4491 1887 4547 distribuens
1920 4495 2072 4566 (quo-

489 4580 628 4647 niam
654 4578 755 4648 bop
778 4593 989 4655 quoque
1015 4580 1245 4648 pertinet
1271 4579 1337 4638 ad
1360 4579 1614 4645 justitiam
1644 4589 1697 4638 et
1726 4584 2025 4653 veritatem)
2051 4626 2066 4651 ,

487 4671 649 4734 utitur
678 4669 866 4737 animis
898 4684 990 4738 pro
1019 4671 1222 4740 meritis
1253 4670 1665 4740 etdignitatibus
1685 4714 1698 4734 ,
1726 4690 1842 4742 qlliB
1872 4686 1994 4741 sunt
2017 4677 2068 4732 in

485 4762 735 4833 gradibus
774 4777 990 4838 earum,
1023 4770 1079 4826 ut
1119 4763 1165 4827 si
1209 4764 1486 4832 quisquam
1516 4764 1708 4832 dignus
1745 4778 1826 4821 est
1855 4769 2065 4838 decipi,

486 4869 589 4906 non
632 4852 802 4908 solum
832 4845 925 4922 per
953 4868 1013 4916 se
1054 4854 1226 4922 ipsum
1253 4869 1375 4920 eum
1417 4869 1519 4922 non
1555 4855 1814 4924 decipiat,
1847 4860 1938 4914 sed
1971 4877 2066 4916 ne-

478 4939 586 5012 que
627 4957 720 5012 per
761 4927 917 5010 talem
949 4944 1250 5010 hominem,
1283 4945 1370 5013 qui
1409 4945 1519 5013 jam
1549 4956 1902 5013 congruenter
1945 4951 2064 5005 dili-

483 5031 591 5100 git,
624 5041 676 5083 et
702 5032 964 5100 custodire
991 5034 1256 5104 persistit,
1288 5035 1368 5088 Sit
1389 5036 1440 5088 in
1466 5052 1550 5088 ore
1571 5046 1727 5098 vestro
1749 5079 1761 5102 ,
1799 5036 1888 5096 Est
1907 5082 1922 5105 ,
1955 5051 2066 5107 est;

489 5119 628 5184 Non,
658 5133 794 5181 non;
822 5136 992 5188 neque
1023 5138 1114 5196 per
1142 5125 1404 5194 angelum,
1439 5126 1519 5180 cui
1553 5141 1657 5184 non
1682 5130 1926 5188 convenit
1949 5147 2066 5199 per.-

486 5226 614 5264 sona
649 5209 867 5263 fallacia:
900 5226 912 5260 :
948 5211 1039 5264 sed
1070 5223 1158 5268 aut
1184 5230 1275 5282 per
1303 5216 1464 5270 talem
1493 5217 1780 5284 hominem,
1809 5223 1899 5291 qui
1928 5238 2063 5280 non-

485 5301 609 5364 dum
641 5318 696 5356 se
725 5301 1021 5372 hujusmodi
1051 5303 1425 5372 cupiditatibus
1453 5311 1628 5376 exuit;
1660 5319 1751 5370 aut
1787 5327 1880 5379 per.
1905 5313 2062 5372 talem

549 5433 564 5463 ι
587 5432 774 5488 Ειοιιδί,
799 5431 1005 5502 mnium.
1026 5433 1116 5480 sed
1142 5432 1317 5502 melius
1335 5435 1508 5484 decem
1529 5447 1652 5498 uss,
1677 5440 1932 5502 majorum.

538 5492 566 5524 "
591 5493 724 5551 Edili,
749 5500 794 5542 et
811 5492 870 5541 ab
894 5506 984 5541 uno
1006 5501 1100 5542 nco
1115 5494 1430 5544 abimdmtter.
1451 5506 1567 5555 Vox,
1584 5492 1900 5564 abundanter,
1919 5507 2062 5556 abest

483 5567 510 5603 a
535 5553 781 5616 plerisque
807 5563 910 5604 Mss.

546 5616 566 5647 ³
589 5621 660 5662 Er.
691 5624 740 5663 et
761 5623 893 5676 Lov.,
928 5623 1292 5696 acerreae-entes.
1315 5625 1890 5696 Δξιςςδη.ςι·4ξειτεηιθις.-
1905 5629 2051 5696 Lugd.

485 5684 536 5724 et
555 5684 692 5742 veg,
715 5684 1075 5740 macresceret“,
1105 5687 1156 5734 ut
1180 5685 1252 5729 Er.
1282 5686 1455 5729 etLov.
1525 5689 1578 5731 Μ.

2214 384 2458 450 angelum
2481 425 2496 452 ,
2528 387 2618 455 qui
2659 401 2755 456 pro
2783 403 2894 444 suae
2917 391 3206 452 voluntatis
3245 399 3590 469 perversitate
3615 411 3700 464 vel
3726 408 3795 466 ad

2213 473 2498 532 vindictam
2528 491 2864 548 peccatorum
2885 525 2900 550 ,
2929 486 3011 540 vel
3041 486 3106 542 ad
3134 493 3564 552 exercitationem
3602 513 3794 572 purga-

2213 564 2516 636 tionemque
2556 584 2742 625 eorum
2767 575 2856 643 qui
2884 578 3174 634 secundum
3207 582 3372 638 Deum
3401 599 3751 646 renascuntur
3773 633 3790 659 ,

2212 656 2263 710 in
2309 659 2504 716 infimis
2550 673 2752 720 natura:
2793 669 3042 737 gradibus
3085 673 3358 732 ordinatus
3398 689 3497 734 est.
3543 656 3790 754 Legimus

2210 748 2351 802 enim
2364 747 2641 820 deceptum
2656 771 2831 824 regem
2847 756 2921 830 (a)
2941 759 3073 817 falso
3089 766 3335 822 vaticinio
3360 747 3792 844 pseudoprophe-

2211 845 2383 893 tarum
2416 857 2429 892 ε
2461 850 2517 894 et
2545 842 2612 895 ita
2643 844 2864 915 legimus
2884 890 2899 914 ,
2937 860 2995 906 ut
3037 867 3210 924 neque
3238 842 3570 917 sine-divino
3589 842 3791 933 judicio

2209 929 2405 985 factum
2434 932 2763 991 inveniamus
2781 980 2797 1005 ,
2828 943 3076 1010 quoniam
3117 945 3311 1018 dignus
3335 960 3450 1007 erat
3473 954 3561 1010 ille
3585 957 3663 1012 sic
3688 957 3788 1014 de-

2207 1019 2344 1088 cipi;
2384 1035 2556 1092 neque
2583 1039 2677 1092 per
2699 1041 2820 1080 eum
2862 1031 3108 1100 angelum
3128 1076 3143 1102 ,
3173 1052 3333 1106 quem
3355 1040 3685 1113 deceptionis
3707 1048 3788 1103 of-

2207 1110 2384 1166 ficium
2413 1116 2686 1186 suscipere
2714 1133 2817 1174 non
2847 1121 3091 1190 deceret;
3119 1128 3216 1183 sed
3244 1147 3338 1210 per
3358 1136 3602 1205 angelum
3632 1155 3784 1196 erro-

2207 1203 2299 1269 ris,
2329 1205 2418 1273 qui
2449 1206 2549 1260 sibi
2577 1209 2716 1265 ultro
2746 1212 2878 1268 tales
2906 1223 3080 1283 partes
3105 1203 3304 1302 imponi
3329 1203 3451 1280 cum
3479 1227 3658 1284 laetitia
3685 1247 3784 1302 po-

2205 1294 2420 1349 stulavit
2448 1297 2536 1367 (Ill
2567 1298 2692 1370 Reg.
2724 1317 2868 1370 χχιι,
2901 1305 3080 1378 6-56).
3108 1299 3433 1376 Quibusdam
3477 1318 3619 1374 enim
3644 1294 3787 1377 sta.

2205 1392 2478 1450 pturarnm
2506 1386 2637 1442 locis
2674 1393 2907 1459 apertius
2936 1396 3131 1466 aliquid
3160 1404 3474 1472 exponitur,
3503 1409 3642 1479 quod
3666 1411 3785 1468 dili-

2201 1487 2332 1541 gens
2353 1483 2405 1529 et
2433 1476 2552 1545 pius
2577 1478 2745 1535 lector
2767 1485 2924 1539 etiam
2945 1487 2996 1540 in
3013 1489 3134 1544 aliis
3159 1491 3308 1560 locis,
3327 1497 3379 1550 in
3398 1476 3588 1570 quibus
3610 1503 3783 1562 minus

2202 1565 2466 1632 aperitur,
2501 1568 2772 1640 intelligat.
2821 1574 2958 1631 Deus
2984 1579 3125 1634 enim
3155 1594 3337 1640 noster
3360 1565 3437 1644 sic
3462 1591 3528 1646 ad
3557 1593 3782 1653 salutem

2201 1655 2495 1712 animarum
2515 1659 2724 1723 divinos
2745 1663 2910 1722 libros
2931 1667 3128 1753 Spiritu
3149 1687 3333 1732 sancto
3355 1681 3659 1741 moderatus
3679 1697 3777 1754 est,

2202 1758 2257 1800 ut
2280 1763 2386 1803 non
2429 1751 2600 1807 solum
2633 1757 2924 1814 manifestis
2951 1748 3200 1832 pascere,
3232 1769 3324 1824 sed
3354 1772 3511 1829 etiam
3541 1776 3783 1837 obscuris

2199 1854 2449 1897 exercere
2477 1859 2573 1899 nos
2599 1848 2776 1904 vellet.
2817 1850 2898 1906 Ex
2922 1853 3021 1909 hac
3047 1856 3205 1927 igitur
3230 1861 3476 1921 ineffabili
3505 1878 3662 1939 atque
3691 1889 3782 1927 su-

2197 1928 2346 1984 blimi
2365 1947 2540 1989 rerum
2567 1936 3045 2012 administratione,
3065 1962 3183 2016 quae
3200 1949 3257 2004 fit
3284 1967 3377 2020 per
3402 1928 3629 2013 divinant
3659 1977 3782 2031 pro-

2201 2021 2485 2079 videntiam
2505 2067 2520 2091 ,
2553 2030 2702 2097 quasi
2731 2035 3045 2104 transcripta
3072 2048 3154 2093 est
3183 2045 3437 2101 naturalis
3462 2048 3545 2102 lex
3585 2051 3636 2119 in
3659 2021 3783 2109 ani-

2197 2127 2339 2168 mam
2365 2115 2700 2185 rationalem,
2735 2133 2789 2176 ut
2819 2123 2871 2177 in
2905 2124 3018 2194 ipsa
3046 2129 3163 2184 vitm
3193 2131 3349 2202 hujus
3373 2143 3778 2201 conversatione

2197 2205 2541 2276 moribusque
2581 2213 2808 2268 terrenis
2857 2217 3094 2273 homines
3125 2221 3305 2278 talium
3346 2225 3778 2290 distributionum

2198 2292 2453 2365 imagines
2469 2311 2704 2355 servent.
2729 2303 2862 2358 Hinc
2885 2317 2964 2360 est
2983 2309 3122 2377 quod
3142 2311 3304 2380 judex
3330 2315 3633 2376 damnatum
3658 2339 3780 2394 per-

2197 2397 2381 2445 cutere
2401 2391 2671 2463 indignum
2697 2410 2788 2449 sua
2816 2413 3039 2466 persona
3057 2412 3110 2457 et
3137 2405 3392 2462 nefarium
3409 2410 3613 2480 judicat
3631 2391 3778 2487 :ejus

2197 2486 2373 2536 tamen
2395 2482 2550 2551 jussu
2593 2484 2694 2540 hoc
2736 2486 2860 2544 facit
2887 2492 3154 2562 carnifex,
3195 2497 3285 2568 qui
3313 2514 3410 2569 pro
3439 2517 3532 2558 sua
3575 2482 3779 2576 cupidi-

2193 2578 2303 2627 tate
2343 2573 2422 2629 sie
2461 2574 2735 2633 ordinatus
2763 2588 2846 2635 est
2874 2581 2926 2636 in
2957 2585 3165 2654 ofﬁcio,
3197 2598 3254 2644 ut
3294 2595 3553 2664 percutiat
3599 2573 3776 2670 legum

2192 2662 2558 2722 moderatione
2581 2667 2908 2738 damnatum,
2937 2675 3025 2744 qui
3051 2688 3230 2746 posset
3249 2682 3406 2738 etiam
3433 2662 3771 2747 innocentem

2191 2765 2286 2807 sua
2314 2754 2624 2820 crudelitate
2671 2772 2968 2830 percutere.
2998 2765 3128 2822 Nam
3173 2785 3346 2841 neque
3375 2789 3467 2844 per
3494 2791 3551 2832 se
3596 2779 3773 2849 ipsum

2190 2840 2294 2898 hoc
2315 2843 2478 2912 judex
2503 2845 2646 2914 facit,
2681 2865 2852 2922 neque
2877 2869 2972 2923 per
2998 2840 3287 2929 principem
3313 2840 3396 2918 vel
3429 2840 3767 2940 advocatum,

2189 2943 2282 2992 aut
2318 2935 2548 3006 aliquem
2579 2939 2630 2993 in
2661 2941 2836 2999 officio
2867 2959 2965 3000 suo
2984 2989 2997 3014 ,
3027 2949 3111 3004 cui
3153 2951 3257 3008 tale
3285 2955 3630 3015 ministerium
3659 2973 3770 3028 non

2189 3029 2566 3086 convenienter
2595 3033 2900 3104 imponitur.
2931 3039 3066 3096 Hinc
3103 3052 3185 3097 est
3209 3046 3366 3100 etiam
3392 3051 3530 3118 quod
3560 3053 3769 3120 irratio—

2190 3119 2396 3176 natibus
2437 3123 2794 3182 animantibus
2820 3129 3017 3186 utimur
3045 3132 3110 3187 ad
3137 3149 3228 3191 eas
3254 3152 3340 3193 res
3373 3155 3504 3218 quas
3548 3158 3643 3213 per
3669 3145 3771 3200 ho-

2189 3211 2361 3266 mines
2379 3214 2462 3284 agi
2485 3215 2740 3272 nefarium
2763 3229 2861 3274 est.
2882 3221 3012 3276 Nam
3035 3226 3215 3294 utique
3231 3211 3418 3302 dignus
3437 3242 3515 3288 r-st
3536 3235 3616 3291 fur
3637 3252 3770 3300 inor-

2187 3313 2249 3356 su
2281 3301 2500 3358 lacerari
2534 3324 2548 3360 :
2583 3306 2632 3360 id
2665 3316 2839 3363 tamen
2881 3311 3041 3368 homo
3077 3332 3180 3371 non
3208 3335 3304 3391 per
3333 3324 3589 3396 seipsum
3619 3329 3766 3398 agit,

2187 3397 2277 3444 aut
2302 3404 2397 3460 per
2421 3391 2607 3459 tilium,
2637 3407 2728 3450 aut
2756 3414 2850 3468 per
2871 3400 3240 3470 domesticum,
3265 3419 3355 3466 aut
3379 3391 3536 3470 etiam
3569 3391 3678 3492 per.-
3690 3391 3769 3477 fa:-

2188 3481 2391 3536 mulum
2415 3497 2603 3551 suum;
2634 3488 2727 3542 sed
2754 3504 2850 3560 per
2873 3507 3080 3559 canem,
3111 3513 3266 3566 quam
3297 3502 3518 3560 bestiam
3549 3481 3667 3563 talia
3690 3510 3768 3567 fa-

2185 3585 2310 3628 cere
2337 3584 2432 3644 pro
2457 3585 2658 3632 natura)
2683 3594 2791 3635 suae
2811 3583 3058 3652 gradibus
3077 3586 3250 3644 decet.
3275 3591 3403 3649 Cum
3428 3596 3585 3666 igitur
3606 3615 3768 3672 quos-

2186 3661 2305 3718 dam
2349 3667 2454 3734 pati
2484 3667 2679 3739 aliquid
2716 3671 2938 3741 deceat,
2972 3679 3112 3747 quod
3154 3682 3288 3739 alios
3317 3661 3490 3744 facere
3535 3661 3638 3748 non
3669 3694 3764 3750 de-

2185 3762 2334 3820 ceat;
2374 3756 2665 3814 ministeria
2708 3764 2948 3832 qumdam
2991 3755 3116 3824 Sunt
3139 3773 3348 3841 media,
3389 3780 3578 3848 quibus
3607 3783 3766 3854 digna

2185 3843 2528 3916 iniunguntur
2553 3850 2761 3918 officia;
2795 3863 2851 3908 ut
2873 3857 2952 3912 eis
2979 3867 3133 3916 utens
3161 3863 3269 3934 ipsa
3293 3843 3517 3938 justitia,
3551 3843 3766 3931 nonsa-

2184 3933 2294 3992 lum
2324 3938 2444 3993 talia
2473 3942 2578 4009 pati
2605 3958 2866 4015 quemque
2893 3949 3146 4020 imperet,
3175 3933 3348 4026 qualia
3386 3964 3490 4030 pati
3506 3933 3638 4022 cum
3663 3967 3762 4022 dc-

2183 4034 2301 4091 cet,
2347 4029 2440 4082 sed
2471 4032 2628 4086 etiam
2662 4034 2724 4088 iis
2755 4034 3064 4096 facientibus
3084 4084 3098 4108 ,
3131 4060 3261 4114 quos
3307 4029 3427 4105 talia
3459 4052 3628 4110 facere
3654 4073 3759 4114 non

2181 4120 2360 4184 minus
2384 4122 2556 4179 decet.
2584 4125 2916 4200 Quapropter
2940 4149 3060 4188 cum
3095 4145 3147 4191 et
3176 4137 3408 4212 {Egyptii
3449 4145 3763 4218 deceptione

2180 4209 2324 4278 digni
2348 4223 2559 4282 essent,
2591 4227 2645 4270 et
2672 4221 2896 4304 populus
2923 4223 3085 4279 Israel
3126 4241 3223 4297 pro
3254 4209 3338 4286 illa
3367 4245 3522 4293 aetate
3549 4209 3762 4310 generis

2181 4299 2397 4360 humani
2419 4304 2470 4356 in
2499 4306 2586 4360 tali
2612 4307 2787 4364 adhuc
2809 4301 2976 4380 gradu
3008 4331 3214 4373 morum
3237 4299 3716 4386 constitutusvesset
3737 4374 3756 4401 ,

2180 4400 2237 4448 ut
2264 4407 2370 4450 non
2418 4395 2629 4466 indigne
2657 4401 2862 4456 hostem
2891 4405 3191 4478 deciperet;
3238 4414 3431 4472 factum
3461 4429 3542 4488 est
3571 4431 3629 4478 ut
3665 4395 3757 4495 ju;

2179 4480 2327 4542 heret
2355 4484 2525 4552 Deus,
2551 4488 2634 4542 vel
2660 4491 2836 4558 potius
2867 4509 2964 4563 pro
2989 4497 3196 4555 illorum
3223 4485 3508 4574 cupiditate
3531 4480 3757 4584 permit-

2180 4578 2342 4638 teret,
2377 4582 2436 4628 ut
2460 4590 2582 4632 vasa
2609 4593 2766 4634 aurea
2810 4593 2864 4638 et
2889 4597 3136 4656 argentea
3157 4632 3172 4658 ,
3198 4595 3390 4665 quibus
3430 4578 3604 4660 adhuc
3645 4615 3760 4664 ter-

2178 4665 2292 4722 reni
2346 4667 2492 4736 regni
2531 4669 2546 4700 ¹
2586 4674 2911 4741 appetitores
2955 4679 3258 4754 inhiabant,
3301 4697 3355 4743 et
3405 4701 3646 4762 peterent
3691 4699 3762 4756 ab

2177 4754 2442 4826 Egyptiis
2467 4774 2572 4815 non
2597 4761 2873 4833 reddituri,
2907 4778 2962 4824 et
2999 4773 3300 4844 acciperent
3325 4754 3473 4852 quasi
3502 4754 3761 4849 reddituri

2180 4843 2372 4916 (Exod.
2408 4865 2462 4906 ιιι
2483 4892 2498 4915 ,
2523 4850 2636 4922 22).
2665 4855 2830 4922 Quam
2871 4869 2925 4913 et
2961 4843 3261 4924 mercedem
3290 4843 3397 4929 tam
3423 4843 3760 4950 diuturnila:

2176 4935 2320 4992 boris
2339 4947 2497 5008 atque
2520 4945 2697 5012 operis
2721 4960 2816 5015 pro
2837 4951 3020 5007 talium
3044 4958 3340 5019 animarum
3359 4969 3525 5037 gradu
3552 4987 3653 5026 non
3677 4973 3757 5029 in-

2169 5025 2366 5095 justam
2395 5029 2536 5086 Deus
2573 5049 2692 5090 esse
2717 5039 2916 5107 voluit,
2947 5054 2999 5098 et
3029 5062 3238 5115 ptenam
3271 5055 3476 5110 illorum
3514 5076 3646 5128 quos
3669 5064 3753 5119 di-

2173 5134 2275 5188 gne
2319 5119 2442 5177 fecit
2469 5126 2714 5184 amittere
2757 5131 2807 5186 id
2852 5137 2993 5204 quod
3025 5141 3250 5198 reddere
3291 5119 3607 5204 debuerunt.
3642 5155 3754 5211 Non

2173 5210 2350 5280 itaque
2381 5213 2519 5270 Deus
2560 5216 2814 5290 deceptor
2841 5236 2954 5291 est,
2985 5231 3124 5298 quod
3153 5233 3373 5291 credere
3415 5239 3670 5295 nefarium
3697 5257 3752 5300 et

2172 5300 2391 5370 impium
2435 5320 2553 5361 esse
2579 5312 2696 5378 quis
2744 5330 2846 5368 non
2890 5318 3181 5389 intelligat?
3225 5325 3319 5379 sed
3363 5332 3668 5387 merita-nni
3700 5347 3753 5392 et

2170 5405 2515 5474 personarum
2542 5398 2867 5467 iustissimus
2909 5409 3250 5480 distributor,
3289 5414 3487 5474 faciens
3511 5426 3754 5492 quaedam

2169 5498 2263 5565 per
2305 5502 2361 5538 se
2401 5487 2572 5557 ipsum
2595 5535 2610 5559 ,
2643 5511 2761 5566 qua:
2793 5498 2882 5552 illo
2926 5502 3039 5554 solo
3068 5504 3225 5576 digna
3263 5519 3422 5580 sunt,
3453 5487 3610 5584 eique
3652 5489 3758 5579 soli

2227 5575 2300 5638 (a)
2332 5579 2522 5631 scilicet
2539 5585 2710 5636 Achab.

2165 5703 2182 5743 ι
2196 5637 2543 5774 ῃὲἓίοθὶιεξξὲξι
2698 5657 2750 5699 At
2774 5655 2844 5699 Er.
2873 5657 2922 5700 et
2950 5659 3078 5716 Lov.,
3110 5663 3316 5714 terrane
3337 5664 3494 5716 rei.-
3506 5669 3580 5721 sic
3602 5671 3756 5730 etin
