4134 6208
288 294 350 353 87

286 386 626 470 conveniunt;
655 402 814 459 sicuti
844 409 927 471 est
949 400 1246 471 illuminare
1270 398 1494 467 animas,
1524 405 1577 457 et
1602 411 1661 453 se
1683 399 1858 468 ipsum

285 496 352 554 eis
385 495 457 551 ad
497 476 879 565 perfruendum
923 489 1241 569 praebendo,
1274 491 1541 565 sapientes
1569 487 1855 571 beataeque

287 595 527 660 praestare
560 601 574 637 :
608 585 713 640 alia
751 598 846 660 per
870 583 1192 638 servientem
1219 580 1319 635 sibi
1349 588 1682 649 creaturam,
1726 578 1855 639 iniec

285 658 515 747 gerrimis
543 658 875 757 legibus'pro
900 672 1105 727 meritis
1130 670 1463 745 ordinatam,
1502 669 1744 739 quaedam
1769 684 1863 729 eo-

286 782 383 837 "m3
422 765 655 845 inbens,
702 761 949 836 quzedam
979 762 1329 845 permittens,
1368 775 1537 843 usque
1564 760 1632 833 ad
1676 774 1860 843 page.

287 873 383 931 rum
413 854 937 919 administrationem
959 893 973 917 ,
1006 853 1141 907 sicut
1184 850 1442 919 Dominus
1486 850 1539 917 in
1568 848 1862 921 Evangelio

287 948 428 1016 dicit,
460 956 515 1004 et
540 960 705 1035 usque
738 944 806 1011 ad
838 944 944 1001 leui
973 943 1222 1000 decorem
1243 985 1258 1012 ,
1291 956 1460 1029 usque
1482 940 1552 1005 ad
1577 957 1861 1013 numerum

285 1040 434 1096 etiam
476 1031 790 1117 capillorum
819 1044 1126 1105 nostrorum
1156 1032 1335 1090 divina
1363 1031 1696 1113 providentia
1740 1046 1861 1117 per-

290 1130 522 1187 tendente
544 1115 705 1202 atque
734 1128 985 1191 veniente
1023 1125 1241 1201 (Matth.
1274 1141 1345 1204 ξ,
1376 1123 1447 1195 29
1469 1165 1484 1191 ,
1515 1123 1619 1205 '50,
1657 1133 1703 1179 et
1732 1122 1858 1189 an.

286 1239 347 1279 xu
366 1265 380 1292 ,
408 1222 480 1277 27
501 1264 518 1290 ,
547 1218 665 1293 28).
711 1220 785 1275 De
813 1233 916 1293 qua
956 1216 1121 1289 etiam
1151 1216 1349 1283 dictum
1378 1224 1459 1289 est
1491 1233 1504 1269 :
1542 1215 1800 1285 Pertendit
1828 1232 1862 1271 a

287 1315 377 1386 fine
396 1330 556 1397 usque
580 1314 648 1368 ad
690 1292 846 1383 finem‘
864 1310 1062 1385 fortiter
1082 1351 1097 1379 ,
1130 1318 1178 1379 et
1204 1308 1426 1394 disponit
1449 1309 1621 1379 omnia
1641 1310 1861 1379 suaviter

288 1407 432 1480 (Sep.
460 1421 557 1461 vut
576 1445 591 1470 ,
624 1403 697 1475 1),

349 1498 403 1553 5.
432 1494 587 1565 Quod
612 1500 780 1550 autem
808 1507 907 1567 per
933 1490 1231 1547 animarum
1262 1488 1553 1561 ministeria
1580 1487 1692 1544 suis
1729 1488 1860 1563 legi-

286 1587 383 1645 bus
411 1586 683 1643 servientia
716 1585 858 1640 Deus
886 1582 1107 1655 puniat,
1136 1590 1190 1637 et
1225 1579 1385 1652 digne
1412 1580 1569 1655 digna
1602 1580 1860 1652 supplicia

289 1681 562 1747 retribuat,
591 1694 711 1747 eum
759 1677 875 1761 ipse
914 1660 1381 1819 tranquillissimus
1416 1684 1655 1741 maneat,
1706 1687 1861 1744 aper-

289 1772 476 1819 tissime
501 1770 573 1819 ita
599 1768 856 1819 scrinium
886 1775 968 1819 est
990 1784 1003 1819 :
1065 1782 1212 1819 nsum
1233 1779 1428 1819 quoque
1452 1763 1539 1819 aui
1565 1761 1735 1819 puniri
1760 1779 1861 1817 non

287 1772 476 1829 tissime
501 1770 574 1825 ita
599 1754 856 1840 scriptum
886 1775 968 1822 est
990 1784 1003 1820 :
1030 1754 1212 1837 Ipsum
1233 1779 1428 1836 quoque
1452 1763 1539 1841 qui
1565 1761 1735 1845 puniri
1760 1779 1861 1817 non

289 1864 478 1928 debeat,
508 1859 865 1925 condemnare,
910 1868 1129 1921 ceterum
1165 1855 1384 1911 testimas
1419 1855 1438 1886 ¹
1465 1870 1497 1907 a
1535 1862 1624 1907 tua
1659 1852 1857 1907 virtute.

297 1954 454 2010 Virtus
487 1954 623 2023 enirn
660 1961 750 2008 tua
781 1950 997 2023 justitite
1037 1948 1239 2017 initium
1279 1957 1393 2013 est;
1432 1955 1477 2000 et
1504 1945 1566 2000 ob
1600 1944 1694 1999 hoc
1726 1943 1862 2019 quod

295 2047 497 2101 mitium
536 2043 792 2098 Dominus
836 2057 887 2095 es
903 2082 917 2107 ,
960 2038 1186 2093 omnibus
1225 2047 1273 2091 te
1311 2051 1514 2106 parcere
1548 2035 1695 2108 facis.
1739 2032 1860 2103 Vir-

296 2144 429 2191 tutan
461 2134 593 2190 asins
627 2143 684 2188 tu
715 2130 960 2198 ostendis,
988 2129 1072 2200 qui
1098 2144 1200 2183 non
1228 2126 1446 2183 crederis
1473 2143 1580 2197 esse
1606 2125 1660 2181 in
1684 2125 1863 2181 virtute

291 2232 655 2282 consummatus
672 2264 689 2292 ,
714 2221 807 2278 sed
833 2221 887 2277 in
911 2221 974 2275 iis
1001 2221 1087 2291 qui
1112 2219 1278 2274 sciunt
1320 2217 1591 2279 audaciam
1616 2216 1858 2275 traducis.

293 2319 361 2375 Tu
388 2329 557 2375 autem
580 2316 831 2372 Dominus
858 2314 1100 2368 virtutum
1122 2353 1137 2381 ,
1165 2326 1281 2365 cum
1323 2309 1685 2380 tranquillitate
1711 2308 1862 2379 judi-

287 2426 396 2477 cas,
435 2420 483 2465 et
519 2423 638 2463 curn
668 2421 858 2477 magna
898 2404 1172 2459 reverentia
1207 2402 1435 2472 disponis
1474 2416 1566 2455 nos
1610 2396 1730 2472 (Id.
1766 2415 1861 2465 xu,

351 2500 558 2650 4.131s.
585 2588 727 2663 quod
752 2588 925 2660 primo
948 2586 1003 2643 in
1028 2586 1257 2644 terrenis
1284 2585 1444 2657 rebus
1471 2583 1530 2655 lit
1565 2581 1761 2656 gradus
1796 2582 1865 2647 ad

288 2683 550 2740 etelestem
572 2680 848 2752 justitiam,
877 2692 996 2750 quae
1021 2676 1134 2748 jam
1161 2674 1484 2749 ﬁrmioribus
1501 2675 1521 2705 '
1548 2674 1860 2755 imperatur,

288 2775 536 2850 Dominus
562 2771 828 2844 ostendit,
859 2784 983 2827 cum
1017 2770 1093 2824 ait
1132 2785 1146 2823 :
1180 2767 1243 2824 Si
1282 2767 1337 2822 in
1370 2764 1537 2823 alieno
1563 2764 1738 2845 fideles
1763 2780 1866 2831 non

290 2867 477 2941 fuistis,
517 2873 733 2922 oestrum
770 2861 883 2935 quis
916 2859 1054 2916 dabit
1086 2859 1224 2925 vobis
1270 2856 1424 2929 (Luc.
1457 2872 1548 2912 xvr
1569 2896 1584 2921 ,
1617 2854 1755 2925 12)?
1797 2854 1867 2925 Et

289 2958 422 3029 quod
464 2972 562 3030 pro
599 2955 710 3027 suis
750 2952 1003 3027 gradibus
1042 2952 1236 3007 anima:
1277 2950 1604 3017 doceantur,
1653 2957 1708 3005 et
1753 2949 1868 3023 ipse

294 3047 536 3105 Dominus
558 3047 889 3103 demonstrat
913 3043 1099 3100 dicens
1115 3059 1128 3096 :
1147 3040 1200 3096 Μ
1207 3041 1313 3095 ulta
1339 3039 1496 3094 habeo
1518 3038 1657 3094 vobis
1679 3037 1866 3109 dicere;

295 3139 377 3195 sed
408 3154 536 3194 nunc
571 3154 673 3193 non
709 3136 917 3209 potestis
952 3142 1155 3205 portare
1186 3130 1281 3187 illa
1312 3130 1493 3202 (Joan.
1518 3146 1630 3208 xw,
1658 3130 1769 3201 12).
1800 3129 1869 3195 Et

294 3230 596 3302 Apostolus,
639 3243 761 3286 cum
804 3226 879 3283 ait
908 3244 921 3281 :
949 3224 1092 3297 Ego,
1144 3228 1365 3309 fratres,
1408 3237 1510 3276 non
1549 3220 1691 3291 potui
1730 3219 1869 3309 vobis

293 3321 421 3393 loqui
453 3321 597 3393 quasi
652 3317 1035 3390 spiritualibus,
1077 3307 1166 3369 sed
1211 3311 1356 3384 quasi
1409 3309 1714 3365 carnalibus.
1761 3307 1868 3365 Lac

289 3412 418 3469 vobis
453 3422 629 3485 potum
669 3409 805 3475 dedi,
832 3424 936 3463 non
974 3420 1175 3471 escam;
1216 3419 1375 3474 neque
1416 3402 1549 3456 enim
1586 3399 1865 3472 poteratis:

288 3506 368 3561 sed
391 3522 546 3578 neque
587 3504 755 3557 adhuc
798 3500 1041 3574 potestis;
1088 3498 1257 3552 adhuc
1301 3496 1434 3550 enim
1473 3495 1594 3550 estis
1636 3492 1865 3547 carnales

295 3597 339 3666 (ι
362 3597 472 3653 Cor.
498 3612 578 3665 ιιι,
608 3595 664 3662 1,
682 3593 763 3665 2).
794 3588 950 3662 Quod
974 3590 1116 3647 enim
1141 3589 1193 3643 in
1220 3586 1334 3642 istis
1354 3584 1642 3640 secundum
1670 3581 1867 3655 gradus

293 3702 416 3743 suos
452 3697 624 3744 aetum
655 3692 768 3753 est,
800 3687 902 3739 hoc
938 3682 991 3738 in
1018 3680 1270 3735 universo
1296 3690 1496 3749 genere
1525 3676 1755 3730 humano
1782 3672 1868 3751 agi

287 3780 682 3850 cognoscimus,
714 3784 773 3831 ut
806 3773 908 3830 alia
936 3770 1137 3841 carnali
1179 3768 1395 3841 populo,
1439 3766 1542 3821 alia
1582 3762 1863 3851 spirituali,

289 3883 383 3939 pro
428 3879 731 3940 temporum
777 3862 1125 3936 congruentia
1186 3860 1521 3930 juberentur.
1578 3855 1693 3923 Non
1739 3870 1867 3928 ergo

286 3959 475 4016 mirum
502 3960 548 4015 si
572 3959 783 4014 hostem
810 3954 982 4024 decipi
1004 3953 1222 4023 dignum
1245 3950 1267 3982 ³
1293 3947 1539 4019 decipere
1557 3946 1694 4017 jussi
1719 3953 1864 4010 sunt,

286 4052 375 4123 qui
417 4059 568 4108 erant
610 4050 786 4105 adhuc
826 4046 971 4118 digni
1015 4044 1223 4100 hostem
1261 4041 1529 4112 decipere.
1578 4038 1693 4107 Non
1723 4038 1869 4092 enim

285 4143 396 4215 jam
423 4153 571 4199 erant
612 4140 794 4198 idonei
834 4136 1361 4210 quibus‘diceretur,
1396 4128 1602 4201 Diligite
1639 4127 1868 4189 inimicos

289 4243 513 4298 vestros;
559 4233 655 4289 sed
710 4231 847 4286 tales
906 4237 1058 4284 erant
1108 4224 1299 4297 quibus
1350 4216 1718 4287 tantummodo
1763 4216 1870 4273 diei

286 4331 559 4394 oporteret
583 4322 637 4392 ⁸,
662 4321 860 4394 Diliges
888 4320 1174 4392 proximum
1203 4328 1364 4382 tuum,
1402 4320 1447 4367 et
1489 4311 1655 4366 oderis
1693 4310 1869 4366 inimi-

284 4433 397 4473 cum
436 4426 580 4472 tum
617 4413 835 4488 (Matth.
861 4429 919 4481 ν,
949 4412 1043 4479 44,
1070 4408 1184 4480 45).
1216 4405 1404 4477 Adhuc
1432 4404 1573 4460 enim
1610 4402 1701 4459 ille
1740 4416 1869 4487 pro-

285 4510 457 4566 ximus
486 4524 648 4593 quam
672 4507 781 4563 late
819 4501 1194 4575 intelligendus
1222 4506 1401 4593 esset,
1439 4512 1547 4593 non
1585 4502 1701 4551 erat
1732 4502 1871 4593 tem:

288 4603 430 4671 poris
457 4585 688 4657 tradere.
722 4596 995 4655 lnehoatio
1036 4608 1165 4665 ergo
1194 4589 1435 4663 quzedam
1474 4587 1613 4644 facta
1653 4594 1735 4642 est
1772 4585 1875 4653 sub

284 4693 597 4765 padagogo,
645 4701 707 4747 ut
753 4689 1007 4760 magistro
1050 4684 1307 4758 perfectio
1350 4692 1653 4737 servaretur
1693 4696 1707 4733 :
1749 4692 1874 4735 cum

289 4793 470 4840 tamen
514 4784 655 4839 idem
684 4781 849 4849 Deus,
892 4789 947 4836 et
984 4777 1328 4850 paedagogum
1370 4770 1603 4844 parvulis
1644 4768 1871 4836 dederit,

284 4877 463 4948 legem
505 4877 649 4931 illam
690 4875 894 4931 scilicet
931 4886 1028 4943 per
1076 4868 1326 4923 famulum
1355 4877 1549 4929 suum;
1605 4869 1660 4918 et
1702 4861 1872 4948 magi-

281 4947 458 5023 strum
500 4960 952 5039 grandioribus',
982 4959 1037 5016 id
1076 4967 1194 5025 est,
1228 4953 1571 5027 Evangelium
1610 4965 1705 5024 per
1739 4947 1874 5006 Uni-

282 5075 405 5116 cum
435 5073 616 5115 suum.
1008 5066 1017 5075 ’

347 5239 367 5270 ³
392 5242 498 5286 Mt.
544 5240 593 5284 et
618 5241 751 5294 tem,
798 5227 1079 5296 quipuniri
1109 5225 1299 5296 debeat,
1320 5220 1639 5296 condemns,
1671 5224 1720 5271 et
1748 5222 1879 5273 eote-

280 5311 394 5362 τιειι
415 5296 688 5360 manus.
723 5285 1048 5362 ἐωδιιίιάριυν
1073 5290 1152 5362 9d.
1173 5295 1250 5360 ενι
1264 5361 1269 5362 ν
1283 5285 1427 5362 θεῷ

314 5342 1025 5426 Ὓάῗῖἶῖἷῦἓιῗσέιὶεζίαηι
1052 5342 1878 5426 ,ίιίβνηιίρψξὲηὶίεῐέιξεηθιίίιὶιὲ

276 5408 640 5549 Μ
438 5433 555 5543 cf"?
579 5408 1878 5549 amendaremmnam

346 5493 640 5579 W1“
668 5493 1242 5588 vftperatttr.-:‘-1Lugu..et
1262 5493 1511 5585 ﬁgam:

346 5609 371 5643 δ
388 5542 829 5654 ’312ῗῖιὲιέἕί
846 5544 1268 5654 michi?
1286 5546 1511 5654 et'gplerit'

346 5609 371 5643 ι
388 5588 829 5665 ἐξ
858 5588 1057 5667 poterat.
1090 5588 1145 5650 A't
1165 5604 1263 5648 nat.
1286 5588 1591 5659 et'plerique
1612 5598 1742 5651 uss,
1776 5588 1879 5641 dici

278 5674 561 5780 Ψέθὲ
579 5735 712 5789 tam,
732 5721 1059 5789 nugatorium
1076 5719 1426 5786 grandioribus.
1448 5716 1753 5781 neponlmus,
1775 5726 1877 5765 ma-

1716 281 1921 339 LlBER
1961 281 2159 341 UNUS.

1966 395 2100 457 LIV.
2142 397 2219 465 De
2253 415 2309 455 eo
2348 400 2484 471 quod
2520 400 2761 478 scriptum
2797 410 2888 469 est.
2929 400 3054 469 Mihi
3083 408 3259 473 βυιαηι
3301 399 3547 475 adhere-

2047 504 2107 545 re
2134 489 2246 545 Deo
2276 488 2472 557 bonum
2502 499 2583 555 est
2613 491 2786 563 (Psal.
2816 508 2977 561 sxxii,
3003 492 3127 563 98).
3484 564 3491 569 ἢ

2040 580 2212 647 Omne
2249 582 2389 652 quod
2422 591 2504 638 est
2522 626 2538 651 ,
2567 593 2657 640 aut
2686 584 2874 651 eodem
2904 585 3064 645 modo
3092 600 3304 659 semper
3325 592 3427 659 est,
3458 593 3552 659 aut

1967 686 2097 745 non.
2140 672 2207 729 Et
2235 673 2409 739 omnis
2436 675 2611 747 anima
2650 675 2795 731 omni
2825 690 3051 751 corpore
3079 676 3393 751 meliorest.
3435 677 3549 749 Me-

1969 759 2073 831 lius
2115 770 2199 828 εει
2242 764 2387 831 enim
2432 779 2590 831 amne
2632 765 2773 836 quod
2816 766 3066 845 viviticat,
3109 781 3267 839 quam
3313 767 3365 841 id
3407 767 3549 845 quod

1966 850 2263 925 vivitieatur
2295 870 2308 907 :
2337 867 2533 931 corpus
2555 864 2732 919 autem
2761 856 2828 923 ab
2854 854 3030 923 anima
3060 856 3344 929 viviticari,
3374 872 3491 935 non.
3516 872 3548 913 a

1966 956 2193 1015 corpore
2215 943 2478 1015 animam,
2508 960 2666 1003 nemo
2691 946 2910 1027 ambigit
2936 948 2974 1013 ⁸.
3019 947 3168 1027 Quod
3207 955 3386 1017 autem
3423 963 3547 1015 eor-

1965 1047 2066 1104 pus
2096 1047 2199 1088 non
2231 1042 2333 1101 est,
2365 1042 2421 1089 et
2448 1042 2625 1107 tamen
2650 1020 2849 1108 aliquid
2876 1045 2978 1115 est,
3008 1020 3098 1097 aut
3122 1037 3294 1105 anima
3327 1046 3429 1111 est,
3454 1045 3547 1097 aut

1965 1139 2027 1197 ea
2054 1125 2245 1195 melius
2271 1124 2490 1197 aliquid.
2522 1126 2766 1182 Deterius
2795 1128 2937 1184 enim
2968 1128 3111 1183 omni
3149 1143 3373 1198 corpore
3413 1129 3544 1203 pihil
3572 1122 3593 1147 ‘

1966 1223 2048 1271 est
2076 1232 2089 1269 :
2121 1215 2243 1287 quia
2287 1223 2343 1272 et
2381 1216 2427 1273 si
2473 1218 2748 1273 materiam
2791 1220 2911 1293 quis
2936 1218 3164 1288 dixerit,
3206 1220 3344 1277 unde
3372 1221 3545 1291 ipsum

1964 1320 2160 1391 corpus
2200 1307 2295 1375 ﬁt;
2342 1317 2508 1379 recte,
2548 1310 2800 1380 quoniam
2837 1318 2983 1373 caret
3006 1312 3149 1368 omni
3187 1298 3548 1391 specie,'nihil

1965 1396 2177 1453 dicitur.
2207 1397 2411 1454 Rursus
2436 1399 2575 1454 inter
2605 1413 2798 1469 corpus
2828 1407 2883 1455 et
2908 1400 3160 1471 animam,
3189 1402 3331 1472 quod
3357 1404 3548 1461 melius

1964 1488 2036 1543 sit
2072 1503 2320 1559 corpore,
2351 1488 2586 1546 deterius
2626 1491 2822 1557 anima,
2854 1506 2960 1547 non
2989 1492 3275 1548 invenitur.
3322 1494 3378 1551 Si
3420 1495 3549 1579 quid

1965 1578 2107 1633 enim
2135 1586 2280 1635 esset
2307 1579 2542 1636 medium
2559 1623 2574 1649 ,
2602 1588 2696 1636 aut
2721 1581 3085 1637 vlviﬁearetur
3110 1583 3177 1638 ab
3203 1582 3378 1640 anima
3399 1625 3412 1651 ,
3442 1578 3550 1641 aut

1966 1669 2262 1727 viviﬂearet
2318 1673 2587 1743 animam,
2640 1681 2732 1729 aut
2778 1684 3025 1730 neutrum
3069 1692 3081 1728 :
3123 1683 3215 1730 aut
3258 1675 3549 1733 viviﬁearet

1966 1774 2180 1830 corpus,
2209 1769 2301 1816 aut
2327 1761 2683 1819 viviﬁcaretur
2721 1779 2750 1819 a
2777 1778 3031 1834 corpore,
3062 1773 3151 1819 aut
3178 1774 3446 1821 neutrum.
3479 1764 3552 1823 At

1966 1850 2222 1922 quidquid
2260 1852 2563 1909 viviﬁcatur
2597 1855 2664 1910 ab
2702 1855 2912 1922 anima,
2952 1870 3144 1926 corpus
3180 1863 3264 1912 est
3292 1874 3303 1909 :
3336 1857 3380 1927 si
3423 1856 3551 1929 quid

1966 1950 2146 1999 autem
2190 1943 2425 2001 viviiieat
2466 1947 2695 2002 animam
2721 1989 2735 2015 ,
2782 1946 2976 2003 melius
3023 1957 3104 2003 est
3147 1962 3306 2019 quam
3349 1947 3547 2005 anima.

1966 2033 2199 2091 Rursum
2242 2051 2347 2107 quo
2386 2037 2690 2094 viviﬁeatur
2737 2053 2953 2110 corpus,
2998 2038 3174 2094 anima
3222 2049 3304 2096 est
3347 2057 3360 2096 :
3409 2040 3552 2111 quod

1966 2125 2264 2183 viviﬁcatur
2307 2143 2339 2183 a
2386 2143 2644 2201 corpore,
2691 2130 2822 2185 nihil
2867 2136 2968 2186 est.
3009 2129 3266 2187 Neutrum
3297 2146 3445 2197 vero,
3490 2130 3545 2188 id

1966 2229 2067 2287 est,
2093 2219 2290 2276 nullius
2311 2221 2432 2276 vita:
2460 2221 2701 2293 indigens
2725 2225 2745 2255 ²
2773 2223 3079 2297 nullamque
3098 2224 3258 2282 vitam
3286 2226 3549 2296 tribuens,

1966 2319 2059 2365 aut
2091 2312 2309 2366 omnino
2336 2313 2465 2366 nihil
2491 2322 2594 2381 est,
2620 2325 2710 2367 aut
2735 2313 2933 2384 aliquid
2958 2323 3013 2369 et
3038 2329 3264 2385 corpore
3289 2325 3343 2371 et
3371 2317 3549 2372 anima

1969 2404 2181 2473 melius.
2224 2403 2330 2458 Sed
2375 2413 2551 2458 utrum
2581 2403 2707 2473 quid
2751 2406 2855 2458 tale
2901 2404 2969 2458 sit
3017 2406 3070 2459 in
3118 2421 3296 2460 rerum
3342 2417 3551 2474 natura,

1968 2491 2072 2547 alia
2101 2493 2326 2564 qumstio
2369 2501 2470 2548 est.
2523 2492 2674 2548 Nune
2718 2493 2927 2548 interim
2955 2496 3095 2550 ratio
3121 2497 3382 2566 comperit
3423 2497 3555 2553 nihil

1970 2578 2327 2657 inter'corpus
2361 2594 2415 2642 et
2457 2587 2687 2642 animam
2715 2600 2866 2669 esse,
2903 2585 3045 2657 quod
3082 2588 3151 2642 sit
3173 2578 3396 2658 corpore
3437 2602 3551 2645 me-

1969 2677 2095 2745 lius,
2128 2678 2305 2733 anima
2330 2677 2588 2734 deterius.
2636 2676 2789 2748 Quod
2835 2688 3011 2734 autem
3064 2686 3147 2735 est
3191 2679 3335 2735 omni
3378 2680 3557 2737 anima

1971 2756 2202 2834 melius,
2247 2769 2298 2824 id
2343 2770 2509 2825 Deum
2554 2767 2781 2824 dicimus
2821 2768 2936 2843 (a);
2982 2770 3104 2837 cui,
3154 2771 3390 2843 quisquis
3434 2787 3555 2829 eum

1973 2858 2238 2930 intelligit,
2274 2859 2492 2929 junctus
2531 2871 2632 2914 est.
2677 2858 2829 2928 Quod
2856 2861 2998 2915 enim
3040 2860 3349 2933 intelligitdr
3372 2877 3556 2918 verum

1971 2959 2056 3007 est
2079 2993 2093 3013 ,
2125 2966 2226 3006 nec
2266 2965 2425 3007 omne
2454 2949 2595 3021 quod
2642 2950 2880 3007 creditur
2908 2967 3093 3008 verum
3138 2962 3239 3009 est.
3288 2952 3558 3026 Quidquid

1971 3051 2148 3097 autem
2175 3056 2359 3095 verum
2403 3036 2517 3107 est,
2569 3048 2727 3111 atque
2766 3057 2797 3096 a
2840 3043 3086 3099 sensibus
3113 3053 3168 3100 et
3203 3059 3234 3099 a
3267 3053 3446 3101 mente
3473 3061 3560 3102 se-

1967 3133 2214 3217 junetum
2257 3141 2375 3200 est,
2415 3133 2565 3203 credi
2607 3142 2829 3197 tantum,
2874 3149 2981 3189 non
3024 3144 3198 3190 tamen
3239 3138 3425 3191 sentiri
3469 3148 3561 3194 aut

1973 3219 2198 3290 intelligi
2226 3228 2416 3290 potest.
2442 3219 2556 3275 Deo
2582 3220 2741 3291 igitur
2764 3220 3007 3290 junctum
3037 3230 3121 3278 est
3145 3223 3284 3294 quod
3314 3226 3561 3298 intelligit

1973 3309 2164 3365 Deum.
2196 3309 2448 3381 lntelligit
2474 3318 2653 3366 autem
2679 3310 2957 3366 rationalis
2996 3311 3171 3367 anima
3203 3312 3390 3369 Deum.
3422 3314 3558 3372 Nam

1971 3402 2217 3474 intelligit
2262 3402 2405 3474 quod
2448 3416 2664 3473 semper
2710 3402 2971 3473 ejusmodi
3014 3413 3130 3472 est,
3180 3421 3351 3479 neque
3395 3409 3558 3466 ullam

1972 3494 2171 3563 patitur
2215 3494 2586 3549 mutationem.
2640 3494 2710 3549 At
2757 3503 2811 3550 et
2859 3509 3052 3565 corpus
3102 3511 3198 3566 per
3245 3506 3457 3570 tempus
3492 3509 3561 3557 -ει

1972 3586 2143 3653 locos,
2189 3594 2247 3642 et
2273 3586 2449 3641 anima
2476 3586 2591 3656 ipsa
2620 3586 2916 3653 rationalis,
2945 3588 3087 3657 quod
3134 3589 3422 3660 aliquando
3470 3606 3558 3648 sa-

1973 3681 2155 3751 piens,
2182 3680 2468 3753 aliquando
2495 3680 2657 3739 stulta
2681 3689 2784 3746 est,
2806 3681 3151 3739 mutationem
3168 3684 3383 3753 patitur.
3405 3684 3559 3752 Quod

1974 3782 2156 3833 autem
2180 3788 2392 3844 semper
2433 3772 2623 3831 eodem
2664 3772 2824 3831 modo
2848 3781 2949 3837 est,
2981 3775 3172 3830 melius
3200 3775 3441 3843 profecto
3476 3783 3561 3830 est

1973 3879 2134 3935 quam
2178 3863 2232 3921 id
2255 3863 2396 3935 quod
2438 3879 2546 3918 non
2583 3864 2654 3919 ita
2674 3872 2776 3925 est.
2798 3862 2907 3923 Nec
2927 3861 3210 3931 quidquam
3245 3873 3330 3917 est
3366 3864 3560 3927 melius

1973 3953 2219 4017 rationali
2274 3953 2488 4016 anima,
2534 3952 2635 4006 nisi
2694 3951 2857 4009 Deus.
2917 3951 3050 4009 Cum
3104 3949 3262 4022 igitur
3315 3952 3562 4024 intelligit

1975 4043 2176 4114 aliquid
2205 4042 2347 4112 quod
2375 4055 2589 4111 semper
2614 4039 2803 4103 eodem
2830 4039 2989 4105 modo
3013 4054 3134 4105 sese
3168 4041 3355 4110 ξιαιιθι.
3383 4044 3561 4115 ipsum

1976 4133 2094 4197 sine
2138 4131 2299 4203 dubio
2344 4131 2607 4201 intelligit.
2659 4130 2786 4195 Haec
2831 4139 3006 4199 autem
3058 4140 3141 4199 est
3181 4133 3294 4204 ipsa
3322 4136 3557 4205 νει-αδδς

1976 4223 2065 4291 cui
2106 4224 2232 4296 quia
2273 4222 2617 4295 intelligendo
2658 4222 2834 4278 anima
2881 4222 3155 4291 rationalis
3191 4224 3461 4297 jungitur,
3505 4237 3562 4286 et

1978 4316 2082 4389 has
2118 4316 2319 4379 bonum
2357 4324 2439 4375 est
2475 4315 2687 4384 animae.
2718 4322 2865 4383 recte
2886 4315 3145 4385 accipitur
3169 4315 3221 4385 id
3263 4332 3383 4387 esse
3416 4319 3561 4391 quod

1977 4411 2179 4483 dictum
2218 4417 2300 4477 est
2319 4450 2332 4476 ,
2362 4407 2495 4473 Mihi
2527 4417 2696 4475 autem
2721 4408 2981 4477 adiuerch
3007 4406 3116 4477 Deo
3140 4409 3327 4477 bonum
3358 4420 3449 4480 est,
3530 4472 3533 4475 _

1979 4500 2088 4573 LV.
2118 4500 2198 4565 De
2232 4516 2290 4557 eo
2323 4500 2458 4570 quod
2483 4500 2725 4572 scriptum
2751 4508 2844 4568 est.
2867 4498 3150 4569 {Sexaginta
3187 4509 3311 4569 sunt
3335 4503 3554 4573 reginis.

2052 4592 2317 4665 octoginta
2384 4589 2730 4659 concubium,
2781 4598 2837 4644 et
2872 4588 3285 4660 aduleseentula;
3332 4605 3557 4663 quaram

2056 4702 2162 4743 non
2193 4692 2275 4749 est
2304 4698 2558 4753 numerus
2584 4682 2753 4757 (Cant,
2780 4699 2855 4753 vt,
2882 4683 2960 4753 Ἰ),
3530 4744 3536 4751 Α

2054 4777 2313 4843 Denarias
2356 4789 2612 4841 numerus
2653 4781 2829 4847 potest,
2866 4772 3166 4843 sisniﬁsare
3206 4771 3562 4847 universitatis

1983 4870 2282 4947 scientiam.
2311 4867 2441 4938 Quae
2464 4866 2513 4927 si
2539 4865 2608 4922 ad
2649 4863 2904 4933 interiora
2944 4870 3001 4919 et
3042 4862 3382 4935 intelligibilia
3424 4864 3562 4939 relq-

1982 4972 2130 5027 ratur
2153 5005 2168 5032 ,
2206 4977 2327 5035 qua:
2367 4960 2580 5023 senario
2618 4971 2844 5021 numero
2879 4953 3281 5029 signiﬁcantur,
3326 4959 3383 5028 fit
3408 4962 3562 5033 (ωειρί

1984 5055 2163 5117 decies
2192 5054 2366 5111 sexies
2387 5092 2405 5120 ,
2436 5050 2577 5124 quod
2608 5059 2690 5115 est
2713 5045 2987 5116 sexaginta
3022 5062 3036 5115 ξ
3067 5045 3114 5113 si
3152 5046 3218 5117 ad
3260 5056 3468 5121 terrena
3507 5059 3565 5123 βε

1983 5144 2373 5217 eorruptibilia,
2404 5158 2525 5215 quas
2559 5137 2836 5209 octonario
2875 5153 3098 5205 numero
3135 5140 3418 5215 signiﬁcari
3441 5159 3565 5215 pag-

1982 5277 2207 5342 gistrum,
2226 5286 2292 5324 ex
2314 5280 2414 5323 nat.
2436 5278 2489 5323 et
2509 5267 2752 5321 nonnullis
2773 5274 3092 5340 Mss—Lugd.
3114 5282 3168 5326 et
3181 5283 3321 5339 νεα,
3337 5276 3563 5342 magiste-

1984 5339 2114 5395 rium
2122 5334 2490 5401 grandioribus,
2508 5340 2563 5383 ut
2585 5339 2658 5395 Er.
2684 5341 2737 5385 et
2756 5341 2870 5401 inv,
2928 5342 2993 5401 M.-_
3140 5398 3150 5401 _
3304 5393 3309 5397 ι
3434 5348 3441 5353 ·
3531 5388 3540 5399 _

2049 5401 2068 5433 ί
2086 5390 2418 5469 λΙῖιιιιοψιέεη
2637 5403 2803 5469 autern
2817 5390 2881 5447 ab
3093 5393 3391 5469 .tvivi/icatur,
3415 5412 3508 5469 non
3531 5390 3565 5452 a

1984 5458 2191 5528 carpare
2425 5462 2482 5508 Ut
2510 5458 2660 5522 igitur
2690 5458 2860 5510 melior
2881 5458 2942 5509 sit
2976 5458 3104 5523 omni
3142 5458 3340 5524 corpore
3371 5460 3559 5529 annua,

1982 5523 2506 5647 ῃθῗῗοῗῖῳυῗέὶιίαεηδ
2525 5590 2780 5646 :oorrupte
2796 5596 2853 5635 ac
2882 5582 3267 5645 τθρυεωηιίὺιξε
3283 5582 3428 5651 δαμείς
3447 5583 3558 5653 sub

1986 5655 2039 5699 et
2052 5654 2159 5697 Mss.
2941 5670 2949 5682 .

2048 5710 2120 5773 (a)
2156 5716 2171 5757 ι
2195 5713 2395 5758 Retract.
2420 5718 2523 5770 mp.
2549 5705 2625 5756 25.

3589 5834 3621 5867 Χ
