4134 6208
470 252 540 309 39
843 238 853 251 ’
1250 241 1338 298 DE
1377 238 1686 297 DIVERSIS
1723 231 2243 306 QUIESTIONIBUS
2280 230 2560 300 LXXXIII,
2599 231 2659 290 S.
2697 230 3062 291 AUGUSTINI
3673 240 3744 299 ω

474 377 616 436 sunt,
648 367 780 424 ﬁunt
807 364 985 422 decies
1009 361 1196 426 octies,
1238 359 1379 431 quod
1406 367 1489 415 est
1520 357 1806 428 octoginta.
1834 353 2052 423 Regina:

472 479 644 536 ergo,
686 473 810 518 sunt
855 458 1045 515 animae
1090 463 1373 526 regnantes
1425 452 1478 506 in
1529 445 1942 518 intelligibilibus
1999 451 2054 500 et

473 553 853 629 spiritualibus.
901 549 1242 612 Concubinte,
1285 559 1404 616 qua:
1441 540 1749 598 mercedem
1790 536 2056 606 accipiunt

475 658 828 711 terrenorum,
859 642 926 698 de
962 639 1152 712 quibus
1179 636 1378 692 dictum
1419 642 1522 698 est,
1564 633 1881 699 Acceperunt
1919 641 2054 679 mer-

475 741 642 796 cedem
686 753 828 793 suam
876 733 1084 806 (Matth.
1113 746 1201 795 vr,
1228 728 1318 800 2).
1361 721 1788 782 Adolesceutulae
1831 731 2055 789 quarum

476 850 583 890 non
607 831 690 888 e'st
711 842 985 893 numerus,
1012 837 1234 897 quarum
1261 835 1367 876 non
1398 827 1482 874 est
1505 814 1858 872 determinata
1879 811 2056 866 scien-

477 925 583 990 tia,
627 931 680 978 et
714 919 937 976 diversis
979 913 1314 988 dogmatibus
1351 906 1641 981 periclitari
1685 911 1909 975 possunt
1946 920 1958 956 :
2001 908 2060 955 ut

477 1027 750 1080 numerus,
791 1008 932 1080 quod
967 1008 1166 1062 dictum
1205 1011 1316 1069 est,
1347 997 1606 1070 signiticet
1630 1003 1837 1052 certam
1875 1001 1931 1048 et
1973 993 2057 1046 in-

477 1107 769 1163 dubitatam
811 1097 1270 1157 conﬁrmationem
1308 1090 1563 1146 scientiae.
2001 1107 2004 1111 -

547 1220 680 1277 LV'I.
730 1217 808 1271 De
847 1214 992 1268 annis
1029 1208 1369 1282 quadraginta
1403 1220 1490 1260 sea:
1518 1202 1757 1272 wdiﬁcati
1793 1200 1985 1272 templi.

550 1314 688 1376 Sex,
732 1323 957 1370 novem,
997 1300 1304 1365 duodecim,
1341 1297 1526 1352 decem
1565 1303 1619 1348 et
1655 1301 1808 1356 octo,
1853 1291 1970 1345 haec
2007 1288 2060 1343 in

479 1423 642 1464 unum
683 1405 814 1458 ﬁunt
841 1402 856 1432 ⁸
887 1395 1235 1471 quadraginta
1275 1392 1528 1463 quinque.
1561 1386 1707 1441 Adde
1733 1399 1858 1456 ergo
1887 1383 2061 1453 ipsum

481 1514 688 1562 unum,
732 1494 863 1548 ﬁunt
917 1487 1270 1560 quadraginta
1325 1498 1414 1537 sex
1461 1499 1472 1532 :
1518 1480 1618 1534 hoc
1673 1477 1880 1541 sexies,
1932 1475 2064 1528 ﬁunt

482 1591 706 1647 ducenta
754 1581 1086 1654 septuaginta
1137 1592 1252 1631 sex.
1320 1573 1520 1628 Dicitur
1564 1579 1740 1624 autem
1786 1565 2064 1634 conceptio

487 1684 716 1737 humana
753 1677 829 1732 sic
865 1672 1154 1744 procedere
1191 1678 1247 1723 et
1274 1664 1478 1737 perﬁci,
1508 1671 1568 1717 ut
1606 1660 1790 1731 primis
1820 1673 1912 1712 sex
1953 1655 2064 1710 die.

483 1777 582 1831 bus
620 1771 771 1843 quasi
815 1767 966 1822 lactis
1010 1763 1207 1819 habeat
1251 1755 1676 1819 similitudinem,
1719 1749 2066 1843 sequentibus

484 1839 675 1924 novem
733 1861 920 1917 diebus
966 1861 1309 1912 convertatur
1360 1851 1411 1904 in
1465 1847 1816 1917 sanguinem,
1873 1839 2066 1897 deinde

484 1959 762 2018 duodecim
809 1952 994 2008 diebus
1043 1946 1318 2009 solidetur,
1373 1940 1590 2010 reliquis
1629 1938 1813 1992 decem
1856 1943 1909 1988 et
1947 1941 2067 1987 octo

485 2054 675 2109 diebus
703 2048 961 2103 formetur
998 2054 1165 2110 usque
1213 2036 1278 2091 ad
1317 2032 1548 2106 perfecta
1580 2029 1900 2084 lineamenta
1948 2038 2067 2077 om-

488 2147 634 2202 nium
652 2139 1029 2199 membrorum,
1049 2140 1105 2188 et
1128 2131 1258 2184 hinc
1281 2127 1393 2196 jam
1420 2124 1623 2194 reliquo
1639 2129 1876 2189 tempore
1904 2131 2070 2186 usque

488 2237 555 2294 ad
586 2245 796 2303 tempus
823 2236 1002 2300 partus
1027 2217 1391 2292 magnitudine
1416 2223 1685 2285 augeatur.
1715 2206 2071 2303 Quadraginta

489 2343 617 2401 ergo
644 2300 873 2398 quinque
897 2319 1082 2373 diebus
1111 2312 1287 2367 addito
1317 2323 1443 2401 uno,
1476 2305 1615 2401 quod
1640 2300 1901 2401 signiﬁcat
1929 2312 2074 2401 sum:

489 2389 632 2479 mam
717 2389 838 2487 quia
867 2426 961 2467 sex
989 2417 1044 2463 et
1072 2417 1261 2461 novem
1302 2407 1355 2453 et
1395 2394 1674 2487 duodecim
1715 2400 1768 2445 et
1808 2389 1990 2487 decem
2022 2393 2076 2440 et

490 2523 614 2570 octo
657 2480 920 2564 in'unum
965 2497 1182 2561 coactis,
1234 2493 1369 2547 ﬁunt
1413 2485 1757 2559 quadraginta
1795 2480 2070 2552 quinque:

491 2605 671 2661 addito
714 2614 862 2670 ergo,
909 2603 967 2650 ut
993 2593 1194 2649 dictum
1246 2594 1346 2650 est,
1399 2596 1525 2647 uno,
1558 2579 1690 2633 ﬁunt
1730 2573 2075 2646 quadraginta

495 2714 610 2755 sex.
656 2669 921 2762 Quicum
967 2683 1163 2740 fuerint
1205 2673 1538 2745 multiplicati
1584 2685 1676 2762 per
1715 2669 1887 2738 ipsum
1917 2679 2074 2719 sena-

493 2789 631 2847 rium
663 2761 963 2844 numerum,
997 2774 1086 2846 qui
1130 2770 1287 2839 hujus
1329 2761 1678 2820 ordinationis
1705 2765 1862 2828 caput
1910 2764 2073 2818 tenet,

497 2882 632 2938 ﬁunt
659 2873 870 2932 ducenti
899 2865 1231 2940 septuaginta
1262 2875 1360 2916 sex
1393 2877 1407 2912 :
1439 2856 1489 2912 id
1514 2863 1614 2918 est,
1645 2865 1835 2906 novem
1867 2860 2078 2940 menses

497 2981 552 3029 et
597 2985 694 3026 sex
740 2965 877 3032 dies,
928 2938 1020 3032 qui
1067 2959 1436 3024 computantur
1482 2947 1548 3001 ab
1600 2952 1788 2999 octavo
1832 2938 2079 3032 calendas

497 3062 701 3136 aprilis,
746 3030 989 3128 quodie
1035 3053 1323 3116 conceptus
1364 3038 1618 3136 Dominus
1655 3033 1905 3096 creditur,
1955 3030 2079 3136 quia

499 3122 800 3214 eodentdie
818 3146 976 3203 etiam
1004 3152 1192 3212 passus
1215 3142 1318 3202 est,
1347 3145 1512 3200 usque
1541 3127 1606 3183 ad
1630 3135 1873 3181 octavum
1902 3122 2081 3214 calen-

500 3212 596 3307 das
621 3241 920 3317 januarias,
963 3249 1069 3306 quo
1106 3232 1194 3286 die
1232 3235 1386 3282 natus
1415 3231 1515 3317 est.
1558 3220 1674 3317 Non
1699 3232 1824 3288 ergo
1852 3212 2080 3270 absurde

501 3315 846 3413 quadraginta
887 3345 981 3386 sex
1021 3325 1176 3380 annis
1216 3321 1409 3376 dicitur
1444 3315 1758 3370 fabricatum
1799 3323 1917 3413 esse
1949 3317 2082 3413 tem-

502 3400 669 3506 plum,
697 3400 836 3499 quod
854 3433 1048 3490 corpus
1073 3417 1188 3486 ejus
1207 3408 1538 3506 signiﬁcabat
1558 3406 1732 3477 (Joan.
1756 3420 1814 3506 ιι,
1837 3402 1927 3506 20,
1949 3400 2040 3506 2‘1.)
2066 3419 2078 3454 :

503 3493 866 3594 utquot'anni
896 3514 1111 3568 fuerunt
1140 3507 1192 3560 in
1234 3500 1580 3558 fabricatione
1609 3496 1822 3594 templi,
1856 3503 1933 3549 tot
1967 3493 2083 3550 dies

501 3585 699 3672 fuerint
729 3611 782 3666 in
808 3603 1046 3676 corporis
1075 3594 1336 3655 Dominici
1363 3590 1685 3663 perfectione
1715 3585 1813 3660 (a).

571 3729 729 3788 LVII.
773 3725 847 3779 De
888 3731 1087 3776 centum
1125 3712 1496 3786 quinquaginta
1532 3706 1689 3761 tribus
1734 3702 1972 3775 piscibus.

575 3827 628 3881 I.
663 3820 844 3876 Omnia
867 3823 1058 3880 vestra,
1089 3826 1174 3865 vos
1216 3815 1384 3860 autem
1413 3801 1631 3867 Christi,
1664 3797 1892 3854 Christus
1918 3804 2083 3848 autem

503 3922 598 3978 Dei
627 3918 669 3992 (Ι
697 3917 815 3974 Cor.
845 3928 936 3980 ιιι,
961 3910 1061 3973 22,
1085 3905 1202 3975 25).
1235 3903 1293 3958 Si
1331 3915 1360 3954 a
1408 3899 1579 3969 capite
1607 3901 1970 3992 numerentur}
2005 3889 2086 3942 in-

504 3982 786 4070 veniuntur
829 4021 990 4061 unum
1014 4043 1028 4068 ,
1059 4001 1198 4064 duo,
1234 3996 1332 4051 tria
1355 4037 1369 4060 ,
1421 4001 1665 4064 quatuor.
1717 3987 1846 4042 Item
1879 4005 1890 4039 :
1921 3982 2086 4051 Caput

504 4103 727 4161 mulieris
767 4099 862 4164 vir,
911 4103 1061 4163 caput
1102 4091 1194 4145 uiri
1226 4089 1474 4152 Christus,
1516 4093 1666 4153 caput
1709 4089 1873 4135 autem
1903 4077 2087 4132 Christi

505 4196 645 4251 Deus
675 4189 784 4261 (Id.
813 4203 892 4252 ιι,
919 4186 994 4252 5).
1022 4183 1080 4237 Si
1110 4179 1300 4234 eodem
1331 4176 1489 4230 modo
1521 4182 1892 4236 numerentur,
1934 4171 2084 4223 inve-

508 4289 728 4344 niuntur
755 4278 999 4336 similiter
1028 4287 1188 4329 unum
1210 4313 1225 4336 ,
1269 4269 1376 4324 duo
1394 4309 1408 4334 ,
1443 4267 1540 4321 tria
1568 4274 1622 4318 ct
1648 4271 1891 4333 quatuor.
1923 4262 2087 4315 Porro

508 4392 674 4435 unum
709 4381 765 4430 et
803 4370 910 4426 duo
951 4377 1004 4423 et
1047 4365 1146 4421 tria
1195 4371 1249 4419 et
1289 4369 1513 4432 quatuor
1553 4357 1711 4412 simul
1754 4356 1908 4410 ducta
1957 4354 2091 4408 ﬁunt

508 4471 714 4528 decem.
762 4466 1097 4534 Quapropter
1124 4455 1455 4527 disciplinam
1478 4493 1492 4516 ,
1533 4466 1651 4521 qua:
1695 4449 1924 4503 insinuat
1962 4462 2089 4502 con-

512 4563 738 4620 ditorem
767 4558 935 4613 Deum
965 4561 1019 4608 et
1046 4547 1315 4606 conditam
1356 4552 1651 4600 creaturam
1675 4585 1689 4609 ,
1718 4549 1863 4596 recte
1893 4538 2091 4608 signiﬁ-

511 4666 599 4713 cat
645 4649 892 4708 denarius
943 4655 1216 4699 numerus.
1275 4637 1343 4692 Et
1393 4651 1514 4691 eum
1562 4648 1757 4703 corpus
1801 4631 2089 4701 perfectum

513 4758 671 4819 atque
696 4733 1154 4799 inexterminabile
1179 4729 1423 4786 subditur
1447 4727 1637 4819 anima}.
1665 4723 1912 4819 perfectas
1935 4731 2092 4792 atque

513 4817 960 4901 inexterminabili
981 4871 995 4896 ,
1034 4839 1325 4895 rursusque
1354 4823 1468 4892 ipsa
1497 4818 1738 4875 subditur
1765 4817 1974 4871 Christo
1995 4856 2008 4880 ,
2041 4823 2094 4868 et

517 4934 607 4990 ille
631 4932 763 4995 Deo,
795 4941 901 4983 non
927 4931 1177 4991 tanquam
1207 4914 1482 4972 dissimilis
1511 4921 1600 4966 aut
1625 4911 1841 4966 alterius
1869 4918 2090 4974 naturte,

521 5023 616 5082 sed
643 5031 893 5090 tanquam
919 5013 1064 5071 Patri
1089 5012 1284 5077 Filius,
1319 5008 1418 5062 hoc
1457 5013 1621 5061 totum
1650 5004 1835 5060 eodem
1876 5017 2095 5058 numero

519 5111 739 5172 denario
766 5116 910 5164 recte
939 5105 1267 5176 signiﬁcatur
1286 5144 1301 5169 ,
1333 5099 1474 5172 quod
1503 5108 1623 5170 post
1651 5098 2093 5153 resurrectionem

522 5203 762 5280 corporis
788 5207 1030 5272 speratur
1073 5197 1307 5252 futurum
1342 5195 1393 5250 in
1437 5203 1712 5249 aeternum.
1765 5191 1830 5246 Et
1874 5190 2096 5246 fortasse

523 5306 804 5376 propterea
855 5288 946 5361 qui
993 5287 1362 5343 conducuntur
1416 5285 1482 5340 ad
1525 5285 1769 5350 vincam,
1822 5283 2098 5339 denarium

525 5389 793 5462 accipiunt
835 5379 1097 5439 mercedis
1145 5379 1358 5433 nomine
1404 5377 1624 5445 (Matth.
1659 5393 1767 5443 xx,
1807 5377 1898 5449 2).
1957 5378 2099 5432 Sicut

535 5627 547 5638 _
591 5566 610 5597 ι
635 5560 786 5621 editi,
831 5556 936 5608 hac
978 5552 1029 5605 in
1077 5551 1296 5602 universo
1326 5547 1465 5613 ﬁunt.
1501 5557 1558 5602 At
1588 5552 1812 5615 plerique
1845 5559 1978 5614 Mss,
2000 5551 2104 5604 haec

525 5635 797 5750 “(3%.
821 5681 851 5734 4
871 5681 934 5732 de
950 5678 1137 5740 Triuit.,
1159 5688 1262 5738 cap.
1285 5674 1331 5724 5.

2162 357 2335 404 autem
2369 363 2532 404 unum
2573 356 2627 404 et
2667 348 2773 404 duo
2807 358 2862 404 et
2898 353 2996 404 tria
3025 358 3078 404 et
3105 361 3329 420 quatuor
3359 353 3519 410 simul
3551 354 3741 413 decem

2161 439 2322 507 ﬁunt,
2369 441 2446 495 sic
2486 454 2650 494 unum
2697 449 2752 495 et
2793 439 2898 495 duo
2939 448 2993 495 et
3036 440 3135 494 tria
3179 451 3236 497 et
3278 458 3505 513 quatuor
3547 455 3742 516 quater

2160 531 2319 587 ducta
2346 530 2692 601 quadraginta
2721 530 2873 585 ﬁunt.

2230 623 2286 677 2.
2315 623 2374 678 Si
2419 631 2596 678 autem
2643 623 3011 693 quaternarius
3052 638 3307 680 numerus
3353 635 3497 682 recte
3543 641 3741 698 corpus

2163 715 2444 786 significat,
2476 724 2693 785 propter
2719 723 2942 785 quatuor
2965 716 3269 771 notissimas
3292 725 3531 784 naturas,
3553 719 3745 789 quibus

2165 813 2406 873 constat,
2453 805 2648 860 siccam
2678 815 2731 860 et
2773 805 3077 873 humidam,
3124 805 3365 877 frigidam
3396 818 3450 864 et
3474 807 3743 874 calidam;

2167 905 2221 952 et
2251 895 2392 967 quod
2423 897 2722 967 progressio
2753 911 2782 949 a
2805 905 2998 966 puncto
3023 895 3090 951 ad
3118 897 3501 968 longitudinem
3524 940 3539 965 ,
3579 914 3610 954 a
3631 899 3749 955 lon-

2167 987 2408 1058 gitudine
2433 986 2499 1041 ad
2529 986 2859 1040 latitudinem
2884 1030 2897 1051 ,
2940 1003 2969 1041 a
2995 987 3271 1044 latitudine
3294 989 3362 1044 ad
3390 989 3743 1059 altitudinem,

2168 1079 2489 1134 soliditatem
2520 1078 2762 1147 corporis
2814 1078 2975 1148 facit,
3019 1095 3137 1150 quae
3179 1097 3362 1137 rursus
3408 1086 3747 1152 quaternario

2172 1185 2397 1224 numero
2417 1169 2724 1224 continetur
2755 1188 2766 1223 :
2800 1185 2904 1224 non
2935 1170 3163 1227 absurde
3191 1173 3496 1244 intelligitur
3522 1175 3748 1244 quadra-

2168 1261 2419 1332 genarius
2450 1276 2703 1315 numerus
2733 1261 3079 1331 temporalem
3107 1261 3554 1332 dispensationem
3578 1265 3745 1335 signi-

2171 1356 2350 1421 ﬁcare,
2378 1372 2496 1426 qua:
2517 1370 2614 1425 pro
2637 1349 2806 1409 salute
2833 1364 3013 1409 nostra
3039 1364 3186 1426 gesta
3208 1367 3306 1422 est,
3343 1373 3463 1412 cum
3495 1359 3748 1416 Dominus

2172 1463 2364 1518 corpus
2391 1448 2708 1517 assumpsit,
2750 1456 2804 1502 et
2844 1448 3124 1504 visibiliter
3165 1449 3466 1506 hominibus
3493 1467 3748 1522 apparere

2170 1540 2414 1609 dignatus
2459 1548 2560 1594 est.
2608 1539 2777 1594 Unum
2817 1539 2958 1593 enim
2985 1549 3039 1594 et
3064 1540 3168 1594 duo
3193 1550 3247 1595 et
3285 1542 3381 1596 tria
3411 1551 3465 1597 et
3498 1554 3746 1613 quatuor,

2169 1647 2287 1702 quae
2346 1631 2649 1701 signiﬁcant
2703 1631 3009 1685 Creatorem
3071 1639 3126 1686 et
3183 1641 3506 1700 creaturam,
3565 1643 3751 1704 quater

2171 1722 2346 1786 ducta,
2380 1720 2434 1774 id
2456 1729 2536 1775 est
2557 1761 2571 1786 ,
2625 1736 2721 1791 per
2755 1736 2946 1791 corpus
2981 1722 3340 1793 temporaliter
3364 1722 3746 1793 demonstrata,

2173 1814 2306 1868 ﬁunt
2350 1814 2713 1885 quadraginta.
2754 1815 2886 1871 Nam
2923 1815 3060 1870 inter
3101 1826 3326 1886 quatuor
3349 1825 3403 1872 et
3440 1827 3625 1888 quater
3648 1818 3752 1874 hoc

2173 1908 2414 1973 interest,
2443 1907 2582 1979 quod
2609 1917 2834 1978 quatuor
2857 1910 2908 1963 in
2941 1918 3078 1963 statu
3105 1919 3260 1976 sunt,
3288 1919 3475 1978 quater
3501 1910 3553 1964 in
3579 1919 3748 1966 motu.

2179 1997 2318 2068 Ergo
2356 2008 2412 2052 ut
2441 2008 2668 2068 quatuor
2692 1998 2996 2053 referuntur
3020 1998 3085 2052 ad
3111 2013 3304 2069 corpus
3324 2040 3340 2067 ,
3382 2000 3452 2054 ita
3477 2010 3661 2070 quater
3684 2000 3752 2056 ad

2175 2097 2384 2159 tempus
2417 2107 2429 2141 :
2464 2089 2863 2158 insinuaturque
2909 2100 3295 2146 sacramentum
3325 2092 3670 2160 corporaliter
3700 2100 3756 2147 et

2175 2181 2537 2251 temporaliter
2564 2189 2789 2251 gestum,
2819 2191 3035 2252 propter
3057 2198 3150 2237 eos
3164 2184 3250 2252 qui
3275 2198 3554 2253 corporum
3571 2199 3756 2240 amore

2177 2273 2426 2342 implicati
2457 2282 2628 2339 erant,
2658 2281 2714 2328 et
2738 2274 3061 2344 temporibus
3087 2274 3282 2330 subditi
3314 2276 3353 2327 ‘.
3381 2275 3755 2346 Quadragcna-

2177 2368 2287 2422 rius
2315 2383 2442 2437 ergo
2471 2382 2742 2434 numerus,
2771 2377 2826 2422 ut
2849 2368 3046 2423 dictum
3070 2378 3172 2435 est,
3210 2369 3554 2438 temporalem
3585 2369 3754 2439 ipsam

2178 2458 2625 2528 dispensationem
2675 2474 2780 2512 non
2829 2460 3116 2529 incongrue
3155 2459 3452 2528 signiﬁcare
3500 2460 3752 2515 creditur.

2180 2549 2247 2603 Et
2289 2548 2513 2604 fortasse
2559 2548 2659 2604 hoc
2684 2549 2930 2619 estquod
2976 2549 3320 2620 quadraginta
3357 2549 3470 2606 dies
3497 2550 3756 2606 Dominus

2175 2640 2433 2710 jejunavit
2465 2639 2692 2710 (Matth.
2723 2657 2806 2708 1v,
2832 2638 2938 2712 2),
2966 2641 3146 2695 saeculi
3199 2641 3384 2711 hujus,
3417 2641 3557 2712 quod
3609 2651 3755 2697 motu

2180 2745 2464 2800 corporum
2489 2739 2543 2784 et
2567 2729 2892 2800 temporibus
2920 2731 3090 2800 agitur
3111 2771 3126 2796 ,
3169 2731 3453 2786 ostendens
3488 2732 3755 2802 inepiam:

2181 2831 2232 2876 et
2259 2820 2600 2890 quadraginta
2627 2820 2742 2875 dies
2772 2829 2890 2889 post
2910 2821 3352 2876 resurrectionem
3378 2837 3497 2876 cum
3523 2821 3758 2893 discipu-

2183 2911 2247 2965 lis
2273 2911 2388 2977 fuit,
2414 2911 2549 2965 hanc
2578 2911 2743 2980 ipsam
2776 2911 2898 2977 illis,
2929 2911 3109 2978 credo,
3143 2911 3588 2982 dispensationem
3619 2923 3760 2970 tem-

2182 3004 2417 3074 poralem
2443 3044 2458 3067 ,
2508 3019 2665 3072 quam
2707 3019 2804 3073 pro
2833 3002 3003 3058 salute
3028 3015 3205 3058 nostra
3231 3006 3426 3076 gessit,
3467 3007 3759 3064 insinuans.

2183 3093 2644 3162 Quadragenarius
2672 3101 2850 3148 autem
2880 3109 3132 3148 numerus
3157 3135 3171 3159 ,
3204 3094 3440 3164 partibus
3465 3097 3574 3151 suis
3597 3138 3612 3164 ,
3643 3113 3762 3167 quae

2185 3187 2334 3240 illum
2366 3187 2674 3252 metiuntur,
2709 3187 3055 3256 computatis,
3083 3200 3249 3256 usque
3274 3186 3340 3242 ad
3368 3188 3762 3259 quinquagena-

2186 3279 2322 3332 rium
2347 3292 2620 3332 numerum
2639 3277 2897 3346 pervenit,
2921 3277 3144 3347 idipsum
3167 3278 3576 3343 commendans;
3604 3295 3764 3349 quan-

2187 3369 2470 3440 doquidem
2498 3371 2626 3439 ipsa:
2656 3378 2853 3439 partes,
2882 3385 3000 3439 qua:
3025 3369 3170 3424 illum
3193 3371 3499 3437 metiuntur,
3530 3373 3764 3441 mquales

2187 3463 2324 3517 inter
2353 3477 2411 3517 se
2436 3469 2558 3515 sunt
2589 3479 2601 3514 :
2635 3461 2757 3531 quia
2786 3475 2906 3516 cum
2953 3461 3200 3531 aequitate
3240 3461 3602 3518 administrata
3641 3479 3762 3519 cor-

2186 3554 2384 3626 poralis
2430 3564 2483 3608 et
2525 3553 2747 3608 visibilis
2798 3554 3159 3624 temporaliter
3205 3555 3342 3609 actio
3388 3556 3763 3625 perfectionem

2187 3646 2387 3701 homini
2429 3654 2720 3714 comparat.
2769 3645 2897 3712 Quae
2927 3645 3182 3715 perfectio
3205 3687 3220 3712 ,
3265 3646 3402 3702 sicut
3440 3647 3636 3702 dictum
3663 3658 3764 3716 est,

2187 3736 2404 3792 denario
2460 3751 2683 3790 numero
2728 3735 3054 3805 signiﬁcatur
3091 3753 3103 3789 :
3145 3737 3282 3790 sicut
3321 3739 3765 3808 quadragenarius

2187 3841 2443 3883 numerus
2465 3825 2756 3895 aequalibus
2779 3825 2890 3879 suis
2911 3825 3151 3894 partibus
3176 3826 3230 3880 in
3254 3842 3515 3881 summam
3540 3828 3766 3885 redactis

2187 3919 2464 3975 denarium
2495 3934 2775 3974 numerum
2803 3919 2973 3988 parit,
3003 3919 3256 3988 quoniam
3283 3918 3348 3973 ad
3369 3920 3763 3991 quinquagena-

2187 4011 2324 4065 rium
2347 4051 2360 4076 ,
2393 4009 2527 4064 sicut
2553 4023 2714 4078 supra
2753 4008 2950 4062 dictum
2979 4017 3092 4074 est,
3134 4009 3390 4079 pervenit.
3423 4009 3594 4064 Unum
3623 4011 3765 4066 enim

2189 4102 2332 4171 quod
2360 4100 2556 4155 habent
2603 4099 2946 4170 quadraginta
2987 4099 3340 4170 quadragies,
3387 4107 3441 4155 et
3477 4100 3582 4155 duo
3624 4102 3766 4172 quod

2191 4191 2387 4248 habent
2409 4192 2592 4258 vicies,
2623 4200 2675 4245 et
2698 4201 2925 4261 quatuor
2941 4192 3081 4262 quod
3111 4192 3304 4246 habent
3329 4192 3526 4258 decies,
3546 4195 3768 4263 etquin-

2189 4300 2293 4356 que
2320 4284 2461 4354 quod
2501 4283 2696 4338 habent
2739 4284 2905 4337 octies
2929 4325 2943 4346 ,
2984 4291 3038 4337 et
3064 4291 3183 4338 octo
3209 4283 3348 4354 quod
3378 4285 3572 4339 habent
3611 4286 3768 4354 quin-

2192 4377 2375 4446 quies,
2407 4382 2461 4428 et
2496 4373 2680 4427 decem
2714 4373 2854 4442 quod
2884 4373 3082 4428 habent
3105 4384 3310 4444 quater,
3342 4383 3394 4428 et
3414 4375 3596 4444 viginti
3625 4376 3768 4445 quod

2192 4466 2390 4520 habent
2417 4464 2536 4530 bis,
2588 4463 2746 4517 simul
2773 4463 2927 4518 ducta
2973 4465 3105 4518 ﬁunt
3149 4464 3544 4534 quinquaginta.
3582 4465 3769 4524 Nullus

2193 4558 2333 4613 enim
2365 4557 2498 4611 alius
2526 4570 2778 4610 numerus
2817 4555 2993 4610 metiri
3033 4570 3126 4624 per
3156 4563 3331 4624 partes
3371 4555 3605 4623 atquales
3642 4572 3772 4627 qua-

2197 4647 2566 4718 dragenarium
2595 4662 2875 4700 numerum
2907 4655 3111 4714 potest,
3139 4656 3332 4715 przcter
3358 4646 3456 4701 hos
3482 4663 3614 4718 quos
3641 4663 3773 4722 enu-

2197 4740 2549 4805 meravimus,
2600 4745 2654 4792 et
2693 4745 3023 4805 computatos
3051 4735 3115 4789 ad
3144 4739 3645 4807 quinquagenarium
3675 4755 3774 4794 nu-

2198 4847 2402 4886 merum
2433 4829 2804 4899 perduximus.
2851 4826 3083 4880 Peractis
3108 4841 3236 4895 ergo
3271 4828 3523 4882 Dominus
3550 4830 3774 4898 quadrae

2198 4922 2343 4992 ginta
2369 4920 2554 4974 diebus
2583 4927 2702 4987 post
2730 4916 3172 4970 resurrectionem
3198 4931 3318 4971 cum
3347 4918 3617 4990 discipulis
3639 4921 3769 4987 suis,

2202 5013 2254 5067 id
2279 5020 2358 5066 est
2377 5052 2390 5076 ,
2436 5006 2815 5062 commendans
2846 5007 2923 5062 eis
2948 5007 3099 5078 quod.
3114 5023 3210 5077 pro
3240 5010 3392 5064 nobis
3414 5009 3774 5078 temporaliter

2206 5111 2410 5173 gestum
2440 5108 2521 5154 est
2542 5139 2558 5165 ,
2597 5097 2835 5152 ascendit
2862 5099 2911 5152 in
2943 5098 3137 5152 coelum
3169 5117 3180 5152 :
3207 5108 3260 5154 et
3285 5109 3404 5169 post
3426 5099 3560 5154 alios
3591 5100 3775 5158 decem

2207 5195 2319 5250 dies
2345 5193 2489 5248 misit
2513 5191 2767 5262 Spiritum
2794 5200 3030 5247 sanctum
3063 5191 3194 5260 (Act.
3224 5207 3274 5258 ι,
3304 5193 3357 5259 '5,
3390 5193 3443 5260 9,
3475 5202 3522 5248 et
3547 5211 3612 5260 ιι,
3638 5197 3775 5267 1-4),

2207 5304 2314 5358 quo
2340 5287 2719 5356 perﬁcerentur
2746 5283 3088 5354 spiritualiter
3107 5283 3172 5338 ad
3199 5285 3478 5340 invisibilia
3503 5289 3776 5358 capienda,

2207 5381 2298 5450 qui
2350 5378 2647 5433 visibilibus
2704 5377 3187 5448 temporalibusque
3240 5379 3594 5436 crediderant.
3647 5378 3782 5452 Ipsis

2206 5469 2455 5524 videlicet
2495 5469 2680 5524 decem
2702 5469 2890 5523 diebus
2920 5479 3037 5539 post
3055 5484 3188 5539 quos
3215 5470 3359 5526 misit
3382 5471 3632 5542 Spiritum
3662 5487 3784 5527 san-

2208 5571 2350 5617 ctum
2376 5603 2390 5628 ,
2439 5561 2677 5616 eamdem
2711 5562 3089 5630 perfectionem
3125 5579 3242 5632 quae
3268 5579 3362 5633 per
3389 5564 3638 5634 Spiritum
3658 5579 3784 5623 san-

2278 5678 2297 5707 ²
2323 5674 2491 5724 Plures
2513 5682 2636 5725 Mss”
2663 5681 2709 5725 et
2735 5676 3071 5742 temporalibus
3085 5675 3280 5728 subditi.
