4134 6208
227 324 285 382 ιι
1645 317 1805 373 [ΔΒΕ

1912 318 2077 378 INUS.
2780 326 2785 331 δ
2812 320 2813 323 “
2999 273 3003 277 Ἦ
3070 279 3075 284 ’
3102 282 3106 286 Δ
3431 341 3506 398 ιε
3529 394 3537 403 .

231 451 362 499 ctum
388 438 665 494 confertur
691 436 918 492 denario
938 452 1160 493 numero
1186 435 1453 501 indicans,
1481 449 1639 505 quem
1668 451 1798 503 qua-

233 532 559 603 dragenarius
584 530 910 601 computatis
944 529 1237 600 aequalibus
1278 529 1515 599 partibus
1541 528 1653 582 suis
1676 528 1804 593 edit,

233 632 283 678 et
302 623 356 677 ﬁt
375 621 869 692 quinquagenarius
900 637 915 673 :
944 621 1083 675 sicut
1111 621 1388 690 temporali
1416 620 1812 690 diSpensatione

235 732 342 771 cum
367 716 616 783 aequitate
645 713 1020 768 administrata
1068 714 1378 784 pervenitur
1417 713 1481 768 ad
1526 712 1810 781 perfectio-

210 825 363 873 ‘nem,
390 822 547 876 quam
576 806 833 862 denarius
859 820 1116 861 numerus
1140 807 1421 877 signiﬁcat,
1451 806 1540 875 qui
1562 790 1813 859 denarius

236 900 374 955 simul
415 915 539 954 cum
601 897 1031 967 quadragenario
1090 897 1603 968 quinquagenarium
1663 896 1808 951 facit.

238 991 359 1061 Ergo
384 988 632 1060 quoniam
653 987 914 1057 perfectio
936 1002 1057 1058 quae
1080 986 1138 1041 ﬁt
1155 1002 1250 1057 per
1268 987 1523 1057 Spiritum
1543 995 1808 1054 sanctum,

239 1080 464 1151 quamdiu
507 1078 685 1135 adhuc
733 1079 786 1132 in
825 1093 992 1134 carne
1013 1077 1384 1143 ambulamus,
1430 1077 1676 1148 quamvis
1702 1091 1810 1131 non

240 1175 457 1228 vivamus
478 1171 789 1232 carnaliter,
815 1185 937 1225 cum
964 1170 1078 1239 ipsa
1104 1168 1503 1238 dispensatione
1533 1168 1811 1237 temporali

240 1265 519 1333 copulatur,
550 1273 698 1319 recte
725 1261 1437 1333 videturquinquagenarius
1467 1273 1720 1315 numerus
1742 1259 1812 1314 ad

240 1363 508 1419 Ecclesiam
549 1362 825 1430 pertinere
849 1401 863 1423 ,
905 1360 998 1415 sed
1024 1359 1133 1429 jam
1163 1367 1438 1429 purgatam
1484 1367 1643 1428 atque
1683 1373 1823 1427 per-A

240 1453 447 1518 factam,
500 1469 618 1521 quae
658 1451 967 1522 temporalis
1013 1451 1428 1520 dispensationis
1464 1450 1622 1509 ﬁdem
1650 1459 1810 1521 atque

238 1542 537 1598 :etcrnitatis
584 1543 769 1596 futurae
816 1556 965 1611 Spem
995 1541 1255 1597 charitate
1295 1542 1627 1612 amplexatur
1657 1543 1708 1608 ί,
1757 1542 1809 1597 id

241 1645 327 1699 est,
358 1634 505 1704 quasi
532 1632 1008 1704 quadragenarium
1030 1649 1310 1688 numerum
1333 1632 1555 1688 denario
1584 1648 1808 1688 numero

241 1726 490 1796 copulatis.
548 1724 674 1780 Haec
717 1734 896 1779 autem
944 1723 1220 1793 Ecclesia,
1268 1726 1337 1781 ad
1375 1741 1535 1796 quam
1580 1726 1810 1796 pertinet

240 1816 701 1887 quinquagenarius
730 1831 987 1871 numerus
1007 1857 1022 1879 ,
1052 1816 1166 1871 sive
1202 1816 1324 1887 quia
1354 1831 1422 1871 ex
1452 1816 1622 1871 tribus
1645 1830 1807 1886 gene-

244 1908 369 1963 ribus
395 1907 664 1962 hominum
686 1907 928 1979 eligitur,
958 1906 1189 1974 Iudicis,
1216 1916 1270 1962 et
1295 1906 1587 1971 Gentibus,
1616 1916 1670 1963 et
1689 1922 1807 1962 car-

243 1999 426 2053 nalibus
465 1997 824 2066 Christianis,
870 1999 981 2054 sive
1010 1998 1129 2068 quia
1170 2008 1505 2055 sacramento
1533 1999 1807 2056 Trinitatis

244 2090 505 2157 imbuitur,
555 2105 788 2146 numero
832 2104 941 2160 quo
988 2089 1317 2161 signiﬁcatur
1369 2098 1453 2146 ter
1500 2091 1692 2159 ducto,
1737 2092 1805 2148 ad

243 2182 579 2237 centenarium
606 2190 661 2237 et
681 2181 1193 2252 quinquagenarium
1236 2183 1498 2251 pervenit.
1530 2183 1803 2252 Quinqua-

241 2274 366 2342 ginta
390 2273 524 2328 enim
558 2282 639 2327 ter
662 2272 822 2326 ducta
860 2272 993 2326 ﬁunt
1018 2281 1231 2326 centum
1258 2273 1658 2345 quinquaginta.
1689 2275 1804 2342 Quo

241 2376 345 2418 cum
386 2364 649 2420 addideris
698 2364 812 2433 ipsa
866 2364 964 2417 tria
989 2405 1019 2432 ,_
1053 2365 1176 2434 quia
1222 2365 1429 2433 insigne
1458 2375 1513 2421 et
1554 2368 1797 2423 eminens

240 2455 376 2511 debet
396 2471 513 2512 esse
534 2455 678 2526 quod
716 2456 771 2511 in
813 2457 1031 2511 nomine
1062 2456 1234 2511 Patris
1261 2466 1316 2512 et
1340 2457 1460 2512 Filii
1489 2467 1543 2513 et
1577 2458 1804 2528 Spiritus

239 2551 386 2604 sancti
426 2551 634 2605 lavacro
657 2550 1075 2619 regenerationis
1094 2550 1322 2605 abluitur
1351 2551 1563 2616 (Matth.
1598 2567 1792 2617 xxviii,

240 2638 356 2707 i9),
401 2640 529 2696 ﬁunt
552 2651 764 2697 centum
808 2626 1191 2712 quinquaginta
1240 2650 1370 2698 tres.
1420 2643 1519 2710 Qui
1548 2658 1804 2699 numerus

237 2731 443 2799 piscium
482 2734 776 2799 invenitur,
828 2734 949 2804 quia
988 2735 1041 2789 in
1072 2734 1343 2791 dexteram
1392 2747 1596 2806 partem
1642 2737 1803 2792 missa

238 2831 347 2877 sunt
373 2824 497 2877 retia
523 2841 538 2889 ;
569 2833 625 2879 et
654 2823 775 2879 ideo
804 2838 1025 2895 magnos
1051 2823 1231 2894 (Joan.
1260 2841 1370 2892 xxr,
1395 2826 1448 2890 6,
1474 2825 1586 2898 li),
1616 2826 1668 2881 id
1697 2837 1800 2895 est,

237 2910 483 2980 perfectos
509 2923 564 2968 et
588 2927 754 2982 regno
775 2913 1032 2969 cmlorum
1057 2921 1209 2982 aptos
1231 2914 1407 2970 habet.
1450 2915 1582 2971 Nam
1609 2915 1696 2970 illa
1727 2916 1803 2971 si-

237 3002 458 3059 militudo
492 3004 700 3059 reticuli
741 3019 847 3058 non
876 3004 928 3057 in
957 3003 1234 3060 dexteram
1261 3006 1444 3072 missi,
1475 3006 1631 3061 simul
1660 3006 1804 3076 cepit

237 3090 389 3148 bonos
410 3102 464 3148 et
491 3094 685 3158 malos,
711 3095 803 3163 qui
822 3103 1137 3163 separantur
1158 3095 1210 3149 in
1238 3095 1413 3149 littore
1445 3094 1658 3165 (Matth.
1682 3112 1796 3163 xm,

237 3182 337 3254 68).
378 3182 524 3239 Nunc
559 3185 703 3238 enim
733 3185 873 3239 intra
909 3184 1044 3239 retia
1091 3195 1477 3255 praceptorum
1520 3192 1575 3240 et
1610 3185 1801 3241 Sacra-

241 3284 519 3329 meatorum
546 3274 670 3339 Dei,
703 3274 754 3328 in
785 3274 1025 3330 Ecclesia
1051 3290 1170 3344 qua:
1191 3289 1333 3329 nunc
1357 3283 1461 3341 est,
1490 3274 1650 3330 simul
1677 3274 1803 3331 boni

236 3365 446 3437 malique
480 3374 781 3421 versantur.
820 3365 906 3421 Fit
929 3368 951 3398 ³
977 3376 1156 3421 autem
1195 3366 1459 3437 separatio
1488 3366 1542 3420 in
1573 3368 1677 3421 ﬁne
1702 3381 1803 3422 sae-

237 3457 364 3525 culi,
400 3467 651 3528 tanquam
674 3459 731 3513 in
764 3458 869 3515 ﬁne
907 3459 1071 3514 maris
1091 3459 1193 3525 ,.id
1223 3467 1324 3527 est,
1357 3460 1410 3514 in
1438 3458 1649 3524 littore;
1680 3474 1801 3514 cum

236 3559 439 3620 regnant
459 3550 590 3620 justi
617 3551 793 3620 primo
821 3550 1205 3621 temporaliter,
1239 3551 1379 3605 sicut
1404 3550 1457 3604 in
1480 3550 1803 3623 Apocalypsi

234 3640 476 3709 scriptun
498 3649 576 3695 est
598 3682 613 3705 ,
642 3640 841 3695 deinde
870 3642 921 3694 in
948 3650 1207 3697 aeternum
1240 3642 1293 3696 in
1331 3640 1419 3694 illa
1445 3641 1659 3696 civitate
1684 3657 1803 3711 quae

234 3727 298 3784 ibi
338 3728 648 3787 describitur
693 3731 875 3801 (Apoc.
920 3728 1071 3803 xxi),
1119 3731 1208 3786 ubi
1250 3732 1358 3802 jam
1394 3733 1804 3802 conquiescente

232 3816 610 3889 dispensatione
640 3821 917 3891 temporali
941 3861 955 3885 ,
987 3837 1106 3893 qua:
1135 3821 1553 3893 quadragenario
1577 3836 1804 3877 numero

234 3911 564 3982 signiﬁcatur,
583 3912 835 3968 denarius
855 3922 1115 3980 remanet,
1135 3898 1292 3984 quam
1313 3913 1609 3969 mercedem
1635 3914 1804 3968 sancti

235 4005 316 4074 qui
339 4008 620 4076 operantur
649 4006 705 4061 in
730 4006 884 4061 vinea
920 4006 1219 4075 percepturi
1245 4014 1387 4060 sunt.

298 4096 351 4151 5.
378 4096 555 4152 Potest
577 4097 768 4161 etiam,
800 4098 845 4152 si
873 4112 1131 4152 numerus
1156 4097 1258 4152 iste
1290 4095 1680 4161 consideretur,
1710 4108 1802 4149 oc-

233 4200 446 4243 currere
465 4186 529 4241 ad
552 4188 803 4245 Ecclesia:
832 4188 1168 4244 sanctitatem
1190 4229 1207 4256 ,
1247 4203 1366 4258 quae
1401 4200 1497 4257 per
1523 4186 1805 4241 Dominum

233 4285 464 4332 nostrum
496 4276 678 4333 Iesum
715 4274 986 4333 Christum
1029 4277 1170 4332 facta
1197 4286 1281 4334 est
1313 4295 1325 4331 :
1354 4285 1411 4332 ut
1437 4277 1686 4347 quoniam
1715 4289 1803 4330 se-

233 4369 467 4436 ptenario
509 4384 733 4425 onmem
777 4378 1020 4424 creatura
1066 4378 1313 4436 constat,
1370 4384 1490 4426 cum
1542 4370 1806 4424 ternarius

234 4458 419 4515 enim
455 4468 509 4515 et
548 4461 919 4531 quaternarius
947 4461 1159 4530 corpori
1205 4461 1453 4517 tribuitur
1475 4501 1489 4523 ,
1539 4460 1807 4529 susceptio

232 4548 342 4619 ipsa
377 4548 605 4607 hominis
644 4551 874 4613 ducatur
910 4550 976 4605 ad
1017 4551 1115 4605 tria
1142 4550 1359 4621 septies.
1391 4550 1523 4617 Quia
1555 4558 1610 4605 et
1650 4549 1807 4603 Pater

232 4640 369 4695 misit
394 4639 581 4697 Filium
600 4684 615 4709 ,
664 4650 720 4697 et
746 4642 906 4696 Pater
935 4642 986 4695 in
1022 4640 1160 4695 Filio
1184 4649 1304 4707 est,
1334 4648 1390 4695 et
1410 4639 1554 4694 dono
1573 4638 1805 4709 Spiritus

227 4730 392 4784 sancti
437 4730 503 4787 de
529 4732 735 4803 virgine
779 4738 935 4784 natus
962 4739 1061 4785 est.
1111 4729 1178 4784 Et
1215 4730 1328 4784 haec
1352 4738 1475 4785 sunt
1499 4730 1618 4794 tria,
1652 4728 1808 4782 Pater

227 4828 278 4873 et
302 4818 466 4877 Filius
484 4831 539 4877 et
551 4822 781 4892 Spiritus
801 4828 1037 4876 sanctus.
1064 4820 1272 4890 Septies
1291 4829 1489 4884 autem,
1514 4819 1627 4888 ipse
1647 4818 1808 4871 homo

227 4913 499 4984 temporali
527 4888 924 4983 dispensatione
949 4888 1228 4981 susceptus
1255 4911 1276 4943 ³
1296 4951 1311 4978 ,
1342 4919 1402 4966 ιιι
1431 4910 1583 4965 ﬁeret
1605 4908 1806 4977 sempi—

227 5012 429 5061 ternus.
455 5005 541 5061 Fit
562 5016 693 5076 ergo
719 5019 928 5071 summa
959 5003 1168 5058 numeri
1197 5002 1384 5072 viginti
1413 5015 1599 5064 unum,
1625 4998 1679 5055 id
1704 5007 1804 5064 est,

225 5097 323 5151 tria
352 5097 576 5167 septies.
609 5096 741 5152 Haec
765 5104 946 5149 autem
975 5093 1208 5149 hominis
1231 5092 1499 5169 susceptio
1524 5090 1593 5146 ad
1616 5090 1811 5145 libera-

223 5188 428 5244 tionem
451 5187 615 5243 valuit
641 5186 922 5250 Ecclesia),
951 5186 1036 5241 cui
1063 5191 1227 5254 caput
1242 5192 1325 5238 est
1357 5183 1571 5253 (Ephes.
1594 5198 1650 5246 v,
1680 5180 1805 5251 25);

221 5288 278 5334 ut
300 5279 423 5351 ipsa
446 5279 707 5346 Ecclesia,
731 5286 950 5350 propter
976 5277 1213 5333 animam
1235 5284 1291 5330 et
1311 5289 1527 5344 corpus,
1550 5276 1604 5328 in
1620 5272 1807 5328 eodem

220 5372 525 5442 septenario
560 5385 788 5427 numero
833 5377 1112 5439 reparatur
1133 5366 1177 5421 ⁸.
1228 5366 1500 5422 Ducuntur
1538 5366 1714 5434 itaque
1731 5364 1811 5418 vi-

284 5463 300 5494 ¹
326 5464 607 5524 mari-ictis
627 5469 732 5524 M5,,
753 5473 841 5524 spe
862 5465 913 5511 et
924 5456 1161 5524 claritate
1184 5455 1506 5520 amplexatur.

284 5525 307 5588 ε
330 5522 470 5588 Am
488 5530 564 5573 ετ,
587 5518 739 5586 Lugd.
763 5518 885 5572 Ven.
908 5528 1044 5588 Lo_v.,
1066 5518 1187 5571 Fiet.
1241 5518 1296 5567 si.
1447 5584 1456 5588 _
1498 5584 1505 5588 _
1536 5578 1546 5588 .

282 5582 466 5649 θεδιξίν
485 5582 733 5649 ειιεεερῖιςο
753 5589 843 5634 εδει
868 5583 1098 5649 Verbum,
1122 5588 1210 5639 est,
1230 5593 1336 5649 non
1351 5582 1582 5649 ett-statin
1608 5582 1722 5649 stas._

278 5645 301 5677 "
318 5652 402 5708 tta
419 5638 468 5695 iri
482 5653 589 5698 llas.
610 5638 666 5695 At
688 5645 739 5695 in
763 5647 978 5708 estis,
1000 5638 1248 5708 cui'capitt
1268 5646 1347 5708 est.
1368 5638 1599 5693 Christus.
1626 5642 1681 5708 At
1702 5638 1810 5699 ipsa

214 5706 454 5765 Ecclesia.
474 5714 670 5779 propter
691 5704 904 5757 mairum
918 5702 969 5756 et
987 5702 1180 5769 corpus;
1195 5703 1246 5755 in
1258 5702 1426 5757 eodem
1440 5702 1704 5765 septenario
1719 5711 1809 5747 nu-

212 5780 352 5821 mero
374 5774 632 5832 τοκήων.

464 5852 693 5917 Sacr.
728 5853 1006 5919 Aususr.
1041 5850 1147 5913 VI.

1920 440 2051 508 ginti
2077 455 2240 495 unum
2266 446 2498 512 septies,
2540 454 2758 516 propter
2782 460 2877 503 eos
2914 448 3003 517 qui
3044 463 3140 519 per
3169 451 3506 512 Dominicum

1920 530 2190 585 hominem
2223 532 2518 589 liberantur
2542 577 2573 601 ,η
2602 545 2657 591 ct
2686 536 2822 592 ﬁunt
2849 538 3005 594 simul
3030 551 3246 597 centum
3275 544 3509 614 quadra-

1917 621 2062 690 ginta
2090 632 2315 693 septem.
2343 623 2441 679 Cui
2470 625 2681 681 additur
2718 628 2971 685 senarius
2990 645 3266 699 numerus,
3292 634 3509 705 signum

1918 713 2258 779 perfectionis
2277 757 2290 781 ,
2324 717 2447 786 quia
2474 719 2713 786 partibus
2739 722 2848 775 suis
2869 762 2885 788 ,
2927 737 3047 791 qua:
3088 723 3233 778 illum
3265 727 3503 783 metiun-

1919 810 2030 868 tur,
2061 814 2307 871 constat,
2337 808 2409 861 ita
2436 816 2493 862 ut
2520 808 2650 864 nihil
2680 812 2854 865 minus
2897 812 3134 883 nihilque
3167 817 3397 884 amplius
3424 818 3507 872 in-

1915 897 2176 953 veniatur.
2227 899 2442 955 Metitur
2481 902 2677 971 quippe
2720 903 2868 958 illum
2912 920 3109 969 unum,
3151 908 3292 976 quod
3344 909 3508 966 habet

1916 989 2128 1054 sexies;
2156 998 2211 1044 et
2229 990 2356 1057 duo,
2385 1006 2503 1061 quae
2528 992 2690 1047 habet
2716 1004 2829 1059 ter;
2857 1004 2910 1050 et
2929 996 3047 1062 tria,
3072 1011 3191 1066 quae
3210 997 3294 1053 bis
3309 997 3502 1055 habet:

1916 1092 2036 1147 quae
2060 1079 2221 1133 simul
2247 1080 2422 1146 ducta,
2451 1097 2614 1136 unum
2636 1090 2691 1137 et
2709 1083 2814 1137 duo
2834 1094 2889 1138 et
2916 1086 3036 1152 tria,
3057 1102 3148 1141 sex
3176 1087 3329 1143 ﬁunt.
3348 1090 3506 1157 Quod

1915 1169 2141 1227 fortasse
2166 1172 2232 1227 ad
2262 1172 2391 1227 illud
2419 1172 2580 1227 etiam
2610 1183 2997 1229 sacramentum
3046 1178 3312 1246 pertinet,
3358 1181 3504 1250 quod

1919 1259 2057 1315 Deus
2085 1270 2237 1316 sexta
2263 1261 2349 1316 die
2369 1261 2594 1331 perfecit
2617 1263 2793 1317 omnia
2821 1277 2981 1332 opera
3009 1256 3112 1321 sua,
3134 1265 3289 1337 (Gen.
3321 1285 3388 1334 ιι,
3418 1270 3500 1338 2).

1916 1352 1995 1406 Ad
2025 1362 2237 1407 centum
2263 1368 2393 1423 ergo
2417 1362 2471 1409 et
2501 1357 2849 1425 quadraginta
2890 1365 3096 1424 septem
3123 1373 3245 1413 cum
3279 1374 3378 1415 sex
3403 1361 3504 1416 ad-

1913 1444 2110 1501 dideris
2127 1487 2143 1512 ,
2186 1446 2326 1517 quod
2350 1455 2432 1502 est
2455 1448 2665 1517 signum
2711 1448 3053 1517 perfectionis
3076 1491 3091 1515 ,
3135 1451 3267 1506 fiunt
3288 1458 3506 1510 centum

1912 1537 2290 1607 quinquaginta
2322 1539 2431 1593 'tria
2464 1557 2479 1593 :
2513 1539 2602 1609 qui
2650 1555 2905 1594 numerus
2950 1542 3167 1610 piscium
3212 1544 3502 1611 invenitur,

1916 1638 2260 1698 posteaquam
2296 1631 2445 1699 jussu
2471 1630 2683 1685 Domini
2725 1632 2778 1685 in
2809 1632 3080 1687 dexteram
3111 1644 3314 1703 partem
3339 1637 3505 1693 missa

1911 1726 2038 1772 sunt
2063 1723 2217 1783 retia,
2250 1720 2339 1776 ubi
2364 1730 2671 1790 peccatores
2693 1721 2786 1792 qui
2809 1721 2876 1777 ad
2900 1723 3172 1779 sinistram
3208 1726 3499 1795 pertinent,
3602 1722 3622 1743 ’

1911 1825 2018 1867 non
2044 1812 2405 1869 inveniuntur.

2296 1904 2478 1960 LVIII.
2506 1904 2589 1961 De
2609 1904 2811 1960 Joanne
2845 1904 3096 1976 Baptista.

1984 1996 2036 2049 I.
2075 1994 2310 2051 Joannes
2338 1996 2600 2067 Baptista,
2626 1995 2961 2052 considerata
3000 1997 3262 2067 scriptura
3287 2013 3407 2068 qua:
3434 1999 3506 2056 de

1910 2084 2002 2140 illo
2030 2086 2083 2140 in
2125 2086 2410 2158 Evangelia
2455 2087 2648 2158 legitur
2668 2129 2684 2153 ,
2727 2088 2910 2143 multis
2951 2088 3310 2159 probabilibus
3336 2091 3506 2147 docu-

1910 2179 2109 2233 mentis
2142 2194 2252 2233 non
2292 2179 2524 2235 absurde
2561 2180 2797 2236 creditur
2824 2181 3119 2251 prophetiae
3141 2190 3350 2252 gestare
3377 2199 3505 2253 per-

1908 2282 2096 2323 sonam
2121 2311 2135 2334 ,
2188 2279 2243 2325 et
2275 2285 2339 2325 eo
2381 2271 2614 2325 maxime
2655 2272 2796 2342 quod
2823 2272 2893 2328 de
2922 2273 3015 2327 illo
3057 2272 3313 2329 Dominus
3350 2275 3503 2344 dicit,

1911 2358 2042 2415 Plus
2070 2362 2222 2430 quain
2248 2363 2495 2433 propheta
2524 2361 2732 2433 (Matth.
2763 2379 2816 2418 xi
2835 2406 2850 2430 ,
2882 2364 2958 2434 9).
3006 2364 3104 2421 Hic
3132 2364 3395 2435 siquidem
3422 2377 3507 2424 to-

1910 2450 2018 2505 tius
2046 2451 2359 2521 prophetiae,
2385 2467 2505 2521 quae
2529 2452 2837 2508 ab'exordio
2854 2454 3069 2522 generis
3092 2454 3310 2510 humani
3338 2472 3508 2526 usque

1910 2541 1978 2596 ad
2003 2541 2291 2596 adventum
2320 2541 2535 2598 Domini
2561 2543 2629 2597 de
2658 2543 2886 2598 Domino
2908 2542 3045 2599 facta
3079 2554 3180 2609 est,
3214 2547 3517 2618 imaginem-

1906 2641 2098 2702 gestat.
2141 2632 2240 2687 Est
2268 2641 2445 2687 autem
2477 2632 2749 2703 Evangelii
2778 2648 3006 2703 persona
3031 2635 3083 2689 in
3111 2637 3228 2706 ipso
3254 2639 3501 2707 Domino,

1907 2736 2026 2793 quae
2052 2737 2147 2791 per
2175 2722 2511 2793 prophetiam
2557 2723 3013 2792 praenuntiabatur
3035 2766 3052 2793 ,
3094 2727 3249 2796 cujus
3281 2739 3506 2799 augetur

1910 2816 2214 2886 praedicatio
2259 2832 2354 2887 per
2394 2817 2699 2872 universum
2747 2817 2933 2872 orbem
2971 2825 3235 2881 terrarum
3267 2821 3336 2878 ab
3379 2823 3502 2892 ipso

1906 2908 2115 2964 Domini
2135 2907 2364 2964 adventu
2399 2926 2412 2962 :
2446 2907 2724 2978 prophetia
2747 2917 2927 2965 autem
2948 2910 3206 2967 minuitur
3220 2922 3507 2984 postquam

1909 3003 1961 3058 id
1988 3003 2131 3074 quod
2153 3002 2545 3072 praenuntiabat
2568 3001 2801 3056 advenit.
2827 3000 3012 3073 Itaque
3051 3004 3309 3061 Dominus
3338 3006 3501 3062 dicit:

1906 3094 2016 3149 Lea:
2048 3103 2095 3149 et
2123 3093 2398 3165 Propheta:
2423 3109 2579 3165 usque
2600 3092 2669 3147 ad
2699 3092 2953 3148 Joannem
2976 3093 3260 3165 Baptistam
3275 3113 3295 3162 ;
3320 3098 3506 3154 abhinc

1905 3203 2117 3258 regnum
2156 3186 2249 3239 Dei
2294 3186 2602 3255 praedicatur
2642 3183 2792 3254 (Luc.
2823 3201 2952 3251 xvr,
2985 3187 3099 3255 16).
3154 3187 3223 3240 Et
3264 3188 3504 3246 Joannes

1906 3278 2023 3347 ipse
2054 3295 2068 3332 :
2110 3277 2268 3332 Illum
2286 3318 2303 3342 ,
2330 3278 2502 3347 inquit
2519 3318 2536 3344 ,
2564 3283 2760 3347 oportet
2778 3291 2998 3331 crescere
3014 3318 3030 3342 ,
3052 3293 3134 3331 ine
3154 3286 3320 3352 autem
3344 3281 3505 3336 minui

1909 3368 2086 3442 (Joan.
2118 3384 2209 3434 ιιι,
2238 3367 2351 3436 50).
2406 3366 2559 3436 Quod
2584 3374 2640 3422 et
2674 3365 2862 3422 diebus
2890 3366 3082 3435 quibus
3124 3367 3233 3422 nati
3265 3377 3408 3435 sunt,
3448 3376 3505 3426 et

1908 3459 2170 3514 mortibus
2222 3459 2413 3529 quibus
2450 3458 2594 3527 passi
2639 3466 2804 3522 sunt,
2854 3459 3133 3527 figuratum
3164 3466 3263 3513 est.
3319 3459 3504 3517 Nasci-

1905 3561 1996 3609 tur
2034 3567 2263 3622 namque
2309 3548 2542 3607 Joannes
2584 3565 2650 3605 ex
2696 3564 2802 3619 quo
2842 3549 2958 3606 dies
3002 3540 3263 3620 incipiunt
3302 3553 3499 3614 minui:

1909 3646 2145 3702 nascitur
2169 3644 2424 3698 Dominus
2453 3657 2520 3697 ex
2545 3655 2652 3710 quo
2673 3640 2790 3696 dies
2826 3641 3082 3710 incipiunt
3109 3655 3370 3698 crescere.
3403 3643 3506 3697 Ca-

1908 3740 2018 3807 pite
2042 3737 2133 3792 ille
2169 3736 2427 3791 minuitur
2448 3774 2464 3799 ,
2495 3733 2622 3788 dum
2642 3731 2905 3788 occiditur
2941 3749 2956 3785 :
2983 3731 3070 3786 hic
3092 3748 3221 3788 vero
3244 3732 3506 3787 attollitur

1909 3830 1965 3885 in
2009 3840 2190 3883 cruce.
2238 3825 2528 3894 Postquam
2575 3837 2705 3893 ergo
2744 3820 3023 3890 prophetia
3052 3822 3162 3889 ipsa
3204 3822 3258 3875 in
3296 3822 3505 3876 Joanne

1908 3921 2196 3977 constituta
2220 3919 2387 3986 digito
2410 3915 2644 3971 ostendit
2666 3916 3007 3983 praesentem,
3037 3926 3196 3980 quem
3218 3921 3503 3967 venturum

1910 4012 1978 4065 ab
2004 4010 2225 4066 exordio
2271 4007 2483 4077 generis
2509 4002 2729 4059 humani
2757 4001 3063 4064 cecinerat,
3107 4000 3292 4069 incipit
3311 4000 3500 4068 minui,

1910 4112 2069 4172 atque
2111 4101 2235 4155 inde
2279 4110 2522 4152 crescere
2566 4092 2871 4165 praedicatio
2906 4093 3054 4163 regni
3098 4093 3212 4147 Dei.
3269 4092 3336 4147 Et
3380 4093 3503 4150 ideo

1910 4193 2199 4264 baptizavit
2233 4190 2466 4246 Joannes
2507 4187 2563 4243 in
2603 4183 2971 4257 paenitentiam
3005 4183 3217 4253 (Matth.
3248 4199 3337 4250 ιιι,
3365 4183 3454 4255 II)
3484 4203 3500 4241 :

1912 4288 2095 4343 ﬁnitur
2120 4284 2261 4341 enim
2286 4290 2439 4339 vetus
2476 4280 2586 4336 vita
2610 4292 2784 4351 usque
2807 4277 2876 4333 ad
2912 4278 3278 4349 paenitentiam
3299 4318 3314 4342 ,
3342 4285 3504 4348 atque

1911 4378 2036 4435 inde
2060 4377 2244 4446 incipit
2271 4388 2428 4430 nova.
2520 4402 2525 4405 -
2926 4392 2929 4397 -

1979 4470 2036 4525 2.
2066 4469 2181 4524 Non
2208 4476 2383 4523 autem
2416 4472 2621 4519 tantum
2658 4462 2715 4516 in
2743 4462 2809 4517 iis
2834 4461 2925 4532 qui
2961 4460 3175 4530 proprie
3215 4459 3502 4530 Prophetas

1911 4560 2159 4632 appellati
2189 4566 2311 4613 sunt
2334 4599 2347 4620 ,
2378 4555 2473 4612 sed
2504 4555 2559 4609 in
2596 4554 2710 4624 ipsa
2736 4551 2951 4608 Veteris
2976 4550 3305 4606 Testamenti
3333 4550 3505 4605 histo-

1911 4650 1990 4704 ria
2015 4647 2291 4719 prOphetia
2320 4661 2427 4699 non
2455 4645 2614 4699 silere
2640 4642 2906 4710 colligitur
2924 4641 2994 4695 ab
3015 4642 3095 4695 eis
3122 4640 3212 4709 qui
3236 4640 3325 4709 pie
3348 4654 3502 4710 qure-

1911 4751 2057 4807 runt,
2098 4749 2153 4795 et
2193 4739 2259 4793 ad
2305 4739 2420 4791 haec
2464 4733 2826 4805 investiganda
2869 4732 3121 4789 divinitus
3161 4732 3493 4801 adjuvantur.

1915 4834 2148 4890 Maxime
2187 4839 2363 4886 tamen
2390 4828 2496 4884 illis
2522 4824 2939 4882 evidentioribus
2973 4837 3154 4877 rerum
3201 4822 3381 4889 ﬁguris
3410 4791 3512 4890 ιδῃ-Ι

1916 4934 2066 4994 paret
2097 4942 2109 4976 :
2138 4921 2280 4993 quod
2305 4918 2436 4975 Abel
2456 4918 2630 4988 justus
2656 4931 2685 4970 a
2711 4914 2870 4969 fratre
2899 4910 3216 4966 interﬁcitur
3243 4908 3394 4979 (Gen.
3429 4926 3505 4975 IV,

1916 5017 1992 5086 8),
2021 5025 2075 5072 et
2093 5014 2348 5069 Dominus
2374 5027 2400 5065 a
2424 5009 2623 5067 Judmis
2655 5026 2668 5061 :
2697 5005 2839 5077 quod
2865 5017 2984 5057 arca
3006 5002 3141 5067 Noe,
3172 5011 3419 5072 tanquam
3452 5003 3503 5057 in

1915 5106 2115 5162 diluvio
2142 5104 2320 5159 szeculi
2349 5102 2583 5157 Ecclesia
2610 5098 2934 5168 gubernatur
2959 5093 3071 5163 (Id.
3105 5109 3196 5159 vn,
3231 5092 3284 5163 Ι)
3318 5112 3333 5147 :
3361 5095 3505 5163 quod

1915 5199 2061 5255 Isaac
2098 5191 2455 5248 immolandus
2496 5190 2609 5243 Deo
2654 5186 2895 5248 ducitur,
2944 5193 2999 5239 et
3036 5185 3177 5239 aries
3203 5198 3300 5254 pro
3337 5184 3427 5238 illo
3452 5184 3507 5238 in

1917 5291 2156 5347 sentibus
2219 5295 2466 5355 tanquam
2515 5281 2799 5337 cruciﬁxus
2835 5280 3140 5350 agnoscitur
3181 5276 3316 5347 (1d.
3366 5291 3504 5342 χχιι,

1916 5384 2067 5450 5-15)
2098 5400 2113 5435 :
2142 5377 2283 5450 quod
2310 5377 2362 5431 in
2388 5372 2839 5429 duobusAbrahae
2874 5371 2994 5425 ﬁliis
3019 5412 3032 5435 ,
3062 5383 3170 5424 uno
3195 5367 3263 5421 de
3287 5367 3503 5433 ancilla,

1916 5475 2087 5530 altero
2113 5471 2180 5527 de
2200 5469 2387 5529 libera,
2417 5466 2523 5520 duo
2551 5464 2887 5518 Testamenta
2918 5459 3280 5527 intelliguntur
3306 5453 3503 5517 (Galat.

1919 5583 1993 5633 tv,
2022 5561 2214 5635 22-24)
2246 5580 2257 5614 :
2284 5558 2424 5631 quod
2452 5557 2557 5613 duo
2585 5553 2767 5626 populi
2791 5553 2843 5607 in
2881 5549 3137 5618 geminis,
3357 5544 3506 5635 acili:

1917 5632 2003 5712 cet
2026 5664 2081 5710 et
2115 5632 2279 5708 Iacob
2302 5692 2315 5715 ,
2346 5653 2823 5720 praantonstrantur
2854 5639 3005 5711 (Gen.
3035 5653 3164 5702 xxv,
3187 5632 3280 5703 25)
3320 5651 3332 5687 :
3363 5633 3508 5702 quod

1920 5746 2116 5817 Ioseph
2153 5762 2183 5800 a
2208 5742 2457 5801 fratribus
2492 5737 3197 5902 persecutionemgzassus)
3222 5728 3290 5784 ab
3316 5726 3511 5784 alienis

3014 5839 3158 5887 eum.

3014 5839 3158 5887 eum.
