4134 6208
300 262 376 320 45
1718 264 1869 331 LIBE-

1973 264 2156 333 UNUS.
2820 320 2840 336 ι
3490 278 3561 337 ιϐ

295 393 473 445 seem
498 377 709 443 innatis
749 378 856 443 suis
903 395 1018 439 cum
1058 338 1397 451 lampadibus.
1432 376 1687 439 Tardante
1725 382 1925 447 autem
1995 380 2414 439 bominum.Non
2438 399 2563 453 ergo
2585 384 2777 441 habent
2804 388 2978 445 oleum
3004 403 3210 451 secum.
3231 390 3363 449 Nam
3389 394 3561 465 ipsam

293 483 511 540 sponso,
538 468 933 533 dormitauerunt
959 485 1149 538 omnes,
1175 479 1222 525 et
1250 470 1578 533 dormierunt.
1597 470 1770 527 Media
1795 488 1891 525 au-
1922 534 1929 537 _

292 571 399 615 tem
438 571 583 617 nocte
626 561 824 619 clamor
847 565 1022 635 factus.
1044 571 1117 621 est
1135 578 1156 617 :
1186 562 1317 619 Ecce
1339 580 1551 635 sponsus
1575 565 1705 627 venit
1726 603 1744 631 ,
1772 581 1889 619 sur-

288 653 399 731 gite
425 652 620 707 obviam
646 653 712 706 ei.
744 651 885 709 Tune
908 663 1231 709 surrexerunt
1260 654 1475 726 virgines
1498 654 1634 721 illac,
1662 663 1708 711 et
1734 665 1883 727 apta-

292 752 476 796 verunt
495 741 755 812 lampades
784 759 921 801 suas.
939 740 1009 799 Et
1035 742 1267 803 dixerunt
1283 744 1387 799 illa:
1408 744 1574 811 stultte
1601 744 1670 801 ad
1687 746 1887 815 sapien-

292 843 368 903 tes
398 849 418 887 :
437 830 575 889 Date
591 832 735 888 nobis
760 832 824 886 de
856 832 966 888 oleo
1011 842 1170 893 vestro
1192 873 1208 898 ,
1237 835 1360 907 quia
1404 834 1664 905 lampades
1700 844 1885 891 nostra:

291 925 713 997 exstinguuntur.
735 924 1124 997 Responderunt
1148 935 1316 993 autem
1338 927 1609 999 sapientes,
1631 927 1847 987 dicentes
1860 943 1881 984 :

291 1011 383 1068 Ne
409 1013 545 1085 forte
566 1029 667 1068 non
694 1012 907 1086 suﬁciat
932 1015 1072 1078 nobis
1110 1025 1159 1081 et
1196 1016 1352 1093 vobis,
1375 1017 1441 1079 ite
1465 1018 1630 1089 potius
1666 1018 1734 1077 ad
1757 1034 1879 1077 ven-

291 1102 488 1168 dentes,
517 1113 563 1163 et
586 1103 734 1157 emite
756 1104 909 1163 vobis.
952 1103 1018 1167 Et
1046 1106 1166 1159 dum
1195 1107 1324 1167 irent
1350 1123 1511 1167 emere
1529 1148 1543 1172 ,
1572 1109 1701 1167 venit
1727 1125 1881 1178 spon-

290 1213 381 1251 sus
396 1212 420 1260 ;
444 1206 492 1250 et
517 1211 630 1268 quin
651 1206 848 1269 parata:
875 1206 1021 1255 erant
1037 1238 1054 1273 ν
1082 1199 1391 1261 intraverunt
1431 1216 1546 1259 cum
1569 1216 1627 1261 eo
1664 1200 1733 1257 ad
1776 1217 1877 1255 nu-

291 1288 425 1359 ptias
444 1329 462 1354 ,
494 1298 542 1344 et
567 1288 744 1344 clausa
766 1298 840 1347 est
854 1290 1042 1363 janua.
1087 1288 1372 1355 Novissime
1396 1300 1563 1359 autem
1589 1292 1791 1349 veniunt
1832 1301 1879 1346 et

290 1380 503 1452 reliqua
550 1381 769 1452 uirgines
789 1422 805 1446 ,
856 1380 1075 1445 dicentes
1095 1397 1115 1436 :
1157 1382 1403 1449 Dandae,
1452 1383 1663 1447 Domine
1684 1425 1700 1450 ,
1736 1386 1879 1455 aperi

289 1473 457 1526 nobis.
483 1472 549 1535 At
577 1473 666 1529 ille
705 1473 1011 1555 respondens
1047 1474 1119 1533 ait
1147 1489 1166 1528 :
1188 1474 1352 1545 Arnen
1375 1475 1487 1537 dico
1516 1477 1652 1539 vobis
1670 1518 1685 1543 ,
1710 1478 1875 1533 nescio

289 1579 402 1625 pos.
436 1558 656 1636 Vigilate
703 1578 859 1637 ago,
896 1563 1014 1635 quia
1048 1564 1247 1639 nescitis
1288 1565 1421 1627 diem
1443 1607 1458 1637 ,
1499 1583 1657 1636 neque
1696 1568 1877 1623 horam

292 1651 528 1727 (Matth.
554 1669 697 1719 xxv,
732 1655 916 1725 145).
968 1655 1161 1711 Decem
1205 1657 1386 1729 utique
1431 1659 1690 1728 virginum
1733 1661 1874 1730 quod

288 1745 522 1823 quinque
544 1742 933 1815 admittuntur,
960 1746 1192 1823 quinque
1217 1746 1589 1816 excluduntur,
1613 1749 1871 1807 bonorum

290 1824 627 1897 etmalorum
669 1835 1050 1911 discrelionem
1098 1836 1357 1913 signiﬁcat
1394 1839 1432 1892 ¹.
1468 1839 1800 1915 Quapropter
1826 1843 1872 1897 si

290 1924 611 1999 virginitatis
651 1942 846 1987 nomen
891 1926 1203 1999 honorabile
1244 1937 1358 1996 est,
1407 1944 1503 1997 cur
1530 1933 1760 2001 receptis
1776 1948 1873 1993 ex-

291 2018 551 2090 clusisque
581 2031 869 2075 commune
893 2017 1017 2085 est?
1039 2017 1240 2092 Deinde
1264 2019 1389 2091 quid
1414 2020 1515 2083 sibi
1543 2021 1656 2085 vult
1686 2038 1871 2081 nume-

292 2109 446 2164 rusin
476 2117 701 2181 utraque
719 2117 872 2180 parte
908 2109 1219 2180 quinariae?
1240 2109 1376 2183 Quid
1403 2120 1582 2179 autem
1611 2113 1872 2183 signiﬁcat

289 2199 459 2255 oleum
478 2240 498 2269 ,
525 2196 721 2254 mirum
763 2199 991 2259 videtur.
1019 2198 1151 2257 item
1170 2201 1314 2275 quod
1336 2202 1607 2273 sapientes
1628 2206 1866 2274 petenti-

287 2286 381 2346 bus
428 2305 535 2346 non
580 2291 981 2355 communicant
1008 2310 1023 2348 :
1052 2307 1174 2371 cum
1202 2300 1258 2355 et
1283 2292 1522 2359 invidere
1549 2294 1627 2353 fas
1664 2310 1770 2355 non
1800 2296 1871 2357 sit

288 2394 372 2438 ess
399 2397 520 2455 qum
550 2382 624 2437 ita
652 2384 905 2453 perfectae
944 2390 1108 2453 sunt,
1142 2393 1197 2459 ut
1219 2399 1253 2455 a
1289 2399 1487 2459 sponso
1513 2385 1865 2456 recipiantur,

290 2489 388 2545 quo
431 2476 653 2531 nomine
691 2473 841 2530 nullo
869 2473 1146 2531 dubitante
1187 2475 1444 2549 Dominus
1490 2486 1674 2545 noster
1713 2478 1869 2547 Jesus

286 2562 528 2623 Christus
568 2564 933 2638 signiﬁcatur;
971 2575 1025 2623 et
1070 2566 1581 2639 misericordesesse
1625 2579 1870 2638 oporteat

287 2654 349 2711 ad
374 2654 732 2727 prestandum
759 2672 827 2729 ex
852 2671 920 2712 eo
946 2656 1087 2733 quod
1116 2657 1341 2722 habent.
1375 2659 1753 2729 praescribente
1778 2661 1868 2719 illa

286 2747 540 2804 sententia
561 2748 802 2821 ejusdem
830 2749 1038 2805 Domini
1063 2748 1285 2815 dicentis
1307 2790 1322 2819 ,
1359 2748 1511 2809 Omni
1550 2754 1774 2823 poscenti
1796 2763 1865 2818 te,

288 2837 439 2891 tribue
457 2836 609 2919 (Luc.
630 2854 701 2906 vi,
720 2837 833 2912 50).
857 2838 993 2911 Quid
1018 2847 1101 2902 est
1124 2849 1299 2909 autem
1329 2842 1470 2914 quod
1498 2843 1666 2912 possit
1689 2842 1866 2905 dando

287 2940 385 2987 non
446 2929 695 2984 sullicere
741 2929 1018 3003 utrisque?
1062 2929 1187 2991 Hmc
1224 2931 1453 2995 maxime
1489 2941 1684 3004 augent
1714 2949 1865 3003 qum-

289 3019 466 3075 stionis
506 3018 871 3075 difﬁcultatem
901 3037 913 3072 :
941 3035 1241 3092 quanquam
1272 3030 1328 3089 et
1347 3031 1538 3085 caetera
1583 3023 1867 3095 diligenter

289 3111 632 3181 cottsiderata,
665 3122 721 3165 ut
749 3111 926 3166 omnia
953 3111 1004 3167 in
1036 3100 1195 3169 unam
1218 3114 1478 3171 rationem
1508 3124 1861 3184 concurrant,

289 3202 516 3273 nihilque
536 3204 591 3257 in
610 3218 769 3263 unam
793 3211 995 3273 partem
1016 3202 1223 3267 dicatur
1241 3204 1382 3276 quod
1404 3204 1658 3277 impediat
1681 3206 1861 3273 aliam,

289 3306 468 3365 magna
494 3293 675 3349 cautio
703 3292 998 3350 adhibenda
1027 3304 1129 3351 est.

352 3384 402 3439 3.
426 3378 686 3440 Videntur
713 3384 890 3459 itaque
912 3385 1040 3443 mihi
1059 3386 1293 3460 quinque
1315 3388 1545 3460 virgines
1564 3390 1862 3467 signiﬁcare

289 3475 762 3547 quinquepartitam
815 3470 1195 3538 continentiam
1261 3492 1291 3547 ξι
1338 3478 1518 3539 carnis
1574 3472 1859 3545 illecebris.

286 3560 643 3621 Continendus
699 3574 781 3622 est
831 3566 972 3623 enim
999 3566 1161 3624 animi
1207 3569 1468 3645 appetitus
1515 3585 1547 3631 a
1593 3572 1864 3643 voluptate

290 3657 572 3723 oculorum,
590 3672 620 3712 a
653 3658 928 3727 voluptate
956 3658 1183 3727 aurium,
1206 3674 1235 3714 a
1262 3660 1532 3732 voluptate
1557 3662 1859 3732 olfaciendi,

285 3748 519 3821 gustandi
541 3791 556 3817 ,
582 3748 855 3819 tangendi.
886 3749 990 3808 Sed
1017 3751 1137 3822 quia
1186 3751 1283 3807 ista
1317 3752 1638 3811 continentia
1670 3757 1861 3825 partim

287 3855 455 3897 coram
498 3841 614 3896 Deo
663 3840 741 3908 iit,
774 3849 833 3895 ut
861 3840 935 3895 illi
984 3842 1256 3913 placeatur
1294 3844 1346 3898 in
1400 3846 1640 3905 interiori
1669 3849 1863 3919 gaudio

285 3933 635 3998 muscicnlim;
670 3933 861 4003 partim
885 3948 1062 3988 coram
1090 3933 1390 3993 hominibus
1418 3946 1641 4007 tantum,
1670 3948 1725 3995 ut
1746 3941 1861 4009 glo-

286 4024 355 4077 ria
398 4024 626 4077 humana
672 4024 933 4092 capiatur;
962 4024 1193 4095 quinque
1208 4025 1453 4082 dicuntur
1482 4030 1782 4098 sapientes,
1809 4040 1864 4086 et

287 4113 507 4184 quinque
528 4115 710 4169 stulta:
737 4131 750 4166 :
778 4122 1021 4184 utrmque
1069 4124 1242 4172 tamen
1276 4117 1507 4189 virgines
1527 4158 1540 4185 ,
1568 4121 1690 4189 quia
1721 4131 1864 4179 utra-

287 4218 381 4276 que
416 4204 748 4261 continentia
790 4214 910 4273 est,
966 4205 1205 4278 quamvis
1257 4206 1468 4263 diverso
1504 4207 1687 4265 fomite
1725 4226 1860 4281 gan-

284 4297 413 4352 deat.
468 4297 773 4367 Lampados
822 4304 997 4353 autem
1035 4306 1191 4364 sunt,
1222 4299 1343 4371 quia
1373 4300 1616 4357 manibus
1644 4310 1858 4374 gestan-

285 4397 381 4455 tur,
410 4403 573 4459 opera
602 4404 723 4459 quae
770 4389 1058 4445 secundum
1085 4392 1462 4446 continentiam
1517 4394 1673 4459 istam
1704 4395 1856 4457 ﬁunt.

284 4480 477 4537 Dictum
507 4491 594 4537 est
638 4489 838 4547 autem,
871 4481 1094 4536 Luceant
1127 4500 1279 4554 opera
1298 4493 1458 4541 vestra
1495 4502 1665 4543 coram
1693 4488 1860 4544 hami-

285 4574 417 4629 nibus
440 4573 655 4645 (Matth.
685 4589 736 4635 v,
766 4572 879 4645 16).
907 4574 1104 4630 Omnes
1125 4589 1252 4630 vero
1276 4587 1573 4645 acceperunt
1600 4578 1860 4651 lampades

285 4679 419 4730 sus,
471 4674 519 4718 et
551 4672 795 4718 venerunt
843 4663 1035 4718 obviam
1080 4682 1284 4735 sponso.
1330 4666 1731 4741 Intelligendum
1779 4682 1861 4729 est

284 4768 402 4826 ergo
436 4753 637 4810 Christi
683 4754 896 4809 nomine
946 4756 1151 4810 censeri
1191 4757 1257 4812 de
1293 4759 1481 4829 quibus
1520 4762 1711 4831 agitur.
1740 4762 1859 4821 Non

282 4843 414 4901 enim
444 4853 673 4914 possunt
702 4845 791 4914 qui
818 4844 1089 4901 christiani
1112 4861 1216 4901 non
1243 4858 1397 4915 sunt,
1420 4864 1618 4920 sponso
1646 4851 1861 4907 Christo

280 4937 457 4991 venire
482 4935 717 4991 obviam.
746 4934 851 4990 Sed
872 4936 1088 5007 quinque
1113 4941 1269 5013 fatua:
1306 4941 1521 5009 acceptis
1544 4941 1861 5013 lampadibus

280 5029 396 5093 suis,
412 5044 513 5083 non
538 5037 865 5098 sumpserunt
885 5028 1047 5082 oleum
1075 5046 1261 5083 secum.
1283 5031 1430 5086 Multi
1447 5035 1587 5087 enim
1614 5036 1859 5105 quamvis

281 5119 345 5175 de
366 5119 563 5176 Christi
588 5118 1124 5189 bonitaleplurimum
1155 5124 1650 5195 sperent,gaudium
1681 5133 1854 5183 tamen

282 5226 385 5267 non
402 5211 623 5279 habent,
643 5211 770 5266 dum
791 5211 1126 5267 continenter
1142 5211 1389 5281 vivunt’,
1421 5214 1518 5267 nisi
1545 5215 1597 5267 in
1618 5215 1861 5271 laudibus

344 5347 457 5415 ξεῖ.
481 5343 625 5408 Lugd.
653 5350 789 5415 vena
806 5350 916 5413 qu.
940 5344 1012 5395 sic
1031 5343 1275 5395 exhibent
1306 5342 1435 5412 hunc
1456 5341 1655 5415 locum;
1668 5352 1859 5415 necent

479 5401 709 5472 minent:
742 5401 980 5472 tironum
1013 5417 1220 5472 quarum
1258 5402 1465 5472 ιῑηὶπηιιε
1495 5404 1853 5472 admittunt“.

479 5403 709 5455 minem
742 5403 980 5467 uirginum
1013 5417 1220 5469 quarum
1258 5403 1465 5469 quinque
1503 5404 1853 5472 admittuntur,

281 5403 847 5537 ﬁrmabuntur,
876 5464 1106 5515 bonorum
1126 5464 1433 5516 etmalorum
1464 5462 1862 5531 signiﬁcationem

346 5536 530 5640 Mt
542 5536 677 5649 ω’έζ,
690 5600 788 5639 non
812 5586 989 5655 uiuunt.
1010 5588 1338 5655 Ejpungenda
1356 5589 1572 5655 negatio,
1592 5602 1703 5655 quae
1718 5592 1862 5655 abest

282 5647 869 5765 labsumuntIrata-inbugdq
886 5647 1335 5710 nmeivisst.Vcn.,
1364 5647 1513 5701 Multa

1614 5664 1742 5703 1η....
1768 5664 1861 5703 non

1992 468 2222 526 laetitiam
2258 474 2374 527 oleo
2411 475 2690 544 signiﬁcari
2716 476 2961 533 arbitror.
2986 477 3262 551 Propterea
3280 484 3444 550 unxit,
3482 487 3562 541 in-

1991 561 2122 631 quit,
2136 571 2183 616 te
2210 562 2365 631 Deus,
2384 564 2517 618 Deus
2537 574 2647 619 tuus
2658 567 2765 621 oleo
2777 571 3122 627 exsultationis
3134 573 3303 645 (Psal.
3320 590 3463 641 XLIV,
3479 576 3559 651 8).

1989 651 2091 719 Qui
2118 663 2292 709 autem
2320 671 2423 711 non
2455 667 2731 728 propterea
2768 660 2992 730 gaudet,
3022 666 3144 734 quia
3173 667 3283 723 Deo
3311 669 3563 727 intrinse-

1988 756 2082 797 cus
2110 744 2301 813 placet,
2333 762 2439 801 non
2470 747 2628 803 habet
2651 748 2822 805 oleum
2854 766 3053 809 secum.
3085 754 3367 817 Prudentes
3393 768 3561 816 autem

1987 844 2283 904 acceperunt
2310 851 2477 890 secum
2500 837 2664 892 oleum
2697 840 2749 893 in
2781 842 2909 897 vasis
2934 844 3040 898 suis
3062 861 3175 899 cum
3201 846 3521 913 lampadibus
3541 890 3557 917 ,

1988 921 2042 981 id
2064 931 2164 987 est,
2196 922 2430 979 lmtitiam
2458 925 2715 982 bonorum
2746 943 2963 998 operum
2990 933 3043 987 in
3071 934 3229 991 corde
3257 946 3415 1005 atque
3443 953 3563 992 con-

1992 1013 2211 1066 scientia
2242 1022 2561 1082 posuerunt;
2594 1017 2729 1071 sicut
2774 1019 3060 1087 Apostolus
3098 1033 3279 1079 monet
3310 1042 3323 1077 :
3369 1026 3556 1082 Probet

1984 1111 2151 1154 autem
2193 1119 2247 1155 se
2285 1103 2456 1168 homo,
2493 1103 2681 1173 inquit,
2728 1116 2774 1159 et
2813 1117 2928 1162 tunc
2967 1110 3020 1164 in
3057 1114 3318 1180 semetipso
3366 1115 3562 1171 habebit

1983 1193 2218 1262 gloriam,
2240 1202 2289 1247 et
2314 1210 2413 1247 non
2441 1194 2495 1261 in
2517 1196 2675 1250 altero
2700 1196 2892 1269 (Galat.
2923 1216 2997 1266 v1,
3030 1202 3108 1269 4).
3160 1203 3411 1261 Tardante
3446 1223 3561 1263 uero

1981 1298 2169 1352 sponso
2194 1283 2587 1340 dormitaverunt
2621 1302 2792 1342 omnes
2813 1305 2833 1343 :
2853 1292 2975 1359 quia
3004 1307 3070 1347 ex
3108 1302 3330 1365 utroque
3364 1313 3560 1368 genere

1982 1374 2361 1430 continentium
2383 1375 2691 1443 hominum,
2723 1380 2834 1434 sive
2862 1396 3046 1437 eorum
3091 1387 3179 1453 qui
3224 1402 3404 1443 coram
3449 1390 3558 1446 Deo

1983 1466 2269 1535 exsultant,
2292 1468 2406 1527 sive
2434 1482 2618 1523 eorum
2647 1469 2738 1540 qui
2781 1471 2835 1525 in
2880 1472 3124 1529 laudibus
3164 1476 3435 1534 hominum
3462 1496 3556 1536 ec-

1981 1556 2291 1625 quiescunt,
2312 1558 2614 1613 moriuntur
2636 1560 2737 1614 hoc
2761 1562 3041 1620 intervallo
3077 1569 3327 1636 temporis
3346 1610 3360 1635 ,
3389 1570 3559 1628 donec

1980 1648 2081 1702 sub
2105 1646 2335 1703 adventu
2361 1648 2570 1705 Domini
2599 1649 2691 1705 ﬁat
2719 1654 3039 1709 resurrectio
3060 1665 3413 1713 mortuorum.
3445 1660 3557 1715 He-

1980 1740 2067 1794 dia
2106 1748 2275 1797 autem
2302 1749 2464 1807 nocte,
2511 1741 2564 1797 id
2593 1752 2692 1809 est,
2739 1745 2887 1801 nullo
2918 1747 3117 1802 sciente
3144 1757 3237 1807 aut
3272 1762 3553 1821 sperante;

1978 1830 2171 1899 quippe
2194 1845 2315 1886 cum
2340 1830 2455 1900 ipse
2481 1831 2734 1888 Dominus
2772 1833 2943 1901 dicat,
2974 1835 3047 1890 De
3071 1838 3151 1890 die
3182 1849 3348 1894 autem
3381 1840 3474 1896 illa
3507 1851 3557 1897 et

1977 1920 2104 1975 hora
2142 1936 2287 1975 nemo
2312 1921 2403 1975 scit
2440 1920 2650 1992 (Matth.
2683 1939 2837 1990 xxiv,
2871 1924 2997 1996 36);
3023 1936 3077 1982 et
3103 1929 3408 1997 Apostolus,
3430 1931 3555 1987 Dies

1976 2009 2186 2067 Domini
2211 2020 2447 2082 tanquam
2472 2015 2559 2086 fur
2578 2017 2629 2069 in
2655 2025 2815 2080 nocte,
2842 2016 2916 2071 ita
2936 2018 3093 2072 ueniet
3115 2017 3157 2092 (l
3178 2017 3357 2078 Thess.
3379 2038 3431 2089 v,
3452 2021 3510 2096 2)
3536 2041 3551 2079 :

1975 2116 2043 2161 ex
2061 2116 2168 2173 quo
2192 2102 2517 2172 signiﬁcatur
2544 2119 2665 2159 eum
2693 2106 2903 2175 penitus
2924 2107 3119 2172 latere,
3155 2125 3274 2165 cum
3308 2114 3511 2168 venerit
3535 2133 3551 2170 :

1975 2194 2166 2253 clamor
2189 2194 2354 2264 factus
2379 2205 2473 2263 est,
2499 2194 2634 2251 Ecce
2653 2214 2867 2266 sponsus
2887 2201 3038 2267 venit,
3060 2204 3250 2273 surgite
3271 2205 3464 2265 obuiam
3484 2208 3549 2264 ei.

1975 2282 2032 2341 in
2062 2284 2169 2340 ictu
2192 2285 2330 2341 oculi
2365 2296 2421 2343 et
2461 2286 2514 2341 in
2543 2288 2830 2349 novissima
2860 2291 2982 2347 tuba
3010 2306 3197 2347 omnes
3214 2310 3553 2367 resurgunus

1976 2374 2041 2447 (ι
2065 2375 2182 2432 Cor.
2214 2393 2303 2442 xv,
2331 2375 2455 2451 52).
2487 2379 2627 2449 Ergo
2646 2392 2966 2439 surrexerunt
2987 2400 3160 2449 omnes
3184 2388 3401 2457 uirgines
3422 2389 3549 2459 ille,

1974 2472 2023 2523 ct
2066 2475 2362 2537 aptaverunt
2410 2469 2666 2537 lampades
2717 2486 2856 2537 suas,
2909 2472 2961 2527 id
3012 2483 3117 2541 est,
3144 2477 3376 2533 rationes
3424 2481 3552 2535 red-

1975 2554 2178 2615 dendas
2201 2573 2421 2628 operum
2466 2573 2704 2622 suorum.
2731 2560 2950 2630 Oportet
2995 2565 3136 2619 enim
3168 2582 3270 2621 nos
3310 2569 3552 2626 exhiberi

1974 2656 2099 2705 ante
2142 2649 2370 2709 tribunal
2405 2649 2624 2717 Christi,
2674 2663 2726 2711 ut
2774 2653 2883 2707 illic
2924 2656 3150 2724 recipiat
3193 2662 3554 2733 unusquisque

1973 2740 2115 2809 quod
2154 2741 2322 2809 gessit
2368 2740 2421 2797 in
2465 2757 2719 2811 corpore.
2764 2745 2880 2801 sive
2929 2746 3148 2814 bonum,
3194 2751 3307 2813 sive
3352 2754 3551 2812 malum

1977 2829 2044 2902 (ΙΙ
2071 2826 2262 2898 Conv,
2292 2831 2403 2902 l0).
2449 2831 2517 2887 Et
2555 2833 2789 2891 dixerunt
2815 2836 2984 2891 stulte
3009 2838 3078 2891 ad
3107 2840 3357 2910 sapientes
3376 2859 3401 2897 :
3419 2843 3554 2906 Βωε

1972 2920 2114 2975 nobis
2129 2920 2192 2976 de
2201 2920 2310 2977 oleo
2321 2930 2496 2986 vestra.
2521 2924 2639 2992 quia
2659 2925 2921 2995 lampades
2940 2938 3127 2984 nostra:
3141 2933 3549 3004 exstinguuntur.

1970 3008 2206 3078 Quorum
2250 3012 2394 3067 enim
2436 3012 2567 3069 facta
2595 3014 2768 3071 aliena
2799 3016 2954 3075 laude
3000 3019 3317 3088 iniciuntur,
3362 3024 3553 3083 eadem

1971 3102 2242 3159 subtracta
2268 3103 2558 3170 deﬁciunt;
2592 3114 2646 3160 et
2674 3106 2739 3159 dc
2759 3111 3142 3165 consuetudine
3164 3113 3211 3166 id
3240 3129 3453 3185 semper
3471 3119 3554 3172 in-

1970 3193 2133 3264 quirit
2154 3195 2195 3262 ¹,
2224 3194 2367 3248 unde
2385 3195 2616 3263 gaudere
2638 3197 2846 3251 animus
2868 3200 3021 3253 solet.
3047 3201 3225 3270 Itaque
3254 3204 3548 3275 hominum,

1969 3284 2060 3357 qui
2104 3283 2263 3338 corda
2307 3299 2412 3338 non
2462 3284 2663 3350 vident,
2711 3288 3072 3343 testimonium
3119 3293 3306 3347 volunt
3355 3294 3552 3354 habere

1968 3375 2110 3445 apud
2162 3376 2360 3444 Deum,
2402 3377 2490 3447 qui
2533 3377 2711 3432 cordis
2752 3380 3019 3450 inapector
3046 3390 3148 3437 est.
3176 3384 3278 3451 Sed
3304 3389 3428 3457 quid
3458 3406 3549 3447 re-

1969 3466 2301 3539 sponderunt
2325 3468 2625 3537 sapientes?
2655 3466 2741 3523 Ne
2776 3474 2907 3540 forte
2947 3489 3045 3526 non
3082 3476 3293 3545 sufﬁciat
3321 3480 3460 3534 nobis
3502 3490 3551 3536 et

1968 3559 2124 3612 vobis.
2148 3557 2523 3629 Unusquisque
2553 3559 2695 3613 enim
2723 3575 2817 3628 pro
2844 3577 2903 3617 se
2928 3564 3184 3620 rationem
3212 3568 3414 3633 reddet,
3449 3582 3551 3628 nec

1968 3650 2142 3706 alieno
2165 3651 2467 3707 testimonio
2487 3650 2766 3720 quisquam
2789 3652 3070 3721 adiuvatur
3088 3659 3225 3727 apud
3255 3660 3441 3726 Deum,
3459 3664 3549 3718 cui

1969 3749 2171 3794 secreta
2202 3739 2379 3793 cordis
2403 3745 2694 3809 apparent;
2725 3748 2779 3795 et
2806 3742 2892 3797 vix
2928 3743 3029 3801 sibi
3056 3746 3283 3815 quisque
3311 3749 3545 3817 sufﬁcit,

1969 3839 2026 3885 ut
2069 3830 2116 3884 ei
2161 3829 2517 3883 testimonium
2564 3830 2841 3898 perhibent
2885 3835 3207 3889 conscientia
3254 3851 3369 3893 sua.
3417 3836 3551 3906 Quis

1968 3922 2110 3975 enim
2156 3920 2468 3989 gloriabitur
2515 3920 2768 3977 mundum
2809 3936 2867 3975 se
2898 3922 3094 3979 habere
3119 3939 3212 3978 cor
3240 3924 3421 3996 (Prov.
3449 3943 3541 3998 xx,

1967 4008 2062 4080 9)?
2088 4006 2216 4061 Inde
2254 4018 2333 4062 est
2376 4008 2517 4075 quod
2559 4010 2842 4075 Apostolus
2870 4011 2946 4063 ait
2974 4028 2985 4060 :
3016 4010 3148 4064 Mihi
3193 4022 3356 4075 autem
3398 4018 3551 4073 mini.

1968 4114 2105 4151 mum
2127 4107 2220 4163 est,
2252 4107 2306 4150 ut
2338 4115 2369 4150 a
2396 4096 2529 4151 vobis
2557 4097 2780 4168 judicer,
2829 4110 2916 4153 aut
2952 4100 3015 4154 ab
3053 4101 3273 4159 humano
3319 4107 3430 4171 die;
3457 4110 3547 4165 sed

1967 4204 2123 4260 neque
2147 4188 2487 4258 memetipsum
2513 4187 2694 4257 judico
2732 4187 2787 4258 (Ι
2814 4188 2930 4243 Cor.
2971 4205 3054 4256 tv,
3088 4190 3164 4263 ὃ).
3208 4191 3547 4267 Quapropter-

1966 4294 2085 4333 cum
2116 4278 2182 4334 de
2213 4280 2387 4348 seipse
2416 4279 2638 4350 quisque
2659 4288 2751 4337 aut
2780 4296 2885 4336 non
2910 4284 3125 4339 omnino
3143 4294 3233 4340 aut
3261 4288 3345 4341 vix
3375 4292 3547 4359 possit

1965 4383 2143 4421 veram
2179 4367 2314 4423 ferre
2341 4369 2658 4427 sententiam
2682 4409 2697 4436 ,
2728 4372 2996 4439 quomodo
3024 4383 3200 4443 potest
3227 4376 3295 4432 de
3328 4378 3433 4434 alio
3454 4381 3546 4450 ju-

1966 4457 2142 4513 dicare
2162 4499 2176 4524 ,
2209 4472 2329 4513 cum
2374 4459 2507 4513 sciat
2536 4473 2695 4513 nemo
2724 4460 2849 4531 quid
2878 4472 3062 4529 agatur
3092 4464 3143 4517 in
3176 4464 3412 4535 homine,
3440 4471 3545 4526 nisi

1965 4548 2181 4617 spiritus
2209 4546 2437 4600 hominis
2470 4547 2577 4617 (Id.
2607 4564 2667 4613 li,
2701 4550 2832 4617 ll)?
2859 4550 2938 4603 Ite
2969 4555 3129 4619 magis
3163 4557 3231 4608 ad
3257 4559 3539 4627 uendentes,

1964 4647 2011 4692 et
2035 4638 2179 4692 emite
2217 4636 2371 4691 vobis.
2404 4637 2517 4692 Non
2560 4639 2838 4693 consilium
2870 4641 3081 4697 dedisse
3112 4646 3356 4711 putandae.
3394 4659 3539 4717 sunt,

1965 4728 2058 4783 sed
2098 4729 2299 4782 crimen
2331 4744 2512 4783 earum
2539 4744 2602 4784 ex
2640 4729 2853 4800 obliquo
2894 4747 3363 4793 commemorasse.
3398 4738 3543 4795 Ven-

1966 4821 2097 4875 dunt
2134 4820 2273 4875 enim
2315 4821 2489 4874 oleum
2540 4821 2875 4889 adulatores,
2926 4824 3019 4891 qui
3065 4828 3177 4880 sive
3222 4826 3381 4893 ialm,
3427 4831 3544 4888 sive

1965 4912 2202 4982 ignorata
2233 4910 2513 4975 laudando,
2545 4911 2749 4965 animas
2774 4909 2825 4965 in
2856 4926 3091 4969 errorem
3121 4914 3353 4977 mittunt.
3382 4926 3439 4973 et
3461 4918 3543 4977 eis

1965 5018 2095 5057 vanu
2118 5002 2302 5071 gaudia
2339 5012 2587 5070 tanquam
2616 5000 2772 5053 fatuis
2813 4999 3147 5054 conciliando
3169 5043 3182 5066 ,
3216 5004 3445 5075 aliquam
3473 5008 3542 5067 de

1962 5092 2049 5146 his
2078 5092 2399 5154 mercedem,
2432 5093 2543 5144 sive
2568 5090 2826 5155 ciborum,
2870 5092 2982 5146 sive
3023 5094 3277 5162 pecunia,
3305 5098 3417 5159 sive
3441 5100 3542 5161 ιω.

1965 5183 2133 5244 noris,
2184 5182 2295 5233 sive
2342 5181 2563 5249 alicujus
2606 5178 2870 5234 commodi
2920 5185 3225 5254 temporalis
3251 5190 3539 5260 accipiunt,

1968 5288 2071 5327 non
2096 5270 2505 5337 intelligentibus
2537 5272 2555 5299 ²
2581 5272 2719 5339 quod
2749 5270 2946 5331 dictum
2978 5283 3089 5341 est,
3122 5273 3224 5342 Qui
3248 5292 3335 5337 vos
3372 5279 3543 5348 felices

2032 5410 2048 5439 ι
2082 5407 2231 5465 Editi,
2264 5402 2529 5468 inquirunt.
2575 5411 2633 5457 Αι
2670 5414 2805 5469 Μαι..
3096 5411 3320 5464 Refertur
3349 5412 3410 5464 ad
3440 5415 3545 5473 api-

2172 5528 2375 5599 etiam,
2395 5540 2492 5599 non
2518 5526 3051 5599 inte_lligentes._|te_lius
3077 5539 3177 5582 nat.
3207 5540 3257 5599 et
3284 5538 3421 5594 In,
3446 5544 3542 5587 non

1967 5588 2364 5666 intelligentibus;
2407 5590 2533 5666 ipsis.
2576 5588 2797 5666 nimirum
2844 5593 3089 5666 fa_tuis,__n
3135 5588 3542 5666 quibus‘tnerce-

1969 5653 2083 5701 dem
2115 5650 2352 5711 accipiunt
2381 5650 2671 5702 adulatores.
2698 5655 2917 5716 —-Lugd.
2936 5650 3253 5715 ct'ven.,iton
3272 5652 3543 5718 “enigm-

1974 5719 2062 5773 tes,
2082 5718 2138 5761 ut
2160 5718 2231 5759 Er.
2260 5719 2312 5760 et
2332 5719 2439 5761 Lov.
2507 5720 2561 5761 Μ.
3170 5729 3175 5735 ·
