4134 6208
533 256 602 313 47
628 182 641 201 .
1273 240 1361 295 DE
1403 234 1708 292 DIVERSIS
1743 218 2149 296 QUASS'I‘IONII

2254 223 2266 277 i
2294 219 2577 287 LXXXIII,
2605 219 2664 275 S.
2688 217 3054 295 ΑυευετιΝι
3725 215 3804 274 48

537 369 731 436 dicunt,
776 369 829 421 in
876 376 1095 420 errorem
1119 372 1205 411 vos
1234 354 1432 407 mittunt
1463 348 1613 419 (Isai.
1654 361 1745 409 ιιι,
1787 343 1903 436 I2).
1929 340 2117 436 Melius

537 468 621 513 est
636 429 813 513 autem
840 450 1104 524 objurgari
1128 463 1157 501 a
1168 447 1332 517 justo,
1355 454 1511 512 quam
1532 454 1561 492 a
1586 444 1864 507 peccatore
1891 429 2116 485 laudari.

543 550 843 605 Emendabit
866 563 974 613 me,
1000 541 1188 612 inquit,
1210 539 1379 608 justus
1398 534 1452 586 in
1478 525 1850 591 misericordia,
1876 533 1923 577 et
1947 528 2121 592 arguet

539 658 650 706 me;
678 643 843 696 oleum
877 646 1040 693 autem
1072 630 1348 705 peccatoris
1376 643 1476 680 non
1493 624 1769 693 impinguet
1789 628 1939 689 caput
1960 631 2123 670 meum

543 733 715 803 (Psal.
746 747 869 794 exn,
893 727 969 800 5).
1014 724 1095 778 Ite
1136 736 1265 792 ergo
1293 716 1453 787 magis
1476 713 1542 769 ad
1569 711 1855 775 vendentes,
1893 716 1939 762 et
1982 706 2126 803 emite

541 795 678 875 vobis
702 840 719 886 ;
758 821 808 874 id
830 795 936 883 est,
964 816 1236 871 videamus
1267 823 1406 863 nunc
1433 804 1558 875 quid
1600 818 1695 856 vos
1720 802 1999 864 adjuvant,
2038 795 2127 865 qui

543 913 694 966 vobis
724 911 906 965 laudes
926 906 1156 961 vendere
1181 904 1591 959 consueverunt,
1615 903 1669 948 et
1693 906 1789 946 vos
1814 892 1865 944 iu
1887 900 2127 944 errorem

551 1003 804 1056 inducere
828 1042 840 1062 ,
877 1008 933 1052 ut
960 1013 1063 1051 non
1093 1007 1270 1048 coram
1303 992 1429 1054 Deo,
1468 986 1561 1041 sed
1590 987 1655 1038 ab
1686 981 1987 1037 hominibus
2014 978 2127 1047 glo-

545 1093 679 1145 riam
728 1086 1055 1157 quaereretis.
1111 1080 1356 1135 Euntibus
1410 1085 1573 1128 autem
1620 1073 1721 1125 illis
1767 1085 1944 1134 emere,
2001 1066 2132 1120 venit

546 1155 794 1250 sponsus;
825 1177 874 1230 id
902 1186 1014 1238 est,
1047 1168 1345 1227 inclinantil
1374 1182 1420 1251 is
1450 1182 1509 1219 se
1542 1164 1643 1217 illis
1673 1164 1723 1215 in
1751 1176 1813 1214 ea
1847 1174 1965 1229 quae
2005 1155 2131 1209 foris

549 1248 750 1323 suntet
778 1268 947 1322 solitis
973 1264 1204 1334 gaudere
1234 1248 1594 1329 qurereutihus
1617 1295 1631 1319 ,
1665 1253 1788 1323 quia
1816 1249 2007 1321 gaudia
2045 1248 2132 1300 in-

545 1367 699 1413 terna
726 1372 829 1411 non
858 1361 1133 1416 noverant,
1157 1351 1302 1404 venit
1327 1349 1415 1401 ille
1442 1346 1530 1415 qui
1553 1343 1757 1412 judicat
1787 1360 1801 1395 :
1830 1349 1875 1393 et
1900 1353 2013 1408 qua:
2035 1354 2133 1408 pa-

547 1457 676 1501 ratae
702 1455 875 1508 erant;
903 1445 957 1499 id
981 1452 1082 1506 εει,
1109 1441 1303 1511 quibus
1329 1438 1528 1492 bonum
1555 1448 1736 1487 coram
1764 1432 1872 1486 Deo
1897 1429 2138 1484 testimo-

552 1538 700 1590 nium
744 1534 1071 1590 conscientia
1118 1528 1450 1601 perhibebat,
1483 1526 1791 1577 intraverunt
1832 1535 1945 1573 cum
1988 1535 2045 1572 eo
2068 1518 2137 1571 ad

552 1628 793 1698 nuptias;
841 1626 892 1679 id
943 1635 1042 1687 est,
1086 1622 1175 1677 ubi
1220 1618 1412 1674 munda
1454 1617 1632 1669 animo
1662 1628 1793 1683 puro
1821 1620 1875 1666 et
1902 1608 2138 1679 perfecto

552 1696 983 1785 sempiternoque
1011 1713 1102 1767 Dei
1144 1710 1317 1765 Verbo
1344 1704 1672 1771 fecundanda
1697 1705 1712 1733 ¹
1744 1702 2039 1770 copulatur.
2074 1696 2139 1751 Et

554 1812 731 1866 clausa
757 1819 829 1863 est
845 1810 1029 1879 janua,
1057 1805 1109 1860 id
1153 1812 1236 1858 est
1258 1843 1272 1865 ,
1303 1800 1533 1867 receptis
1562 1798 1663 1850 illis
1702 1795 1787 1864 qui
1817 1800 1938 1846 sunt
1964 1792 2015 1845 in
2041 1805 2139 1843 an-

552 1902 777 1972 gelicam
805 1898 968 1952 vitam
998 1894 1258 1950 immutati
1283 1895 1326 1943 ¹.
1357 1892 1540 1944 Omnes
1563 1889 1725 1949 enim,
1751 1884 1940 1952 inquit,
1967 1898 2141 1936 resur-

558 2008 752 2062 gentus,
794 1989 884 2044 sed
927 2004 1026 2042 non
1067 2001 1235 2039 omnes
1274 1981 1650 2035 immutabimur
1675 1976 1717 2047 (ι
1743 1976 1859 2030 Cor.
1890 1991 1979 2040 xv,
2008 1973 2098 2043 5i)
2126 1991 2139 2026 :

558 2082 771 2137 clausus
813 2089 897 2134 est
938 2079 1115 2134 aditus
1158 2076 1225 2131 ad
1274 2072 1495 2144 regnum
1544 2072 1820 2125 caelorum.
1854 2068 1970 2123 Non
1999 2067 2144 2121 enim

560 2180 683 2239 post
702 2170 958 2239 judicium
984 2175 1128 2237 patet
1152 2179 1368 2235 precum
1391 2171 1482 2216 aut
1502 2162 1813 2215 meritorum
1841 2158 2007 2211 locus.
2036 2154 2148 2209 Νο-

560 2261 764 2315 vissime
790 2269 958 2312 autem
978 2259 1179 2311 veniunt
1192 2265 1235 2309 et
1256 2255 1461 2325 reliqua:
1486 2251 1721 2320 virgines,
1755 2250 1970 2302 dicentes
1992 2264 2011 2300 :
2033 2245 2147 2299 Do-

564 2353 718 2416 mine,
748 2349 984 2413 Domine,
1016 2347 1155 2416 aperi
1178 2346 1337 2399 nobis.
1371 2343 1487 2398 Non
1512 2343 1709 2396 dictum
1732 2348 1815 2394 est
1840 2339 1980 2409 quod
2005 2354 2150 2393 eme-

568 2444 677 2497 rint
703 2442 916 2507 oleum;
947 2450 1001 2495 et
1030 2439 1151 2493 ideo
1181 2435 1532 2505 intelligendas
1560 2442 1683 2487 sunt
1707 2474 1723 2499 ,
1754 2432 1901 2487 nullo
1922 2432 2030 2501 jam
2060 2445 2147 2484 re-

563 2540 815 2586 manente
857 2530 925 2584 de
969 2528 1155 2583 alienis
1198 2526 1442 2579 laudibus
1469 2522 1660 2593 gaudio
1684 2562 1698 2587 ,
1733 2522 1784 2574 in
1815 2520 2073 2591 angustiis
2098 2528 2153 2574 et

566 2621 776 2691 magnis
804 2619 1181 2674 afﬂictionibus
1226 2617 1403 2671 redire
1446 2613 1514 2667 ad
1556 2612 1983 2681 implorationem
2034 2611 2148 2665 Dei.

566 2712 676 2770 Sed
696 2726 885 2781 magna
904 2720 986 2765 est
1005 2710 1122 2778 ejus
1144 2707 1398 2763 severitas
1419 2712 1539 2773 post
1556 2702 1835 2771 judicium,
1861 2701 2010 2771 cujus
2030 2710 2155 2756 ante

562 2804 825 2876 judicium
848 2800 1127 2857 ineﬁ'ahilis
1148 2796 1506 2853 misericordia
1532 2802 1825 2866 prterogata
1848 2802 1950 2847 est.
1974 2791 2156 2859 Itaque

566 2893 900 2964 respondens
926 2892 1032 2957 ait,
1060 2889 1220 2943 Amen
1246 2889 1359 2941 dico
1386 2887 1522 2941 vobis
1560 2886 1692 2954 quod
1736 2884 1901 2938 nescio
1933 2899 2019 2936 vos
2046 2899 2064 2937 :
2088 2897 2157 2937 ex

568 2986 662 3041 illa
705 2986 911 3040 scilicet
939 2983 1117 3053 regula
1144 3023 1159 3049 ,
1210 2996 1312 3051 qua
1343 2996 1449 3033 non
1486 2978 1647 3033 habet
1675 2991 1762 3032 ars
1790 2976 1903 3041 Dei,
1946 2975 2047 3029 hoc
2074 2983 2158 3030 est

569 3076 827 3147 sapientia
872 3076 999 3140 Dei,
1034 3083 1091 3127 ut
1128 3073 1327 3127 intrent
1355 3072 1406 3125 in
1443 3069 1691 3141 gaudium
1722 3069 1837 3137 ejus
1859 3109 1872 3133 ,
1914 3068 2003 3137 qui
2050 3082 2159 3122 non

567 3184 749 3224 eorum
782 3168 909 3230 Deo,
942 3166 1035 3220 sed
1083 3175 1140 3218 ut
1188 3166 1454 3232 placerent
1503 3162 1822 3225 hominibus,
1880 3161 1979 3214 visi
2034 3168 2161 3213 sunt

516 3256 517 3259 “
569 3258 767 3328 aliquid
810 3256 1099 3312 secundum
1148 3263 1408 3323 praecepta
1439 3253 1555 3321 ejus
1598 3252 1830 3321 Operari.
1875 3253 2048 3319 Atque
2088 3250 2158 3303 ita

568 3348 841 3404 Honcludit
873 3365 885 3399 :
925 3346 1141 3416 Vigilale
1169 3361 1286 3414 ergo
1312 3385 1325 3407 ,
1354 3344 1475 3414 quia
1503 3345 1699 3396 nescitis
1730 3344 1859 3395 diem
1886 3359 2041 3413 neque
2069 3343 2161 3396 Ito-

572 3454 705 3492 um.
736 3437 851 3491 Non
882 3436 1040 3490 modo
1070 3436 1211 3488 illius
1250 3435 1419 3488 ultimi
1450 3434 1737 3503 temporis,
1771 3450 1876 3502 quo
1904 3444 2160 3490 venturus

576 3537 660 3585 ent
701 3542 951 3597 sponsus,
997 3526 1089 3580 sed
1134 3542 1244 3580 suae
1284 3526 1507 3595 quisque
1550 3525 1690 3578 diem
1733 3526 2066 3580 dormitionis
2109 3535 2163 3581 et

574 3596 761 3675 horam
800 3596 988 3673 nescit.
1020 3616 1271 3686 Quisquis
1312 3626 1487 3669 autem
1532 3625 1746 3684 paratus
1786 3624 1870 3670 est
1896 3632 2065 3686 usque
2093 3617 2162 3672 ad

575 3724 822 3766 somnum
846 3749 860 3775 ,
891 3708 943 3763 id
971 3717 1075 3774 est,
1107 3722 1274 3777 usque
1298 3706 1365 3761 ad
1390 3715 1616 3760 mortem
1645 3721 1765 3774 qua}
1794 3707 2040 3761 omnibus
2069 3707 2164 3763 de-

574 3802 748 3865 betur,
792 3808 1009 3871 paratus
1051 3800 1208 3853 etiam
1252 3798 1547 3852 invenietur
1587 3812 1706 3851 cum
1739 3799 1827 3852 illa
1856 3813 1956 3851 vox
1989 3797 2162 3853 media

575 3904 733 3950 nocte
762 3893 1021 3957 sonuerit,
1046 3907 1149 3961 qua
1180 3904 1367 3945 omnes
1388 3889 1683 3959 evigilaturi
1714 3897 1853 3943 sunt.

646 3989 701 4041 4.
743 3986 894 4054 Quod
925 3999 1053 4038 vero
1083 3998 1279 4052 sponso
1307 3981 1437 4036 dixit
1462 3982 1673 4036 obviam
1692 3982 1874 4036 venire
1902 3981 2160 4050 virgines,

577 4083 654 4134 sic
674 4076 1085 4144 intelligendum
1119 4084 1267 4141 puto,
1296 4083 1353 4126 ut
1382 4089 1446 4127 ex
1477 4074 1608 4140 ipsis
1636 4075 1930 4143 virginibus
1958 4082 2167 4130 constet

508 4197 521 4201 -
576 4182 643 4224 ea
674 4182 789 4235 quae
814 4166 1008 4219 dicitur
1036 4178 1229 4231 sponsa
1255 4181 1266 4215 :
1294 4172 1544 4230 tanquam
1563 4164 1608 4216 si
1634 4165 1882 4216 omnibus
1908 4165 2165 4218 Christia-

576 4259 662 4313 nis
694 4258 747 4310 in
774 4256 1062 4310 Ecclesiam
1089 4252 1526 4309 concurrentibus
1568 4252 1656 4305 ﬁlii
1684 4253 1749 4306 ad
1780 4262 2003 4308 matrem
2032 4246 2165 4309 eon-

579 4364 666 4403 eui
687 4363 800 4403 rere
830 4347 1090 4409 dicantur,
1124 4360 1243 4399 cum
1271 4361 1334 4399 ex
1364 4344 1493 4413 ipsis
1528 4344 1648 4399 ﬁliis
1678 4346 2010 4415 congregatis
2032 4361 2165 4402 con-

575 4446 686 4495 stet
712 4453 773 4492 ta
801 4453 917 4507 qure
956 4436 1147 4491 dicitur
1179 4444 1367 4492 mater.
1394 4435 1544 4491 Nunc
1569 4437 1710 4490 enim
1739 4437 2057 4506 desponsata
2084 4448 2169 4495 est

576 4531 842 4597 Ecclesia,
874 4541 928 4585 et
957 4530 1104 4600 virgo
1130 4537 1212 4584 est
1241 4531 1306 4582 ad
1340 4530 1552 4599 nuptias
1590 4530 1948 4600 perducenda,
1980 4532 2031 4586 id
2061 4540 2163 4599 est,

579 4636 701 4678 eum
733 4636 792 4676 se
817 4621 1054 4675 continet
1096 4635 1124 4672 a
1170 4620 1508 4688 corruptione
1552 4621 1794 4676 sseculari
1826 4640 1839 4674 :
1867 4622 1960 4677 illo
1988 4633 2166 4679 autem

583 4726 826 4783 tempore
871 4712 1071 4777 nubet,
1100 4727 1218 4765 eum
1249 4712 1495 4765 universa
1523 4714 1848 4769 mortalitate
1879 4715 1930 4769 in
1961 4730 2025 4769 ea
2068 4731 2164 4787 pe-

578 4814 770 4862 reunte
791 4815 832 4871 δ,
884 4802 1170 4858 immortali
1223 4802 1595 4873 conjunctione
1636 4803 1904 4863 fruetur‘.
1933 4805 2166 4875 Despon-

576 4896 702 4959 savi,
734 4896 922 4964 inquit,
947 4910 1034 4949 vos
1058 4895 1146 4949 uni
1168 4894 1272 4947 viro
1296 4894 1533 4964 virginem
1557 4903 1747 4947 castam
1767 4895 1996 4951 exhibere
2019 4896 2168 4952 Chri-

578 4993 658 5041 sto
686 4983 752 5055 (ll
781 4984 899 5038 Cor.
926 5002 998 5050 xi,
1028 4986 1108 5056 2).
1150 4984 1271 5053 Vos,
1304 4985 1490 5056 inquit,
1521 4986 1793 5056 virginem;
1824 5002 1853 5040 a
1885 4988 2071 5057 plurali
2097 4989 2166 5046 ad

580 5074 906 5145 singularem
932 5078 1276 5133 concludens.
1297 5077 1422 5133 Ideo
1445 5087 1499 5133 et
1529 5077 1757 5148 virgines
1786 5078 1889 5134 dici
1920 5090 2161 5150 possunt,

578 5175 639 5223 st
665 5164 835 5235 virgo.
864 5164 972 5218 Cur
993 5175 1168 5221 autem
1191 5169 1425 5240 quinque
1449 5169 1604 5225 dictae
1628 5170 1754 5236 sint,
1782 5179 1839 5225 ut
1862 5172 1991 5227 mihi
2020 5172 2166 5229 vide-

581 5263 671 5312 tur
709 5255 1006 5325 expositum
1053 5264 1153 5310 est.
1195 5257 1300 5312 Sed
1342 5260 1585 5315 videmus
1612 5263 1831 5316 nuncin
1861 5262 2161 5334 aenigmate,

646 5368 664 5432 ξ
689 5364 762 5424 sic
783 5366 997 5432 potiores
1017 5372 1122 5432 uss.
1146 5365 1265 5416 aliti
1284 5379 1426 5432 vero,
1455 5371 1727 5432 fecmidata.

645 5428 767 5499 πει-.-
784 5425 845 5479 'et
869 5425 1329 5499 ‘Lov.,4immutandi‘.
1366 5425 1423 5499 At
1433 5425 1531 5499 piat.
1560 5439 1612 5483 et
1633 5433 1816 5499 aliquot
1830 5439 1959 5498 Mss,
1991 5434 2164 5488 immu-

580 5484 677 5553 ωτι
698 5490 897 5553 έ-ιιιιεό,
927 5496 979 5540 et
992 5484 1133 5549 ιω,
1156 5488 1459 5540 inmutandi.
1518 5500 1573 5542 Μ.

647 5548 669 5613 _‘
693 5548 1172 5613 Mss.,'prtetereunte.

646 5610 667 5643 δ
682 5610 861 5663 Omnes
881 5626 1034 5676 prope
1056 5621 1181 5677 Mss,
1208 5612 1403 5676 fetatur.

2227 342 2351 390 tunc
2371 342 2544 389 autem
2573 333 2704 389 facie
2732 332 2796 387 ad
2831 331 3052 396 faciem;
3082 339 3137 386 et
3175 345 3314 385 nunc
3354 345 3422 386 ex
3463 340 3633 400 parte,
3676 338 3808 387 tunc

2226 438 2403 484 autem
2432 444 2497 482 ex
2527 437 2635 483 toto
2661 425 2703 498 (l
2733 424 2850 481 Cor.
2879 441 2993 491 xm,
3019 423 3127 495 l2).
3156 423 3331 493 Ipsum
3361 431 3536 477 autem
3561 423 3615 477 in
3642 423 3809 494 aenig-

2228 528 2371 574 mate
2403 527 2457 573 et
2493 532 2559 572 ex
2604 526 2750 586 parte
2778 531 2919 570 nunc
2945 515 2998 569 in
3027 514 3314 583 Seripturis
3338 513 3536 583 aliquid
3559 528 3807 582 cernere,

2230 608 2374 677 quod
2415 617 2591 663 tamen
2638 608 2707 662 sit
2734 607 3023 663 secundum
3054 605 3370 661 catholicam
3416 605 3593 669 ﬁdem,
3620 621 3688 659 ex
3717 604 3811 659 illo

2231 699 2451 768 pignore
2470 697 2761 769 contingit,
2788 696 2926 767 quod
2953 699 3158 766 accepit
3183 696 3333 766 virgo
3360 694 3595 751 Ecclesia
3620 693 3814 750 humili

2233 787 2461 843 adventu
2506 788 2685 857 sponsi
2740 786 2861 855 sui,
2903 803 3020 858 quae
3062 788 3137 843 illi
3181 788 3367 843 ultimo
3390 787 3657 843 adventu‘
3687 802 3814 843 cum

2235 881 2412 935 veniet
2442 881 2493 935 in
2520 881 2757 936 claritate
2785 892 3013 951 nuptura
3036 891 3153 948 est,
3183 897 3304 938 cum
3329 882 3440 952 jam
3478 881 3610 937 facie
3638 882 3705 937 ad
3729 881 3816 937 fa-

2236 971 2372 1025 ciem
2401 972 2758 1027 contuebitur.
2790 973 2943 1028 Dedit
2972 974 3115 1028 enim
3154 974 3309 1029 nobis
3333 974 3522 1045 pignus
3558 972 3816 1044 Spiritum

2237 1072 2501 1127 sanctum,
2531 1062 2817 1117 sicutdicit
2841 1064 3128 1132 Apostolus
3156 1063 3233 1133 (,ll
3255 1063 3373 1118 Cor.
3399 1081 3451 1131 ν,
3476 1063 3562 1136 5).
3592 1066 3659 1120 Et
3694 1065 3820 1121 ideo

2238 1153 2337 1206 ista
2368 1152 2630 1221 expositio
2653 1151 2785 1206 nihil
2805 1160 3012 1207 certum
3036 1153 3292 1221 intuetur,
3323 1153 3502 1209 nisiut
3527 1156 3822 1212 secundum

2240 1242 2397 1297 ﬁdem
2427 1242 2530 1307 sit;
2579 1257 2754 1312 neque
2800 1243 2919 1298 aliis
2956 1244 3297 1313 praejudicat,
3328 1261 3444 1315 qua:
3474 1245 3824 1304 nihilominus

2243 1333 2533 1387 secundum
2566 1333 2727 1387 ﬁdem
2752 1347 2874 1389 esse
2898 1335 3191 1405 potuerint.

2242 1423 2355 1478 LX.
2379 1424 2455 1479 De
2479 1423 2566 1479 die
2580 1432 2757 1479 autem
2788 1423 2879 1479 illo
2907 1434 2963 1481 et
2989 1425 3120 1481 hora
3135 1438 3294 1480 nemo
3309 1426 3437 1496 scit,
3455 1442 3627 1499 neque
3647 1430 3827 1500 angeli

2313 1516 2601 1582 caelorum,
2642 1531 2815 1587 neque
2848 1516 3016 1572 Filius
3051 1515 3281 1573 hominis
3303 1559 3320 1584 ,
3360 1518 3464 1574 nisi
3493 1520 3652 1576 Pater
3678 1520 3829 1579 solus

2320 1605 2533 1676 (Matth.
2561 1622 2707 1673 xxiv,
2736 1605 2852 1680 '56).

2317 1696 2467 1752 Sicut
2487 1696 2626 1752 scire
2653 1698 2791 1752 Deus
2816 1697 3029 1765 dicitur,
3056 1699 3218 1753 etiam
3244 1714 3366 1754 cum
3392 1699 3649 1757 scientem
3680 1701 3829 1773 facit,

2248 1789 2387 1844 sicut
2413 1789 2668 1858 scriptum
2695 1798 2797 1855 est,
2821 1788 3005 1845 Tentat
3033 1806 3121 1846 vos
3138 1789 3389 1846 Dominus
3412 1792 3552 1849 Deus
3573 1805 3752 1864 vester,
3773 1805 3835 1851 ut

2245 1880 2371 1934 sciat
2398 1880 2441 1933 si
2469 1880 2691 1950 diligatis
2715 1896 2832 1934 eum
2856 1878 3032 1954 (Deut.
3057 1897 3170 1945 xm,
3200 1883 3278 1952 3).
3309 1882 3424 1939 Non
3455 1887 3597 1941 enim
3634 1887 3714 1942 sic
3745 1887 3833 1943 di-

2190 1998 2199 1999 ί
2248 1977 2391 2024 ctum
2415 1972 2643 2034 esthoc,
2682 1970 2834 2039 quasi
2860 1970 3065 2026 nesciat
3090 1971 3230 2027 Deus
3263 1991 3277 2027 :
3308 1973 3403 2028 sed
3433 1982 3493 2028 ut
3534 1975 3633 2045 ipsi
3663 1978 3838 2034 sciant

2250 2070 2506 2131 quantum
2535 2061 2589 2115 in
2618 2061 2829 2116 Domini
2854 2061 3138 2119 dilectione
3159 2063 3507 2132 profecerim;
3537 2068 3698 2137 quod,
3731 2070 3839 2126 nisi

2255 2152 2635 2207 tentationibus
2658 2168 2779 2222 qua:
2804 2151 3083 2221 accidunt,
3119 2168 3224 2209 non
3256 2155 3411 2224 plene
3436 2156 3503 2210 ah
3533 2155 3839 2216 hominibus

2254 2246 2578 2317 agnoscitur.
2608 2246 2675 2300 Et
2694 2246 2866 2315 ipsum
2888 2245 3087 2312 Tentat,
3112 2262 3205 2316 pro
3231 2262 3296 2302 eo
3313 2247 3542 2317 positum
3567 2258 3670 2316 est,
3693 2250 3839 2321 quod

2257 2338 2601 2393 tentarisinit.
2616 2337 2705 2393 Sic
2718 2348 2907 2393 etcum
2933 2338 3127 2394 dicitur
3146 2340 3377 2406 nescire,
3392 2348 3483 2395 aut
3498 2356 3597 2411 pro
3620 2358 3686 2397 eo
3701 2343 3840 2400 diei-

2256 2440 2359 2498 tur,
2380 2429 2520 2500 quod
2539 2444 2644 2484 non
2664 2430 2949 2499 approbat;
2970 2430 3021 2485 id
3037 2438 3137 2497 est,
3158 2431 3210 2484 in
3232 2431 3507 2501 disciplina
3530 2440 3581 2488 et
3599 2432 3841 2491 doctrina

2255 2537 2349 2575 sua
2373 2536 2479 2575 non
2505 2516 2767 2591 agnoscit,
2794 2521 2931 2575 sicut
2954 2521 3153 2576 dictum
3183 2531 3285 2588 est,
3312 2521 3363 2575 Ν
3368 2524 3499 2577 escio
3515 2541 3600 2577 vos
3626 2522 3840 2597 (Matt/1.

2258 2625 2396 2675 xxv,
2432 2609 2537 2682 l2)
2565 2628 2578 2664 :
2608 2619 2700 2665 aut
2737 2626 2835 2680 pro
2860 2627 2926 2667 eo
2964 2612 3106 2683 quod
3136 2614 3336 2668 utiliter
3361 2616 3662 2672 nescientes
3692 2616 3840 2686 facit,

2258 2702 2401 2772 quod
2428 2703 2568 2758 scire
2592 2703 2780 2758 inutile
2805 2712 2906 2759 est.
2950 2704 3075 2760 Ideo
3117 2705 3257 2762 bene
3294 2706 3568 2777 accipitur,
3616 2707 3668 2762 id
3699 2708 3845 2778 quod

2258 2793 2455 2848 dictum
2481 2803 2582 2857 est,
2613 2792 2784 2847 solum
2811 2795 2950 2850 scire
2975 2795 3185 2850 Patrem
3203 2837 3217 2859 ,
3248 2796 3293 2850 si
3345 2796 3541 2851 dictum
3574 2812 3694 2854 esse
3718 2799 3846 2869 quia

2261 2883 2615 2965 facitFilium
2654 2885 2792 2940 scire
2820 2902 2834 2938 :
2867 2893 2922 2941 et
2967 2886 3107 2957 quod
3136 2886 3334 2942 dictum
3363 2896 3483 2955 est,
3511 2890 3720 2945 nescire
3757 2890 3846 2946 Fi-

2261 2975 2388 3029 lium
2413 3017 2429 3043 ,
2457 2977 2537 3032 sic
2560 2977 2758 3032 dictum
2793 2993 2912 3034 esse
2945 2981 3067 3050 quia
3095 2980 3217 3035 facit
3244 2981 3451 3037 nescire
3477 2981 3749 3053 homines,
3792 2985 3848 3042 id

2263 3081 2364 3133 est,
2391 3083 2498 3123 non
2524 3069 2702 3138 prodit
2721 3070 2800 3126 eis
2823 3070 2963 3141 quod
2992 3072 3249 3127 inutiliter
3272 3073 3486 3129 scirent.

2264 3162 2399 3218 LXI.
2453 3163 2534 3218 De
2568 3179 2627 3217 eo
2660 3164 2795 3233 quod
2830 3167 3073 3236 scriptum
3118 3176 3190 3220 est
3231 3166 3286 3219 in
3319 3165 3597 3239 Evangelia
3619 3209 3633 3233 ,
3676 3169 3850 3225 turbas

2375 3252 2653 3307 Dominum
2675 3254 2727 3308 in
2749 3263 2916 3309 monte
2944 3256 3139 3324 pavisse
3158 3256 3221 3310 de
3246 3257 3466 3326 quinque
3485 3260 3718 3329 panibus.

2336 3344 2390 3398 1.
2430 3343 2677 3414 Quinque
2703 3359 2869 3413 panes
2896 3343 3200 3412 hordeacei,
3232 3345 3423 3415 quibus
3452 3347 3505 3402 in
3531 3360 3713 3406 monte
3741 3351 3854 3407 Do-

2265 3434 2443 3488 minus
2484 3431 2667 3488 turbas
2687 3433 2849 3502 pavit,
2874 3434 3173 3506 signiﬁcant
3213 3444 3444 3492 veterem
3492 3436 3663 3508 legem
3694 3457 3707 3493 :
3738 3441 3854 3499 sive

2265 3525 2389 3594 quia
2412 3523 2649 3579 nondum
2675 3526 3059 3595 spiritualibus,
3088 3527 3182 3584 sed
3208 3528 3379 3584 adhuc
3403 3530 3705 3586 carnalibus
3727 3531 3852 3589 data

2266 3626 2369 3683 est,
2396 3616 2449 3672 id
2474 3627 2575 3682 est,
2608 3616 2842 3688 quinque
2864 3619 3104 3689 corporis
3134 3621 3375 3676 sensibus
3394 3621 3623 3690 deditis;
3651 3640 3775 3679 nam
3796 3633 3854 3680 et

2267 3709 2397 3777 ipsa:
2428 3709 2595 3763 turba:
2622 3709 2855 3780 quinque
2885 3711 3049 3765 millia
3095 3710 3368 3767 hominum
3413 3713 3629 3770 fuerunt
3668 3718 3851 3786 (Joan.

2266 3814 2338 3863 vl,
2373 3799 2526 3871 9—15)
2561 3817 2573 3852 :
2618 3800 2731 3854 sive
2773 3801 2895 3870 quia
2937 3817 3035 3871 per
3077 3802 3293 3873 Moysen
3326 3805 3409 3859 lex
3441 3807 3553 3875 ipsa
3584 3808 3707 3863 data
3734 3820 3849 3879 est;

2267 3892 2475 3963 Moyses
2499 3893 2642 3947 enim
2668 3894 2901 3963 quinque
2937 3894 3099 3949 libros
3124 3896 3353 3964 scripsit.
3409 3896 3476 3950 Et
3527 3900 3667 3969 quod
3722 3902 3852 3958 hor-

2270 3984 2453 4040 deacei
2480 3993 2633 4040 erant
2654 4001 2839 4055 panes,
2864 3986 3002 4041 bene
3020 3987 3336 4058 signiﬁcant,
3364 3992 3448 4045 vel
3471 3992 3638 4069 ipsam
3656 3994 3851 4064 legem,

2269 4089 2389 4143 qua:
2419 4076 2489 4129 ita
2510 4076 2633 4130 data
2663 4087 2810 4142 erat,
2841 4086 2897 4131 ut
2927 4078 2978 4132 in
3018 4093 3080 4133 ea
3111 4080 3270 4135 vitale
3312 4082 3505 4138 aniune
3541 4085 3853 4144 alimentum

2270 4167 2635 4233 corporalibus
2681 4169 3026 4223 sacramentis
3064 4169 3429 4240 obtegeretur;
3475 4174 3658 4230 hordei
3710 4177 3854 4233 enim

2272 4255 2506 4310 medulla
2531 4257 2866 4311 tenacissima
2909 4259 3055 4327 palea
3085 4262 3326 4331 tegitur:
3361 4264 3444 4318 vel
3476 4266 3646 4333 ipsum
3688 4282 3855 4336 popu-

2270 4347 2381 4401 lum
2434 4346 2668 4401 nondum
2715 4349 3068 4417 exspoliatum
3117 4355 3316 4409 carnali
3361 4355 3660 4425 desiderio,
3710 4360 3851 4428 quod

2273 4446 2524 4509 tanquam
2554 4439 2702 4508 palea
2725 4440 2871 4493 cordi
2892 4441 3006 4511 ejus
3038 4442 3355 4507 inhaerebat;
3392 4447 3440 4500 id
3471 4456 3572 4512 est,
3616 4449 3853 4507 nondum

2273 4529 2433 4584 corde
2454 4528 2858 4597 circumcisum,
2906 4531 2977 4586 ita
3017 4544 3074 4587 ut
3116 4551 3214 4590 nec
3255 4538 3587 4593 trituratione
3635 4540 3854 4597 tribula-

2273 4619 2495 4682 tionum,
2515 4615 2637 4672 cum
2667 4635 2760 4687 per
2779 4620 2986 4676 deserta
3008 4625 3351 4697 quadraginta
3374 4630 3525 4681 annis
3544 4630 3850 4701 duceretur,

2271 4710 2544 4764 intellectu
2592 4709 2826 4765 revelato
2864 4714 3095 4767 carnalia
3142 4716 3496 4787 integumenta
3538 4720 3850 4790 deponeret,

2273 4802 2410 4856 sicut
2439 4816 2538 4855 nec
2570 4799 2828 4856 hordeum
2873 4818 3011 4859 are-.e
3053 4807 3237 4863 tritura
3270 4811 3360 4864 illo
3390 4812 3585 4878 paleari
3627 4817 3854 4881 tegmine

2272 4896 2688 4965 exuitur.ltaque
2713 4896 2786 4949 illi
2804 4898 3000 4967 populo
3011 4911 3362 4970 congruenter
3377 4903 3460 4957 lex
3479 4903 3596 4956 talis
3606 4903 3724 4957 data
3748 4915 3848 4958 est.

2340 4989 2393 5043 2.
2423 4989 2536 5045 Duo
2557 4998 2732 5045 autem
2761 4992 2955 5062 pisces,
2987 4996 3075 5064 qui
3101 5012 3344 5065 saporem
3365 5012 3581 5051 suavem
3605 4999 3727 5066 pani
3758 5001 3855 5055 da-

2269 5079 2415 5147 bant,
2441 5081 2572 5137 duas
2600 5082 2714 5137 illas
2742 5100 2999 5154 personas
3028 5088 3273 5143 videntur
3296 5087 3614 5157 signiﬁcare,
3658 5095 3851 5162 quibus

2269 5174 2497 5243 populus
2519 5174 2608 5230 ille
2629 5177 2928 5247 regebatur,
2950 5188 3005 5233 ut
3025 5194 3117 5247 per
3136 5194 3225 5234 eas
3240 5180 3584 5235 conciliorqu
3608 5186 3853 5243 modera-

2267 5281 2391 5322 men
2407 5267 2674 5337 acciperet
2691 5284 2706 5333 ;
2725 5271 2919 5340 regiam
2932 5270 3131 5326 scilicet
3145 5282 3197 5325 et
3209 5272 3616 5344 sacerdotalem,
3635 5277 3700 5334 ad
3716 5296 3847 5351 quas

2268 5356 2428 5412 etiam
2457 5370 2796 5416 sacrosancta
2820 5361 2907 5416 illa
2934 5362 3111 5417 unctio
3146 5364 3442 5432 pertinebat
3466 5366 3548 5439 (a)
3578 5386 3591 5421 :
3617 5384 3845 5441 quarum

2331 5563 2349 5623 ἕ
2384 5567 2484 5611 ttat.
2510 5570 2563 5612 et
2584 5571 2707 5623 uss,
2734 5560 2818 5611 illo
2838 5559 3003 5613 ultam
3018 5562 3241 5614 adventu.

2330 5622 2404 5686 (a)
2437 5629 2674 5676 [neti-act.
2694 5637 2798 5685 cap.
2817 5623 2893 5673 28.
