4134 6208
246 374 323 432 ta
1067 372 1181 417 ξπ

247 491 484 549 cilicium
509 498 628 549 erat
647 492 901 563 procellis
930 505 994 553 ac
1025 496 1272 556 ﬂuctibus
1306 501 1649 572 popularibus
1687 520 1825 559 nun-

248 597 409 653 quam
447 582 620 655 frangi
645 594 810 654 atque
852 590 1159 660 corrumpi,
1185 598 1241 646 et
1268 592 1523 649 violentas
1552 595 1826 671 turbarum

247 674 707 733 contradictiones
732 688 982 749 tanquam
1001 681 1341 740 adversantes
1366 684 1537 741 undas
1559 701 1702 757 saepe
1720 687 1831 742 dis-

244 781 514 836 rumpere,
546 767 817 825 interdum
840 771 920 826 eis
938 772 1196 829 custodita
1226 790 1320 830 sua
1342 777 1649 848 integritate
1672 780 1829 837 cede-

245 871 343 923 re;
375 871 599 926 prorsus
621 873 774 915 more
798 861 1023 930 piscium
1052 870 1301 934 tanquam
1322 866 1376 921 in
1400 869 1698 937 procelloso
1718 886 1829 925 ma—

245 946 313 1011 ri,
346 946 426 1001 sic
453 948 510 1002 in
538 948 843 1006 turbulenta
882 953 1062 1023 populi
1102 946 1559 1014 administratione
1604 962 1823 1016 versari.

244 1035 373 1104 Quae
399 1046 577 1093 tamen
595 1038 717 1095 duae
736 1054 981 1110 personae
1001 1042 1283 1100 Dominum
1308 1058 1551 1103 nostrum
1576 1050 1825 1121 praeﬁgu-

242 1126 454 1182 rabant.
493 1128 697 1185 Ambas
723 1130 870 1185 enim
908 1132 1053 1188 solus
1089 1133 1180 1189 ille
1217 1136 1487 1201 sustinuit,
1530 1147 1584 1193 et
1620 1153 1725 1194 non
1764 1140 1827 1193 ﬁ-

241 1226 431 1287 gurate
457 1259 475 1285 ,
528 1218 627 1275 sed
676 1221 894 1291 proprie
942 1223 1087 1279 solus
1137 1224 1395 1296 implevit.
1445 1226 1579 1282 Nam
1630 1238 1683 1283 et
1731 1245 1823 1285 rex

240 1317 431 1363 noster
465 1317 549 1365 est
585 1311 846 1366 Dominus
881 1311 1035 1369 Iesus
1071 1314 1348 1384 Christus,
1397 1317 1487 1387 qui
1537 1318 1692 1374 nobis
1728 1335 1825 1389 pu-

237 1398 439 1468 gnandi
458 1407 516 1455 et
537 1400 785 1457 vincendi
799 1402 1184 1462 demonstravit
1201 1408 1506 1479 exemplum
1527 1426 1542 1475 ;
1567 1410 1623 1464 in
1664 1425 1824 1466 carne

237 1489 456 1544 mortali
501 1500 713 1560 peccata
751 1502 933 1549 nostra
979 1495 1296 1568 suscipiens,
1323 1501 1696 1557 tentationibus
1724 1503 1825 1557 ini-

235 1576 367 1632 mici
390 1592 569 1649 neque
584 1580 909 1638 illecebrosis
924 1598 1099 1654 neque
1118 1586 1442 1644 terribilibus
1467 1590 1663 1646 cedens
1687 1609 1699 1644 :
1729 1607 1823 1661 po-

234 1676 447 1725 stremo
472 1684 670 1728 ancus
693 1686 753 1730 se
779 1688 961 1743 carne,
982 1677 1307 1748 principatus
1333 1687 1387 1736 et
1411 1690 1701 1751 potestates
1724 1698 1819 1739 ex-

234 1760 476 1830 spolians
502 1763 520 1793 ¹
550 1761 890 1833 ﬁducialiter,
912 1774 967 1822 et
986 1767 1314 1839 triumphans
1339 1785 1431 1826 eas
1455 1771 1510 1827 in
1534 1775 1819 1843 semetipso

238 1849 472 1921 (Colon.
495 1867 554 1916 tt,
579 1853 699 1924 15).
730 1854 913 1926 Itaque
931 1857 1048 1926 ipso
1070 1857 1206 1915 duce
1228 1861 1297 1916 ab
1318 1862 1570 1917 oneribus
1593 1872 1649 1920 et
1673 1864 1819 1920 labo-

236 1939 385 1995 ribus
414 1940 575 2011 hujas
605 1944 1047 2014 peregrinationis
1072 1958 1270 2005 nostrae
1292 1959 1541 2022 tanquam
1570 1955 1638 2010 ab
1662 1953 1818 2026 zEgy-

236 2036 333 2099 pto
350 2030 658 2097 liberamur,
677 2043 731 2090 et
747 2039 1114 2106 persequentia
1134 2054 1233 2095 nos
1251 2050 1465 2110 peccata
1486 2053 1816 2101 sacramento

234 2118 571 2191 Baptismatis
591 2124 749 2180 nobis
766 2126 1112 2184 evadentibus
1131 2130 1429 2188 obruuntur
1452 2151 1465 2186 :
1489 2143 1544 2189 et
1566 2137 1815 2205 quamdiu

235 2210 290 2266 in
314 2226 409 2284 spe
430 2228 618 2270 sumus
645 2216 763 2286 ejus
788 2220 1174 2288 promissionis,
1204 2237 1360 2292 quam
1392 2224 1625 2280 nondum
1656 2227 1807 2282 vide-

234 2319 370 2371 mus,
396 2313 653 2378 tanquam
673 2324 769 2378 per
787 2308 997 2366 deserta
1022 2311 1285 2380 ducimur,
1311 2316 1617 2371 consolante
1636 2332 1735 2372 nos
1758 2318 1809 2372 in

233 2398 427 2453 sanctis
461 2398 754 2470 Scripturis
800 2403 965 2458 verbo
992 2403 1087 2460 Dei
1109 2444 1124 2468 ,
1175 2405 1311 2460 sicut
1349 2406 1470 2462 illos
1506 2422 1697 2462 manna
1743 2408 1811 2463 de

233 2489 391 2555 ennio;
430 2500 487 2547 et
526 2491 719 2548 eodem
745 2493 862 2564 ipso
903 2493 1036 2550 duce
1079 2495 1132 2550 in
1169 2495 1460 2553 Jerusalem
1503 2500 1805 2567 caelestem,

230 2585 478 2649 tanquam
508 2581 562 2635 in
593 2590 787 2637 terram
830 2584 1201 2653 promissionis
1229 2586 1494 2641 introduci
1522 2602 1620 2642 nos
1647 2603 1804 2658 posse

229 2669 615 2737 przesumimus,
637 2678 694 2726 et
713 2670 764 2726 in
777 2682 1033 2728 aeternum
1050 2674 1121 2730 ibi
1134 2678 1379 2745 regente’
1406 2678 1521 2746 ipso
1548 2686 1602 2732 et
1625 2687 1804 2734 custo-

229 2756 403 2813 dicate
412 2760 636 2815 servari.
652 2761 728 2815 lta
748 2761 1004 2819 Dominus
1020 2765 1366 2823 nosterlesus
1378 2766 1620 2822 Christus
1632 2778 1806 2825 osten-

230 2847 466 2905 ditnrrex
478 2859 683 2907 noster.
702 2851 817 2922 Ipse
833 2862 912 2908 est
930 2854 1087 2909 etiam
1114 2855 1361 2911 sacerdos
1378 2865 1560 2912 noster
1577 2858 1628 2912 in
1646 2868 1804 2914 aeter-

232 2951 349 2993 num
358 2941 650 2996 swundum
662 2942 903 2999 ordinem
915 2944 1298 3001 Melchisedech
1314 2945 1483 3018 (Psat.
1497 2963 1610 3014 (ιιι,
1623 2948 1798 3021 4),ᾳυί

236 3043 295 3085 se
319 3031 491 3100 ipsum
515 3031 714 3087 obtulit
736 3032 1102 3089 holocaustum
1138 3050 1235 3105 pro
1258 3038 1487 3106 peccatis
1507 3039 1723 3105 nostris,
1750 3048 1805 3095 et

237 3119 347 3188 ejus
370 3120 616 3176 sacrificii
644 3123 1043 3180 similitudinem
1068 3126 1438 3182 celebrandam
1464 3128 1516 3181 in
1543 3142 1652 3183 sure
1676 3144 1801 3198 pas-

239 3210 395 3266 sionis
424 3214 739 3268 memoriam
759 3216 1183 3293 commendavit;
1202 3226 1263 3273 ut
1281 3217 1406 3273 illud
1431 3219 1572 3289 quod
1590 3219 1801 3276 Melchi-

240 3302 416 3359 sedech
440 3304 632 3360 obtulit
655 3307 769 3362 Deo
793 3305 956 3380 (Gen.
980 3325 1088 3373 xxv,
1118 3308 1240 3380 l8),
1263 3310 1372 3381 jam
1399 3325 1495 3380 per
1516 3319 1683 3368 totum
1708 3328 1799 3369 or-

242 3392 351 3449 bem
384 3404 646 3453 terrarum
684 3398 736 3452 in
771 3398 967 3455 Christi
1005 3400 1242 3458 Ecclesia
1284 3403 1558 3459 videamus
1598 3404 1795 3461 oﬁ‘erri.

248 3483 376 3556 Ergo
400 3489 650 3558 quoniam
678 3505 769 3545 rex
803 3501 986 3547 noster
1013 3504 1226 3564 peccata
1251 3503 1433 3551 nostra
1462 3498 1713 3566 suscepit,
1739 3506 1801 3552 ut

245 3575 385 3631 nobis
409 3579 677 3649 pugnandi
705 3590 760 3636 et
786 3582 1028 3638 vincendi
1062 3584 1450 3643 demonstraret
1475 3588 1793 3657 exemplum,

236 3668 532 3741 earumdem
559 3680 899 3740 peccatorum
927 3675 1320 3743 susceptionem
1348 3677 1649 3747 regiamque
1672 3693 1795 3747 per—

234 3765 416 3809 sonam
438 3756 707 3815 Mattbazus
722 3761 1041 3831 evangelista
1063 3763 1382 3834 signiﬁcans,
1402 3768 1794 3836 generationem

235 3841 349 3911 ejus
380 3860 495 3916 qua:
533 3857 617 3903 est
657 3850 947 3905 secundum
975 3866 1187 3908 carnem
1229 3854 1295 3908 ab
1322 3855 1587 3911 Abraham
1623 3859 1792 3915 susci-

232 3935 407 4003 piens,
446 3939 534 4007 qui
566 3948 715 4009 pater
751 3949 833 3996 est
870 3943 1047 4012 populi
1078 3943 1279 4009 ﬁdelis,
1312 3953 1364 4001 et
1404 3947 1792 4003 successionem

234 4027 390 4093 prolis
417 4029 666 4087 deorsum
697 4048 882 4089 versus
915 4048 1227 4091 enumerans
1248 4038 1488 4106 pervenit
1511 4040 1575 4093 ad
1604 4041 1790 4111 David,

232 4112 284 4167 iu
303 4130 407 4185 quo
427 4119 570 4188 regni
593 4121 1009 4178 stabilimentum
1031 4125 1513 4181 manifestissimum
1534 4141 1787 4197 apparet;

236 4214 396 4276 atque
417 4210 537 4266 inde
557 4228 654 4281 per
681 4213 1038 4283 Salomonem,
1068 4225 1247 4272 natum
1275 4218 1341 4273 de
1375 4219 1461 4273 illa
1487 4220 1539 4274 in
1567 4236 1669 4291 qua
1694 4236 1788 4290 pa-

234 4303 309 4350 ter
332 4297 444 4367 ejus
472 4313 799 4371 peccaverat,
826 4306 1041 4375 stirpem
1068 4309 1268 4378 regiam
1290 4318 1596 4379 prosecutus
1623 4326 1789 4382 usque

235 4385 295 4474 ad
327 4397 721 4474 generationem
762 4395 966 4450 Domini
999 4397 1234 4465 perducit
1271 4398 1495 4471 (Matth.
1521 4417 1561 4469 ι,
1593 4403 1724 4457 1-17
1745 4403 1785 4474 ).

239 4472 398 4532 locas
424 4495 554 4535 vero
583 4472 719 4538 alius
748 4485 1092 4555 evangelista,
1117 4489 1364 4557 quoniam
1392 4499 1446 4546 et
1472 4492 1586 4560 ipse
1621 4472 1785 4563 gene-

236 4568 478 4624 rationem
516 4571 751 4641 Domini,
781 4590 899 4644 qua:
934 4577 1221 4632 secundum
1248 4594 1459 4635 carnem
1484 4591 1584 4647 est,
1610 4584 1703 4637 sed
1734 4584 1784 4639 in

230 4659 529 4716 sacerdotali
570 4678 797 4732 persona
836 4666 1196 4735 explicandam
1237 4672 1500 4741 suscepit,
1533 4672 1598 4727 ad
1627 4689 1786 4744 quam

230 4759 495 4815 personam
522 4752 755 4823 pertinet
780 4757 1050 4811 mundatio
1086 4767 1138 4812 ct
1173 4759 1386 4814 abolitio
1427 4773 1781 4832 peccatorum,

228 4850 324 4892 non
346 4854 376 4893 a
399 4841 664 4911 principio
687 4842 827 4909 libri,
859 4846 994 4901 sicut
1018 4847 1313 4917 Matthaeus,
1346 4851 1439 4905 sed
1464 4853 1529 4906 ab
1554 4853 1643 4908 illo
1668 4855 1785 4909 loco

225 4926 306 4981 ubi
329 4928 624 5000 baptizatus
652 4944 735 4989 est
769 4935 925 4991 Jesus
946 4979 961 5005 ,
992 4938 1080 4992 ubi
1114 4951 1446 5009 peccatorum
1482 4955 1783 5001 nostrorum

222 5019 608 5076 nundationem
631 5026 1011 5095 prmliguravit,
1036 5029 1217 5098 incipit
1236 5042 1512 5103 parentum
1534 5034 1647 5105 ejus
1672 5037 1783 5091 ori-

218 5104 383 5173 ginem
424 5111 688 5180 gradatim
736 5118 1019 5186 prosequi;
1052 5134 1223 5190 neque
1266 5120 1515 5177 deorsum
1562 5104 1781 5194 versus,

217 5198 351 5253 sicut
376 5201 464 5256 ille
503 5204 595 5273 qui
620 5219 745 5259 eum
786 5206 853 5259 ad
879 5209 1266 5278 susceptionem
1306 5222 1642 5281 peccatorum
1669 5224 1785 5271 tan-

214 5300 366 5355 gam
398 5289 815 5349 descendentem
853 5299 1187 5368 ostendebat,
1220 5301 1311 5355 sed
1340 5317 1547 5358 sursum
1577 5320 1779 5374 versus,

214 5383 456 5450 tanquam
479 5381 634 5455 isqui
658 5400 782 5440 eum
806 5395 925 5456 post
946 5388 1282 5446 abolitionem
1305 5403 1642 5462 peccatorum
1668 5408 1784 5452 tan-

205 5482 364 5538 qnam
381 5475 759 5532 ascendentem
786 5478 1081 5534 insinuabat
1097 5499 1111 5547 ;
1129 5498 1227 5538 nec
1248 5498 1340 5538 eos
1370 5496 1631 5554 parentes,
1650 5504 1782 5558 quos

202 5557 305 5616 ille
336 5565 612 5622 nominans
635 5569 657 5639 (
674 5566 800 5622 Luc.
833 5583 912 5636 Ill,
934 5569 1155 5644 25-38).
1182 5573 1295 5629 Alia
1326 5575 1465 5630 enim
1497 5585 1610 5632 erat
1634 5557 1783 5649 origo

262 5692 291 5791 ἒ
310 5693 1102 5827 ἘῈἈἭΜ.

1669 383 1870 443 LIBER
1911 388 2108 451 UNUS.

3450 442 3518 500 ω

1950 512 2313 617 sacerdotalis,
2344 536 2461 591 qua:
2485 541 2582 595 per
2616 544 2775 587 unum
2799 549 2867 592 ex
2893 538 3014 595 filiis
3036 542 3217 612 David,
3240 550 3394 609 sicuti
3424 570 3514 617 rs-

1936 602 2103 671 solet,
2132 606 2200 661 de
2220 610 2385 667 tribus
2410 620 2719 677 sacerdotali
2757 630 3147 691 matrimonium
3177 612 3507 719 seuientem,

1945 692 2186 719 altu“.---
2215 710 2267 719 υ.
2291 703 2337 719 Il
2405 706 2416 718 ο
2488 708 2502 719 ι

1943 692 2191 807 eﬁ'echat
2215 710 2271 755 ut
2290 703 2448 761 Maria
2470 708 2538 764 de
2565 722 2785 785 utraque
2811 722 2969 786 tribu,
2995 726 3045 779 id
3073 692 3428 807 esthere-gi;
3441 692 3509 796 *ἐξ

1941 785 2254 885 sacerdotali
2281 798 2646 864 cognationem
2670 806 2902 865 duceret.
2926 813 3056 869 Nam
3083 829 3134 871 et
3155 785 3507 890 quand:cen-

1936 871 2022 974 siti
2052 888 2174 931 sunt
2200 879 2394 952 Joseph
2423 899 2474 941 et
2498 890 2687 957 Maria,
2720 892 2975 969 scripturn
3004 917 3084 960 est
3121 871 3215 966 eos
3247 913 3408 970 fuisse
3438 920 3507 974 de

1934 964 2115 1071 domo,
2147 973 2200 1026 id
2233 979 2413 1071 estde
2452 998 2646 1051 genere
2673 964 2841 1045 David.
2864 993 2883 1065 (
2906 996 2989 1049 Id.
3018 1016 3075 1066 ιι,
3103 1004 3135 1055 4
3157 964 3210 1071 ):

1932 1054 2083 1124 beth,
2109 1076 2227 1129 quae
2257 1065 2602 1127 nihilominus
2629 1091 2847 1147 cognata
2882 1083 3061 1141 Maria:
3088 1054 3356 1161 scribitur,
3384 1109 3501 1159 erat

1932 1146 2000 1246 de
2027 1150 2165 1206 tribu
2195 1158 2505 1215 sacerdotali
2533 1162 2657 1233 (Id.
2688 1146 2727 1234 ι,
2758 1171 2845 1235 56,
2878 1173 2964 1244 ὅ).
2997 1176 3143 1235 Sicut
3170 1146 3499 1246 aute—m1

1933 1238 2135 1311 thmus,
2185 1249 2273 1316 qui
2324 1258 2564 1322 tanquam
2609 1258 3018 1323 descendentem
3057 1274 3122 1327 ad
3166 1280 3497 1349 suscipienda

1930 1345 2144 1399 peccata
2182 1350 2363 1395 nostra
2400 1359 2575 1414 regem
2605 1350 2873 1410 Christum
2912 1358 3176 1431 insinuat,
3226 1345 3323 1436 per
3344 1372 3499 1428 Salo-

1930 1438 2142 1479 monem
2177 1444 2205 1481 a
2236 1431 2395 1487 David
2423 1437 2734 1507 descendit;
2777 1450 2897 1514 quia
2938 1452 3187 1512 Salomon
3225 1431 3289 1515 de
3327 1466 3412 1520 illa
3443 1470 3496 1523 in

1928 1527 2029 1581 qua
2057 1515 2219 1571 David
2246 1536 2571 1593 peccaverat,
2611 1542 2764 1588 natus
2793 1548 2875 1592 est
2899 1558 2911 1592 :
2938 1542 3009 1595 ita
3044 1544 3232 1613 Lucas,
3265 1554 3354 1620 qui
3383 1562 3499 1610 tan-

1926 1616 2081 1703 quam
2111 1611 2483 1703 ascendentem
2523 1632 2640 1687 post
2668 1624 3005 1685 abolitionem
3050 1611 3383 1703 peccatorum
3409 1660 3498 1701 sa-

1926 1693 2192 1791 cerdotem
2219 1698 2485 1760 Christum
2520 1709 2762 1779 insinuat,
2794 1732 2889 1784 per
2911 1693 3114 1778 Natban
3151 1693 3386 1788 ascendit

1924 1778 2125 1849 David;
2169 1789 2288 1858 quia
2329 1791 2533 1849 Nathan
2576 1778 2829 1870 propheta
2864 1810 3058 1865 missus
3098 1815 3295 1886 fuerat,
3342 1778 3493 1894 cujus

1922 1878 2256 1982 correptione
2299 1883 2459 1940 David
2502 1889 2663 1958 ipsius
2705 1901 2907 1962 peccati
2935 1878 3492 1982 abolitionem'pteni-v-

1925 1966 2084 2021 tendo
2110 1969 2404 2039 impetravit
2432 1980 2505 2047 (ll
2526 1981 2653 2051 Reg.
2679 2002 2771 2050 ιιι,
2805 1991 2856 2053 1,
2886 1993 2984 2062 l5)
3010 1996 3109 2067 (α).
3126 1966 3490 2074 ¹Ιιιιιιιιιίιιῖιέί-

1921 2070 2147 2127 eaquatn
2176 2068 2381 2121 transiit
2410 2070 2579 2127 Lucas
2603 2091 2881 2144 personam
2910 2085 3092 2152 David,
3127 2068 3490 2157 non—dissonat:

1919 2162 1948 2201 a
1969 2148 2216 2208 Mattharo
2242 2156 2291 2210 in
2315 2162 2616 2218 nominibus
2640 2180 3032 2236 generatorum.
3063 2179 3197 2236 Nam
3226 2200 3319 2241 eos
3348 2189 3366 2221 ί
3391 2206 3488 2247 ηο-

1918 2241 2082 2350 minat
2107 2249 2404 2306 ascendens
2441 2269 2468 2306 a
2513 2256 2672 2312 David
2709 2277 2875 2332 usque
2916 2266 2983 2322 ad
3024 2270 3312 2341 Abraham,

1917 2332 2007 2427 ille
2034 2336 2364 2396 descendens
2397 2346 2465 2400 ab
2494 2348 2759 2405 Abraham
2802 2371 2967 2425 usque
2992 2360 3056 2414 ad
3088 2362 3273 2421 David.

1914 2422 2002 2477 vid
2032 2427 2171 2479 enim
2200 2429 2250 2483 in
2280 2431 2411 2487 duas
2450 2434 2705 2503 familias,
2737 2422 2933 2512 regiam
2973 2458 3027 2503 et
3063 2422 3480 2526 sacerdotalem,

1913 2515 2061 2584 origo
2088 2516 2170 2570 illa
2202 2518 2481 2579 distributa
2510 2538 2613 2593 est,
2640 2546 2861 2599 quarum
2888 2536 3110 2594 duarum
3142 2515 3480 2616 lautitiarum,
3564 2542 3568 2546 Δ

1912 2604 2049 2659 sicut
2069 2606 2266 2664 dictum
2295 2622 2393 2680 est,
2414 2618 2610 2687 regiam
2631 2621 2957 2682 descendens
2983 2629 3280 2702 Matthaeus,

1910 2693 2139 2752 dotalem
2183 2704 2478 2761 ascendens
2506 2708 2674 2766 Lucas
2713 2725 2925 2773 secutus
2965 2732 3088 2776 est:
3130 2734 3186 2779 ut
3227 2693 3483 2790 Dominus

1908 2797 2088 2843 noster
2112 2789 2266 2848 Jesus
2294 2794 2531 2855 Christus
2560 2817 2653 2858 rex
2683 2815 2737 2860 et
2775 2811 3024 2868 sacerdos
3066 2826 3267 2885 noster,
3297 2831 3351 2878 et
3387 2839 3483 2881 co-

1907 2880 2212 2947 gnationem
2242 2885 2463 2945 duceret
2491 2892 2559 2947 de
2586 2896 2750 2965 stirpe
2768 2903 3103 2971 sacerdotali,
3127 2919 3181 2965 et
3204 2880 3307 2967 non
3337 2924 3482 2973 esset

1908 2975 2084 3026 tamen
2115 2972 2181 3028 de
2220 2976 2359 3032 tribu
2394 2983 2741 3052 sacerdotali,
2783 2988 2887 3046 hoc
2909 3004 3019 3059 est,
3057 2996 3125 3053 de
3151 3002 3287 3057 tribu
3314 3004 3475 3075 Levi;

1908 3059 2002 3115 sed
2031 3074 2174 3119 esset
2201 3066 2266 3121 de
2293 3070 2431 3126 tribu
2453 3072 2583 3128 Juda
2605 3118 2621 3139 ,
2650 3078 2751 3134 hoc
2783 3090 2866 3137 est
2883 3125 2898 3149 ,
2922 3085 2990 3140 de
3015 3088 3154 3145 tribu
3180 3059 3381 3159 David

1906 3166 2008 3221 qua
2037 3156 2175 3210 tribu
2215 3174 2373 3215 nemo
2402 3163 2628 3220 intendit
2661 3170 2834 3225 altari.
2882 3175 3006 3230 Ideo
3046 3188 3099 3232 et
3139 3181 3275 3238 ﬁlius
3310 3156 3477 3242 David

1904 3242 2136 3298 maxime
2181 3245 2375 3303 dicitur
2420 3255 2708 3311 secundum
2759 3274 3010 3327 carnem,
3054 3269 3174 3337 quia
3217 3282 3269 3326 et
3304 3274 3476 3333 Lucas

1906 3331 2221 3402 ascendens,
2245 3347 2298 3390 et
2314 3337 2589 3398 Matthmus
2606 3345 2954 3416 descendens,
2980 3356 3034 3408 in
3065 3331 3227 3415 David
3253 3363 3352 3419 sibi
3377 3331 3475 3423 ob;

1903 3423 2041 3477 viam
2071 3424 2190 3480 facti
2220 3439 2361 3484 sunt.
2390 3432 2677 3501 Oportebat
2701 3442 2841 3496 enim
2865 3452 2921 3498 ut
2940 3458 3286 3511 evacuaturus
3309 3459 3475 3515 sacri-

1904 3514 2054 3582 ﬁcia,
2088 3534 2205 3587 quae
2232 3525 2521 3582 secundum
2563 3530 2806 3587 ordinem
2845 3536 3020 3592 Aaron
3066 3541 3118 3595 in
3150 3543 3359 3603 lcvitico
3386 3564 3474 3606 sa-

1901 3608 2136 3665 cerdotio
2164 3611 2378 3682 ﬁebant,
2401 3633 2504 3673 non
2526 3631 2668 3676 esset
2689 3624 2757 3678 de
2786 3626 2922 3681 tribu
2953 3629 3095 3696 Levi,
3119 3649 3187 3690 ne
3215 3637 3280 3692 ad
3302 3640 3499 3708 ipsam.

1901 3702 2124 3771 tribum,
2166 3715 2221 3760 et
2258 3708 2322 3762 ad
2351 3711 2520 3779 ipsum
2554 3718 2905 3774 sacerdotium
2939 3725 3079 3792 quod
3106 3702 3477 3797 temporaliter

1898 3793 2081 3847 umbra
2111 3805 2225 3851 erat
2252 3797 2433 3865 futuri,
2461 3805 2729 3873 pertinere
2752 3809 3022 3867 videretur
3048 3793 3321 3873 mundatio
3342 3837 3469 3889 pec-

1896 3893 2131 3941 catorum
2157 3929 2170 3953 ,
2214 3906 2369 3960 quam
2420 3894 2675 3953 Dominus
2720 3901 2984 3958 oblatione
3029 3906 3319 3963 holocausti
3361 3914 3465 3979 sui,

1895 3977 2036 4045 quod
2057 3979 2108 4031 in
2131 3982 2294 4035 veteri
2315 3985 2614 4042 sacerdotio
2636 3989 2971 4057 ﬁgurabatur,
2995 3993 3231 4064 implevit
3254 4016 3267 4051 :
3290 4009 3344 4055 et
3366 3977 3466 4059 bo?

1900 4067 2119 4122 loeausti
2145 4069 2258 4138 ejus
2288 4070 2568 4141 imaginem
2598 4076 2618 4107 ²
2645 4077 2710 4130 ad
2737 4080 3045 4137 memoriam
3066 4088 3328 4154 passionis
3354 4108 3466 4150 sua;

1895 4156 1948 4211 in
1975 4156 2208 4213 Ecclesia
2239 4160 2608 4219 celebrandam
2638 4166 2813 4235 dedit,
2854 4179 2911 4224 ut
2948 4187 3091 4229 esset
3131 4182 3381 4237 sacerdos
3411 4185 3466 4240 in

1892 4256 2165 4314 aeternum,
2202 4266 2305 4304 non
2338 4256 2626 4310 secundum
2653 4258 2892 4316 ordinem
2920 4265 3116 4332 Aaron,
3149 4270 3241 4323 sed
3274 4286 3466 4330 secun-

1894 4353 2014 4394 cum
2040 4340 2280 4396 ordinem
2309 4342 2693 4403 Melchisedech
2722 4349 2919 4422 (Hebr.
2942 4373 3014 4420 vi,
3042 4358 3166 4428 20).
3197 4359 3358 4430 Cujus
3385 4367 3464 4424 rei

1892 4440 2278 4488 sacramentum
2319 4434 2623 4506 diligentius
2672 4441 2845 4498 adhuc
2886 4447 3209 4503 considerari
3266 4464 3458 4520 potest.

1894 4519 1999 4576 Sed
2028 4524 2402 4592 propterduos
2433 4527 2607 4596 pisces
2628 4571 2644 4596 ,
2691 4532 2741 4584 in
2781 4534 2970 4600 quibus
3007 4537 3139 4593 duas
3167 4519 3420 4607 personas
3443 4585 3459 4609 ,

1892 4611 2093 4680 regiam
2124 4620 2179 4667 et
2211 4614 2596 4672 sacerdotalem
2625 4619 2874 4688 ﬁguratas
2907 4639 3026 4681 esse
3053 4627 3308 4695 diximus,
3337 4631 3463 4691 bat-

1892 4707 2050 4755 tenus
2076 4701 2199 4756 hinc
2228 4712 2505 4760 tractatum
2535 4722 2653 4763 esse
2676 4710 2923 4766 sufﬁciat.

1962 4792 2015 4846 5.
2044 4789 2197 4859 Quod
2236 4804 2411 4850 autem
2443 4811 2604 4868 super
2632 4799 2808 4855 fenum
2844 4805 2993 4860 turba
3032 4807 3119 4860 illa
3158 4809 3455 4878 discubuit,

1888 4881 2152 4951 signiﬁcat
2169 4898 2261 4939 eos
2281 4885 2365 4955 qui
2393 4885 2789 4945 Testamentum
2810 4890 2974 4947 Vetus
2989 4908 3319 4963 acceperant;
3334 4902 3458 4969 quia

1889 4988 2108 5043 regnum
2150 4973 2227 5029 eis
2258 4979 2547 5047 temporale
2587 4988 2642 5033 et
2676 4980 2968 5036 Jerusalem
2995 4985 3300 5054 tempora'tis
3337 5005 3459 5059 pm.

1887 5064 2213 5132 mittebatur,
2238 5066 2290 5120 in
2331 5082 2426 5136 spe
2474 5069 2674 5122 carnali
2715 5070 3001 5128 collocatos
3047 5073 3228 5133 fuisse.
3279 5081 3458 5139 υιιιιίε

1890 5160 2031 5215 enim
2056 5176 2173 5213 caro
2202 5159 2393 5228 fenum,
2418 5171 2464 5213 et
2492 5161 2696 5215 claritas
2723 5162 2938 5217 hominis
2962 5175 3015 5219 ut
3042 5169 3139 5239 ﬂos
3163 5173 3266 5241 feni
3290 5172 3305 5247 ί
3329 5174 3452 5231 Isti.

1886 5264 1975 5315 ιι,
2003 5248 2090 5319 6).
2128 5247 2280 5315 Quod
2308 5257 2484 5303 autem
2512 5248 2578 5304 de
2606 5249 2844 5321 reliquiis
2882 5252 3289 5326 fragmentorum
3319 5263 3380 5324 du
3402 5278 3454 5319 t-

1886 5339 2057 5396 decim
2083 5338 2294 5410 cOpbini
2324 5338 2677 5396 buccellarum
2718 5346 2902 5415 repleti
2932 5358 3081 5414 sunt,
3123 5352 3385 5422 signiﬁcat
3400 5365 3454 5412 at

1950 5528 1969 5595 ξ
2002 5533 2051 5575 tn
2071 5526 2316 5590 plerisque
2336 5535 2463 5595 Mss,
2486 5528 2855 5595 generationem.
2888 5540 3006 5595 Nam
3027 5545 3126 5595 eas,
3153 5541 3247 5583 etc.

1949 5588 1970 5619 ¹
2002 5588 2120 5659 Tres
2138 5588 2250 5658 ptssi
2265 5589 2445 5659 _uegius
2462 5588 2845 5659 ,'t\’avarricus‘et
2866 5588 3169 5659 Michaeliuus
3187 5627 3201 5651 ,
3223 5594 3454 5657 magnitu-

1885 5647 2400 5758 gilriteztgm
2423 5659 2695 5716 Quanquam
2730 5654 2798 5703 ibi
2830 5647 3133 5703 Michaeltnus
3149 5647 3285 5705 caret
3302 5647 3457 5720 capue

1971 5724 1999 5758 ν
2278 5744 2293 5758 α
2365 5747 2379 5758 .

1885 5707 2029 5771 lativa
2050 5707 2293 5771 particula,
2315 5716 2379 5761 et.

1949 5770 2021 5835 (a)
2052 5770 2071 5818 ι
2094 5776 2294 5821 Retract.
2319 5785 2425 5836 cap.
2446 5772 2525 5828 26.
