4134 6208
562 383 625 441 55
1269 369 1355 423 DE
1395 363 1703 420 DIVEliSlS
1741 347 2255 428 QU/ESTIONIBUS
2293 348 2574 418 LXXXIII,
2617 352 2673 406 S.
2715 349 3080 408 AUGUSTINI
3757 357 3826 412 ες

563 501 632 554 de
665 499 829 568 ipsius
874 493 1027 563 Legis
1067 486 1410 555 adapertione
1450 491 1503 536 et
1543 477 1892 568 disputatione
1913 513 1938 568 ,Δ
1975 482 2132 568 quam

561 560 732 647 Judaei
759 560 1078 656 reliquerant
1114 588 1168 634 et
1200 579 1574 635 deseruerant,
1606 570 1834 637 repletos
1871 563 2033 616 fuisse
2057 560 2136 614 di-

563 681 797 749 scipulos
836 675 1084 738 Domini,
1142 671 1196 724 in
1247 669 1436 737 quibus
1481 659 1834 717 duodenarius
1883 663 2136 749 numerus

561 741 915 841 principatum
939 771 1102 819 tenet.
1133 759 1378 816 Nondum
1405 756 1546 810 enim
1587 761 1698 806 erat
1719 741 2136 841 scripturaNovi

561 835 883 915 Testamenti
912 897 926 920 ,
966 852 1177 922 quando
1225 849 1509 909 Dominus,
1556 841 1703 912 quasi
1745 835 2035 906 frangendo
2085 840 2139 888 et

560 949 998 1023 aperiendoquod
1027 947 1216 1000 durum
1243 951 1296 996 et
1320 940 1555 995 clausum
1580 942 1692 989 erat
1719 933 1768 984 in
1792 931 1951 999 Lege,
1977 927 2137 1023 disci-

561 1019 713 1114 pulos
751 1019 1014 1110 implevit,
1044 1053 1164 1092 cum
1195 1035 1272 1088 eis
1300 1041 1420 1103 post
1461 1027 1900 1083 resurrectionem
1930 1019 2136 1091 aperuit

556 1113 863 1205 Scriptores
890 1141 1118 1195 veteres,
1144 1128 1400 1194 incipiens
1419 1141 1447 1176 a
1471 1121 1650 1190 Moyse
1671 1127 1723 1171 et
1743 1117 1990 1169 omnibus
2015 1113 2139 1205 Pro.

561 1204 757 1298 pbetis,
787 1227 1137 1292 interpretans
1167 1220 1270 1272 illis
1293 1218 1343 1270 in
1361 1214 1607 1270 omnibus
1627 1210 1914 1278 Scripturis
1933 1222 2048 1275 quae
2069 1204 2138 1298 de

561 1297 679 1387 ipso
721 1325 891 1371 erant.
929 1314 1060 1368 Nam
1093 1320 1146 1366 et
1191 1321 1315 1362 tunc
1352 1322 1474 1361 eum
1513 1305 1620 1358 duo
1657 1303 1867 1355 illorum
1908 1300 1959 1353 in
1987 1297 2136 1367 panis

560 1405 823 1460 fractione
851 1411 1211 1472 cognoverunt
1231 1405 1248 1468 (
1266 1397 1387 1451 Luc.
1418 1411 1565 1461 xxiv,
1590 1393 1754 1447 27-51
1777 1401 1818 1461 ).

631 1496 684 1550 4.
718 1496 784 1549 ΕΙ.
816 1494 938 1548 ideo
975 1491 1204 1547 secunda
1237 1489 1406 1558 pastio
1442 1485 1656 1557 populi,
1689 1498 1806 1553 quae
1835 1481 1902 1535 de
1932 1487 2133 1549 septem

558 1588 788 1659 panibus
811 1588 944 1639 facta
970 1594 1070 1650 est,
1100 1584 1164 1636 ad
1191 1581 1328 1635 Novi
1356 1578 1679 1633 Testamenti
1707 1574 2135 1645 praedicationem

559 1688 708 1734 recte
739 1677 1049 1745 intelligitur
1077 1673 1366 1742 pertinere.
1395 1670 1512 1723 Non
1532 1669 1670 1722 enim
1691 1667 1758 1719 ab
1782 1665 1958 1734 aliquo
1979 1679 2140 1716 evan-

559 1769 746 1839 gelista
773 1767 974 1822 dictum
1009 1773 1092 1819 est
1120 1763 1258 1832 quod
1287 1762 1373 1815 isti
1404 1774 1570 1830 panes
1613 1756 1891 1811 hordeacei
1923 1753 2136 1819 fuerint,

559 1861 701 1916 sicut
724 1859 792 1914 de
821 1857 926 1911 illis
954 1856 1185 1925 quinque
1210 1854 1343 1908 dixit
1378 1852 1628 1906 Joannes.
1658 1848 1786 1902 Hmc
1816 1861 1941 1916 ergo
1967 1845 2140 1914 pastio

558 1951 630 2006 de
656 1947 882 2020 panibus
905 1955 1108 2017 septem
1137 1946 1202 2000 ad
1227 1944 1446 2014 gratiam
1474 1944 1701 2011 pertinet
1720 1938 1992 2000 Ecclesiae,
2020 1949 2140 2006 qua:

559 2043 838 2097 notissima
863 2041 949 2094 illa
975 2038 1272 2108 septenaria
1295 2036 1459 2090 sancti
1482 2033 1706 2102 Spiritus
1727 2030 2033 2099 operatione
2053 2042 2141 2083 re—

557 2134 698 2190 fecta
728 2135 746 2165 ί
774 2131 1130 2202 cognoscitur.
1165 2129 1233 2183 Et
1262 2129 1382 2182 ideo
1413 2142 1516 2180 non
1539 2125 1624 2178 hic
1643 2123 1749 2178 duo
1775 2123 1948 2192 pisces
1978 2120 2140 2174 fuisse

557 2225 867 2281 scribuntur
893 2263 908 2288 ,
954 2222 1091 2275 sicut
1122 2219 1172 2272 in
1211 2218 1375 2272 veteri
1410 2217 1548 2285 lege,
1581 2214 1670 2268 ubi
1697 2213 1802 2267 duo
1830 2211 1929 2265 soli
1972 2224 2140 2278 unge-

557 2314 774 2380 bantnr,
802 2329 894 2368 rex
925 2323 980 2367 et
1008 2309 1290 2373 sacerdos;
1320 2309 1412 2362 sed
1442 2307 1595 2377 pauci
1621 2305 1811 2375 pisces,
1840 2304 1892 2357 id
1919 2311 2021 2367 est,
2051 2299 2144 2370 qui

558 2406 716 2477 primi
754 2404 980 2458 Domino
1019 2402 1147 2456 Jesu
1191 2400 1410 2454 Christo
1452 2396 1825 2460 crediderunt,
1854 2395 1987 2448 etin
2028 2391 2144 2459 ejus

557 2500 776 2554 nomine
805 2496 948 2552 uncti
984 2506 1128 2560 sunt,
1162 2504 1216 2550 et
1243 2493 1388 2547 missi
1432 2493 1496 2545 ad
1536 2490 1928 2561 prtedicandum
1965 2489 2140 2543 Evan-

557 2591 753 2659 geii'um
775 2631 789 2653 ,
824 2599 878 2642 et
916 2588 981 2641 ad
1025 2585 1394 2640 sustinendum
1423 2582 1782 2636 turbulentum
1813 2594 1956 2633 mare
1987 2578 2142 2646 hujus

559 2680 763 2745 saeculi,
794 2685 852 2732 ut
879 2694 974 2746 pro
1005 2680 1120 2746 ipso
1155 2691 1347 2744 magno
1386 2676 1547 2743 pisce,
1582 2673 1633 2726 id
1669 2682 1769 2736 est,
1801 2687 1897 2740 pro
1931 2670 2146 2724 Christo

557 2769 823 2840 legatione
852 2768 1194 2836 fungerentur
1219 2809 1232 2831 ,
1283 2767 1420 2819 sicut
1469 2765 1662 2818 Paulus
1705 2763 1974 2833 apostolus
2015 2761 2145 2815 dicit

560 2857 640 2932 (ll
667 2859 784 2912 Cor.
828 2874 878 2921 ν,
922 2856 1044 2928 20).
1074 2857 1256 2925 Neque
1293 2858 1344 2909 in
1376 2857 1492 2925 ipsa
1530 2856 1682 2908 turba
1713 2856 1946 2923 quinque
1976 2853 2142 2906 millia

557 2950 834 3005 hominem
873 2947 1105 3013 fuerunt,
1137 2950 1274 3002 sicut
1302 2948 1428 3012 illic,
1463 2947 1548 3001 ubi
1582 2947 1824 3000 carnales
1847 2945 2016 3016 legem
2047 2959 2141 2998 ac-

557 3044 834 3112 cipientes,
867 3039 919 3096 id
941 3049 1037 3105 est,
1070 3041 1301 3110 quinque
1327 3039 1569 3094 sensibus
1592 3039 1767 3093 carnis
1786 3036 1948 3092 dediti
1973 3033 2140 3106 signi-

558 3133 815 3197 fieantur;
847 3133 942 3187 sed
977 3140 1203 3202 quatuor
1231 3132 1391 3184 millia
1421 3131 1626 3200 potius,
1668 3145 1773 3199 quo
1802 3143 2028 3184 numero
2066 3127 2140 3182 si-

557 3223 877 3293 gniﬁeantur
893 3223 1209 3291 spirituales,
1226 3232 1442 3291 prepter
1465 3231 1691 3290 quatuor
1711 3221 1870 3274 animi
1892 3221 2137 3285 virtutes,

558 3313 750 3382 quibus
777 3313 828 3366 in
860 3313 958 3366 hac
993 3313 1100 3365 vita
1139 3313 1484 3380 spiritualiter
1511 3313 1704 3365 vivitur
1729 3351 1740 3372 ,
1773 3310 2100 3378 prudentiam
2121 3351 2137 3376 ,

561 3405 1002 3472 temperantiam,
1049 3403 1448 3467 fortitudinem,
1495 3411 1549 3456 et
1587 3402 1866 3469 justitiam.
1905 3399 2138 3464 Quarum

556 3494 734 3564 prima
769 3501 853 3550 est
888 3495 1118 3564 cognitio
1163 3509 1337 3548 rerum
1377 3494 1793 3563 appetendarum
1837 3502 1889 3546 et
1931 3491 2140 3561 fugien-

559 3585 746 3641 darum
789 3606 802 3640 :
848 3587 1110 3651 secunda,
1153 3586 1440 3642 refrenatio
1480 3586 1783 3654 cupiditatis
1821 3585 1886 3639 ab
1928 3585 1991 3638 iis
2021 3597 2140 3653 qua:

558 3678 923 3747 temporaliter
949 3679 1216 3733 delectant
1241 3697 1255 3732 :
1288 3681 1438 3733 tertia
1460 3721 1474 3745 ,
1509 3678 1727 3731 firmitas
1754 3676 1916 3730 animi
1945 3676 2138 3731 adver-

557 3785 654 3830 sus
682 3786 744 3826 ea
781 3787 899 3841 qua
930 3773 1291 3841 temporaliter
1332 3772 1552 3826 molesta
1587 3778 1709 3823 sunt
1736 3787 1748 3822 :
1778 3777 1994 3839 quarta,
2022 3783 2142 3839 quae

557 3877 656 3934 per
693 3873 917 3920 caeteras
941 3877 1127 3919 omnes
1171 3864 1482 3919 diffunditur
1504 3907 1519 3931 ,
1562 3863 1774 3917 dilectio
1809 3862 1899 3917 Dei
1924 3869 1980 3918 et
2018 3877 2143 3932 pro-

557 3954 710 4009 simi.

630 4047 686 4100 ii.
712 4045 852 4100 Sane
879 4055 934 4100 et
953 4047 1023 4100 ibi
1050 4048 1286 4116 quinque
1309 4050 1467 4102 millia
1499 4049 1793 4114 hominum,
1822 4055 1876 4102 et
1906 4047 1993 4101 hic
2013 4061 2144 4117 qua-

559 4144 681 4191 tuor
707 4136 870 4189 millia
900 4138 1139 4204 exceptis
1187 4139 1498 4191 mulieribus
1537 4147 1590 4190 et
1621 4140 1798 4206 pueris
1841 4139 1999 4191 fuisse
2030 4152 2144 4191 me-

557 4233 839 4281 morantur
867 4225 1093 4294 (Matth.
1125 4240 1218 4289 xv,
1249 4223 1443 4296 34-58)
1470 4243 1481 4275 :
1513 4226 1649 4292 quod
1681 4227 1807 4278 mihi
1837 4227 2048 4278 videtur
2074 4225 2141 4279 ad

557 4313 664 4369 hoc
691 4314 957 4383 pertinere
983 4354 996 4378 ,
1037 4324 1094 4367 ut
1134 4313 1491 4383 intelligamus
1523 4323 1577 4368 et
1617 4314 1667 4366 in
1711 4314 1906 4383 populo
1934 4313 2140 4369 Veteris

558 4406 886 4462 Testamenti
930 4407 1092 4461 fuisse
1133 4407 1391 4474 quosdam
1433 4406 1670 4460 infirmos
1710 4407 1776 4460 ad
1820 4406 2138 4475 implendam

555 4496 813 4569 justitiam
856 4511 975 4568 quae
1012 4496 1300 4551 secundum
1348 4497 1517 4565 legem
1566 4507 1679 4561 est,
1714 4499 1763 4550 in
1811 4512 1910 4565 qua
1937 4496 2139 4564 justitia

558 4591 834 4660 apostolus
875 4587 1068 4644 Paulus
1108 4588 1222 4643 sine
1259 4587 1473 4657 querela
1510 4600 1569 4642 se
1611 4596 1979 4643 conversatum
2020 4602 2142 4643 esse

559 4680 688 4737 dicit
713 4680 980 4752 (Philipp.
1016 4697 1090 4746 ιιι,
1125 4680 1189 4751 6)
1213 4696 1228 4744 ;
1256 4679 1418 4735 fuisse
1445 4683 1570 4735 item
1607 4681 1739 4736 alios
1761 4682 1848 4752 qui
1881 4681 2029 4736 facile
2051 4695 2137 4736 se-

559 4771 884 4827 ducerentur
910 4773 960 4825 in
1000 4773 1197 4825 cultum
1229 4771 1511 4825 idolorum.
1539 4772 1667 4837 Quae
1697 4773 1801 4826 duo
1825 4788 2016 4842 genera
2037 4815 2051 4838 ,
2087 4773 2137 4826 id

559 4871 662 4928 est,
691 4863 1014 4919 infirmitatis
1041 4873 1094 4917 et
1115 4865 1331 4926 erroris,
1353 4863 1632 4916 mulierum
1654 4872 1706 4916 et
1735 4877 2013 4931 puerorum
2039 4877 2135 4916 no-

562 4952 794 5005 minibus
834 4953 1051 5023 figurata
1092 4962 1233 5010 sunt.
1277 4953 1521 5006 infirmus
1557 4960 1639 5005 est
1678 4953 1818 5007 enim
1856 4953 2134 5006 mulierum

561 5054 723 5094 sexus
749 5043 816 5094 ad
845 5046 1081 5099 actiones
1103 5088 1117 5111 ,
1146 5055 1199 5101 et
1243 5046 1408 5099 facilis
1438 5043 1500 5097 ad
1531 5044 1702 5097 lusum
1731 5045 1971 5112 pueritia.
2000 5028 2134 5111 Quid

557 5138 736 5185 autem
759 5130 900 5185 lusui
927 5137 1113 5201 puerili
1143 5147 1246 5190 tam
1273 5137 1444 5190 simile
1464 5143 1562 5196 cst,
1592 5151 1745 5202 quam
1771 5135 1905 5188 idola
1927 5137 2132 5202 colere;

558 5222 772 5293 quando
801 5231 856 5278 et
881 5224 1168 5292 Apostolus
1198 5229 1261 5280 ad
1293 5228 1392 5282 hoc
1429 5229 1606 5281 retulit
1640 5227 1737 5280 hoc
1763 5241 1926 5297 genus
1953 5216 2135 5295 super-

559 5315 814 5380 stitionis,
844 5329 962 5369 curn
989 5315 1080 5377 ait,
1116 5315 1294 5387 Neque
1323 5321 1470 5374 idolis
1500 5320 1778 5382 servientes,
1812 5321 2136 5387 quemadmo-

558 5405 677 5458 dum
706 5404 912 5473 quidam
937 5422 1127 5472 eorum,
1167 5406 1295 5459 sicut
1319 5411 1557 5477 scriptum
1593 5419 1691 5475 est,
1737 5409 1880 5462 Sedit
1919 5409 2134 5476 papulas

557 5498 869 5552 manducare
907 5507 952 5550 et
977 5496 1138 5550 bibere
1157 5538 1170 5560 ,
1201 5505 1246 5549 et
1269 5512 1589 5554 surrexerunt
1628 5500 1802 5553 ludere
1831 5498 1887 5572 (l
1915 5499 2029 5552 Cor.
2072 5513 2128 5568 x,

559 5589 664 5657 7).?
705 5588 1012 5644 Mulierihus
1043 5604 1169 5657 ergo
1211 5587 1408 5643 similes
1437 5601 1618 5654 erant,
1651 5593 1742 5661 qui
1776 5593 1828 5646 in
1860 5592 2128 5648 laboribus

555 5682 1000 5750 exspectationis,
1030 5697 1135 5751 quo
1170 5697 1338 5750 usque
1365 5683 1430 5735 ad
1467 5687 1722 5751 promissa
1758 5687 1846 5740 Dei
1890 5688 2132 5755 perveni-

617 5792 640 5827 ι
669 5793 896 5856 verbum,
920 5795 1115 5858 refecta,
1139 5795 1418 5854 restitutum
1435 5795 1516 5851 hic
1534 5803 1610 5853 est
1633 5809 1698 5855 ex
1717 5797 1899 5864 aliquot
1919 5807 2024 5852 Mss.

2241 472 2388 528 rent,
2416 481 2524 520 non
2556 465 2779 520 viriliter
2809 475 3213 536 perseverantes
3244 476 3578 527 laniaverant
3605 471 3777 528 Deum
3801 489 3818 526 ι

2242 556 2420 624 pueris
2447 565 2621 610 autem
2643 595 2658 621 ,
2700 557 2791 626 qui
2824 558 3076 614 sederunt
3099 560 3422 617 manducare
3445 571 3496 617 et
3527 561 3730 628 bibere,
3763 571 3819 618 et

2243 657 2584 702 surrexerunt
2608 649 2810 705 ludere.
2839 649 2954 706 Non
2983 651 3156 707 solum
3184 662 3364 710 autem
3393 655 3500 720 ibi,
3527 655 3625 712 sed
3659 656 3820 712 etiam

2244 741 2296 795 in
2320 743 2512 812 populo
2542 741 2678 799 Novi
2705 743 3034 800 Testamenti-
3066 746 3156 815 qui
3181 761 3286 800 non
3314 746 3604 814 perdurant
3626 762 3822 808 occur-

2242 850 2364 889 rere
2389 835 2442 889 in
2472 837 2644 890 virum
2671 835 2963 907 perfectum
2988 835 3007 911 (
3025 837 3211 907 Ephes.
3244 837 3447 912 mw),
3480 841 3563 894 vel
3590 840 3833 905 infirmi:

2244 939 2354 986 tate
2378 933 2590 998 virimn,
2614 933 2702 987 vel
2724 934 2916 988 menti
2949 933 3184 1001 levitate,
3219 934 3532 990 mulieribus
3557 945 3611 990 et
3640 935 3820 1004 pueris

2244 1023 2588 1092 comparandi
2613 1032 2757 1078 sunt.
2783 1023 2916 1078 Nam
2954 1025 3059 1080 illis
3082 1024 3276 1080 dicitur
3294 1066 3310 1091 ,
3338 1024 3399 1080 Si
3425 1031 3590 1080 tuine:

2243 1116 2534 1168 substantia:
2553 1117 2660 1186 ejus
2678 1130 2835 1186 usque
2851 1115 2906 1169 in
2926 1116 3077 1184 ﬁnem
3096 1117 3300 1185 ﬁrmum
3314 1118 3615 1171 retineam
3633 1115 3824 1188 (Hebr.

2243 1222 2319 1272 ιιι,
2352 1205 2490 1277 is);
2522 1207 2625 1262 illis
2654 1211 2863 1274 autem,
2905 1205 3082 1260 Nolite
3117 1207 3260 1277 pueri
3296 1207 3419 1278 τῇσί
3442 1208 3702 1273 sensibus;
3732 1208 3830 1262 sed

2244 1298 2438 1350 malitia
2462 1295 2684 1365 infantes
2710 1309 2885 1365 estote,
2913 1307 2971 1351 ut
2992 1297 3218 1352 sensibus
3241 1299 3449 1370 perfecti
3477 1300 3587 1354 suis
3619 1299 3822 1370 (lGor.

2243 1403 2364 1454 xw,
2391 1388 2514 1460 20).
2549 1390 2614 1443 Et
2657 1390 2778 1446 ideo
2817 1399 2991 1460 neque
3027 1393 3080 1445 in
3121 1392 3344 1454 Vetere,
3377 1392 3549 1463 neque
3579 1393 3636 1448 in
3669 1389 3822 1449 Novo

2245 1480 2592 1536 Testamento
2619 1482 2754 1538 tales
2771 1480 3122 1538 admittuntur
3150 1483 3218 1537 ad
3252 1491 3566 1550 numerum;
3597 1482 3692 1540 sed
3709 1485 3830 1540 sive

2248 1573 2318 1626 ibi
2349 1569 2582 1643 quinque
2610 1575 2772 1629 millia
2795 1617 2808 1641 ,
2852 1575 2962 1630 sive
2991 1576 3076 1630 hie
3111 1583 3342 1646 quatuor
3367 1575 3555 1643 millia,
3587 1573 3828 1647 exceptis

2247 1665 2559 1718 mulieribus
2583 1671 2636 1719 et
2665 1667 2842 1735 pueris
2867 1665 3028 1722 fuisse
3056 1666 3306 1721 dicuntur
3333 1665 3557 1736 (Matth.
3586 1677 3700 1732 xm
3729 1667 3820 1734 θη

2247 1765 2291 1808 et
2322 1769 2412 1819 xv,
2445 1755 2566 1824 38).

2315 1847 2369 1899 ο.
2400 1845 2652 1912 qumvis
2672 1855 2799 1903 vero
2824 1853 2880 1904 et
2901 1848 3008 1904 mle
3032 1854 3091 1904 et
3114 1848 3202 1905 hic
3230 1853 3448 1921 propter
3471 1841 3647 1920 ipsum
3670 1842 3830 1906 (iuri-5

2247 1945 2384 1991 stum
2404 1978 2417 2000 ,
2447 1937 2538 2007 qui
2571 1938 2781 1994 assidue
2817 1939 2869 1993 in
2900 1939 3188 2008 scripturis
3230 1951 3386 1996 mons
3413 1941 3739 2012 appellatur;
3768 1933 3827 1999 lii

2247 2036 2602 2098 congruenter
2647 2031 2700 2083 in
2742 2038 2925 2085 mante
2952 2037 3175 2101 uterque
3220 2033 3449 2102 populus
3487 2037 3825 2104 pascet-etuti

2249 2120 2334 2174 hic
2365 2129 2540 2176 tamen
2569 2129 2674 2176 non
2703 2122 2755 2175 in
2793 2123 2916 2177 tene
2940 2121 3318 2189 discumbitur,
3350 2121 3444 2179 sed
3477 2124 3530 2179 in
3558 2131 3718 2179 terra.
3747 2124 3827 2180 lbi

2249 2215 2391 2267 enim
2431 2213 2690 2270 celsitudo
2728 2213 2925 2271 Christi
2969 2223 3186 2285 propter
3223 2218 3462 2272 carnales
3492 2217 3736 2274 homines
3773 2221 3830 2274 et

2249 2305 2541 2360 Jerusalem
2569 2311 2831 2362 terrenam
2861 2305 3060 2362 carnali
3090 2323 3186 2378 spe
3209 2318 3264 2364 et
3288 2309 3558 2366 desiderio
3587 2311 3784 2382 tegitur
3809 2325 3824 2367 ξ

2251 2395 2339 2448 hic
2377 2407 2550 2450 autem
2583 2405 2783 2452 remota
2821 2399 2966 2453 omni
3009 2399 3296 2469 cupiditate
3321 2402 3543 2470 carnali,
3575 2401 3828 2460 convivas

2248 2487 2378 2542 Novi
2431 2489 2791 2555 Testamenti,
2841 2492 2951 2560 spei
2997 2493 3356 2561 permanentia
3395 2494 3826 2564 firmamentum,

2250 2587 2498 2650 tanquam
2540 2582 2704 2651 ipsius
2739 2583 2934 2636 montis
2960 2581 3220 2649 soliditas,
3253 2582 3398 2639 nullo
3439 2584 3563 2640 feno
3591 2586 3829 2656 interpou

2249 2671 2352 2724 sito
2377 2671 2696 2727 continebat.

2322 2761 2372 2813 7.
2425 2762 2490 2815 Et
2525 2765 2772 2832 quoniam
2812 2763 3109 2820 rectissime
3138 2764 3270 2820 dicit
3309 2767 3626 2836 Apostolus,
3680 2755 3832 2824 Prius

2250 2865 2415 2907 autem
2465 2869 2615 2923 quam
2666 2855 2852 2909 veniret
2896 2855 3056 2924 ﬁdes,
3110 2858 3200 2910 sub
3254 2855 3386 2928 Lege
3428 2858 3862 2913 custodiebantur

2251 2946 2445 3016 (Galat.
2477 2961 2555 3011 ιιι,
2585 2946 2722 3016 25);
2757 2948 2857 3002 hoc
2887 2948 3188 3019 significare
3216 2950 3427 3004 videtur
3466 2955 3518 3005 ct
3550 2949 3826 3018 Dominus,

2256 3051 2378 3090 cum
2398 3037 2527 3092 dicit
2551 3035 2616 3092 de
2644 3038 2725 3092 his
2750 3052 2883 3109 quos
2913 3039 3144 3109 quinque
3169 3040 3392 3110 panibus
3419 3049 3662 3110 pastdrus
3691 3050 3824 3108 erat,

2257 3125 2378 3181 Non
2417 3141 2543 3197 Opus
2589 3127 2772 3183 habent
2817 3129 2924 3194 ire;
2967 3131 3057 3184 sed
3089 3131 3206 3184 date
3246 3127 3347 3184 illis
3392 3145 3478 3186 vos
3527 3133 3834 3187 manducare

2253 3215 2478 3290 (Matth.
2528 3235 2642 3284 xrv,
2680 3219 2801 3290 16).
2843 3219 2953 3276 Sub
2994 3221 3076 3277 his
3114 3231 3291 3279 autem
3333 3223 3506 3279 verbis
3543 3221 3834 3295 ﬁguraliter

2255 3317 2500 3378 tanquam
2541 3310 2913 3364 custodiendi‘
2954 3311 3290 3380 detinentur,
3337 3327 3456 3368 cum
3503 3313 3601 3370 hoc
3648 3314 3833 3370 admo-

2251 3400 2490 3454 nuissent
2518 3399 2780 3468 discipuli,
2809 3407 2864 3454 ut
2889 3399 3177 3457 dimitteret
3214 3419 3326 3458 eos.
3363 3403 3531 3473 Hujus
3560 3420 3688 3461 vero
3716 3417 3831 3462 tur-

2246 3493 2346 3557 bae,
2383 3507 2500 3563 quae
2529 3485 2595 3546 ad
2627 3500 2829 3561 septem
2860 3507 3025 3562 panes
3055 3497 3301 3564 pertinet,
3335 3495 3476 3550 ultro
3502 3511 3560 3552 se
3587 3491 3832 3553 misereri

2246 3582 2412 3648 dixit,
2453 3582 2596 3652 quod
2621 3583 2730 3653 jam
2773 3585 2962 3639 tertius
2992 3583 3108 3640 dies
3149 3593 3331 3652 esset,
3363 3601 3425 3641 ex
3452 3601 3558 3657 quo
3583 3588 3630 3643 ei
3665 3587 3832 3658 jejuni

2247 3672 2548 3730 hmsissent.
2583 3673 2640 3729 ln
2679 3683 2791 3730 tcto
2820 3676 2963 3730 enim
3001 3675 3196 3730 sreculo
3228 3678 3438 3745 generis
3480 3677 3693 3733 humani
3726 3685 3834 3734 ter-

2249 3767 2376 3821 tium
2410 3777 2620 3837 tempus
2648 3775 2750 3835 est,
2782 3782 2887 3838 quo
2910 3767 3030 3822 ﬁdei
3056 3768 3359 3823 christiana:
3379 3773 3546 3840 gratia
3578 3773 3697 3826 data
3725 3771 3828 3829 est.

2248 3861 2482 3915 Primum
2506 3874 2580 3916 est
2611 3871 2730 3916 ante
2752 3861 2970 3932 Legem,
2995 3861 3283 3916 secundum
3313 3862 3410 3915 sub
3437 3862 3594 3932 Lege,
3618 3866 3832 3920 tertium

2260 3953 2358 4007 sub
2379 3953 2574 4008 Gratia.
2607 3952 2671 4007 Et
2692 3949 2940 4023 quoniam
2961 3960 3204 4022 quartum
3231 3951 3402 4005 adhuc
3426 3961 3608 4017 restat,
3632 3969 3733 4022 quo
3763 3949 3833 4009 ad

2266 4043 2620 4115 plenissimam
2661 4059 2844 4114 pacem
2881 4043 3173 4100 Jerusalem
3216 4043 3449 4098 ctelestis
3486 4048 3693 4100 venturi
3739 4061 3832 4101 su-

2259 4153 2400 4206 mus,
2432 4152 2536 4207 quo
2569 4135 2734 4190 tendit
2759 4133 2997 4205 quisquis
3045 4141 3189 4189 recte
3216 4135 3384 4189 credit
3431 4135 3485 4189 in
3524 4133 3829 4204 Christum;

2249 4237 2530 4296 propterea
2556 4242 2614 4281 se
2642 4227 2770 4282 dicit
2801 4226 3007 4282 turbam
3036 4226 3175 4280 illam
3206 4228 3430 4282 reficere
3463 4225 3732 4293 Dominus,
3763 4240 3831 4284 ne

2247 4317 2497 4372 deﬁciant
2536 4319 2589 4372 in
2630 4313 2733 4372 via.
2759 4313 2866 4374 ista
2907 4320 3047 4374 enim
3092 4319 3416 4388 dispensatio
3443 4321 3462 4350 ²
3487 4362 3502 4383 ,
3543 4333 3644 4388 qua
3677 4321 3829 4375 nobis

2248 4408 2506 4463 Dominus
2547 4407 2912 4478 temporaliter
2941 4418 2994 4464 et
3028 4411 3303 4464 visibiliter
3340 4411 3390 4464 in
3423 4403 3635 4464 homine
3661 4419 3826 4482 appa-

2246 4515 2364 4555 rere
2391 4501 2637 4571 dignatus
2658 4511 2758 4568 est,
2787 4508 2841 4556 et
2865 4501 3012 4557 dedit
3038 4503 3190 4557 nobis
3219 4503 3404 4572 pignus
3429 4500 3680 4571 Spiritum
3704 4519 3826 4556 san-

2246 4597 2408 4655 ctum,
2442 4591 2593 4661 cujus
2615 4595 2922 4662 operatione
2952 4593 3250 4664 scptenaria
3275 4603 3666 4662 vegetarcmur,
3700 4610 3828 4664 apo-

2245 4681 2428 4737 stolica
2471 4684 2786 4740 auctoritate
2828 4686 2979 4756 quasi
3031 4700 3316 4754 paucorum
3370 4685 3591 4754 piscium
3638 4700 3827 4755 sapore

2245 4776 2531 4846 conjuncto
2564 4796 2574 4830 :
2606 4775 2721 4831 haec
2745 4793 2872 4848 ergo
2898 4778 3223 4847 diSpensatio
3247 4777 3372 4848 quid
3400 4778 3542 4833 aliud
3569 4779 3694 4851 agit,
3727 4777 3826 4834 nisi

2246 4878 2305 4921 ut
2329 4869 2391 4921 ad
2425 4869 2653 4938 palmam
2675 4883 2919 4936 supernae
2944 4869 3242 4924 vocationis
3268 4870 3382 4924 sine
3403 4869 3608 4925 defectu
3636 4870 3825 4923 virium

2245 4959 2526 5029 pervenire
2571 4957 2869 5027 possimus?
2919 4957 3019 5012 Per
3049 4959 3202 5029 ﬁdem
3231 4961 3363 5013 enim
3391 4959 3703 5012 ambulamus
3723 4997 3738 5023 ,
3779 4965 3827 5011 et

2245 5069 2344 5104 non
2383 5069 2469 5119 per
2502 5051 2713 5119 speciem
2747 5047 2828 5119 (ll
2871 5051 2987 5105 Cor.
3019 5068 3070 5118 v,
3107 5053 3159 5117 5,
3190 5047 3281 5120 7).
3310 5051 3374 5104 Et
3398 5049 3512 5116 ipse
3551 5047 3826 5117 apostolus

2245 5145 2436 5198 Paulus
2468 5143 2697 5196 nondum
2721 5159 2777 5198 se
2805 5143 2930 5198 dicit
2956 5135 3425 5212 comprehendisse
3451 5155 3670 5210 regnent
3700 5135 3822 5209 Dei,

2247 5235 2352 5289 Sed
2382 5253 2439 5288 ea
2460 5251 2571 5303 qua:
2600 5244 2729 5287 retro
2768 5246 2882 5288 sunt
2913 5234 3109 5297 oblitus,
3145 5231 3276 5284 inea
3303 5245 3416 5298 quae
3443 5238 3558 5283 ante
3585 5240 3701 5284 sunt
3730 5247 3822 5284 ea:-

2245 5337 2406 5381 tentus
2428 5369 2440 5390 ,
2473 5329 2743 5381 secundum
2788 5329 3107 5382 intentionem
3139 5340 3320 5394 sequor
3345 5365 3358 5387 ,
3394 5323 3581 5392 inquit,
3613 5322 3681 5376 ad
3710 5317 3828 5393 pal-

2245 5438 2378 5475 mam
2397 5439 2628 5492 supcrme
2651 5421 2943 5476 vocationis.
2982 5409 3335 5472 Verumtamen
3361 5416 3412 5470 in
3438 5417 3573 5486 quod
3599 5405 3826 5486 perveni-

2244 5533 2374 5580 mus,
2407 5517 2457 5568 in
2479 5533 2534 5568 eo
2561 5515 2867 5568 ambulemus
2896 5510 3169 5582 (Philipp.
3203 5527 3280 5573 ιιι,
3313 5509 3538 5581 15-16);
3568 5509 3688 5580 quia
3723 5509 3828 5566 tet;

2307 5676 2322 5706 ί
2357 5675 2430 5723 sic
2451 5673 2615 5734 plures
2784 5672 2901 5721 mili
2933 5683 3079 5734 vero,
3103 5675 3331 5734 tanquam
3361 5672 3597 5725 custodia.

2303 5738 2321 5766 ³
2338 5743 2410 5782 Er.
2441 5733 2491 5783 et
2512 5743 2639 5794 i.ov.,
2673 5740 2762 5784 Ista
2784 5739 2854 5787 est
2876 5733 3004 5786 enim
3024 5733 3822 5798 dispensata—stemmati.

2239 5805 2294 5852 et
2315 5806 2433 5851 ven.
2481 5804 2538 5847 II.

2299 5900 2380 5910 ...ρ-ν
