4134 6208
179 354 262 411 53

184 479 270 533 tio
300 476 386 532 die
427 473 658 530 Domino
686 461 1026 524 adhaerentes
1053 473 1107 520 et
1144 463 1212 519 ab
1239 455 1329 520 illo
1353 462 1520 532 pasti,
1549 467 1654 508 non
1680 451 1777 508 de-

186 570 436 625 ﬂciemus
455 567 514 620 in
528 566 634 620 via.

266 664 318 719 8.
354 660 530 715 Etiam
573 657 666 712 hic
700 670 832 712 sane
870 645 1133 724 perveniri
1171 650 1237 705 ad
1272 641 1584 706 comedendi
1615 645 1783 724 {linem

194 772 307 813 non
349 753 552 825 potuit,
584 749 679 806 sed
706 749 910 804 relictae
936 753 1060 803 sunt
1085 760 1242 806 escae.
1279 741 1392 798 Non
1423 741 1562 796 enim
1591 733 1786 793 frustra

195 850 268 906 de
298 823 476 904 futuro
503 846 704 900 dictum
731 852 837 907 est,
874 839 1123 904 Putasne,
1153 838 1352 894 veniens
1378 834 1545 889 Filius
1571 823 1788 912 hominis

196 943 415 998 inveniet
438 942 454 971 ί
479 939 635 1008 ﬁdem
660 953 813 1004 super
835 944 1019 988 terram
1048 931 1206 1003 (Luc.
1232 946 1384 993 xvm,
1411 927 1520 1000 8)?
1541 928 1604 984 Et
1627 925 1787 981 credo

196 1037 274 1091 ita
299 1035 536 1088 futurum
556 1073 571 1096 ,
601 1037 824 1100 prepter
861 1026 1192 1094 mulieres‘et
1219 1037 1436 1094 pueros.
1475 1020 1580 1076 Sed
1612 1029 1798 1076 tamen.

196 1136 404 1197 septem
434 1132 648 1194 spartae
681 1119 921 1188 reliquiae
961 1117 1379 1187 fragmentorum
1416 1113 1786 1180 impleverunt,

196 1218 266 1274 ad
280 1231 415 1287 (plus
442 1214 682 1269 Ecclesia
705 1209 1056 1280 scptit‘ormis,
1076 1223 1194 1278 quae
1213 1207 1266 1282 in
1286 1204 1610 1278 Apocalypsi
1627 1203 1791 1262 etiam

199 1307 528 1363 describitur
557 1303 755 1374 (Apoc.
787 1318 824 1363 ι,
863 1299 954 1369 ι),
999 1299 1249 1368 pertinet,
1279 1295 1333 1350 id
1358 1304 1464 1360 est,
1495 1294 1668 1352 omnis
1697 1294 1791 1364 qui

197 1397 629 1470 perseveraverit
671 1409 842 1465 usque
868 1393 920 1446 in
953 1391 1133 1446 linem.
1180 1391 1274 1444 ille
1315 1389 1458 1445 enim
1490 1388 1580 1458 qui
1618 1386 1793 1455 dixit,-

199 1493 464 1554 Putasne,
508 1489 703 1543 veniens
743 1484 914 1538 Filius
933 1482 1158 1555 hominis
1203 1481 1416 1538 inveniet
1445 1479 1598 1552 ﬁdem
1640 1495 1791 1550 super

202 1587 437 1643 terram?
473 1582 782 1654 significavit
809 1578 1024 1650 quidem
1050 1578 1102 1632 in
1133 1583 1372 1632 extremo
1398 1572 1626 1627 convivii
1654 1574 1674 1603 ⁸
1702 1587 1798 1628 re-v

203 1681 368 1750 Iniqui
402 1693 561 1748 posse
603 1685 658 1731 et
691 1674 869 1729 deseri
899 1686 1057 1727 escas
1079 1684 1244 1726 suas:
1272 1665 1368 1725 sed
1396 1667 1646 1737 quoniam
1673 1666 1792 1736 ipse

203 1773 324 1826 item
354 1770 508 1832 dixit,
545 1767 644 1832 Qui
666 1764 1052 1834 perseveraverit
1077 1777 1236 1832 usque
1253 1761 1305 1814 in
1329 1761 1484 1829 ﬁnem
1505 1758 1552 1824 ⁸δ
1579 1759 1660 1812 hic
1685 1756 1794 1812 84‘!

203 1878 288 1915 vus
310 1861 408 1914 erit
431 1858 660 1928 (Matth.
687 1871 838 1920 xxiv,
868 1854 999 1925 15);
1022 1850 1338 1923 signiﬁcavit
1361 1865 1470 1910 non
1487 1847 1793 1908 defuturam

210 1951 536 2014 Ecclesiam,
579 1963 700 2017 qua:
730 1945 1036 2016 septenario
1064 1956 1288 1999 numero
1326 1940 1545 2000 eosdem
1583 1947 1791 2008 septem

208 2057 378 2112 panes
399 2039 752 2095 abundantius
774 2037 1022 2107 recipiat,
1038 2045 1096 2091 et
1112 2033 1395 2101 latitudine
1413 2021 1646 2098 eordis-‘,
1670 2043 1790 2099 qua

210 2135 375 2204 ipsam
401 2131 858 2201 perseverantiam
887 2128 942 2184 in
981 2126 1182 2198 sportis
1207 2125 1419 2181 videtur
1447 2120 1750 2192 signiﬁcare
1768 2158 1790 2186 ,

213 2228 498 2282 com‘neat.

215 2339 360 2396 LXII.
403 2341 482 2393 De
506 2344 564 2394 εδ
597 2337 734 2408 quod
755 2338 1002 2408 scriptum
1022 2335 1171 2390 estin
1200 2331 1495 2404 Evangelia,
1524 2329 1662 2396 Quia
1700 2325 1798 2382 bad

277 2432 503 2502 ptizabat
528 2430 686 2485 Iesus
710 2430 890 2498 plures
918 2437 1076 2498 quam
1106 2421 1373 2492 Joannes;
1402 2421 1646 2496 quamvis
1679 2417 1794 2488 ipes

276 2533 380 2578 non
408 2523 722 2590 baptizaret,
747 2519 844 2575 sed
863 2518 1106 2588 discipuli
1133 2519 1248 2588 ejus
1272 2518 1451 2586 (Joan.
1483 2509 1559 2582 15v,
1585 2514 1634 2575 i,
1668 2510 1746 2582 2).

197 2661 204 2664 -
274 2635 543 2702 Quaeritur
560 2633 741 2687 utrum'
762 2633 850 2702 qui
880 2633 1132 2702 baptizati
1151 2637 1274 2686 sunt
1295 2627 1386 2686 illo
1419 2639 1655 2699 tempore
1683 2643 1792 2698 quo

214 2725 463 2795 scripturn
485 2734 560 2778 est
583 2721 865 2777 Dominum
901 2738 996 2792 per
1025 2724 1311 2792 discipulos
1341 2731 1467 2777 suo’s
1495 2721 1792 2790 baptizaSSe

215 2819 386 2886 plures
419 2829 580 2886 quam
619 2815 850 2871 Joannes
872 2859 885 2880 ,
913 2817 1218 2884 acceperint
1243 2813 1496 2884 Spiritum
1526 2817 1789 2868 sanctum.

214 2914 324 2966 Alio
353 2913 494 2965 enim
531 2912 652 2964 loco
691 2910 962 2978 Evangelii
1007 2911 1086 2965 sic
1129 2901 1321 2964 dicitur
1349 2928 1362 2963 :
1393 2897 1615 2980 Spiritus
1659 2905 1792 2965 enim

216 3004 427 3057 nondum
469 2989 578 3055 erat
607 3002 755 3054 datus
779 3043 794 3067 ,
825 3003 942 3071 quia
969 2997 1003 3054 J
1009 3017 1122 3055 esus
1146 2999 1371 3054 nondum
1400 3008 1506 3053 erat
1532 2993 1794 3066 clari/ica;

219 3106 287 3148 tus
310 3093 414 3166 (Id.
435 3137 449 3159 ,
483 3109 587 3156 vn,
622 3093 736 3164 39).
772 3093 837 3146 Et
865 3091 1112 3146 facillime
1141 3091 1357 3161 quidem
1391 3089 1460 3144 ita
1495 3089 1792 3160 responde-

217 3196 310 3248 tur,
342 3185 479 3255 qnod
509 3185 768 3238 Dominus
804 3183 992 3250 .lcsus,
1036 3185 1123 3253 qui
1153 3184 1316 3238 etiam
1358 3193 1597 3236 mortuos
1626 3171 1794 3236 susci-

220 3278 348 3333 tabat
373 3319 385 3341 ,
434 3285 646 3346 poterat
672 3275 940 3330 neminem
971 3276 1184 3330 illorum
1211 3275 1347 3330 mori
1383 3275 1559 3329 sinere
1578 3316 1592 3340 ,
1622 3262 1793 3330 donee

221 3377 328 3439 post
362 3371 476 3439 ejus
516 3367 974 3433 clariﬁcationem,
1030 3367 1083 3421 id
1129 3375 1232 3434 est,
1283 3365 1732 3421 resurrectionem
1759 3359 1790 3417 a'

223 3463 429 3516 mortuis
457 3470 510 3516 et
535 3461 904 3515 ascensionem
945 3457 996 3512 in
1025 3457 1240 3523 ccelum,
1286 3459 1588 3526 acciperent
1617 3451 1789 3525 Spiri-

217 3565 317 3608 tum
340 3561 600 3608 sanctum.
626 3551 732 3606 Sed
759 3551 990 3605 occurrit
1013 3541 1191 3603 animo
1216 3549 1351 3602 latro
1372 3549 1458 3602 ille
1478 3548 1563 3602 cui
1590 3547 1801 3627 dictum"

215 3655 308 3711 est,
377 3646 526 3697 Amen
573 3642 687 3697 dico
733 3643 846 3707 tibi,
897 3641 1046 3695 hodie
1086 3655 1279 3693 mecum
1308 3639 1407 3692 eris
1436 3638 1488 3691 in
1515 3637 1790 3708 paradiso;

217 3737 295 3806 qui
332 3752 434 3791 nec
463 3736 630 3806 ipsum
677 3734 1008 3803 Baptismum
1047 3740 1322 3800 acceperat
1351 3727 1445 3803 (ιι).
1477 3728 1788 3798 Quanquam

216 3829 512 3890 Cornelius,
541 3837 596 3881 et
633 3827 723 3896 qui
759 3841 878 3880 cum
919 3841 984 3880 eo
1014 3840 1076 3879 ex
1118 3822 1376 3879 Gentibus
1414 3815 1785 3886 crediderant,

217 3921 455 3991 Spiritum
483 3931 725 3974 sanctum
747 3920 906 3974 etiam
935 3917 1240 3987 priusquam
1270 3914 1666 3981 baptizarentur
1695 3923 1786 3966 ac-

217 4018 444 4086 ceperint
471 4016 605 4084 (Act.
629 4031 695 4078 x,
728 4013 818 4079 44,
844 4011 934 4082 47)
961 4029 974 4065 :
998 4026 1101 4064 non
1133 4018 1309 4064 tamen
1339 4007 1498 4062 video
1520 4001 1790 4076 quomodo

217 4119 264 4162 et
305 4108 394 4161 ille
427 4107 566 4160 latro
606 4106 721 4160 sine
746 4102 948 4173 Spiritu
978 4109 1162 4157 sancto
1189 4101 1364 4156 dicere
1392 4098 1643 4168 potuerit,
1675 4093 1788 4148 Me-

218 4208 380 4253 mento
402 4199 514 4259 mei,
547 4195 776 4263 Domine,
805 4195 926 4248 dum
946 4194 1136 4247 veneris
1160 4193 1212 4246 in
1237 4207 1449 4261 regnum
1479 4199 1616 4242 tuum
1638 4183 1786 4258 (Luc.

220 4305 356 4352 xxtn,
389 4289 478 4352 43,
508 4287 621 4357 42),
661 4286 824 4340 Nemo
861 4285 1001 4339 enim
1035 4283 1191 4349 dicit,
1224 4273 1474 4335 Dominus
1510 4276 1682 4344 Iesus,
1717 4273 1791 4332 ait

221 4381 516 4448 Apostolus,
541 4378 641 4431 nisi
673 4378 725 4430 in
753 4377 952 4446 Spiritu
982 4384 1152 4430 sancto
1183 4371 1226 4447 (Ι
1247 4371 1365 4429 Cor.
1393 4387 1487 4436 xu,
1519 4369 1595 4443 3).
1626 4366 1787 4440 Cujus

220 4469 326 4524 ﬁdei
350 4469 577 4523 fructum
607 4469 722 4538 ipse
743 4467 998 4521 Dominus
1025 4463 1339 4520 monstravit
1375 4463 1560 4518 dicens
1582 4505 1597 4529 ,
1628 4463 1790 4516 Amen

218 4561 319 4612 dico
341 4561 446 4626 tibi,
470 4559 619 4613 hodie
655 4575 849 4612 mecum
879 4559 975 4611 eris
1000 4557 1050 4610 in
1075 4557 1332 4628 paradiso.
1357 4553 1634 4624 Quomodo
1660 4569 1787 4625 ergo

219 4650 456 4704 ineffabili
511 4658 776 4719 potestate
825 4649 1146 4703 dominantis
1198 4637 1335 4702 Dei‘
1385 4657 1544 4716 atque
1584 4641 1788 4716 iustitia

217 4739 512 4809 deputatum
558 4749 642 4794 est
679 4740 843 4795 etiam
887 4739 1152 4810 Baptisma
1201 4735 1439 4793 credenti
1479 4733 1688 4802 latroni,
1735 4727 1790 4790 ei

220 4849 304 4900 pro
324 4845 544 4903 accepto
583 4832 822 4887 habitum
863 4833 918 4887 in
947 4831 1122 4886 animo
1155 4832 1358 4895 libero,
1397 4813 1540 4902 quod
1576 4826 1628 4882 in
1668 4842 1788 4882 cor-

218 4939 335 4989 pore
371 4922 628 4977 crucilixo
665 4921 834 4992 accipi
873 4937 977 4976 non
1016 4917 1266 4990 poterat6
1318 4921 1393 4974 sic
1449 4919 1610 4974 etiam
1667 4915 1788 4986 Spi-

215 5015 335 5065 ritus
389 5024 610 5066 sanctus
672 5013 900 5067 latenter
964 5011 1187 5066 dabatur
1232 5011 1353 5066 ante
1414 5007 1625 5064 Demini
1674 5007 1786 5063 cla-

213 5106 594 5170 riticationem;
660 5112 781 5173 post
832 5102 1311 5158 manifestationem
1363 5107 1540 5160 autem
1592 5091 1786 5156 διγὶηἰέ

270 5242 284 5269 ι
297 5245 494 5306 ,καίηοε
516 5237 685 5300 plures
700 5246 832 5306 uss,
858 5245 1062 5288 Putasne
1088 5236 1242 5288 veniet
1261 5233 1626 5287 Piliusth
1643 5243 1689 5288 et
1710 5235 1786 5287 in-

210 5313 232 5344 r
245 5298 368 5346 ﬁet.
386 5302 460 5347 sic
481 5298 676 5349 rursum
697 5298 837 5347 infra.

271 5363 286 5424 ξ
312 5361 446 5424 aliti,
473 5359 701 5410 convivio.
728 5367 906 5408 Athlss.
935 5359 1177 5424 plerique,
1563 5421 1575 5424 _
1641 5420 1660 5424 _
1730 5371 1733 5379 '

264 5421 286 5492 ἲ
311 5420 542 5492 ᾕετίίὶυὲ
709 5419 1369 5492 πεαωθιὶιρείεβυξτακνίι
1553 5420 1785 5492 bim-

264 5487 283 5511 δ
309 5483 442 5539 Editi,
457 5483 757 5534 latitudinem
779 5483 958 5533 cordis.
982 5483 1262 5534 Concinnius
1281 5491 1408 5544 Mss,
1422 5483 1670 5536 latitudine
1684 5498 1789 5537 cor-

199 5541 307 5612 dis.
433 5558 494 5593 ex
521 5545 597 5612 bis
619 5544 788 5612 plures
811 5545 1291 5612 sic_pr9§equuntur_:
1316 5541 1424 5609 qua:
1445 5545 1550 5608 ipsa
1573 5549 1788 5608 perseu-

196 5605 356 5653 rantia
373 5605 423 5669 in
447 5604 822 5668 sportis’videtur
845 5604 1124 5669 signiﬁca-ri,

256 5669 352 5730 {in
371 5667 557 5730 aliquot
579 5676 686 5719 ms.
711 5667 976 5727 omittitur,
991 5667 1096 5719 Dei.

257 5727 279 5757 ⁸
525 5733 958 5791 Mss,non_potest.

252 5789 328 5854 (α)
357 5789 603 5852 tum
623 5789 734 5856 αΨο

1611 331 1814 391 LIBER
1853 323 2054 393 UNUS.
3405 345 3477 406 Μ

1899 452 2018 506 tatis
2073 452 2189 522 ejus
2246 453 2580 511 manifestius
2631 456 2783 511 datus
2821 465 2922 512 est.
2988 455 3054 513 Et
3113 455 3218 516 hoc
3276 458 3480 516 dictum

1893 553 2007 609 est,
2050 543 2273 614 Spiritus
2316 555 2480 598 autem
2521 546 2742 600 nondum
2767 556 2874 600 erat
2912 546 3060 602 datus
3082 548 3175 604 :id
3202 555 3305 618 est,
3336 563 3476 604 non-

1893 636 2017 692 dum
2061 637 2138 692 sic
2165 647 2501 706 apparuerat,
2539 650 2596 692 ut
2623 649 2807 694 omnes
2849 655 2968 694 eum
3015 641 3196 696 datum
3241 655 3360 698 esse
3399 640 3478 698 fa-

1895 737 2153 784 terentur.
2195 728 2342 783 Sicut
2381 731 2537 783 etiam
2584 729 2838 785 Dominus
2873 733 3107 786 nondum
3138 740 3254 788 erat
3276 733 3476 787 clariﬁ-

1895 829 2044 875 catus
2066 819 2203 875 inter
2231 823 2491 888 homines,
2521 821 2613 876 sed
2643 831 2815 877 tamen
2845 824 3154 878 clariﬁcatio
3181 825 3293 892 ejus
3322 834 3477 880 aster-

1895 930 1962 967 na
1991 929 2255 982 nunquam
2284 929 2402 968 esse
2435 915 2653 968 destitit.
2704 916 2850 970 Sicut
2885 925 2936 971 et
2960 919 3217 971 adventus
3245 918 3359 986 ejus
3412 932 3477 972 ea

1894 1005 2008 1074 ipsa
2035 1004 2230 1058 dicitur
2253 1005 2636 1059 demonstratio
2667 1008 2716 1059 in
2739 1019 2898 1062 carne
2931 1008 3157 1062 mortali.
3188 1007 3318 1062 Nam
3350 1008 3477 1064 illuc

1894 1097 2058 1162 venit,
2091 1094 2179 1149 ubi
2205 1106 2317 1150 erat
2346 1114 2358 1147 :
2390 1097 2509 1165 quia
2539 1098 2591 1149 in
2616 1113 2709 1150 sua
2754 1099 2961 1167 prapria
2996 1101 3162 1163 venit;
3191 1105 3262 1164 et,
3300 1100 3354 1152 in
3382 1101 3477 1153 hoc

1895 1187 2084 1240 mundo
2105 1196 2232 1252 erat,
2257 1194 2302 1239 et
2325 1185 2540 1239 mundus
2557 1188 2821 1257 peripsum
2851 1189 3014 1257 factus
3030 1199 3098 1242 est
3118 1187 3293 1260 (Joan.
3315 1207 3352 1254 ι,
3384 1191 3442 1243 Η
3456 1230 3472 1257 ,

1897 1277 2007 1350 10).
2027 1277 2173 1334 Sicut
2186 1293 2310 1347 ergo
2326 1277 2531 1331 Domini
2549 1277 2806 1333 adventus
2820 1279 3126 1348 intelligitur
3151 1279 3477 1333 demonstra-

1896 1373 1972 1428 tio
1997 1372 2306 1442 cOrporalis,
2331 1377 2507 1426 tamen
2528 1379 2650 1426 ante
2679 1369 2816 1425 hanc
2836 1372 3341 1427 demonstrationem
3365 1373 3478 1441 ipse

1896 1467 1950 1520 in
1991 1463 2235 1520 omnibus
2286 1463 2565 1534 Proph‘etis
2608 1464 2804 1519 sanctis
2845 1472 3092 1534 tanquam
3124 1465 3216 1518 Dei
3247 1463 3480 1519 Verbum

1897 1549 1950 1612 et
1970 1545 2066 1612 Dei
2090 1555 2358 1625 Sapientia
2387 1555 2594 1610 locutus
2639 1565 2721 1610 est
2745 1574 2760 1609 :
2790 1555 2865 1608 sic
2890 1564 2943 1608 et
2970 1554 3228 1609 adventus
3248 1551 3478 1622 Spiritus

1898 1645 2069 1704 sancti
2107 1647 2489 1704 demonStratio
2537 1645 2764 1716 Spiritus
2814 1647 2983 1701 sancti
3010 1653 3092 1702 est
3144 1646 3272 1716 ipsis
3319 1645 3477 1700 etiam

1897 1734 2065 1794 oculis
2108 1740 2336 1803 carneis,
2386 1739 2594 1808 quando
2633 1739 2777 1793 visus
2815 1749 2896 1792 est
2926 1738 3059 1807 ignis
3087 1737 3284 1792 divisus
3321 1751 3483 1806 super

1897 1843 2011 1898 eos,
2041 1840 2096 1885 et
2123 1838 2396 1899 caeperu‘nt
2427 1829 2570 1898 loqui
2600 1829 2790 1897 linguis
2819 1828 2951 1900 (Act.
2986 1845 3043 1894 ιι,
3076 1829 3126 1891 5,
3167 1827 3244 1899 4).
3271 1827 3403 1882 Nam
3433 1827 3482 1882 si

1899 1934 2004 1980 nOn
2037 1931 2151 1979 erat
2186 1924 2239 1977 in
2267 1923 2570 1976 hominibus
2596 1922 2822 1991 Spiritus
2862 1931 3074 1975 sanctus
3115 1927 3238 1975 ante
3268 1919 3479 1975 Domini

1897 2014 2159 2070 visibilem
2191 2013 2643 2080 clariﬁcationem,
2672 2011 2939 2082 quomodo
2964 2011 3143 2067 dicere
3168 2010 3338 2080 potuit
3369 2009 3474 2064 Da-

1895 2099 2005 2172 vid,
2038 2105 2105 2159 Et
2136 2104 2385 2176 Spiritum
2411 2115 2640 2157 sanctum
2670 2113 2890 2156 tuumne
2918 2103 3122 2171 auferas
3147 2117 3176 2154 a
3205 2117 3284 2155 me
3305 2099 3477 2172 (Psal.

1899 2217 1951 2266 L,
1983 2197 2109 2268 i5)?
2137 2191 2241 2251 Aut
2269 2196 2535 2267 quomodo
2554 2195 2766 2264 impleta
2788 2203 2867 2248 est
2900 2191 3172 2248 Elisabetlr
3197 2201 3250 2247 et
3279 2192 3483 2246 Zacha-

1896 2291 2005 2344 rias
2032 2290 2114 2343 vir
2150 2289 2265 2359 ejus
2289 2297 2346 2342 ut
2372 2285 2767 2356 prophetarent,
2791 2291 2844 2340 et
2872 2287 3042 2351 Anna,
3076 2295 3129 2339 et
3150 2285 3386 2352 Simeon,
3413 2284 3482 2340 de

1897 2380 2090 2451 quibus
2115 2379 2359 2433 omnibus
2379 2377 2631 2446 scriptum
2658 2385 2738 2432 est
2759 2375 2898 2448 quod
2915 2373 3115 2447 impleti
3136 2376 3332 2447 Spiritu
3354 2391 3482 2431 san-

1897 2479 2005 2537 cto,
2030 2471 2116 2524 illa
2134 2479 2251 2539 quze
2279 2470 2332 2523 in
2348 2467 2871 2539 Evangeliolegimus
2891 2469 3122 2523 dixerint
3147 2467 3294 2539 (Luc.
3318 2485 3355 2530 ι,
3379 2469 3478 2522 41-

1897 2560 1987 2626 45,
2013 2559 2203 2623 60-79,
2236 2568 2290 2614 et
2316 2567 2371 2622 ιι,
2398 2558 2592 2632 25-58)
2612 2557 2727 2615 YUt
2755 2569 2932 2614 autem
2954 2559 3195 2629 qumdam
3232 2560 3478 2626 latenter,

1898 2651 2141 2722 quaedam
2162 2665 2289 2706 vero
2312 2665 2411 2722 per
2434 2658 2730 2706 creaturam
2757 2649 3016 2705 visibilem
3042 2651 3320 2705 visibiliter
3341 2649 3482 2704 Deus

1897 2742 2181 2811 operetur,
2231 2740 2465 2812 pertinet
2515 2740 2580 2794 ad
2630 2739 3065 2810 gubernationem
3113 2741 3477 2809 providentiae,

1897 2847 2002 2905 qua
2048 2847 2235 2889 omnes
2275 2832 2468 2888 divinae
2493 2833 2744 2890 actiones
2782 2833 3020 2887 locorum
3077 2841 3481 2900 temporumque

1897 2923 2117 2980 ordine‘
2143 2937 2208 2979 ac
2239 2923 2579 2979 distinctione
2605 2923 2961 2992 pulcherrima
2989 2930 3329 2993 peraguntur,
3358 2935 3479 2976 cum

1897 3013 2011 3083 ipsa
2039 3013 2286 3068 divinitas
2313 3027 2414 3068 nec
2452 3021 2695 3068 teneatur
2718 3028 2814 3067 nec
2842 3014 3032 3084 migret
3057 3012 3206 3077 locis,
3237 3027 3335 3068 nec
3361 3022 3480 3067 ten-

1898 3104 2056 3159 datur
2082 3104 2382 3159 varieturve
2420 3104 2766 3173 temporibus.
2819 3103 3096 3170 Quomodo
3148 3113 3323 3159 autem
3365 3108 3479 3176 ipse

1898 3194 2158 3250 Dominus
2187 3208 2365 3248 secum
2397 3194 2625 3249 habebat
2650 3195 2831 3263 utique
2865 3195 3118 3262 Spiritum
3144 3205 3384 3248 sanctum
3423 3195 3478 3249 in

1897 3285 2014 3355 ipso
2044 3284 2260 3338 homine
2291 3298 2446 3354 quem
2495 3284 2729 3354 gerebat,
2778 3284 2989 3353 quando
3016 3293 3074 3338 ut
3117 3285 3476 3354 baptizaretrlr

1897 3374 2040 3431 venit
2054 3375 2120 3430 ad
2137 3374 2417 3442 Joannem,
2433 3383 2486 3430 et
2503 3383 2678 3430 tamen
2696 3383 3039 3447 posteaquam
3055 3377 3350 3447 baptizatus
3368 3381 3470 3447 est,

1895 3465 2221 3523 descendere
2250 3467 2305 3522 in
2339 3479 2459 3522 eum
2481 3466 2706 3538 Spiritus
2735 3479 2949 3523 sanctus
2984 3468 3127 3522 visus
3153 3475 3236 3522 est
3285 3469 3336 3522 in
3380 3483 3476 3524 co-

1896 3559 2093 3614 lumbae
2121 3557 2301 3630 specie
2345 3555 2554 3629 (Matth.
2580 3561 2656 3627 ni,
2699 3558 2929 3628 15-16):
2970 3559 3046 3614 sic
3075 3559 3478 3631 intelligendum

1895 3657 1977 3708 est
2006 3659 2060 3708 et
2087 3659 2211 3708 ante
2239 3649 2576 3707 manifestum
2602 3659 2656 3708 et
2683 3652 2946 3707 visibilem
2985 3652 3270 3707 adventum
3301 3649 3475 3723 Spiri-

1895 3752 1979 3799 tus
2004 3741 2171 3800 sancti
2208 3747 2570 3814 Quoscumque
2599 3742 2843 3800 homines
2868 3753 3080 3798 sanctos
3107 3759 3229 3799 eum
3251 3745 3479 3799 latenter

1895 3833 2092 3889 habere
2130 3835 2381 3903 potuisse.
2421 3833 2496 3888 Ita
2535 3849 2664 3889 sane
2695 3833 2798 3890 hoc
2830 3833 3080 3900 diximus,
3110 3844 3168 3887 ut
3213 3835 3478 3903 intelliga-

1894 3937 2012 3979 mus
2038 3926 2198 3987 etiam
2241 3925 2340 3978 ista
2372 3923 2486 3994 ipsa
2531 3923 2722 3977 visibili
2757 3922 3211 3976 demonstratione
3246 3919 3477 3988 Spiritus”

1894 4016 2098 4079 sancti,
2133 4009 2222 4084 qui
2247 4014 2506 4067 adventus
2535 4011 2650 4079 ejus
2675 4011 2884 4076 dicitur,
2915 4008 3165 4065 inetfabili
3186 4009 3344 4064 modo
3369 4010 3477 4064 lar-

1893 4106 2010 4175 gius”
2041 4103 2094 4158 in
2123 4102 2396 4156 hominum
2416 4098 2573 4155 corda
2601 4099 2684 4155 vel
2704 4099 2862 4156 etiam
2889 4097 3210 4171 incogitabili
3240 4099 3472 4171 plenitu-

1892 4192 2072 4250 dinem
2102 4193 2218 4263 ejus
2237 4190 2483 4247 infusam.

2427 4279 2609 4336 LXI".
2650 4281 2733 4336 De
2758 4279 2936 4336 Verbo.

1963 4375 2030 4430 ln‘
2049 4376 2297 4448 principio
2324 4375 2429 4429 erat
2460 4371 2678 4428 Verbum
2711 4370 2890 4442 (Joan.
2913 4387 2960 4440 ι,
2995 4372 3074 4445 ll).
3117 4372 3270 4441 Quod
3294 4387 3467 4446 graece

1894 4479 2022 4536 λόγος
2050 4462 2259 4535 dicitur,
2287 4467 2450 4522 latine
2487 4465 2544 4522 et
2569 4466 2827 4521 rationem
2858 4475 2911 4522 et
2937 4465 3156 4522 verbum
3186 4467 3467 4538 signiﬁcat.

1893 4547 2002 4616 Sed
2024 4561 2123 4615 hoc
2149 4561 2265 4615 loco
2291 4559 2482 4614 melius
2509 4558 2728 4612 verbum
2767 4553 3194 4628 interpretamur,
3225 4569 3283 4613 ut
3311 4561 3472 4630 signi-

1893 4655 2078 4708 ﬁcetur
2107 4665 2213 4707 non
2238 4653 2410 4708 selum
2442 4650 2506 4704 ad
2546 4649 2758 4705 Patrem
2801 4657 3075 4721 respectus
3098 4694 3112 4718 ,
3145 4651 3237 4706 sed
3283 4649 3348 4706 ad
3379 4652 3468 4710 illa

1891 4745 2048 4802 etiam
2094 4743 2220 4813 quae
2253 4757 2349 4812 per
2392 4740 2623 4797 Verbum
2671 4739 2810 4798 facta
2838 4751 2961 4796 sunt
2986 4743 3253 4812 operativa
3285 4752 3469 4811 poten-

1892 4837 1983 4892 tia.
2014 4835 2167 4891 Ratlo
2191 4841 2366 4890 autem
2386 4873 2403 4902 ,
2433 4834 2533 4889 etsi
2560 4831 2692 4889 nihil
2719 4847 2813 4905 per
2837 4833 2979 4888 illam
3014 4833 3130 4899 flat,
3159 4841 3303 4887 recte
3331 4834 3470 4889 ratio

1891 4928 2101 4985 dicitur.

2205 5017 2391 5075 LXIV.
2430 5015 2511 5073 De
2544 5018 2756 5072 muliere
2793 5015 3142 5072 Samaritana.

1956 5116 2015 5170 4.
2056 5112 2371 5182 Evangelica
2413 5117 2746 5167 sacramenta
2784 5109 2840 5163 in
2886 5107 3093 5163 Domini
3125 5108 3291 5164 nostri
3338 5108 3465 5166 Jes'u

1889 5205 2083 5262 Christi
2111 5203 2267 5258 dictis
2295 5201 2552 5271 factisque
2590 5200 2791 5270 signata
2832 5213 2937 5254 non
2977 5200 3220 5256 omnibus
3251 5195 3465 5270 patent,

1890 5307 1944 5355 et
1960 5311 2023 5352 ea
2048 5293 2286 5350 nonnulli
2331 5293 2505 5348 minus
2532 5290 2814 5362 diligenter
2840 5293 3118 5364 minusque
3162 5293 3336 5346 sobrie
3376 5292 3462 5347 in-

1889 5383 2259 5457 terpretando,
2305 5382 2530 5437 all'crunt
2573 5382 2882 5453 plerumque
2924 5397 3021 5452 pro
3062 5383 3232 5442 salute
3278 5382 3459 5450 perni-

1889 5482 2024 5537 clem
2045 5521 2060 5547 ,
2090 5489 2144 5536 et
2171 5493 2264 5550 pro
2287 5476 2585 5547 cognitione
2603 5477 2841 5532 veritatis
2870 5487 3102 5531 errorem
3130 5491 3143 5526 :
3176 5474 3315 5527 inter
3333 5481 3454 5542 quas

1889 5572 2017 5628 illud
2045 5580 2126 5628 est
2144 5576 2528 5626 sacramentum
2549 5610 2563 5635 ,
2587 5568 2726 5638 quod
2749 5567 2999 5636 scriptum
3031 5574 3110 5618 est
3130 5603 3144 5626 ,
3175 5557 3455 5616 Dominum
