4180 6214
360 236 440 303 8⁵1
1776 236 1951 294 LIBEI

2059 236 2220 294 'NUS.
3578 257 3648 318 53

360 369 483 413 tm
518 354 657 411 altus
702 360 811 419 est;
858 351 996 408 unde
1038 346 1159 406 mihi
1204 350 1354 408 habes
1387 353 1508 406 dare
1544 368 1728 419 aquam
1754 352 1956 406 vivam?

359 445 639 515 Numquid
668 454 721 497 tu
747 442 914 514 major
939 460 989 498 es
1017 451 1156 512 patre
1179 452 1348 496 nostro
1373 442 1405 494 .1
1413 442 1533 495 acob
1554 485 1568 509 ,
1593 443 1679 512 qui
1702 440 1839 495 dedit
1863 458 1954 496 no-

358 535 441 590 bis
484 536 618 589 hunc
661 543 903 605 puteum,
934 543 980 587 et
1007 534 1114 602 ipse
1136 548 1199 586 ea:
1221 548 1278 586 eo
1308 532 1454 599 bibit,
1497 541 1543 586 et
1585 532 1682 601 lilii
1718 533 1859 599 ejus,
1912 541 1958 585 et

358 642 548 698 pecora
577 626 724 695 ejus?
757 623 909 683 Nunc
945 638 1074 679 vero
1117 623 1225 695 jam
1272 624 1531 680 Dominus
1570 626 1787 694 exponit
1830 624 1957 695 quid

357 717 581 773 dixerit.
609 715 820 783 Omnis,
852 717 1057 787 inquit,
1084 717 1170 787 qui
1202 716 1375 770 biberit
1412 717 1476 771 de
1507 732 1641 787 aqua
1663 718 1794 784 ista,
1824 718 1957 771 sitiet

355 810 542 865 iterum
569 824 588 864 :
607 811 693 880 qui
721 817 890 863 autem
916 809 1088 863 biberit
1116 810 1177 862 de
1195 824 1327 877 aqua
1345 825 1497 879 quam
1521 826 1613 880 ego
1633 809 1837 876 dedero,
1856 826 1957 863 non

358 904 495 957 sitiet
514 904 568 956 in
591 902 983 973 sempiternum;
1009 901 1098 955 sed
1116 917 1248 971 aqua
1267 900 1359 955 illa
1380 918 1531 972 quam
1554 901 1738 955 dedero
1755 943 1771 967 ,
1800 902 1885 969 [iet
1903 902 1955 955 in

359 1010 421 1050 eo
461 999 575 1066 fons
620 1009 766 1065 aqua
810 994 1037 1048 salientis
1078 995 1134 1047 in
1162 994 1316 1047 vitam
1341 1003 1604 1048 wternam.
1651 992 1759 1048 Sed
1783 991 1954 1047 adhuc

357 1088 555 1143 mulier
585 1086 919 1158 prudentiam
944 1086 1122 1141 carnis
1150 1086 1505 1156 amplectitur.
1531 1084 1667 1154 Quid
1697 1085 1834 1140 enim
1865 1100 1954 1139 re-

359 1178 614 1251 spondit?
652 1178 902 1243 Domine,
934 1177 1002 1231 da
1043 1178 1168 1232 mihi
1192 1178 1323 1233 hanc
1347 1194 1531 1249 aquam
1550 1218 1567 1243 ,
1604 1186 1660 1230 ut
1698 1192 1854 1246 neque
1885 1176 1953 1228 si-

360 1272 518 1338 tiam,
539 1288 695 1342 neque
717 1272 913 1325 veniam
942 1272 1041 1324 huc
1065 1270 1288 1324 haurire.
1303 1268 1458 1342 ADicit
1482 1270 1528 1322 ei
1546 1266 1577 1321 J
1584 1285 1695 1323 esus
1723 1284 1741 1321 :
1778 1266 1916 1321 Vade
1934 1310 1948 1332 ,

358 1376 488 1415 uoca
514 1339 675 1416 virum
703 1369 879 1425 tuum,
908 1370 955 1414 et
990 1360 1100 1415 veni
1129 1361 1246 1413 huc.
1275 1339 1406 1414 Cum
1440 1359 1600 1414 sciret
1633 1374 1749 1414 eam
1781 1359 1949 1413 virum

359 1468 472 1509 non
502 1453 735 1517 habere,
760 1467 855 1508 cur
881 1451 983 1506 hoc
1012 1451 1235 1515 dixerit,
1265 1450 1536 1520 quaaritur.
1569 1449 1806 1519 Namque
1828 1465 1950 1502 eum

357 1545 566 1602 mulier
594 1545 846 1610 dixisset,
896 1543 1018 1597 Non
1065 1542 1222 1596 habeo
1264 1542 1464 1605 virum;
1502 1540 1630 1595 dicit
1673 1524 1720 1594 ei
1758 1539 1948 1605 Jesus,

357 1634 508 1690 Bene
533 1636 702 1690 dixisti
732 1650 833 1689 non
873 1633 1053 1688 habere
1090 1640 1136 1685 te
1173 1633 1373 1687 virum:
1400 1632 1615 1702 quinque
1652 1633 1783 1685 enim
1822 1633 1952 1684 viros

361 1728 607 1794 habuisti,
629 1736 675 1781 et
700 1742 833 1781 nunc
850 1742 997 1796 quem
1018 1726 1168 1778 habes
1188 1740 1287 1778 non
1308 1734 1378 1778 est
1402 1732 1515 1776 tuus
1536 1724 1643 1786 vir;
1665 1722 1758 1775 hoc
1784 1738 1952 1775 verum

359 1818 561 1872 dixisti.
586 1816 695 1872 Sed
733 1832 838 1871 non
882 1823 1005 1869 sunt
1048 1814 1162 1869 haec
1205 1813 1486 1868 carnaliter
1513 1812 1853 1882 accipienda,
1884 1826 1952 1865 ne

361 1907 493 1965 huic
530 1908 633 1979 ipsi
673 1907 848 1963 adhuc
875 1906 1083 1962 mulieri
1124 1905 1467 1961 Samaritanae
1497 1905 1698 1959 similes
1723 1917 1844 1958 esse
1870 1902 1950 1955 vi-

360 1999 603 2056 deamur.
632 1997 742 2055 Sed
768 1998 836 2053 de
860 1999 950 2052 illo
974 1998 1113 2052 dono
1144 1997 1235 2051 Dei
1262 1997 1305 2051 si
1334 1995 1531 2066 aliquid
1566 1996 1675 2065 jam
1714 1994 1950 2065 gustavi—

364 2105 523 2156 mus,
555 2089 901 2160 spiritualiter
930 2090 1027 2143 ista
1058 2097 1363 2142 tractemus.

436 2178 489 2235 6.
519 2179 766 2250 Quinque
798 2177 972 2244 viros,
1014 2178 1246 2248 quinque
1282 2177 1447 2231 libros
1475 2177 1563 2246 qui
1603 2190 1698 2245 per
1737 2176 1951 2245 Moysen

359 2272 649 2328 ministrati
691 2281 848 2337 sunt,
892 2269 1131 2324 nonnulli
1160 2270 1442 2339 accipiunt.
1472 2268 1621 2336 Quod
1659 2277 1834 2322 autem
1868 2267 1953 2321 di-

360 2369 511 2418 ctum
554 2369 667 2425 est,
716 2359 785 2414 Et
827 2376 959 2414 nunc
1005 2376 1151 2430 quem
1204 2359 1389 2424 habes,
1435 2375 1535 2412 non
1573 2370 1645 2411 est
1689 2368 1806 2411 tuus
1845 2359 1954 2421 rir;

360 2450 432 2508 de
460 2467 523 2508 se
563 2451 681 2522 ipso
725 2450 1002 2505 Dominum
1046 2449 1245 2504 dixisse
1291 2448 1624 2519 intelligunt,
1670 2457 1729 2502 ut
1759 2448 1858 2502 iste
1887 2449 1957 2501 sit

360 2559 561 2601 sensus
590 2561 606 2597 :
634 2543 812 2598 Primo
850 2540 1082 2613 quinque
1127 2541 1274 2596 libris
1300 2541 1500 2612 Moysi,
1532 2541 1681 2611 quasi
1721 2542 1955 2611 quinque

359 2636 505 2691 viris
528 2634 768 2699 servisti;
798 2648 939 2688 nunc
962 2642 1138 2687 autem
1160 2648 1315 2702 quem
1345 2632 1509 2686 habes
1527 2673 1543 2697 ,
1574 2631 1625 2685 id
1651 2638 1762 2695 est,
1795 2645 1952 2699 quem

361 2726 527 2781 audis
548 2767 563 2791 ,
593 2726 679 2796 qui
719 2725 951 2795 loquitur
982 2734 1183 2789 tecum,
1217 2737 1320 2777 non
1353 2730 1435 2776 est
1464 2730 1584 2776 tuus
1628 2722 1710 2774 vir
1739 2721 1780 2787 ί,
1827 2721 1948 2789 quia

361 2818 605 2874 nondum
634 2818 686 2872 in
708 2833 831 2873 eum
856 2816 1147 2873 credidisti.
1179 2816 1283 2871 Sed
1307 2815 1557 2885 quoniam
1582 2814 1819 2869 nondum
1844 2829 1954 2869 crc-

364 2909 505 2966 dens
527 2908 771 2978 Christo,
797 2909 970 2965 adhuc
989 2910 1170 2978 utique
1195 2908 1402 2963 illorum
1430 2909 1660 2979 quinque
1685 2909 1918 2963 virorum
1936 2950 1951 2974 ,

364 2999 424 3055 id
449 3008 535 3055 est
554 3002 787 3071 quinque
818 3000 1069 3055 librorum
1100 2999 1432 3069 capulatione
1452 3000 1752 3064 tenebatur,
1782 3007 1956 3068 potest

364 3105 586 3146 movere
615 3090 883 3161 quomodo
921 3089 1021 3145 dici
1067 3091 1330 3159 potuerit,
1361 3089 1591 3162 Quinque
1618 3090 1749 3143 viros
1777 3090 1957 3143 habui-

364 3180 438 3236 sti
455 3222 471 3246 ,
496 3182 642 3251 quasi
662 3196 806 3235 nunc
831 3196 925 3237 eos
950 3182 1059 3250 jam
1092 3196 1196 3235 non
1230 3180 1483 3247 haberet,
1508 3196 1628 3236 cum
1656 3181 1828 3235 adhuc
1854 3182 1957 3235 uti-

364 3287 474 3343 que
502 3273 632 3343 ipsis
655 3273 863 3328 subdita
904 3274 1125 3329 viveret.
1161 3273 1360 3328 Deinde
1400 3288 1520 3328 cum
1560 3275 1792 3345 quinque
1834 3275 1953 3330 libri

363 3360 535 3434 Ionsi
584 3362 713 3417 nihil
755 3363 897 3418 aliud
935 3378 1093 3433 quam
1128 3360 1397 3417 Christum
1452 3363 1773 3434 prmdiccnt,
1819 3364 1957 3419 sicut

366 3454 489 3524 ipse
514 3454 617 3519 ait,
641 3454 704 3509 Si
720 3455 984 3509 crederetis
1002 3454 1189 3525 Moysi,
1210 3455 1473 3510 crederetis
1495 3460 1709 3528 forsitan
1730 3467 1777 3511 et
1800 3459 1955 3524 mihi;

361 3545 454 3601 ille
470 3548 606 3600 enim
630 3546 695 3601 de
717 3564 796 3601 me
813 3547 1012 3617 scripsit
1037 3546 1215 3617 (Joan.
1245 3561 1297 3613 v,
1326 3546 1416 3618 46)
1445 3567 1458 3614 ;
1487 3549 1757 3619 quomodo
1782 3559 1957 3619 potest

362 3637 590 3708 intelligi
622 3653 653 3692 a
692 3639 923 3708 quinque
949 3638 1053 3693 illis
1089 3638 1239 3693 libris
1267 3639 1518 3695 recedere
1554 3640 1823 3696 hominem
1851 3685 1865 3709 ,
1894 3651 1952 3698 ut

361 3728 438 3783 ad
469 3727 736 3785 Christum
780 3738 1050 3796 transeat,
1080 3746 1201 3785 cum
1251 3732 1341 3787 ille
1387 3732 1475 3803 qui
1502 3733 1673 3789 credit
1714 3735 1765 3789 in
1797 3735 1954 3791 Chri-

364 3831 542 3889 stum,
591 3839 697 3878 non
744 3823 1123 3894 relinquendos
1168 3825 1403 3895 quinque
1446 3827 1565 3881 illos
1614 3828 1810 3894 libros,
1856 3829 1951 3883 sed

360 3914 713 3985 spiritualiter
776 3914 1183 3987 intelligendos,
1261 3916 1427 3972 multo
1478 3917 1683 3975 avidius
1747 3920 1952 3990 ample-

361 4007 582 4062 ctatur‘l

439 4098 497 4150 7.
524 4096 623 4153 Est
650 4112 778 4168 ergo
804 4098 940 4153 alius
968 4097 1296 4165 intellectus,
1332 4108 1389 4153 ut
1412 4100 1644 4170 quinque
1670 4101 1767 4155 viri
1798 4100 1953 4155 intel-

364 4186 603 4258 ligantur
628 4188 858 4259 quinque
881 4189 1120 4259 corporis
1148 4205 1337 4245 sensus
1364 4209 1377 4244 :
1410 4206 1545 4245 unus
1561 4192 1647 4260 qui
1674 4189 1740 4245 ad
1768 4191 1952 4245 oculos

361 4277 631 4349 pertinet,
659 4293 765 4348 quo
792 4280 967 4334 lucem
998 4280 1151 4334 istam
1196 4279 1458 4335 visibilem
1487 4289 1539 4334 et
1563 4281 1828 4350 quoslibet
1856 4296 1949 4336 co-

360 4365 506 4422 lores
535 4366 839 4439 formasque
874 4383 1157 4439 corporum
1203 4371 1506 4436 cernimus;
1542 4373 1676 4427 alter
1704 4372 1910 4426 aurium
1933 4415 1947 4440 ,

359 4472 471 4529 quo
495 4472 689 4513 vocum
727 4466 782 4515 et
806 4461 1044 4515 omnium
1072 4474 1325 4515 sonorum
1352 4472 1619 4517 momenta
1650 4464 1945 4529 sentimus;

360 4549 556 4604 tertius
576 4550 785 4604 narium
805 4592 820 4617 ,
852 4566 958 4621 quo
984 4552 1129 4605 varia
1167 4551 1388 4606 odorum
1427 4553 1683 4607 suavitate
1711 4552 1948 4608 delecta-

358 4653 518 4706 mur;
551 4649 772 4711 quartus
797 4641 850 4695 in
879 4656 973 4696 ore
995 4650 1200 4712 gustus,
1229 4643 1319 4712 qui
1347 4641 1519 4697 dulcia
1539 4652 1593 4698 et
1616 4659 1797 4699 amara
1818 4659 1946 4700 sen-

361 4727 464 4795 tit,
489 4737 547 4783 et
569 4730 803 4785 omnium
854 4745 1105 4801 saporum
1132 4730 1293 4786 habet
1321 4748 1576 4798 examen;
1603 4735 1819 4803 quintus
1854 4750 1950 4805 per

359 4823 540 4871 totum
559 4832 749 4889 corpus
769 4821 1032 4891 tangendo
1052 4820 1302 4891 diiudicat
1328 4822 1497 4877 calida
1518 4831 1571 4877 et
1592 4822 1800 4894 frigida,
1816 4826 1950 4879 mol-

355 4906 434 4962 lia
475 4916 534 4965 et
568 4908 727 4979 dura,
758 4911 894 4967 levia
936 4918 991 4966 ct
1023 4925 1241 4981 aspera,
1286 4921 1341 4968 et
1381 4913 1635 4984 quidquid
1678 4914 1821 4970 aliud
1863 4926 1946 4970 est

349 4998 507 5071 quod
571 5001 839 5071 tangendo
894 5003 1172 5057 sentimus.
1233 5004 1349 5059 Istis
1401 5006 1579 5075 itaque
1646 5006 1947 5063 carnalibus

347 5093 595 5165 quinque
624 5094 869 5149 sensibus
898 5095 1067 5164 prima
1115 5095 1343 5151 hominis
1390 5106 1520 5151 tetas
1565 5098 1818 5153 imbuitur
1847 5114 1945 5155 ne-

344 5183 609 5240 cessitate
638 5192 842 5239 natura:
865 5185 1105 5240 mortalis
1129 5200 1232 5255 qua
1255 5184 1327 5238 ita
1349 5196 1467 5255 post
1492 5196 1764 5254 peccatum
1787 5189 1944 5256 primi

341 5276 592 5332 hominis
613 5279 721 5332 nati
750 5292 932 5334 sumus
953 5320 968 5346 ,
1001 5288 1060 5334 ut
1089 5277 1325 5335 nondum
1356 5278 1557 5334 reddita
1586 5279 1702 5333 luce
1728 5281 1941 5346 mentis,

339 5367 662 5423 carnalibus
687 5369 934 5424 sensibus
960 5369 1192 5436 subditi,
1214 5368 1481 5424 carnalem
1510 5370 1669 5424 vitam
1695 5372 1811 5426 sine
1837 5372 1943 5426 ulla

336 5458 952 5532 veritatisintelligentia
966 5460 1481 5516 transeamus.'l‘ales
1495 5476 1712 5517 necesse
1729 5471 1810 5518 est
1825 5478 1945 5518 esse

401 5594 631 5666 {patet
650 5593 950 5666 pluresttss.
974 5610 1119 5666 quem
1139 5597 1489 5662 audis,nonest
1511 5603 1621 5651 tuus
1638 5601 1941 5660 mr,omisso,

332 5651 820 5721 φιδιαιιιοτὲιααι

2066 356 2295 413 infantes
2323 366 2376 414 et
2400 359 2648 430 parvulos
2669 379 2894 436 pueros,
2930 366 3019 439 qui
3047 369 3279 427 nondum
3304 385 3527 443 possunt
3549 390 3648 435 ac-

2064 450 2242 519 cipere
2269 454 2550 508 rationem.
2599 456 2668 511 Et
2708 460 2828 528 quia
2863 462 3127 517 naturales
3153 474 3275 519 sunt
3301 465 3384 521 isti
3413 481 3602 524 sensus
3624 511 3643 537 ,

2063 541 2151 609 qui
2181 541 2405 610 primam
2433 554 2642 600 :etatem
2670 560 2888 617 regunt,
2922 559 2978 605 et
3004 552 3111 607 Deo
3131 554 3331 610 artiﬁce
3359 557 3511 612 nobis
3539 559 3639 614 tri-

2063 630 2176 684 buti
2199 642 2340 700 sunt,
2362 645 2504 691 recte
2519 637 2764 694 dicuntur
2780 641 2902 708 viri,
2922 643 2972 697 id
2996 653 3076 699 est
3098 648 3292 715 mariti,
3314 656 3557 721 tanquam
3575 652 3649 708 le-

2061 723 2231 791 gitimi
2248 741 2262 787 ;
2291 728 2540 796 quoniam
2567 746 2666 784 non
2699 748 2792 788 eos
2820 750 2971 789 error
2998 738 3127 791 vitio
3158 742 3371 808 praprio
3390 782 3405 808 ,
3434 743 3526 798 sed
3549 743 3648 799 Dei

2062 814 2286 870 artiﬁcio
2318 826 2501 873 natura
2533 824 2834 880 contribuit.
2882 826 3011 881 Cum
3053 840 3228 885 autem
3275 834 3500 904 quisque
3544 851 3640 891 ve-

2062 907 2203 960 nerit
2230 907 2294 961 ad
2320 925 2436 964 eam
2468 922 2699 979 :elatem,
2732 925 2787 969 ut
2811 917 2918 985 jam
2950 920 3117 989 possit
3141 938 3306 991 capax
3337 940 3456 981 esse
3477 928 3646 982 ratio-

2062 995 2184 1062 nis,
2232 998 2276 1052 si
2324 1002 2600 1057 veritatem
2650 1008 2825 1060 statim
2870 1012 3329 1079 comprehendere
3377 1019 3641 1087 potuerit,

2062 1098 2167 1139 non
2192 1087 2303 1156 jam
2336 1089 2438 1143 illis
2475 1094 2717 1148 sensibus
2744 1099 3040 1155 rectoribus
3068 1111 3274 1168 utetur;
3307 1106 3399 1160 sed
3433 1107 3650 1165 habebit

2060 1175 2255 1243 virum,
2287 1180 2527 1247 spiritum
2560 1185 2891 1251 rationalem,
2922 1190 3003 1243 cui
3036 1206 3225 1247 sensus
3250 1194 3367 1249 illos
3396 1196 3446 1250 in
3476 1196 3648 1254 famu-

2060 1264 2222 1319 latum
2247 1270 2469 1339 redigat,
2506 1275 2742 1327 servituti
2772 1278 3057 1346 subjiciens
3089 1296 3281 1350 corpus
3305 1300 3458 1339 suum
3483 1306 3495 1339 :
3523 1302 3645 1344 cum

2059 1355 2232 1409 anima
2264 1373 2367 1411 non
2401 1358 2509 1428 jam
2531 1364 2760 1432 quinque
2783 1366 2926 1431 viris,
2961 1367 3010 1422 id
3033 1380 3131 1433 est,
3152 1373 3383 1442 quinque
3408 1379 3648 1445 corporis

2058 1446 2304 1500 sensibus
2342 1450 2548 1503 subdita
2588 1461 2711 1517 est,
2765 1456 2859 1508 sed
2908 1457 3139 1512 Verbum
3192 1460 3428 1517 divinum
3483 1465 3644 1522 habet

2059 1534 2351 1605 legitimum
2378 1541 2547 1594 virum
2568 1584 2582 1609 ,
2614 1544 2698 1597 cui
2736 1546 2975 1613 copulata
3016 1557 3068 1603 et
3112 1549 3405 1618 inluerens,
3437 1532 3561 1609 cum
3587 1565 3643 1612 et

2059 1624 2175 1692 ipse
2198 1627 2427 1715 spiritus
2468 1629 2695 1687 hominis
2754 1635 2967 1690 haeserit
3013 1637 3257 1707 Christo,
3314 1644 3435 1713 quia
3484 1657 3644 1715 caput

2058 1714 2157 1768 viri
2180 1714 2420 1773 Christus
2468 1731 2549 1774 est
2589 1721 2629 1792 (1
2660 1720 2778 1776 Cor.
2821 1740 2894 1791 ιι,
2947 1726 3047 1798 5),
3078 1731 3323 1798 amplexu
3373 1714 3634 1802 Spiritu-ali

2058 1814 2259 1860 atterna
2298 1808 2403 1861 vita
2443 1810 2558 1865 sine
2587 1812 2696 1865 ullo
2724 1816 3074 1883 separationis
3107 1819 3296 1876 timore
3336 1824 3642 1892 perfruitur.

2059 1895 2189 1964 Quis
2236 1915 2335 1955 nos
2371 1903 2513 1956 enim
2552 1919 2801 1974 separare
2843 1910 3038 1977 poterit
3075 1926 3105 1964 a
3149 1911 3408 1972 charitale
3451 1916 3645 1976 Christi

2060 1988 2234 2059 (Rom.
2269 2007 2379 2058 vin,
2408 1993 2540 2065 35)?
2565 1995 2666 2051 Sed
2688 1998 2938 2067 quoniam
2968 2001 3053 2055 illa
3081 2003 3273 2060 mulier
3293 2021 3476 2064 errore
3505 2019 3645 2066 tene-

2058 2081 2215 2135 batur
2241 2082 2328 2151 qui
2347 2084 2365 2114 ¹
2393 2083 2724 2153 signiﬁcabat
2750 2090 3145 2146 multitudinem
3176 2096 3357 2151 saeculi
3384 2099 3535 2154 vanis
3562 2116 3647 2156 su-

2059 2174 2459 2242 perstitionibus
2502 2178 2783 2249 snbjugati,
2836 2192 2954 2251 post
2997 2192 3236 2255 tempora
3282 2187 3369 2242 illa
3413 2190 3647 2262 quinque

2059 2265 2347 2320 carnalium
2391 2283 2659 2334 sensuum,
2691 2271 2881 2338 quibus
2922 2276 3090 2343 prima
3121 2286 3271 2343 setas,
3310 2289 3367 2334 ut
3391 2280 3640 2350 diximus,

2061 2357 2290 2425 regitur,
2343 2376 2447 2413 non
2477 2375 2593 2415 eam
2624 2361 2858 2417 Verbum
2900 2364 2992 2420 Dei
3036 2370 3315 2438 acceperat
3357 2370 3409 2426 in
3454 2373 3646 2443 conju-

2059 2446 2263 2516 gium’,
2311 2449 2405 2503 sed
2431 2452 2710 2519 complexu
2748 2453 3049 2509 adulterino
3075 2456 3316 2513 diabolus
3341 2461 3638 2518 obtinebat.

2062 2538 2245 2609 Itaque
2272 2540 2346 2595 illi
2378 2542 2633 2597 Dominus
2671 2544 2818 2609 dicit,
2849 2545 3034 2600 videns
3061 2561 3178 2601 eam
3206 2563 3325 2604 esse
3344 2552 3639 2621 carnalem,

2060 2629 2115 2686 id
2145 2640 2245 2697 est,
2278 2632 2562 2688 carnaliter
2598 2649 2823 2705 sapere:
2856 2634 3028 2703 Vade,
3061 2655 3181 2692 voca
3203 2640 3363 2694 virum
3389 2652 3562 2709 tuum,
3598 2653 3647 2700 et

2060 2724 2173 2778 veni
2201 2725 2335 2790 huc;
2360 2724 2409 2779 id
2434 2734 2545 2789 est,
2574 2742 2791 2783 remove
2831 2737 2884 2783 te
2912 2728 2980 2784 ab
3005 2729 3285 2787 all‘ectione
3314 2737 3546 2803 carnali,
3593 2738 3647 2795 in

2060 2830 2163 2885 qua
2202 2831 2342 2871 nunc
2384 2818 2670 2873 constituta
2717 2834 2805 2883 es,
2837 2819 2979 2876 unde
3018 2837 3121 2876 non
3163 2834 3313 2893 potes
3357 2826 3648 2899 intelligere

2060 2924 2179 2978 quas
2205 2908 2425 2979 loquor:
2456 2920 2502 2964 et
2526 2927 2647 2964 voca
2671 2912 2832 2965 virum
2860 2922 3019 2979 tuum,
3051 2914 3215 2981 idest,
3245 2918 3431 2986 spiritu
3455 2919 3649 2977 intelli-

2059 3000 2252 3069 gentia:
2275 3000 2296 3031 ³
2324 3015 2559 3070 prtesens
2580 3013 2714 3058 esto.
2749 3003 2843 3057 Est
2867 3006 3008 3058 enim
3037 3006 3228 3061 anima;
3252 3010 3399 3078 quasi
3426 3013 3648 3070 maritus

2061 3090 2290 3161 quodam
2332 3092 2492 3145 modo
2522 3093 2740 3161 spiritus
2782 3093 3012 3150 hominis
3032 3137 3045 3157 ,
3077 3097 3164 3167 qui
3195 3098 3478 3154 animalem
3510 3102 3645 3158 alle-

2061 3182 2291 3237 ctionem
2321 3191 2570 3252 tanquam
2600 3183 2877 3251 coniugem
2923 3186 3074 3253 regit.
3122 3185 3237 3239 Non
3288 3188 3375 3243 ille
3423 3189 3648 3257 Spiritus

2063 3283 2309 3337 sanctus,
2343 3275 2432 3344 qui
2472 3290 2591 3329 cum
2633 3275 2788 3330 Patre
2818 3284 2872 3329 et
2897 3274 3032 3330 Filio
3063 3278 3509 3335 incommutabilis
3535 3298 3648 3335 ma-

2062 3373 2186 3431 net,
2236 3375 2289 3419 et
2332 3365 2502 3435 dignis
2546 3365 2735 3419 animis
2779 3366 3277 3421 incommutabiliter
3322 3368 3520 3427 datur:
3552 3373 3647 3429 sed

2060 3456 2276 3526 spiritus
2320 3455 2579 3522 hominis,
2607 3456 2674 3510 de
2707 3472 2811 3526 quo
2842 3458 3121 3526 Apostolus
3148 3458 3307 3526 dicit,
3346 3459 3509 3517 Nemo
3554 3465 3648 3519 scit

2060 3562 2173 3618 qua:
2198 3547 2394 3601 suntin
2433 3547 2663 3609 homine,
2708 3548 2805 3601 nisi
2843 3548 3046 3618 spiritus
3092 3550 3328 3605 hominis.
3377 3551 3506 3607 Nam
3557 3553 3646 3609 ille

2060 3637 2286 3707 Spiritus
2333 3646 2578 3703 sanctus,
2627 3638 2856 3707 Spiritus
2907 3639 2997 3694 Dei
3037 3647 3154 3705 est;
3196 3640 3264 3695 de
3305 3659 3410 3712 quo
3451 3645 3643 3700 iterum

2060 3728 2187 3783 dicit
2216 3729 2292 3783 sic
2322 3745 2333 3780 :
2366 3727 2433 3781 Et
2458 3744 2569 3799 qua:
2592 3727 2688 3781 Dei
2703 3739 2817 3783 sunt
2845 3746 2988 3783 nemo
3016 3732 3138 3797 scit,
3176 3733 3271 3785 nisi
3297 3733 3519 3804 Spiritus
3549 3734 3646 3790 Dei

2060 3820 2105 3890 (Ι
2136 3819 2253 3873 Cor.
2277 3836 2335 3883 ll,
2368 3820 2474 3883 ll).
2520 3819 2617 3874 llic
2659 3836 2788 3891 ergo
2837 3822 3057 3890 spiritus
3100 3821 3330 3877 hominis
3359 3840 3476 3879 cum
3511 3842 3646 3894 pra:-

2060 3925 2186 3966 sens
2209 3919 2322 3976 est,
2351 3910 2401 3964 id
2432 3918 2538 3975 cst,
2576 3911 2806 3965 intentus
2828 3953 2841 3977 ,
2871 3918 2925 3964 et
2951 3927 3007 3964 se
3039 3913 3231 3979 pietate
3260 3914 3474 3983 snhjieit
3502 3916 3640 3986 Deo,

2059 4001 2303 4071 intelligit
2328 4002 2489 4056 homo
2517 4016 2635 4070 qua:
2660 4002 3003 4068 spiritualiter
3024 4001 3289 4057 dicuntur.
3310 4004 3442 4060 Cum
3464 4016 3641 4064 autem

2058 4093 2252 4148 diaboli
2282 4107 2451 4154 error,
2485 4101 2730 4161 tanquam
2774 4092 2991 4145 ahscnte
3022 4093 3296 4149 intellectu
3321 4139 3334 4159 ,
3376 4098 3426 4151 in
3465 4099 3641 4154 anima

2058 4184 2393 4248 dominatur,
2442 4183 2648 4237 adulter
2692 4191 2792 4236 est.
2848 4182 2981 4235 Voca
3027 4199 3177 4250 ergo,
3230 4187 3441 4256 inquit,
3481 4191 3641 4245 rirum

2059 4286 2221 4341 tuum,
2250 4276 2301 4330 id
2332 4286 2433 4338 est,
2464 4275 2705 4345 spiritmn
2736 4276 2825 4345 qui
2857 4277 2907 4328 in
2940 4287 2989 4331 te
3014 4287 3124 4341 cst,
3153 4295 3256 4347 quo
3288 4292 3459 4348 potest
3483 4282 3642 4337 homo

2056 4367 2355 4436 intelligere
2394 4367 2690 4435 spiritualia
2712 4410 2726 4435 ,
2758 4367 2800 4421 si
2833 4383 2951 4421 eum
2982 4369 3069 4422 lux
3103 4369 3339 4425 veritatis
3379 4373 3637 4440 illustret;

2058 4459 2170 4529 ipse
2194 4458 2351 4523 adsit,
2382 4474 2501 4512 cum
2532 4459 2717 4529 loquor
2743 4459 2834 4514 tibi
2857 4501 2870 4520 .
2904 4468 2959 4513 ut
2998 4461 3324 4529 Spiritualem
3357 4464 3527 4532 possis
3554 4482 3642 4521 ac-

2056 4550 2235 4617 cipere
2263 4563 2471 4617 aquam.
2507 4548 2573 4602 Et
2599 4564 2718 4601 cum
2749 4549 2832 4602 illa
2863 4549 3085 4614 diceret,
3120 4549 3236 4604 Non
3268 4552 3422 4605 habeo
3441 4555 3642 4622 virum;

2054 4638 2210 4703 Bene,
2241 4639 2440 4709 inquit,
2473 4640 2645 4692 dixisti
2672 4656 2689 4692 :
2716 4640 2934 4710 quinque
2968 4640 3099 4693 enim
3137 4641 3270 4694 viros
3311 4641 3555 4708 habuisti,
3589 4645 3639 4699 id

2055 4739 2139 4786 est
2185 4732 2416 4801 quinque
2458 4746 2646 4785 sensus
2685 4733 2891 4795 carnis,
2939 4731 3025 4800 qui
3072 4739 3123 4786 te
3172 4733 3222 4786 in
3274 4732 3440 4801 prima
3485 4744 3640 4789 aetate

2054 4830 2335 4886 rexerunt;
2368 4831 2412 4875 et
2449 4839 2581 4876 nunc
2622 4839 2767 4893 quem
2814 4820 2991 4886 habes,
3027 4840 3123 4875 nou
3154 4833 3222 4875 est
3254 4832 3368 4875 tuus
3394 4825 3486 4887 vir,
3518 4825 3639 4893 quia

2054 4932 2160 4973 non
2192 4926 2274 4972 est
2299 4916 2352 4970 in
2382 4924 2435 4971 te
2460 4916 2677 4986 spiritus
2698 4959 2711 4979 ,
2739 4915 2827 4985 qui
2868 4915 3113 4983 intelligit
3153 4915 3349 4977 Deum,
3381 4930 3500 4968 cum
3533 4931 3638 4986 quo

2055 5013 2349 5085 legitimum
2393 5011 2563 5082 possis
2593 5011 2788 5064 habere
2814 5008 3167 5070 connubium;
3202 5007 3298 5061 sed
3330 5022 3483 5062 error
3520 5009 3635 5063 dia-

2052 5107 2159 5161 boli
2191 5107 2366 5176 potius
2394 5105 2713 5166 dominatur,
2741 5102 2825 5171 qui
2876 5108 2927 5153 te
2974 5098 3267 5154 adulterina
3312 5103 3636 5156 contamina-

2053 5200 2199 5255 tionc
2226 5196 2538 5263 corrumpit.

2118 5355 2134 5385 ι
2155 5358 2251 5401 ttat.
2280 5358 2332 5399 et
2355 5348 2586 5409 plerique,
2602 5355 2727 5409 Mss,
2751 5358 2875 5409 quw.
2902 5354 3119 5409 Tumque
3145 5359 3206 5395 ex
3222 5345 3303 5409 his
3319 5344 3472 5393 codex
3512 5351 3636 5409 Valt-

2052 5427 2214 5473 canus,
2241 5405 2475 5474 signi/ient
2489 5405 2839 5458 multitudinem
2862 5405 3114 5473 pravorum
3136 5405 3318 5457 saeculi.
3340 5407 3634 5468 Navarricus,

2050 5465 2402 5528 multitudinem
2436 5483 2705 5535 puerorum.

2115 5540 2136 5569 ι
2169 5525 2464 5603 Fr._.etl.ov.',
2497 5530 2559 5603 iu_
2580 5532 2844 5603 equitum».
2876 5525 3630 5603 AtAttat.etMss.,in00ttiugiatt.

2050 5597 2282 5670 —-_Lu‘gd.
2312 5592 2863 5670 et_yren.,sincorgitqem
2926 5600 2979 5641 tt.

2118 5663 2139 5693 ι
2159 5653 2349 5721 Aliquot
2369 5664 2494 5719 Mss,
2520 5653 2828 5721 intelligente.
