4180 6214
326 265 404 322 61
1793 263 1911 321 LIB]

2034 255 2234 323 UNUS.
3556 291 3629 351 σε

324 401 396 448 ιιι
451 390 539 447 eui
579 390 696 444 vult
737 387 920 442 nubat.
966 386 1055 441 Sic
1092 384 1232 441 enim
1277 383 1404 438 dicit
1433 401 1447 438 :
1476 381 1666 438 Mulier
1692 381 1824 437 enim
1848 381 1939 437 sub

322 484 488 547 viro,
536 482 646 534 vivo
691 479 907 544 marito,
945 481 1127 545 juncta
1167 484 1239 530 est
1279 475 1375 544 legi
1407 489 1426 528 :
1455 476 1497 527 si
1522 484 1687 528 autem
1714 482 1939 526 mortuus

323 575 497 645 fuerit
546 574 620 626 vir
664 573 808 640 ejus,
856 577 1092 622 evacuate
1129 577 1201 620 est
1227 585 1256 620 a
1282 566 1388 636 lege
1412 565 1522 619 viri.
1556 563 1723 634 Igitur
1751 565 1938 617 vivente

320 667 448 717 viro
477 662 734 716 vocabitur
754 660 982 712 adultera
1003 698 1018 722 ,
1047 659 1090 711 si
1115 658 1260 729 fuerit
1287 673 1398 710 cum
1419 656 1518 708 alio
1539 655 1643 708 viro
1667 671 1683 707 :
1705 656 1748 706 si
1771 663 1936 706 autem

320 765 571 809 mortuus
613 753 767 823 fuerit
808 751 884 803 vir
926 751 1036 818 ejus
1059 790 1073 813 ,
1107 749 1313 802 liberata
1340 757 1411 802 est
1440 764 1471 800 a
1495 748 1602 817 lege
1623 787 1638 812 ,
1666 756 1722 800 ut
1747 763 1846 800 non
1870 748 1934 801 sit

323 847 573 898 adultera
593 885 608 906 ,
637 845 682 896 si
707 843 858 913 fuerit
884 858 998 894 cum
1027 841 1129 893 alio
1155 841 1278 894 viro.
1314 839 1425 894 Huc
1450 855 1615 908 usque
1640 839 1932 894 similitudo

325 945 444 990 est.
494 933 699 988 Deinde
747 931 929 1000 incipit
971 947 1081 986 rem
1130 931 1300 999 loqui,
1349 930 1435 985 cui
1478 930 1824 999 explananda:
1868 945 1930 986 ac

326 1027 631 1098 probandae
658 1023 1058 1079 similitudinem
1087 1022 1307 1076 induxit.
1343 1021 1397 1074 ln
1425 1036 1524 1092 qua
1553 1021 1710 1076 etiam
1741 1037 1801 1076 re
1831 1021 1929 1076 tria

323 1120 585 1173 similiter
632 1115 951 1170 attendenda
998 1122 1167 1178 sunt;
1215 1114 1413 1173 homo.
1462 1122 1774 1182 peceatum,
1820 1113 1924 1167 lex.

324 1212 562 1268 Tamdiu
603 1211 745 1264 enim
785 1208 913 1263 dicit
941 1206 1039 1260 sub
1064 1207 1178 1275 lege
1205 1220 1323 1260 esse
1349 1203 1616 1259 hominem
1636 1246 1651 1270 ,
1676 1203 1925 1273 quamdiu

323 1305 463 1357 vivit
486 1311 705 1372 peccato
729 1318 742 1363 ;
777 1296 1225 1370 quemadmodum
1254 1294 1452 1350 tamdiu
1475 1291 1666 1348 mulier
1690 1295 1788 1349 sub
1811 1294 1926 1365 lege

322 1396 436 1450 viri
464 1403 553 1450 est
577 1435 590 1458 ,
619 1376 868 1462 quamdiu
893 1388 1021 1443 vivit
1043 1387 1123 1441 vir
1145 1388 1184 1440 ¹.
1215 1387 1322 1442 lloe
1345 1393 1520 1439 autem
1543 1393 1818 1454 peccatum
1841 1384 1926 1440 hic

323 1483 740 1555 intelligendum
760 1492 862 1543 est,
885 1480 1027 1552 quod
1048 1478 1273 1534 accessit
1294 1492 1386 1547 per
1409 1477 1600 1546 legem.
1624 1475 1774 1544 Quod
1798 1491 1922 1544 pec-

322 1588 514 1634 catum
563 1577 688 1630 dicit
724 1590 884 1644 supra
927 1571 1144 1626 modum
1192 1585 1344 1633 esse;
1391 1568 1640 1639 quoniam
1666 1582 1788 1621 cum
1812 1566 1921 1635 jam

326 1677 590 1739 appareat
613 1681 735 1722 esse
760 1673 1036 1734 peccatum
1062 1703 1076 1728 ,
1107 1661 1164 1714 lit
1188 1670 1365 1714 tamen
1383 1700 1397 1722 ,
1427 1667 1480 1713 et
1507 1657 1752 1726 adjuncta
1780 1672 1918 1725 prte-

328 1762 657 1817 varieatione
704 1757 1000 1812 cumulatur
1031 1756 1072 1806 '.
1119 1751 1214 1807 Ubi
1263 1752 1396 1805 enim
1435 1767 1534 1803 non
1572 1759 1641 1802 est
1664 1749 1744 1802 lea:
1769 1789 1784 1812 ,
1832 1763 1920 1802 nec

329 1848 720 1926 ρτωωτίσαιὶο(
746 1848 895 1902 Rom.
925 1845 1144 1913 1v,15).
1164 1843 1231 1897 Et
1257 1843 1359 1897 hoc
1384 1849 1466 1896 est
1493 1839 1628 1910 quod
1658 1839 1814 1904 dicit,
1852 1837 1919 1892 Ut

329 1948 427 2017 ﬁat
468 1962 622 2012 supra
665 1942 870 1996 modum
908 1947 1138 2010 peccator
1157 1979 1172 2002 ,
1202 1945 1288 1989 aut
1321 1944 1576 2004 peccatum
1603 1933 1625 1965 ³
1653 1949 1744 2002 per
1768 1949 1916 1986 man-

331 2041 528 2093 datum.
571 2037 906 2105 Quapropter
933 2032 1105 2100 legem
1123 2071 1138 2095 ,
1171 2027 1409 2097 quamvis
1437 2041 1467 2080 a
1495 2023 1760 2096 peccando
1791 2039 1916 2093 pro-

329 2131 658 2194 hibeat,non
689 2137 866 2180 tamen
896 2124 972 2177 sic
998 2121 1128 2176 dicit
1153 2120 1352 2185 datam,
1376 2127 1432 2171 ut
1458 2117 1707 2173 liberaret
1736 2130 1764 2168 a
1796 2130 1917 2184 pec-

327 2233 482 2286 cato;
531 2220 625 2274 sed
672 2227 732 2272 ut
772 2216 1162 2270 demonstraret
1205 2219 1512 2280 peccatum,
1559 2207 1644 2262 cui
1677 2207 1916 2262 serviens

327 2317 504 2370 annua
530 2313 688 2368 debet
714 2325 774 2364 se
798 2309 862 2362 ad
891 2306 1114 2377 gratiam
1139 2302 1462 2357 Liberatoris
1489 2308 1800 2355 convertere
1816 2339 1831 2362 ,
1860 2307 1913 2353 ut

322 2423 354 2461 a
401 2414 625 2482 peccato
670 2403 940 2458 liberetur.
986 2396 1089 2452 Per
1129 2398 1288 2464 legem
1323 2394 1456 2447 enim
1485 2392 1700 2462 cognitio
1728 2391 1915 2460 peccati

325 2497 443 2571 (Id.
487 2512 585 2560 ιιι,
630 2494 741 2560 2i).
792 2492 859 2544 Et
895 2489 1001 2542 alio
1041 2487 1157 2541 loco
1197 2485 1362 2539 dicit:
1397 2482 1502 2538 Sed
1531 2491 1829 2550 peccatum,
1861 2491 1912 2536 ut

323 2598 580 2660 appareat
606 2592 860 2658 peccatum
884 2621 898 2647 ,
930 2597 1018 2652 per
1042 2580 1225 2633 bonum
1250 2585 1509 2646 operatum
1534 2584 1604 2629 est
1630 2574 1753 2626 mihi
1779 2590 1912 2625 utor-

322 2691 444 2735 tem.
493 2679 592 2734 Ubi
631 2691 758 2746 ergo
791 2690 897 2728 non
930 2681 1012 2727 est
1033 2671 1199 2740 gratia
1230 2667 1584 2731 Liberatoris,
1613 2673 1768 2735 anget
1794 2679 1912 2734 pce-

325 2771 486 2827 candi
531 2767 852 2823 desiderium
896 2762 1182 2832 prohibitio
1217 2768 1575 2830 peccatorum.
1611 2757 1760 2823 Quod
1795 2757 1913 2826 qui-

331 2862 458 2916 dem
487 2859 556 2914 ad
586 2859 687 2912 hoc
713 2857 840 2912 utile
867 2863 982 2920 est,
1015 2862 1074 2908 ut
1099 2851 1292 2907 sentiat
1315 2850 1488 2905 anima
1518 2863 1575 2902 se
1608 2848 1774 2918 ipsam
1805 2862 1910 2902 non

325 2953 425 3008 sibi
471 2950 716 3006 sulﬁcere
753 2949 819 3002 ad
864 2944 1252 3001 extrahendum
1301 2959 1362 2999 se
1401 2942 1470 2998 de
1503 2943 1757 2999 servitute
1787 2955 1911 3010 pec-

323 3044 431 3098 cati
459 3059 473 3107 ;
518 3049 676 3112 atque
716 3040 820 3094 hoc
855 3039 1017 3093 modo
1049 3037 1444 3092 detmueseente
1469 3043 1626 3104 atque
1652 3034 1908 3089 exstincta

322 3138 472 3193 muni
510 3135 756 3206 superbia
777 3171 792 3195 ,
838 3132 1093 3188 subdatur
1119 3131 1414 3186 Liberatori
1443 3144 1540 3184 suo
1563 3170 1578 3194 ,
1610 3129 1911 3185 sinceriter-

320 3239 425 3300 qu’e
472 3227 635 3281 homo
676 3226 845 3289 dicat,
893 3223 1120 3278 Adltmit
1157 3222 1326 3276 annua
1367 3237 1477 3274 mea
1517 3230 1626 3287 post
1664 3230 1710 3274 te
1737 3219 1909 3290 (Psal.

323 3335 432 3378 uti
455 3357 470 3388 ,
522 3320 580 3390 9)
628 3335 642 3372 :
691 3318 830 3389 quod
877 3328 960 3372 est
978 3317 1087 3387 jam
1116 3331 1220 3370 non
1249 3329 1368 3370 esse
1395 3314 1495 3370 sub
1523 3313 1639 3384 lege
1669 3314 1905 3383 peccati,

319 3417 414 3472 sed
457 3417 510 3470 in
551 3414 666 3484 lege
703 3411 942 3482 justitite.
971 3411 1078 3466 Lex
1108 3418 1284 3464 autem
1311 3409 1511 3478 peccati
1537 3407 1732 3464 dicitur
1753 3448 1769 3474 ,
1801 3425 1910 3464 non

317 3508 444 3577 quia
491 3507 577 3560 lex
623 3505 738 3573 ipsa
787 3509 1059 3573 peccatum
1103 3510 1222 3561 est,
1265 3500 1358 3555 sed
1388 3501 1507 3571 quia
1540 3501 1908 3570 peccatoribus

316 3596 628 3666 imponitur.
678 3593 804 3648 ideo
853 3593 1010 3646 etiam
1057 3592 1141 3646 lex
1185 3591 1397 3655 mortis,-
1448 3592 1568 3660 qnia
1603 3592 1912 3662 stipendium

319 3686 551 3756 peccati,
591 3699 727 3738 mors
763 3683 937 3751 (Rom.
976 3700 1024 3742 \'l
1049 3719 1064 3749 ,
1094 3683 1186 3754 15)
1213 3700 1230 3746 ;
1261 3682 1466 3736 aculeus
1493 3686 1668 3770 mortis
1689 3725 1702 3748 ,
1733 3701 1906 3754 pecca-

320 3786 469 3839 tum;
503 3776 662 3828 virtus
697 3785 866 3826 autem
907 3775 1126 3843 peccati,
1159 3777 1240 3826 lea:
1268 3773 1308 3844 (Ι
1339 3773 1455 3827 Cor.
1491 3789 1560 3828 xv
1581 3816 1594 3836 ,
1623 3774 1737 3845 56).
1771 3776 1904 3830 Pce-

318 3864 492 3921 cando
529 3866 672 3919 enim
707 3863 774 3918 ad
815 3871 1038 3917 mortem
1079 3864 1321 3917 labimur.
1354 3863 1732 3919 Vehementius
1761 3865 1902 3919 enim

317 3969 599 4026 peccamus
640 3955 757 4024 lege
804 3953 1150 4022 prohibente,
1188 3968 1346 4022 quam
1387 3953 1431 4006 si
1462 3954 1602 4007 nulla
1632 3955 1743 4023 lego
1774 3970 1896 4023 pro-

321 4049 648 4102 hiberentur.
687 4045 986 4100 Aceedente
1030 4053 1204 4098 autem
1248 4045 1444 4114 gratia,
1491 4044 1718 4112 idipsum
1755 4046 1898 4115 quod

318 4139 409 4194 lex
445 4151 672 4192 oneme
705 4136 970 4205 iusserat,
997 4135 1106 4204 jam
1138 4136 1252 4190 sine
1276 4150 1438 4189 onere
1464 4149 1526 4188 ac
1554 4134 1900 4191 libentissime

316 4227 618 4297 implemus.
662 4227 768 4283 Lex
808 4243 934 4297 ergo
971 4228 1168 4296 peccati
1209 4237 1262 4281 et
1306 4228 1523 4290 mortis,
1555 4227 1753 4294 idest,
1783 4241 1901 4297 quae

316 4319 561 4389 imposita
607 4328 688 4373 est
730 4319 1072 4387 peccantibus
1108 4327 1266 4387 atqdc
1305 4319 1652 4374 morientibus
1676 4361 1689 4384 ,
1743 4321 1894 4388 jubet

317 4420 519 4466 tantum
558 4427 630 4465 ue
666 4412 1131 4480 concupiscamus,
1171 4419 1226 4464 et
1253 4419 1424 4464 tamen
1455 4411 1894 4481 concupiscimus.

316 4501 424 4556 Lex
460 4507 644 4557 autem
683 4501 901 4570 spiritus
941 4501 1096 4564 vitae,
1139 4517 1258 4568 qua:
1290 4501 1515 4570 pertinet
1541 4501 1605 4555 ad
1631 4502 1854 4571 gratiam
1877 4543 1893 4568 ,

317 4597 368 4646 et
409 4592 596 4647 liberat
639 4608 666 4644 a
711 4591 827 4660 lege
854 4591 1050 4660 peccati
1078 4600 1131 4645 et
1159 4593 1377 4655 mortis,-
1408 4591 1530 4646 l‘acit
1555 4601 1740 4646 utnon
1770 4607 1899 4648 con-

320 4686 682 4752 cupiscamus,
709 4693 762 4738 et
789 4685 1102 4754 impleamus
1120 4683 1266 4753 iussa
1295 4684 1424 4754 legis
1444 4726 1458 4749 ,
1490 4699 1594 4739 non
1619 4685 1728 4753 jam
1757 4689 1896 4740 servi

315 4774 448 4844 legis
493 4789 587 4843 per
631 4776 905 4840 timorem,
956 4774 1050 4830 sed
1099 4775 1253 4828 amici
1305 4788 1398 4843 per
1445 4775 1793 4838 charitatem,
1843 4786 1898 4832 et

310 4865 450 4920 servi
487 4865 707 4934 justitia:
756 4865 896 4921 unde
941 4866 1027 4920 illa
1073 4865 1153 4920 lex
1187 4867 1511 4936 promulgata
1537 4876 1639 4921 est.
1670 4867 1896 4925 Iustitiae

308 4965 484 5010 autem
515 4969 626 5010 non
651 4955 916 5012 serviliter
935 4984 955 5019 ,ι
979 4955 1076 5012 sed
1103 4956 1390 5012 liberaliter
1417 4958 1757 5013 serviendum
1781 4968 1891 5025 est,

309 5046 357 5100 id
399 5056 518 5109 est,
558 5046 821 5102 cbaritate
847 5048 1021 5117 potius
1046 5063 1203 5116 (piam
1231 5049 1437 5104 timore.
1472 5049 1701 5120 Ideoque
1729 5055 1895 5107 veris-

309 5136 438 5191 sime
484 5136 686 5191 dictum
725 5145 808 5192 eat
830 5177 844 5203 ,
880 5137 1060 5208 Legem
1099 5155 1218 5209 ergo
1256 5153 1556 5196 evasuamus
1586 5159 1674 5211 per
1698 5143 1894 5210 ﬁdem?

309 5226 442 5282 Absit
492 5243 512 5281 :
549 5228 640 5282 sed
663 5229 823 5298 legem
850 5231 1114 5284 statuimus
1141 5229 1316 5300 (Rom.
1347 5246 1440 5296 ιιι,
1472 5230 1582 5302 51).
1611 5232 1724 5288 Hoc
1751 5235 1890 5289 enim

310 5317 469 5373 efﬁcit
499 5317 632 5374 ﬁdes
651 5360 666 5384 ,
695 5319 837 5390 quod
859 5320 941 5375 lex
962 5320 1134 5390 jubet.
1167 5321 1426 5376 Statuitur
1445 5337 1574 5392 ergo
1586 5324 1680 5380 'lex
1707 5341 1800 5394 per
1829 5326 1892 5380 il-

533 5458 587 5502 et
607 5461 813 5516 quatuor
832 5461 968 5514 Mss,
981 5453 1099 5505 viro.

367 5505 495 5583 *Sic
523 5505 736 5576 potiores
771 5517 879 5567 Mss.
920 5505 976 5565 Δὶ
1010 5513 1152 5577 editi,
1191 5515 1516 5578 cumulatum;
1552 5518 1629 5568 vel
1675 5520 1891 5573 cumula-

297 5569 552 5708 ξῗξθῐξάίιῇ,
593 5642 677 5686 aut
703 5650 908 5708 peccans
925 5644 1191 5708 peccatum.
1210 5643 1415 5694 Verbum
1433 5676 1448 5704 ,
1475 5649 1676 5706 peream
1690 5681 1705 5708 ,
1733 5655 1763 5696 α
1783 5652 1890 5699 Mss.

298 5681 1181 5769 1m‘a’.ﬁata'i€iiu’nt§ttiﬁg

2048 377 2167 465 dem
2201 398 2213 433 :
2243 397 2360 451 qua:
2389 379 2517 439 ﬁdes
2547 401 2590 439 sn
2620 403 2723 442 non
2754 390 2852 452 sit,
2880 391 3029 461 jubet
3057 399 3256 452 tantum
3285 396 3369 455 lex
3394 441 3410 467 ,
3443 403 3499 458 Et
3524 405 3632 461 usu

2047 463 2326 543 implcnles
2351 477 2497 546 jussa
2517 521 2530 543 ,
2555 497 2676 536 reos
2701 493 2845 538 tenet
2870 528 2881 548 ,
2910 496 2968 540 ut
2995 499 3085 542 eos
3114 463 3426 559 gementes"
3449 497 3627 554 etnon

2043 565 2282 620 valentes
2309 565 2529 636 implere
2559 589 2672 640 qum
2700 571 2843 642 jnssa
2875 587 2996 632 sunt
3022 622 3034 646 ,
3064 579 3131 634 ad
3154 575 3374 652 gratiam
3405 585 3626 644 Liberti-

2045 655 2173 709 toris
2200 657 2484 727 aliquando
2509 676 2799 718 convertat.

2110 748 2163 801 9..
2195 749 2325 803 Cum
2370 767 2497 821 ergo
2539 757 2630 808 tria
2675 758 2910 825 ﬂllt’cdlllll
2953 762 3002 814 in
3044 763 3126 818 illa
3169 765 3510 825 similitudine
3540 773 3624 825 via

2039 837 2290 904 deamus,
2325 845 2634 913 mulierem,
2669 851 2835 904 virum
2860 896 2873 917 ,
2917 866 2967 907 et
3000 855 3165 926 legem
3194 873 3207 923 ;
3239 865 3292 915 et
3329 867 3538 918 rurSum'
3570 863 3626 922 in"

2038 926 2137 983 hac
2162 947 2219 984 re
2247 942 2461 1002 propter
2489 952 2642 1000 quam
2672 941 2960 996 similitudo
2981 943 3209 1002 adhibita
3233 959 3333 1017 est,
3366 951 3484 1019 triti,
3509 954 3624 1010 ani-3

2037 1035 2210 1085 mam,
2245 1033 2551 1092 peccatum,
2593 1040 2644 1082 et
2688 1031 2857 1100 legem
2906 1040 3102 1104 peccati
3137 1055 3148 1092 :
3184 1040 3284 1097 hoc
3323 1045 3492 1100 solum
3537 1045 3622 1105 hic

2035 1110 2300 1167 diversum
2347 1125 2460 1182 est,
2511 1120 2648 1188 quod
2695 1121 2744 1174 in
2782 1125 2864 1178 illa
2898 1129 3240 1188 similitudine
3269 1135 3349 1190 vlr
3376 1141 3617 1207 moritur,

2035 1210 2093 1256 ut
2122 1205 2282 1259 nubat
2311 1209 2499 1264 mulier
2525 1213 2606 1264 cui
2637 1215 2796 1279 volet,
2832 1226 2879 1271 ct
2911 1235 2938 1272 a
2971 1220 3084 1290 lege
3114 1225 3209 1279 viri
3239 1227 3503 1296 solvatur;
3536 1205 3622 1291 hie‘

2034 1301 2209 1347 autem
2244 1296 2352 1365 ipsa
2383 1300 2555 1354 anima
2583 1304 2806 1358 moritur
2832 1319 3068 1376 peccato,
3101 1319 3158 1366 lit
3187 1313 3347 1372 nnbat
3371 1317 3617 1390 Christo:

2031 1397 2148 1438 cum
2181 1398 2354 1441 autem
2391 1392 2613 1446 moritur
2642 1407 2884 1462 peccato,
2915 1402 3141 1456 moritur
3166 1407 3325 1461 etiam
3366 1407 3467 1481 legi
3495 1417 3618 1481 peca-

2030 1477 2153 1530 cati.
2187 1477 2395 1549 Itaque,
2442 1485 2542 1551 ait,
2587 1489 2765 1556 fratres
2804 1493 2898 1544 mei
2919 1535 2932 1558 ,
2964 1501 3012 1546 el
3041 1511 3125 1549 vos
3152 1502 3333 1554 mortui
3362 1477 3619 1576 estis'legi

2031 1589 2118 1640 per
2143 1585 2324 1642 corpus
2352 1579 2555 1648 Christi,
2588 1593 2640 1636 ut
2665 1585 2770 1640 sitis
2795 1589 3000 1644 ulterius
3026 1593 3109 1660 qui
3133 1611 3194 1647 ea:
3217 1597 3426 1652 tnortuis’
3449 1591 3616 1653 rem?-

2027 1667 2174 1731 rea'il,
2198 1677 2254 1720 ut
2280 1670 2637 1740 fructi/iccmus
2665 1673 2787 1731 Deo.
2813 1677 2935 1734 Cum
2963 1685 3093 1737 enim
3121 1701 3338 1740 essemus
3366 1690 3418 1742 in
3443 1685 3611 1758 carne,

2027 1755 2231 1826 inquit,
2272 1759 2322 1813 id
2354 1771 2463 1829 cst,
2496 1765 2794 1821 carnalibus
2825 1767 3099 1827 desideriis
3131 1777 3367 1833 obstricti
3400 1755 3612 1837 tenere;

2025 1861 2174 1909 mur,
2208 1851 2462 1918 passiones
2502 1867 2817 1924 peccatorum
2857 1877 2968 1930 qua:
2998 1879 3086 1934 per
3126 1864 3282 1936 legem
3311 1879 3454 1934 sunt,
3490 1875 3615 1941 ope-3‘

2023 1935 2266 1992 rebantur
2295 1942 2345 1995 in
2373 1945 2603 1999 membris
2633 1950 2814 2003 nostris
2837 1994 2849 2015 ,
2883 1961 2938 2004 ut
2977 1959 3193 2022 fructum
3232 1956 3418 2026 ferrent
3441 1935 3609 2016 morti.

2023 2030 2190 2083 Aucta
2221 2032 2643 2101 conwpisccntia
2666 2081 2679 2104 ,
2712 2055 2866 2108 quam
2914 2041 2994 2096 lex
3045 2045 3287 2112 prohibet
3310 2051 3354 2112 ',
3386 2051 3472 2104 ubi
3505 2051 3612 2105 noli

2023 2129 2135 2175 erat
2162 2121 2312 2187 ﬁdes,
2343 2133 2395 2179 et
2419 2127 2483 2179 ad
2509 2127 2774 2184 cumulum
2804 2143 3137 2201 peccatorum
3165 2137 3612 2206 pratvaricatlonld

2022 2213 2221 2268 crimen
2255 2225 2332 2270 est
2365 2216 2628 2286 adjectum
2663 2240 2675 2274 :
2706 2225 2824 2293 quia
2866 2226 2951 2279 ubi
2982 2243 3080 2281 non
3110 2239 3180 2282 est
3206 2229 3318 2297 Iern,
3352 2247 3441 2286 nec
3481 2237 3613 2302 prlii

2021 2305 2278 2360 varicatio.
2311 2307 2415 2362 llas
2459 2309 2584 2365 dicit
2630 2317 2926 2380 passiones,
2963 2327 3079 2388 qua:
3125 2335 3219 2390 per
3255 2323 3424 2392 legem
3463 2311 3606 2392 sunt,

2021 2398 2311 2463 operatus“
2356 2399 2408 2452 in
2455 2401 2707 2456 membris
2757 2407 2981 2470 nostris,
3029 2420 3083 2462 ut
3131 2409 3359 2466 fructum
3409 2413 3611 2471 ferrent

2019 2487 2196 2539 morti.
2227 2486 2339 2542 Sub
2368 2489 2480 2543 istis
2510 2491 2865 2559 passionibus,
2897 2503 3142 2566 tanquam
3172 2501 3270 2555 sub
3294 2497 3407 2556 viro
3434 2497 3610 2559 domi-

2019 2585 2212 2642 nante,
2260 2580 2448 2648 agebat
2495 2582 2669 2636 anima
2718 2593 2999 2656 antequam
3048 2592 3252 2645 veniret
3297 2587 3466 2663 gratia
3513 2593 3613 2666 per

2021 2663 2198 2720 ﬁdem.
2233 2663 2326 2722 llis
2358 2683 2485 2742 ergo
2517 2675 2851 2741 passionibus
2879 2679 3134 2747 moritur,
3177 2683 3263 2750 qui
3300 2683 3409 2752 jam
3446 2663 3614 2743 Serv"

2021 2763 2196 2812 mente
2247 2757 2344 2828 legi
2397 2759 2524 2826 Dei;
2583 2766 2823 2834 quamvis
2873 2768 2997 2837 ipsa:
3051 2772 3325 2840 passiones
3371 2775 3610 2835 nondum

2017 2855 2239 2900 mortuae
2261 2849 2387 2916 sint,
2411 2854 2660 2921 quamdiu
2685 2869 2846 2910 carne
2868 2857 3030 2913 servit
3053 2859 3152 2930 legi
3176 2859 3398 2931 peccati.
3425 2859 3612 2923 licam

2016 2951 2144 3008 ergo
2186 2939 2358 2996 adhuc
2397 2941 2592 3013 aliquid
2634 2947 2682 3000 ei
2717 2948 2804 3016 qui
2842 2957 2922 3004 est
2956 2951 3054 3007 sub
3083 2953 3281 3023 gratia,
3316 2957 3454 3024 quod
3484 2958 3611 3015 emit

2016 3044 2121 3084 non
2159 3032 2364 3097 vincat,
2411 3050 2509 3090 nec
2549 3039 2813 3105 captivum
2842 3039 3030 3107 ducat,
3064 3043 3234 3100 donec
3257 3048 3613 3110 mortiﬁcetut'

2018 3128 2182 3174 totum
2206 3124 2343 3190 quod
2366 3127 2750 3183 consuetudine
2773 3143 2930 3199 prava
2955 3133 3264 3190 roboratum
3287 3147 3368 3193 est
3391 3150 3443 3194 et
3465 3135 3606 3199 unde

2014 3225 2208 3280 corpus
2248 3214 2404 3269 etiam
2448 3231 2587 3272 nunc
2625 3227 2890 3275 mortuum
2934 3237 3053 3278 esse
3095 3225 3320 3293 dicitur,
3354 3229 3609 3298 quatttdliil

2016 3318 2119 3356 non
2151 3303 2382 3372 perfecte
2418 3309 2581 3362 servit
2621 3309 2845 3380 Spiritui.
2881 3313 3159 3385 Continget
3187 3319 3361 3373 autem
3393 3313 3448 3374 nl
3477 3323 3604 3390 per-5

2014 3395 2150 3452 tecte
2187 3395 2418 3464 serviat,
2466 3415 2583 3455 cum
2631 3402 2789 3458 fuerit
2831 3411 2886 3459 et
2932 3406 3102 3476 ipsum
3148 3410 3371 3466 mortale
3408 3409 3608 3484 Carpus

2014 3487 2353 3544 viviﬁcatum.

2083 3579 2135 3633 5.
2169 3579 2249 3634 Ex
2282 3597 2385 3650 quo
2414 3583 2913 3653 comprehendimus
2942 3601 3168 3659 quatuor
3196 3597 3316 3650 esse
3345 3585 3600 3655 ditiorem

2012 3669 2111 3723 tias
2137 3671 2294 3725 etiam
2325 3671 2376 3726 in
2407 3689 2510 3727 uno
2538 3675 2767 3739 homine,
2794 3679 2982 3747 quibus
3007 3682 3264 3750 gradatim
3295 3685 3518 3753 peractis
3543 3679 3599 3744 iii

2010 3761 2114 3815 vita
2146 3772 2341 3816 aeterna
2371 3765 2686 3820 manebitur.
2717 3769 2846 3833 Quia
2879 3772 3020 3824 enim
3050 3774 3329 3841 oportebat
3361 3781 3518 3843 atque
3543 3775 3601 3831 id

2005 3853 2203 3921 justum
2251 3864 2398 3919 erat,
2430 3867 2482 3910 ul
2524 3868 2866 3928 posteaquam
2900 3871 3086 3916 natura
3121 3873 3296 3916 nostra
3335 3867 3594 3935 peccavit;

2011 3945 2201 3997 amissa
2249 3945 2569 4000 beatitudine
2617 3950 2893 4015 spirituali,
2937 3965 3054 4018 quae
3109 3952 3338 4018 paradisi
3383 3948 3602 4012 ncillan

2010 4037 2353 4107 signiﬁcatur,
2379 4039 2631 4093 animales
2652 4043 3001 4112 earnalesque
3028 4057 3398 4111 nasceremur;
3427 4050 3596 4118 primit

2009 4137 2090 4181 est
2125 4127 2264 4182 actio
2299 4135 2423 4181 ante
2449 4128 2641 4197 Legem
2664 4173 2677 4196 ,
2712 4132 2940 4185 secunda
2982 4135 3080 4188 sub
3108 4134 3279 4204 Lege,
3314 4139 3466 4192 tertia
3497 4130 3603 4197 sub

2006 4219 2192 4288 gratia.
2217 4230 2399 4286 quarta
2424 4220 2473 4272 in
2501 4235 2646 4289 pace.
2673 4223 2816 4288 Ante
2831 4223 3024 4293 Legem
3047 4226 3184 4280 actio
3207 4233 3307 4292 est,
3331 4239 3448 4283 enm
3474 4239 3596 4300 pecai

2007 4319 2178 4363 catum
2210 4310 2531 4378 ignoramus,
2562 4320 2614 4365 et
2645 4315 2916 4383 sequimur
2943 4318 3184 4372 carnales
3214 4323 3594 4391 concupiscam

2009 4402 2126 4456 tias.
2157 4401 2265 4457 Sub
2293 4399 2430 4471 Lege
2462 4412 2542 4457 cst
2571 4406 2728 4471 actio,
2756 4421 2874 4461 cum
2903 4407 3011 4477 jam
3044 4409 3389 4478 prohibemur
3417 4429 3444 4466 a
3473 4419 3594 4484 μέσσα

2005 4499 2158 4557 cato,
2207 4501 2258 4546 et
2304 4502 2479 4546 tamen
2523 4497 2903 4551 consuetudine
2951 4499 3066 4567 ejus
3110 4502 3233 4555 victi
3283 4511 3590 4572 peccamus;

2005 4583 2251 4651 quoniam
2285 4597 2380 4636 nos
2412 4586 2642 4638 nondum
2674 4587 2883 4656 adjuvat
2919 4589 3070 4644 ﬁdes.
3102 4592 3280 4646 Tertia
3316 4595 3452 4649 actio
3488 4605 3591 4659 cs',’

2005 4674 2217 4742 quando
2256 4676 2362 4743 jam
2409 4676 2711 4744 plenissime
2750 4680 3016 4737 credimds
3054 4683 3348 4740 Liberatori
3382 4693 3588 4749 uagitu“,

2005 4781 2105 4820 nec
2127 4767 2328 4820 meritis
2353 4770 2547 4823 nostris
2573 4771 2766 4840 aliquid
2793 4773 3090 4839 tribuimus,
3122 4777 3218 4831 sed
3243 4778 3358 4845 ejus
3382 4779 3590 4833 mtscrt-l

2003 4858 2237 4912 cordiam
2286 4859 2585 4930 diligendo,
2623 4863 2731 4931 jam
2781 4877 2884 4918 non
2932 4866 3195 4921 vincimur
3237 4867 3590 4926 delectatiund

2003 4945 2394 5005 consuetudinis
2437 4953 2621 5018 malae,
2653 4968 2774 5008 cum
2820 4955 2888 5009 ad
2927 4961 3204 5024 peccatum
3253 4959 3347 5013 nos
3390 4959 3589 5016 (tacere

2003 5043 2184 5096 nititur
2202 5059 2214 5105 ;
2230 5044 2332 5098 -sed
2357 5053 2530 5098 tamen
2554 5045 2723 5100 adhuc
2745 5061 2859 5100 eam
2883 5048 3309 5118 interpellantem
3333 5039 3583 5120 patimur;

2001 5133 2241 5201 quamvis
2285 5135 2332 5188 ei
2383 5151 2490 5188 non
2539 5135 2822 5189 tradamur.
2869 5135 3065 5205 Quarta
3114 5147 3196 5196 est
3246 5143 3410 5206 actio,
3463 5145 3584 5197 emo

2001 5223 2217 5275 omnino
2245 5223 2370 5277 nihil
2397 5235 2476 5277 est
2504 5224 2553 5278 in
2583 5225 2794 5279 homine
2821 5228 2958 5297 quod
2983 5231 3193 5285 resistat
3219 5232 3460 5301 spiritui;
3487 5231 3580 5286 Sed

2001 5313 2176 5366 omnia
2220 5314 2430 5368 sibimet
2476 5317 2811 5372 concorditer
2842 5319 3025 5389 juncta
3056 5333 3110 5377 et
3143 5331 3380 5377 conneXa
3417 5323 3581 5378 unum

2066 5465 2082 5538 ξ
2120 5463 2306 5526 Aliquot
2321 5471 2449 5538 Mss,
2469 5465 2791 5538 gfzitisrcntes.
3074 5534 3083 5538 _
3303 5535 3306 5538 _

2064 5527 2083 5555 ’
2117 5533 2228 5603 Scin
2252 5533 2374 5580 Mss.,
2401 5533 2450 5603 ut
2471 5527 2695 5603 ’frt'rt'uyt
2721 5533 2900 5603 ferrent
2943 5534 3083 5583 morti
3121 5535 3314 5603 (ntctqut
3350 5527 3576 5603 (aucupi;

2000 5587 2224 5658 licentiam
2243 5613 2258 5641 ,-
2282 5597 2390 5635 cum.
2415 5587 2494 5636 10.15
2519 5587 2746 5651 prohibet.
2774 5594 2966 5658 Quidam
2993 5609 3128 5653 vero,
3159 5593 3446 5658 prohiberet.

2064 5649 2084 5676 ³
2118 5654 2188 5695 Er.
2228 5656 2277 5696 et
2313 5657 2416 5732 Lovl.
2437 5685 2450 5707 ,
2480 5649 2704 5713 operattc.
2731 5654 2898 5703 Melius
3332 5682 3394 5698 ·-
3428 5655 3561 5727 ωαι

2083 5715 2180 5732 ιη...
2249 5722 2390 5732 ﬂ.--"
2417 5725 2455 5732 ._
2587 5719 2642 5732 η-
2693 5720 2736 5732 λι
2966 5721 3004 5732 .-
3567 5725 3578 5732 .

3582 5732 3589 5759 l

2002 5714 2053 5759 et
2083 5715 2222 5772 ven.,
2246 5715 2484 5775 operulas,
2511 5721 2566 5766 ut
2582 5719 2660 5763 Er.
2687 5720 2740 5766 et
2757 5720 2867 5768 nov.
2962 5715 3023 5767 ιι.
