4134 6208
522 369 722 443 aliquid
745 371 901 427 iirma
925 383 1059 443 pace
1083 370 1387 428 custodiunt
1412 389 1427 427 :
1454 371 1597 442 quod
1625 371 1715 427 flet
1750 368 1962 426 mortali
1988 382 2110 424 cor-

519 475 653 535 pore
674 461 962 530 viviﬁcato,
992 477 1113 519 cum
1143 462 1488 533 corruptibile
1530 462 1631 518 hoc
1666 461 1901 518 induerit
1937 462 2112 516 incor-

520 555 858 626 ruptionem,
897 564 953 612 et
988 554 1214 612 mortale
1252 554 1353 613 hoc
1385 554 1617 612 induerit
1657 554 2108 610 immortalitatem

522 645 567 715 (l
594 644 711 703 Cor.
733 662 826 715 xv,
857 647 947 712 54,
979 646 1092 717 55).

593 737 648 793 4.
678 736 763 793 Ad
791 738 1014 807 primam
1044 738 1305 795 actionem
1333 736 1802 795 demonstrandam
1832 737 1932 793 ista
1962 737 2112 793 testi-

519 826 699 883 monia
726 827 937 884 interim
966 840 1253 888 occurrunt
1282 849 1296 886 :
1330 830 1432 886 Per
1460 847 1616 885 unum
1652 830 1903 885 hominem
1934 846 2110 900 pecca-

521 924 629 972 tum
653 918 707 972 in
742 918 875 973 hunc
911 922 1157 976 mundum
1181 921 1418 987 intravit,
1450 931 1497 976 et
1526 938 1616 991 per
1652 931 1912 992 peccatum
1936 936 2106 986 mors;

519 1017 569 1063 et
592 1011 666 1065 sic
693 1026 782 1081 per
807 1028 978 1067 omnes
1006 1013 1231 1067 homines
1259 1014 1546 1085 pertransiit
1563 1056 1578 1080 ,
1612 1014 1667 1068 in
1691 1030 1791 1084 quo
1816 1030 1987 1068 omnes
2014 1014 2106 1067 ho-

518 1099 678 1155 mines
706 1111 1049 1171 peccaverunt.
1089 1101 1258 1172 Usque
1295 1104 1363 1156 ad
1393 1104 1552 1173 legem
1588 1103 1720 1157 enim
1758 1114 2015 1173 peccatum
2051 1106 2106 1159 in

520 1192 618 1247 hoc
640 1195 831 1248 mundo
854 1194 972 1264 fuit.
1004 1194 1271 1250 Peccatum
1294 1205 1464 1251 autem
1488 1213 1588 1251 non
1614 1191 1969 1267 deputabatur,
1991 1214 2105 1252 cum

519 1283 605 1338 lea:
629 1299 729 1339 non
755 1295 880 1340 esset
920 1285 1093 1356 (Rom.
1124 1302 1176 1352 v,
1210 1286 1277 1341 l2
1297 1328 1312 1351 ,
1342 1285 1454 1357 15).
1484 1286 1551 1342 Et
1577 1287 1767 1343 iterum
1797 1306 1811 1342 :
1845 1288 1972 1344 Sine
1998 1288 2106 1359 lege

517 1374 649 1428 enim
685 1388 943 1446 peccatum
982 1384 1233 1431 mortuum
1272 1387 1384 1443 est;
1422 1393 1512 1448 ego
1554 1386 1719 1434 autem
1756 1379 1974 1435 vivebam
2002 1382 2103 1435 ali-

515 1465 719 1534 quando
745 1466 855 1521 sine
881 1466 1008 1537 lege.
1035 1468 1188 1535 Quod
1216 1469 1359 1525 enim
1400 1468 1487 1524 hic
1524 1468 1680 1537 dicit,
1712 1479 1966 1524 mortuum
1991 1479 2102 1538 est;

515 1554 619 1611 hoc
644 1566 727 1613 est
753 1557 892 1629 quod
922 1560 1166 1630 superius
1193 1560 1323 1617 dicit
1339 1603 1356 1630 ,
1382 1578 1485 1616 non
1510 1563 1846 1634 deputabatur
1862 1607 1879 1634 ,
1919 1565 1973 1621 id
1997 1574 2100 1635 est,

515 1646 734 1704 latebat.
776 1650 928 1718 Quod
970 1651 1273 1710 manifestat
1312 1654 1364 1709 in
1407 1658 1852 1728 consequentibus
1897 1659 2100 1727 dicens,

515 1736 624 1793 Sed
650 1751 943 1809 peccatum,
971 1753 1025 1799 ut
1055 1755 1299 1817 appareat
1336 1759 1591 1817 peccatum
1610 1791 1625 1818 ,
1655 1768 1746 1822 per
1771 1752 1953 1807 bonum
1978 1770 2101 1825 ope-

511 1840 682 1887 ratum
707 1844 782 1888 est
807 1836 935 1890 mihi
959 1848 1165 1893 mortem
1190 1856 1208 1893 :
1236 1840 1288 1895 id
1315 1850 1427 1906 est,
1458 1856 1554 1913 per
1579 1842 1783 1914 legem;
1812 1846 1932 1917 quia
1962 1845 2101 1901 bona

511 1931 599 1991 est
624 1922 727 1988 lex,
751 1924 796 1980 si
817 1926 937 1996 quis
958 1942 1021 1983 ea
1042 1929 1275 2000 legitime
1294 1940 1474 1987 utatur
1497 1932 1543 2004 (l
1562 1932 1696 1987 Tim.
1724 1949 1763 2001 ι,
1786 1932 1864 2007 8).
1893 1934 1949 1991 Si
1971 1951 2100 2007 ergo

512 2010 603 2068 hic
628 2013 732 2081 ait,
763 2024 819 2069 ut
855 2028 1103 2087 appareat
1138 2031 1432 2092 peccatum;
1460 2024 1795 2080 manifestum
1836 2034 1919 2081 est
1957 2027 2100 2098 quod

512 2103 757 2173 superius
784 2104 906 2161 ideo
933 2106 1144 2165 dicebat
1165 2120 1432 2167 mortuum
1461 2122 1646 2169 etnon
1669 2115 1945 2186 deputari,
1974 2119 2097 2189 quia

508 2208 616 2251 non
631 2198 921 2268 apparebat
938 2208 1221 2273 antequam
1238 2204 1355 2275 lege
1376 2205 1689 2276 prohibente
1705 2209 2094 2266 ostenderetur.

578 2286 633 2341 5.
667 2287 745 2343 Ad
790 2290 1075 2346 secundam
1115 2295 1381 2351 actionem
1419 2296 1519 2352 ista
1559 2299 1859 2355 testimonia
1897 2316 2095 2358 conve-

469 2430 472 2439 ,
506 2353 661 2452 niunt
686 2394 701 2431 :
729 2376 839 2433 La:
878 2390 1047 2435 autem
1088 2384 1418 2454 subintravit,
1461 2395 1514 2441 ut
1542 2387 1818 2444 abundaret
1856 2391 2096 2446 delictum

508 2464 684 2539 (Rom.
707 2482 765 2536 v,
792 2467 908 2542 20).
934 2472 1171 2529 Accessit
1194 2475 1338 2530 enim
1364 2485 1419 2531 et
1435 2478 1820 2548 prmvaricatio,
1847 2496 1966 2552 quae
1986 2498 2093 2538 non

501 2566 637 2616 erat.
674 2559 742 2615 Et
769 2561 899 2617 illud
938 2564 1082 2634 quod
1120 2564 1230 2635 jam
1276 2578 1748 2625 commemoratum
1790 2581 1873 2627 est
1912 2591 1924 2627 :
1968 2572 2094 2628 Cum

502 2664 722 2706 essemus
748 2653 880 2707 enim
907 2654 961 2708 in
988 2672 1173 2725 carne,
1217 2660 1474 2728 passiones
1513 2671 1832 2730 peccatorum
1864 2681 1976 2736 qua:
2002 2685 2093 2738 per

501 2739 661 2811 legem
684 2751 823 2807 sunt,
852 2745 1191 2814 operabantur
1213 2748 1282 2801 in'
1292 2750 1526 2806 membris
1550 2753 1764 2819 nostris,
1796 2763 1850 2809 ut
1871 2760 2091 2827 fructum

500 2831 691 2902 ferrent
724 2834 892 2888 morti.
925 2833 996 2889 Et
1023 2835 1149 2892 illud
1178 2855 1192 2893 :
1223 2837 1360 2905 Quid
1397 2856 1515 2912 ergo
1551 2842 1815 2900 dicemus?
1837 2845 1947 2901 Leu:
1970 2864 2089 2919 pec-

498 2928 668 2975 catum
705 2922 820 2977 est?
859 2923 998 2978 Absit
1032 2941 1052 2980 :
1089 2927 1181 2981 sed
1206 2938 1464 2998 peccatum
1492 2948 1592 2987 non
1631 2936 1839 3006 cognovi
1875 2938 1973 2992 nisi
2000 2957 2090 3009 per

498 3011 678 3083 legem.
704 3011 846 3068 Nam
861 3017 1319 3089 concupiscentiam
1338 3022 1638 3091 nesciebam,
1662 3027 1760 3081 nisi
1779 3028 1863 3082 lex
1880 3029 2083 3099 diceret,

499 3102 626 3160 Non
650 3108 991 3179 concupisces.
1030 3109 1308 3168 Occasione
1344 3125 1511 3170 autem
1549 3128 1755 3189 accepta
1773 3160 1787 3184 ,
1829 3132 2087 3191 peccatum

496 3209 589 3263 per
612 3195 909 3251 mandatum
938 3209 1201 3269 operatum
1227 3212 1298 3257 est
1326 3204 1381 3258 in
1406 3221 1485 3259 me
1506 3223 1704 3262 omnem
1728 3212 2087 3280 concupiscen-

497 3285 643 3341 tiam.
672 3286 743 3342 Et
767 3289 925 3358 paulo
948 3299 1065 3361 post
1094 3310 1107 3346 :
1138 3293 1457 3363 Adveniente,
1488 3298 1676 3369 inquit,
1703 3296 1942 3357 mandato
1965 3322 2082 3375 pec-

495 3387 665 3435 catum
691 3383 889 3437 revixit.
916 3383 1029 3455 Ego
1057 3396 1225 3441 autem
1249 3398 1476 3445 mortuus
1497 3408 1638 3461 sum,
1667 3404 1712 3448 et
1738 3396 1989 3452 inventum
2011 3409 2085 3454 est

497 3470 626 3525 mihi
651 3473 949 3529 mandatum
984 3477 1119 3547 quod
1152 3489 1259 3533 erat
1289 3481 1359 3534 ad
1383 3482 1534 3536 vitam
1554 3524 1570 3551 ,
1599 3485 1694 3539 hoc
1718 3503 1822 3542 esse
1847 3489 1916 3542 ad
1941 3506 2082 3544 mor-

495 3570 616 3617 tem.
646 3562 922 3621 Peccatum
956 3568 1091 3623 enim
1131 3573 1391 3628 occasione
1415 3585 1623 3647 accepta
1649 3595 1739 3648 per
1765 3582 2078 3648 mandatum,

494 3653 677 3726 fefellit
699 3674 796 3725 me,
829 3669 875 3714 et
900 3677 991 3732 per
1012 3662 1143 3717 illud
1162 3665 1368 3721 occidit.
1389 3666 1539 3736 Quod
1570 3685 1698 3741 ergo
1720 3671 1813 3738 ait,
1846 3671 2082 3731 Mortuus

492 3762 641 3815 sitm;
671 3750 784 3806 vult
812 3751 1070 3825 intelligi,
1098 3765 1362 3815 mortuum
1392 3775 1481 3817 me
1507 3776 1626 3818 esse
1659 3766 1880 3835 cognovi
1913 3786 1926 3821 :
1957 3772 2079 3839 quia

488 3837 602 3910 jam
628 3841 787 3898 etiam
811 3847 1245 3915 praevaricatione
1269 3862 1470 3921 peccat,
1501 3854 1588 3925 qui
1619 3855 1765 3912 videt
1790 3873 1885 3928 per
1909 3837 2077 3931 legem

492 3930 618 4000 quid
647 3932 822 3991 facere
850 3952 956 3992 non
978 3937 1199 4006 debeat,
1238 3950 1294 3998 et
1332 3953 1508 4000 tamen
1548 3944 1691 4002 facit.
1720 3947 1872 4017 Quod
1901 3930 2078 4009 autem

491 4020 595 4089 ait,
624 4021 831 4094 Fefellit
868 4043 947 4082 mc
974 4041 1236 4099 peccatum
1255 4074 1271 4100 ,
1297 4037 1558 4092 occasione
1580 4049 1784 4111 accepta
1817 4059 1906 4114 per
1929 4061 2079 4099 man-

492 4111 667 4167 datum
698 4130 718 4168 :
752 4116 869 4174 sive
909 4119 1032 4191 quia
1072 4124 1249 4178 suasio
1292 4124 1658 4185 delectationis
1695 4133 1762 4187 ad
1801 4111 2076 4203 peccatum

492 4202 860 4261 vehementior
872 4215 974 4275 est,
996 4224 1116 4265 cum
1137 4211 1293 4292 adest
1306 4215 1621 4285 prohibitio;
1644 4221 1755 4276 sive
1776 4202 1895 4292 quia
1918 4228 2075 4282 ctiam

492 4291 538 4346 si
565 4292 688 4362 quid
715 4293 875 4350 homo
905 4296 1087 4354 iecerit
1123 4284 1415 4358 secundum
1450 4305 1596 4374 jussa
1637 4308 1798 4379 legis,
1828 4313 1874 4367 si
1902 4314 2077 4371 adhuc

491 4395 599 4437 non
626 4382 694 4438 sit
719 4383 872 4454 ﬁdes,
895 4402 1014 4458 quae
1038 4391 1092 4446 in
1116 4393 1284 4462 gratia
1309 4404 1411 4463 est,
1436 4397 1549 4452 vult
1572 4399 1673 4455 sibi
1693 4401 1794 4457 hoc
1818 4403 2069 4475 tribuere,

489 4487 598 4529 non
623 4473 762 4543 Deo,
794 4486 850 4533 et
885 4481 1242 4550 superbiendo
1270 4484 1390 4556 plus
1419 4498 1620 4558 peccat.
1650 4491 1896 4565 Sequitur
1924 4473 2070 4569 ergo,

488 4571 546 4620 et
567 4564 695 4622 dicit
723 4584 738 4623 :
766 4566 948 4642 Itaque
985 4574 1068 4629 lea:
1092 4576 1292 4646 quidem
1314 4589 1520 4649 sancta,
1548 4590 1595 4636 et
1628 4564 1923 4642 mandatum
1949 4564 2070 4644 san-

487 4664 623 4712 ctum
641 4698 658 4725 ,
684 4668 732 4714 et
749 4661 972 4732 justum,
1004 4674 1052 4720 et
1078 4665 1281 4723 bonum.
1309 4669 1458 4737 Quod
1477 4690 1598 4746 ergo
1622 4675 1806 4731 bonum
1831 4687 1921 4743 est,
1950 4680 2074 4735 mihi

486 4751 677 4819 factum
703 4761 775 4807 est
799 4769 936 4811 mors
950 4755 977 4810 7
998 4756 1142 4813 Absit
1169 4775 1189 4814 :
1213 4761 1304 4816 sed
1331 4773 1587 4833 peccatum
1613 4776 1668 4820 ut
1694 4780 1937 4840 appareat
1959 4788 2074 4842 pec-

484 4848 687 4912 catum,
719 4859 810 4914 per
836 4843 1021 4903 bonum
1058 4860 1323 4922 operatum
1359 4862 1433 4909 est
1471 4856 1594 4910 mihi
1632 4868 1867 4927 mortem,
1896 4872 1951 4915 ut
1979 4864 2070 4932 ﬁat

483 4944 643 5000 supra
678 4935 882 4993 modum
924 4950 1158 5011 peccator
1174 4984 1191 5009 ,
1230 4953 1318 4999 aut
1353 4955 1614 5017 peccatum
1652 4950 1941 5021 delinquens
1982 4971 2073 5024 per

483 5021 800 5078 mandatum.
833 5027 1038 5086 Scimus
1074 5043 1240 5089 autem
1268 5036 1387 5106 quia
1415 5037 1496 5093 lea:
1529 5040 1808 5109 spiritualis
1844 5053 1917 5101 est
1937 5085 1951 5110 ,
1981 5021 2071 5117 ego

483 5116 655 5164 autem
679 5114 901 5170 carnalis
925 5133 1069 5187 sum,
1096 5121 1150 5177 id
1176 5132 1289 5191 est,
1323 5127 1467 5182 carni
1497 5131 1774 5185 consentio
1791 5174 1804 5197 ,
1838 5114 2069 5190 nondum

484 5201 746 5271 spirituali
772 5205 943 5275 gratia
969 5207 1222 5270 liberatus
1243 5216 1321 5289 (a)
1346 5236 1360 5274 :
1382 5221 1709 5278 venumdatus
1734 5224 1824 5278 sub
1846 5238 2067 5296 peccato,

482 5290 539 5347 id
561 5302 665 5361 est,
697 5309 925 5365 peccans
949 5300 1123 5369 pretio
1151 5310 1523 5377 temporalium
1549 5290 1905 5382 voluptatum.
1923 5290 2072 5382 Quod

482 5386 619 5441 enim
641 5402 842 5459 operor,
869 5391 1047 5463 ignoro
1073 5409 1093 5447 :
1119 5395 1170 5450 id
1195 5407 1295 5461 cst,
1324 5416 1428 5456 non
1456 5419 1685 5473 agnosco
1709 5423 1828 5463 esse
1859 5410 1908 5463 in
1939 5426 2074 5480 prte-

480 5478 655 5546 ceptis
676 5480 916 5538 veritatis
933 5524 950 5550 ,
982 5483 1068 5540 ubi
1093 5493 1175 5541 est
1199 5503 1321 5543 vera
1348 5492 1589 5550 scientia.
1613 5497 1913 5554 Secundum
1938 5478 2073 5558 hanc

480 5563 807 5627 locutionem
833 5572 962 5631 dicit
984 5574 1240 5636 Dominus
1266 5586 1653 5658 peccatoribus,
1681 5588 1803 5647 Non
1827 5594 1942 5649 novi
1962 5608 2069 5652 vos.

540 5663 622 5749 (a)
654 5685 674 5732 ι
693 5687 899 5739 actiact.
916 5699 1021 5754 cap.
1047 5688 1125 5743 28.

1219 248 1310 310 DE
1348 246 1659 311 DIVERSIS
1694 242 2213 320 QUAESTIONIBUS
2252 245 2556 322 LXXXIII,
2586 256 2645 311 S.
2686 257 3056 320 AUGUSTINI

3726 273 3798 335 64

2216 362 2331 419 Non
2361 369 2501 423 enim
2527 386 2648 426 cum
2673 373 2873 445 aliquid
2897 376 3045 447 latet,
3076 378 3170 435 sed
3195 381 3317 452 quia
3342 394 3555 455 peccata
3580 403 3687 447 non
3716 391 3796 446 in-

2214 458 2495 514 veniuntur
2516 461 2567 516 in
2588 464 2785 535 regulis
2809 479 3214 540 prreceptorum,
3240 490 3371 545 quas
3396 477 3555 536 habet
3573 483 3793 550 veritas,

2212 549 2332 605 ideo
2376 553 2487 621 ipsa
2527 551 2736 611 Veritas
2772 563 3136 628 peccatoribus
3174 565 3333 635 dicit,
3376 569 3496 626 Non
3536 577 3650 629 novi
3688 591 3793 632 vos.

2210 639 2357 696 Sicut
2384 645 2526 699 enim
2570 650 2802 705 tenebras
2841 655 3006 709 oculis
3045 672 3149 712 non
3192 660 3455 730 videndo,
3487 666 3556 721 ita
3584 680 3794 735 peccata

2211 742 2391 788 mente
2422 735 2712 805 ignorando
2737 744 3055 800 sentiuntur.
3080 748 3159 803 Ex
3188 751 3284 805 ista
3308 753 3574 811 locutione
3598 758 3795 814 dictum

2208 822 2440 879 arbitror
2471 828 2520 881 in
2552 828 2797 897 Psalmis,
2831 835 3024 891 Delicta
3051 842 3162 909 quis
3185 843 3415 916 intelligit
3445 847 3617 918 (Psal.
3641 867 3792 919 xvm,

2210 913 2298 986 15)
2319 916 2342 969 ?
2377 917 2495 973 Non
2521 924 2649 975 enim
2674 926 2809 994 quod
2828 930 2959 997 volo,
2989 933 3083 986 hoc
3108 952 3203 1005 ago
3226 952 3244 999 ;
3269 913 3362 992 sed
3379 913 3515 1011 quod
3538 945 3642 1006 odi,
3666 913 3797 999 illud

2208 1008 2362 1077 facio.
2394 1009 2457 1065 Si
2483 1023 2648 1067 autem
2674 1018 2811 1085 quod
2838 1021 2974 1085 nolo,
3008 1024 3101 1077 hoc
3129 1043 3243 1095 ago,
3274 1008 3525 1085 consentio
3549 1036 3648 1105 legi
3670 1053 3796 1107 quo-

2207 1098 2344 1151 niam
2387 1099 2517 1154 bona
2560 1113 2651 1157 est.
2684 1105 2836 1162 Nunc
2864 1121 3030 1165 autem
3051 1116 3163 1185 jam
3190 1134 3288 1172 non
3319 1137 3407 1190 ego
3436 1140 3616 1194 operor
3640 1128 3790 1192 illud,

2206 1191 2296 1244 sed
2318 1192 2374 1245 id
2396 1193 2533 1264 quod
2556 1195 2608 1249 in
2634 1214 2713 1251 me
2738 1199 2926 1254 habitat
2954 1216 3230 1272 peccatum.
3253 1209 3372 1265 Scio
3398 1191 3527 1268 enim
3550 1219 3667 1286 quia
3692 1236 3793 1274 non

2206 1279 2397 1334 habitat
2425 1283 2477 1336 in
2506 1301 2603 1352 me,
2634 1286 2729 1340 hoc
2754 1298 2826 1343 est
2854 1292 2903 1344 in
2928 1309 3078 1347 carne
3102 1312 3230 1360 mea,
3262 1300 3463 1356 bonum.
3503 1303 3639 1360 Velle
3662 1311 3794 1362 enim

2206 1369 2407 1442 adjacet
2437 1374 2590 1443 mihi,
2621 1378 2859 1446 perﬁcere
2886 1392 3053 1436 autem
3092 1387 3274 1440 bonum
3305 1407 3405 1445 non
3434 1394 3643 1450 invenio.
3673 1397 3793 1452 Non

2205 1464 2337 1516 enim
2377 1466 2665 1534 quod'volo
2684 1510 2700 1536 ,
2744 1474 2877 1542 facio
2907 1474 3126 1543 bonum;
3166 1482 3254 1534 sed
3277 1485 3413 1550 quod
3437 1488 3553 1541 nolo
3581 1491 3789 1557 malum,

2205 1552 2299 1606 hoc
2322 1569 2440 1624 ago.
2475 1555 2538 1610 Si
2563 1568 2727 1612 autem
2755 1563 2892 1631 quod
2919 1568 3065 1633 nolo,
3099 1569 3194 1623 hoc
3222 1573 3394 1642 facio;
3424 1578 3533 1646 jam
3574 1596 3672 1635 non
3699 1552 3792 1652 ego

2203 1656 2387 1710 operor
2422 1644 2553 1699 illud
2572 1688 2585 1711 ,
2622 1648 2711 1702 sed
2736 1650 2791 1703 id
2817 1655 2953 1722 quod
2980 1657 3170 1711 habitat
3199 1660 3250 1714 in
3280 1678 3358 1716 me
3382 1644 3657 1734 peccatum.
3694 1644 3792 1726 Iit-

2201 1734 2344 1787 venio
2374 1751 2491 1806 ergo
2521 1738 2679 1808 legem
2715 1742 2841 1796 mihi
2874 1744 3058 1800 volenti
3094 1753 3260 1818 facere
3297 1753 3479 1809 bonum
3499 1799 3514 1822 ,
3554 1762 3793 1828 quoniam

2202 1823 2393 1878 malum
2429 1827 2555 1881 mihi
2581 1830 2801 1899 adiacet.
2834 1833 3161 1892 Condelector
3194 1843 3324 1895 enim
3353 1843 3450 1915 legi
3482 1823 3578 1901 Dei
3609 1867 3791 1906 secun-

2203 1915 2326 1970 dum
2356 1918 2641 1975 interiorem
2673 1924 2925 1979 hominem
2952 1944 2969 1981 :
2993 1930 3136 1984 video
3163 1943 3329 1987 autem
3364 1937 3516 1992 aliam
3551 1942 3708 2012 legem
3736 1945 3791 1998 in

2200 2006 2436 2062 membris
2462 2011 2605 2075 meis,
2638 2027 3001 2084 repugnantem
3026 2019 3141 2089 legi
3163 2025 3340 2077 mentis
3367 2042 3489 2081 mete
3506 2071 3521 2092 ,
3551 2006 3789 2104 et'capti-

2199 2105 2397 2151 vantem
2438 2115 2516 2152 me
2551 2100 2605 2154 in
2633 2100 2741 2173 lege
2779 2108 2999 2174 peccati,
3030 2126 3143 2180 qua:
3173 2124 3247 2167 est
3286 2116 3339 2170 in
3374 2122 3607 2177 membris
3641 2126 3784 2181 meis.

2199 2184 2314 2239 lluc
2356 2201 2522 2256 usque
2565 2200 2689 2244 sunt
2729 2195 2891 2249 verba
2936 2196 3167 2256 hominis
3204 2204 3306 2259 sub
3344 2208 3458 2278 lege
3485 2191 3782 2286 constituti,

2197 2274 2432 2328 nondum
2480 2278 2579 2333 sub
2616 2282 2815 2350 gratia;
2846 2287 2933 2355 qui
2976 2289 3181 2346 etiamsi
3222 2296 3353 2350 nolit
3382 2274 3633 2368 peccare,
3662 2274 3787 2360 vin;

2196 2363 2336 2417 citur
2361 2380 2391 2419 a
2422 2377 2661 2436 peccato.
2693 2372 2917 2430 lnvaluit
2943 2379 3084 2434 enim
3124 2389 3449 2443 consuetudo
3476 2396 3707 2451 carnalis
3729 2405 3787 2454 et

2196 2455 2435 2511 naturale
2458 2458 2475 2488 ί
2504 2459 2768 2517 vinculum
2796 2469 3149 2539 mortalitatis,
3178 2491 3285 2545 quo
3306 2459 3373 2533 de
3398 2481 3564 2538 Adam
3591 2500 3787 2558 propa-

2193 2545 2299 2613 gati
2343 2561 2546 2603 sumus.
2577 2550 2832 2622 lmploret
2869 2573 2995 2629 ergo
3033 2566 3319 2635 auxilium,
3349 2572 3438 2640 qui
3472 2574 3552 2629 sic
3580 2545 3784 2646 positus

2194 2642 2308 2699 est,
2342 2645 2397 2690 ct
2426 2642 2631 2696 noverit
2662 2658 2814 2699 suum
2849 2648 3008 2705 fuisse
3051 2656 3191 2723 quod
3223 2660 3446 2729 cecidit,
3479 2642 3594 2721 non
3626 2683 3782 2726 suum

2193 2737 2311 2780 esse
2338 2729 2478 2796 quod
2509 2734 2695 2803 surgit.
2726 2735 2844 2791 Jam
2875 2741 3015 2796 enim
3047 2743 3300 2806 liberatus
3333 2766 3623 2822 agnoscens
3659 2774 3783 2829 gra-

2193 2814 2318 2869 tiam
2347 2816 2673 2879 Liheratoris
2702 2827 2783 2881 sui
2811 2828 2940 2885 dicit
2968 2851 2981 2887 :
3016 2831 3176 2889 Miser
3212 2854 3303 2909 ego
3331 2814 3511 2912 homo,
3552 2814 3782 2916 quisvme

2190 2905 2416 2963 liberabit
2440 2911 2504 2967 de
2525 2930 2736 2985 corpore
2761 2924 2936 2977 mortis
2959 2924 3112 2997 hujus
3128 2928 3154 2982 .9
3178 2905 3353 2988 Gratia
3376 2934 3470 2990 Dei
3598 2905 3781 2999 Jesuns

2188 2993 2442 3054 Christum
2464 3000 2739 3060 Dominum
2766 3020 3014 3067 nostrum.

2259 3089 2312 3143 6.
2346 3090 2412 3145 Et
2451 3093 2710 3164 incipiunt
2742 3099 2854 3169 jam
2883 3104 3042 3160 verba
3073 3106 3174 3164 dici
3218 3110 3448 3170 hominis
3483 3117 3583 3174 sub
3607 3122 3778 3191 gratia

2186 3182 2496 3252 constituti,
2526 3187 2577 3240 in
2607 3191 2817 3247 actione
2844 3209 3003 3264 quam
3033 3201 3240 3256 tertiam
3270 3182 3774 3284 demonstravimus,

2185 3285 2304 3340 quae
2332 3272 2491 3328 habet
2526 3278 2738 3346 quidem
2777 3284 3126 3345 reluctantem
3166 3297 3541 3355 mortalitatem
3569 3272 3771 3374 carnis;

2188 3360 2282 3415 sed
2312 3377 2416 3418 non
2446 3365 2745 3425 vincentem
2775 3381 2933 3445 atque
2971 3382 3324 3450 captivantem
3361 3391 3427 3445 ad
3467 3397 3778 3454 consensio-

2184 3466 2307 3506 nem
2347 3458 2619 3524 peccandi.
2650 3460 2739 3517 Sic
2765 3465 2908 3521 enim
2937 3468 3065 3526 dicit
3106 3490 3120 3527 :
3163 3474 3334 3547 Igitur
3360 3481 3470 3553 ipse
3493 3501 3584 3556 ego
3612 3498 3779 3546 mente

2181 3544 2341 3597 servio
2380 3546 2479 3617 legi
2507 3547 2633 3619 Dei,
2675 3569 2828 3610 carne
2863 3569 3031 3615 autem
3069 3564 3167 3636 legi
3198 3544 3417 3639 peccati.
3451 3544 3617 3632 Νᾶιια
3653 3544 3776 3653 ergo

2184 3636 2534 3693 condemnatio
2563 3651 2635 3696 est
2674 3660 2810 3700 nunc
2840 3648 2921 3703 his
2948 3652 3036 3721 qui
3056 3667 3173 3709 sunt
3195 3636 3247 3712 in
3269 3659 3469 3718 Christo
3492 3665 3640 3724 Jesu.
3665 3636 3778 3728 Lee:

2181 3724 2313 3778 enim
2332 3728 2539 3797 spiritus
2559 3731 2674 3787 vita:
2691 3734 2743 3789 in
2763 3737 2960 3795 Christo
2975 3741 3009 3795 .l
3014 3761 3120 3814 esu,
3144 3747 3367 3806 liberavit
3386 3771 3465 3810 me
3480 3773 3514 3810 α
3533 3758 3641 3830 lege
3657 3779 3776 3832 pec-

2180 3819 2282 3872 cati
2302 3830 2348 3873 et
2369 3824 2562 3877 mortis.
2589 3827 2740 3892 Quod
2757 3831 2889 3886 enim
2909 3834 3215 3905 impossibile
3235 3856 3343 3897 erat
3360 3849 3479 3918 legi,
3500 3850 3554 3903 in
3692 3857 3779 3909 in-

2179 3910 2479 3979 firmabatur
2510 3933 2599 3986 per
2623 3934 2846 3989 carnem,
2876 3925 2930 3980 id
2957 3938 3058 3996 est,
3088 3947 3184 4001 per
3206 3910 3476 3993 desideria
3499 3910 3771 4003 carnalia:

2179 4002 2301 4059 ideo
2320 4006 2461 4061 enim
2484 4024 2590 4065 non
2613 4011 2932 4084 implebatur
2951 4020 3057 4090 lex,
3080 4026 3200 4093 quia
3222 4028 3388 4098 ipsius
3406 4031 3625 4101 justitiae
3644 4053 3776 4094 non-

2178 4091 2302 4148 dum
2329 4108 2446 4153 erat
2470 4098 2723 4170 charitas,
2751 4121 2871 4177 qua:
2900 4091 3155 4170 interiore
3182 4091 3538 4181 delectatione
3566 4135 3775 4187 teneret

2180 4195 2411 4243 mentem
2433 4191 2476 4257 ',
2506 4207 2574 4248 ne
2591 4193 2657 4249 ad
2677 4207 2952 4265 peccatum
2976 4201 3332 4265 delectatione
3354 4228 3529 4269 rerum
3559 4227 3769 4288 tempo-

2176 4274 2365 4331 ralium
2399 4280 2714 4340 traheretur.
2744 4287 2885 4360 Ergo
2911 4292 3278 4354 inﬁrmabatur
3301 4302 3383 4358 lex
3410 4320 3504 4374 per
3524 4274 3763 4377 carnem,

2176 4362 2229 4455 id
2269 4375 2377 4431 est,
2422 4384 2527 4424 non
2560 4372 2821 4432 efﬁciebat
2845 4380 3020 4450 justos
3048 4385 3257 4444 deditos
3291 4362 3456 4447 carni.
3491 4393 3595 4450 Sed

2176 4452 2371 4511 Filium
2396 4476 2545 4516 suum
2573 4466 2707 4520 misit
2733 4469 2787 4522 in
2811 4472 3190 4533 similitudinem
3215 4485 3382 4537 carnis
3409 4490 3618 4554 peccati.
3645 4452 3766 4548 Non

2174 4549 2314 4603 enim
2351 4566 2476 4608 caro
2511 4560 2713 4626 peccati
2750 4573 2893 4631 erat,
2941 4583 3061 4638 quae
3106 4586 3212 4626 non
3258 4573 3324 4629 de
3366 4580 3568 4634 carnali
3613 4582 3767 4639 delc-

2173 4641 2406 4698 ctatione
2445 4656 2568 4701 nata
2607 4658 2756 4717 erat;
2798 4654 2893 4710 sed
2940 4666 3115 4716 tamen
3161 4662 3334 4720 inerat
3379 4667 3428 4722 ei
3473 4671 3767 4731 similitudo

2172 4735 2349 4791 carnis
2375 4741 2610 4811 peccati,
2642 4745 2765 4815 quia
2802 4752 3041 4808 mortalis
3060 4769 3185 4812 caro
3209 4767 3326 4814 erat
3354 4776 3368 4813 :
3400 4762 3629 4819 m'ortem
3659 4782 3762 4821 au-

2175 4833 2281 4880 tem
2309 4842 2415 4884 non
2442 4833 2637 4888 meruit
2656 4836 2826 4892 Adam
2856 4840 2957 4896 nisi
2986 4846 3256 4913 peccando
3281 4848 3323 4902 ³.
3358 4848 3463 4906 Sed
3490 4853 3615 4924 quid
3642 4855 3768 4912 fecit

2175 4914 2471 4977 Dominus?
2521 4920 2600 4978 De
2628 4936 2830 4995 peccato
2879 4932 3137 4991 damnavit
3187 4950 3443 5010 peccatum
3486 4944 3539 4997 in
3577 4961 3728 4999 carne
3750 4964 3769 5000 :

2174 5007 2226 5062 id
2279 5019 2392 5076 est,
2425 5014 2764 5085 suscipiendo
2806 5035 3021 5080 carnem
3069 5007 3302 5086 hominis
3354 5034 3674 5102 peccatoris,
3713 5046 3767 5090 ct

2172 5096 2414 5156 docendo
2476 5107 2924 5175 quemadmodum
2986 5118 3318 5185 viveremus,
3354 5096 3654 5190 peccatum
3709 5125 3763 5180 in

2176 5190 2291 5261 ipsa
2316 5208 2476 5252 carne
2495 5195 2800 5273 damnavit,
2826 5214 2888 5261 ut
2914 5216 3236 5264 aeternorum
3260 5210 3520 5269 charitate
3545 5217 3763 5286 Spiritus

2173 5281 2404 5354 ﬂagrans
2447 5303 2551 5345 non
2581 5291 2867 5353 duceretur
2891 5300 3131 5368 captivus
3173 5300 3226 5355 in
3255 5304 3663 5362 consensionem
3690 5308 3761 5364 li-

2173 5375 2386 5433 bidinis.
2420 5379 2491 5435 Ut
2522 5383 2728 5452 justitia
2748 5430 2764 5456 ,
2796 5390 2997 5460 inquit,
3027 5390 3151 5462 legis
3178 5393 3474 5464 impleretur
3510 5397 3563 5452 in
3592 5401 3757 5469 nobis,

2237 5469 2255 5537 ξ
2290 5469 2477 5537 aliquot
2491 5477 2809 5537 Mss.,natale.

2236 5532 2257 5562 ³
2277 5532 2350 5609 Sic
2372 5532 2445 5583 Er.
2468 5544 2521 5609 et
2539 5532 2744 5600 quatuor
2761 5549 2873 5609 Mss,
2883 5541 2975 5609 Alii
2987 5556 3100 5609 cum
3117 5547 3487 5609 RaL,'inleri0re
3507 5551 3762 5608 dilectione

2173 5596 2667 5723 ιειξωέέεῖῗθρηέὲἓιὲὶο
2687 5609 2816 5664 Lov.,
2839 5602 3094 5658 dilectione
3113 5596 3758 5673 meamenbrzm

2238 5715 2312 5781 (a)
2345 5715 2582 5774 ltiétract.
2604 5737 2710 5788 cap.
2730 5724 2810 5779 26.

3779 5771 3805 5809 ἃ.

3600 5796 3736 5827 α-νανὲ.
3773 5796 3837 5836 δ’..
