4134 6208
307 333 364 390 εδ
1699 345 1902 404 manu
1943 350 2139 409 unus.
3481 383 3553 443 es

304 444 377 513 qui
395 459 490 499 non
524 445 803 499 secundum
845 462 1047 501 carnem
1075 448 1387 521 ambulamus
1407 493 1422 517 ,
1463 454 1552 508 sed
1593 458 1865 513 secundum

300 537 535 605 spiritum.
585 535 773 605 Itaque
817 548 1077 607 prazcepta
1116 540 1245 609 legis
1291 558 1381 611 per
1407 543 1715 600 charitatem
1767 549 1869 603 im-

301 630 421 697 pleta
446 636 604 693 sunt,
635 644 757 697 quae
778 642 872 696 per
900 629 1143 683 timorem
1176 646 1277 685 non
1305 641 1568 702 poterant.
1603 635 1703 700 Qui
1720 630 1868 691 'enim

296 722 547 775 secundum
590 735 794 773 carnem
834 730 983 785 sunt,
1012 736 1124 789 qua
1160 723 1325 777 carnis
1371 735 1487 778 sunt
1532 727 1735 796 sapiunt
1766 742 1785 781 :
1814 728 1866 783 id

296 822 396 875 εει,
426 811 657 865 carnalia
682 809 842 887 _bona
880 824 977 878 pro
1020 811 1241 866 summis
1267 812 1425 868 bonis
1460 816 1861 887 concupiscunt.

297 902 385 967 Qui
412 910 580 954 autent
620 875 896 955 secundum
935 901 1195 970 spiritum,
1224 919 1336 972 quae
1362 915 1477 959 sunt
1513 907 1718 977 spiritus
1750 923 1867 961 τεη-

292 992 425 1042 tiaut.
451 989 731 1043 Prudentia
775 993 905 1045 enim
945 992 1112 1044 carnis
1137 1007 1271 1046 mors
1299 1002 1371 1047 est
1413 1010 1433 1047 :
1478 995 1747 1066 prudentia
1769 1012 1865 1050 au-

289 1091 377 1134 tem
397 1082 601 1150 spiritus
624 1082 727 1135 vita
761 1091 808 1135 et
835 1097 956 1150 pax.
1003 1080 1135 1148 Quia
1164 1083 1430 1151 prudentia
1457 1087 1623 1140 carnis
1658 1087 1863 1141 inimica

288 1172 429 1224 estin
456 1169 639 1224 Deum.
694 1170 812 1239 Ipse
858 1171 1236 1242 ostenditquid
1263 1173 1486 1242 dixerit,
1522 1177 1725 1230 inimica
1753 1194 1767 1230 :
1794 1192 1861 1233 ne
1902 1220 1905 1223 .

285 1263 393 1331 quis
442 1270 652 1332 putaret
702 1277 769 1316 ex
830 1261 1061 1316 adverso
1105 1264 1246 1318 aliud
1300 1267 1482 1320 venire
1518 1267 1856 1338 principium.

284 1353 550 1424 Suhjungit
592 1353 768 1421 enim,
799 1363 852 1407 et
876 1354 1036 1421 dicit,
1082 1354 1205 1427 Legi
1228 1357 1359 1411 enim
1389 1357 1480 1411 Dei
1523 1375 1624 1413 non
1648 1369 1719 1413 est
1743 1360 1860 1415 sub-

286 1449 434 1513 iectu;
483 1463 574 1500 nec
624 1448 754 1500 enim
794 1456 976 1515 potest.
1025 1448 1162 1517 Ergo
1200 1447 1374 1505 facere
1417 1459 1601 1505 contra
1646 1452 1853 1522 legem,

282 1538 382 1592 hoc
427 1549 510 1592 est
539 1537 805 1592 inimicum
836 1551 959 1591 esse
1000 1538 1051 1591 in
1085 1537 1250 1593 Deum
1285 1558 1297 1593 :
1326 1554 1430 1594 non
1469 1541 1590 1610 quia
1619 1542 1728 1597 Deo
1756 1542 1856 1597 ali-

278 1630 405 1700 quid
453 1645 639 1685 nocere
668 1638 874 1699 potest,
920 1630 1014 1685 sed
1044 1630 1144 1685 sibi
1197 1640 1353 1687 nocet
1377 1633 1616 1703 quisquis
1653 1635 1855 1690 resistit

280 1721 526 1775 voluntati
557 1720 650 1773 Dei
686 1738 698 1774 :
731 1720 833 1773 hoc
869 1729 952 1780 est
994 1721 1135 1775 enim
1161 1721 1414 1778 adversus
1439 1724 1711 1779 stimulum
1741 1727 1854 1781 cal-

277 1826 360 1867 ces
386 1812 616 1875 mittere,
647 1821 702 1865 ut
728 1810 891 1865 Paulo
919 1812 1178 1881 apostolo,
1207 1827 1327 1868 cum
1357 1813 1529 1869 adhuc
1558 1815 1852 1873 Ecclesiam

279 1910 680 1972 persequeretur
699 1941 715 1966 ,
746 1900 1001 1955 divinitus
1028 1900 1227 1956 dictum
1254 1912 1335 1958 est
1362 1902 1495 1977 (Act.
1518 1920 1580 1960 .tx
1601 1948 1616 1973 ,
1649 1905 1728 1977 5).
1759 1906 1851 1965 Sic

280 2002 355 2048 est
374 2004 543 2048 autem
591 1992 830 2059 dictum,
862 1990 983 2062 Legi
1020 1993 1151 2045 enim
1196 1992 1290 2047 Dei
1334 2011 1435 2048 non
1476 2004 1549 2049 est
1594 1996 1850 2068 subjecta;

280 2101 365 2138 nec
386 2085 510 2137 enim
538 2092 703 2153 potest
728 2101 748 2137 :
781 2090 1028 2153 tanquam
1051 2084 1095 2137 si
1122 2083 1423 2152 diceretur,
1450 2086 1552 2142 Nix
1577 2102 1682 2143 non
1704 2089 1846 2146 rale-

278 2176 421 2243 l’acit;
444 2152 547 2232 nec
573 2177 717 2231 enim
757 2152 951 2246 potest.
978 2175 1241 2244 Quamdiu
1267 2178 1409 2233 enim
1455 2179 1543 2234 nix
1588 2189 1670 2236 est
1691 2223 1706 2246 ,
1741 2197 1849 2238 non

272 2267 541 2322 calefacit:
573 2267 669 2322 sed
711 2266 906 2321 resolvi
948 2276 1123 2336 potest
1169 2276 1221 2321 et
1269 2266 1506 2337 fervere,
1546 2278 1606 2325 ut
1650 2269 1848 2326 calefa-
1897 2294 1909 2299 ν

272 2358 395 2423 ciat;
425 2358 521 2413 sed
543 2373 668 2412 cum
696 2357 798 2412 hoc
821 2356 943 2412 facit
963 2397 977 2422 ,
1003 2357 1111 2427 jam
1141 2358 1228 2411 nix
1258 2372 1364 2412 non
1394 2367 1497 2414 εει.
1524 2359 1611 2415 Sic
1639 2370 1694 2417 et
1720 2377 1848 2431 pru-

269 2440 436 2506 dentia
459 2449 638 2505 carnis
679 2447 911 2513 dicitur,
956 2462 1078 2503 cum
1123 2448 1296 2529 anima
1326 2465 1423 2519 pro
1466 2452 1671 2520 magnis
1694 2452 1849 2507 bonis

267 2540 566 2611 temporalia
615 2539 752 2593 bona
796 2538 1142 2608 concupiscit.
1172 2538 1435 2607 Quamdiu
1465 2541 1606 2596 enim
1645 2543 1851 2612 appeti-

266 2640 349 2687 tus
384 2632 503 2685 talis
552 2631 692 2685 inest
732 2630 963 2697 animat,
1013 2631 1115 2700 legi
1155 2631 1248 2686 Dei
1286 2631 1525 2703 subjecta
1571 2650 1691 2690 esse
1737 2651 1846 2691 non

263 2729 471 2794 potest;
517 2721 569 2775 id
611 2729 727 2787 est,
771 2736 875 2775 non
922 2729 1097 2790 potest
1135 2722 1358 2792 implere
1396 2739 1514 2795 quae
1557 2725 1642 2781 lex
1674 2726 1841 2796 jubet.

265 2814 363 2870 Sed
387 2830 505 2870 cum
530 2813 827 2883 Spiritualia
855 2813 991 2868 bona
1010 2813 1316 2870 desiderare
1341 2816 1595 2885 cmperit,
1625 2826 1679 2872 et
1705 2827 1844 2872 tem-

265 2907 454 2976 poralia
484 2912 865 2970 contemnere,
904 2904 1114 2959 desinet
1164 2919 1285 2960 esse
1313 2906 1492 2962 carnis
1520 2906 1799 2977 prudentia
1822 2950 1839 2975 ,

265 3006 314 3051 et
337 2996 542 3067 spiritui
569 3010 678 3049 non
721 2994 951 3049 resistet.
992 2994 1191 3049 Eadem
1235 3011 1464 3067 namque
1504 2999 1679 3052 anima
1721 3012 1843 3055 cum

265 3087 499 3143 inferiora
545 3087 771 3156 appetit,
802 3085 1134 3156 prudentiam
1181 3087 1358 3141 carnis
1388 3087 1584 3142 habere
1607 3087 1838 3156 dicitur;

264 3193 375 3232 cum
397 3179 703 3245 superiora,
735 3175 1066 3245 prudentiam
1121 3177 1339 3247 spiritus
1371 3194 1384 3229 :
1417 3193 1521 3233 non
1547 3181 1668 3249 quia
1717 3195 1843 3249 pru-

262 3267 426 3323 dentia
451 3268 633 3322 carnis
676 3266 970 3321 substantia
997 3275 1081 3321 est
1099 3307 1113 3331 ,
1146 3283 1248 3336 qua
1293 3266 1529 3323 induitur
1559 3269 1735 3324 anima
1756 3272 1839 3327 vel

261 3360 490 3424 exuitur;
517 3356 616 3413 sed
650 3358 811 3426 ipsius
849 3357 1042 3411 animae
1083 3354 1294 3412 aﬂ‘ectio
1334 3367 1447 3423 est,
1477 3373 1594 3429 qua:
1620 3360 1838 3416 omnino

260 3462 369 3502 esse
393 3448 634 3511 desinet,
668 3461 791 3500 cum
835 3461 892 3500 se
933 3455 1098 3501 totam
1143 3445 1212 3502 ad
1238 3461 1465 3517 superna
1489 3452 1832 3506 converterit.

261 3536 357 3603 Qui
374 3549 545 3594 autem
569 3537 623 3590 in
660 3551 813 3590 carne
834 3546 952 3589 sunt
970 3577 984 3601 ,
1011 3537 1212 3606 inquit,
1242 3536 1349 3591 Deo
1377 3538 1572 3605 placere
1596 3555 1697 3593 non
1720 3557 1836 3610 pos-

251 3636 359 3682 sunt
384 3644 401 3681 :
430 3628 481 3682 id
528 3638 644 3694 est,
676 3627 767 3697 qui
800 3626 1159 3696 voluptatibus
1185 3628 1201 3658 ¹
1249 3629 1426 3683 carnis
1468 3630 1831 3700 acquiescant.

248 3720 322 3776 Ne
348 3719 472 3790 quis
493 3720 634 3773 enim
665 3718 734 3775 de
764 3718 847 3773 Itis
873 3717 1070 3774 dictum
1100 3727 1337 3788 putaret,
1384 3721 1473 3790 qui
1500 3721 1567 3776 de
1595 3721 1698 3777 hac
1727 3723 1832 3778 vita

248 3811 479 3866 nondum
501 3817 858 3866 excesserunt
874 3848 890 3875 ,
914 3810 1364 3879 opportunissime
1384 3811 1654 3881 subjunxit
1680 3830 1694 3866 :
1737 3812 1831 3869 Vos

244 3914 409 3959 autem
434 3921 537 3957 non
564 3903 683 3956 estis
710 3902 763 3955 in
789 3917 970 3967 carne,
1002 3901 1090 3954 sed
1116 3901 1170 3953 in
1210 3901 1409 3971 spiritu.
1441 3901 1629 3972 Utique
1657 3902 1831 3959 adhuc

244 3997 293 4049 in
316 3995 416 4050 hac
436 3996 543 4049 vita
568 3992 874 4048 constitutis
899 3991 1150 4062 loquitur.
1181 3990 1237 4045 In
1266 3992 1453 4061 spiritu
1476 3993 1620 4047 cnim
1650 4004 1822 4061 erant,

236 4089 360 4157 quia
385 4088 442 4140 in
469 4086 573 4140 ﬁde
595 4095 650 4140 et
674 4093 854 4154 speet
877 4082 1135 4139 charitate
1160 4083 1514 4154 spiritualium
1540 4098 1717 4139 rerum
1739 4100 1828 4140 ac-

231 4178 583 4248 quiescebant
602 4178 644 4228 ⁸.
678 4174 740 4230 Si
768 4184 963 4239 tamen,
1010 4174 1209 4244 inquit,
1244 4173 1469 4243 Spiritus
1503 4171 1598 4228 Dei
1636 4173 1828 4229 habitat

225 4270 282 4324 its
305 4269 470 4323 vobis.
497 4268 561 4322 Si
584 4268 695 4334 quis
714 4278 886 4320 autem
916 4264 1166 4336 Spiritum
1191 4262 1382 4320 Christi
1405 4281 1505 4319 non
1537 4265 1712 4332 habet,
1744 4266 1825 4321 hic

224 4375 329 4413 non
351 4370 428 4412 est
448 4360 581 4430 ejus.
630 4356 694 4411 Si
726 4365 897 4410 autem
924 4353 1153 4411 Christus
1193 4356 1246 4409 in
1274 4356 1440 4422 vobis,
1494 4372 1677 4426 corpus
1715 4359 1824 4427 qui-

227 4452 340 4506 dem
359 4461 622 4505 mor-tuum
641 4458 715 4503 est
741 4458 942 4519 propter
968 4456 1255 4518 peccatum,
1287 4448 1493 4518 spiritus
1519 4458 1684 4503 autent
1721 4451 1823 4504 vita

223 4553 297 4596 est
326 4553 536 4614 propter
552 4541 833 4612 justitiam.
861 4540 1127 4594 Mortuum
1155 4553 1348 4608 corpus
1374 4538 1534 4605 dicit,
1569 4542 1819 4608 quamdiu

220 4635 328 4689 tale
356 4643 481 4701 est,
527 4643 590 4688 ut
632 4633 919 4703 indigentia
961 4647 1136 4685 rerum
1180 4631 1533 4700 corporalium
1577 4632 1823 4688 molestet

200 4718 462 4783 'animam
494 4728 601 4797 (α),
633 4736 688 4781 ει
714 4723 1030 4796 quibusdam
1062 4723 1293 4777 motibus
1317 4738 1382 4777 ex
1429 4723 1543 4791 ipsa
1577 4722 1819 4793 indigen-

216 4819 285 4873 tia
316 4817 667 4874 venientibus
685 4857 702 4883 ,
724 4816 791 4869 ad
820 4813 1114 4884 appetenda
1148 4820 1356 4866 terrena
1398 4813 1663 4866 sollicitet.
1692 4813 1820 4880 Qui-

213 4907 313 4965 bus
345 4918 537 4962 tamen
566 4905 809 4977 quamvis
847 4902 1196 4958 existentibus
1223 4914 1374 4955 mens
1403 4900 1470 4954 ad
1515 4901 1692 4955 illicita
1738 4900 1817 4955 fa-

210 5000 411 5055 cienda
463 5016 571 5055 nou
596 4997 900 5061 consentit,
932 5010 1052 5064 quae
1091 4997 1198 5060 jam
1251 4993 1418 5047 servit
1464 4991 1565 5062 legi
1595 4992 1722 5057 Dei,
1765 5003 1819 5048 et

192 5076 319 5148 ’διώ
342 5095 524 5164 gratia
565 5091 853 5147 constituta
908 5096 1009 5143 est.
1042 5086 1121 5140 Ad
1154 5087 1255 5140 hoc
1294 5085 1437 5140 enim
1492 5085 1630 5140 valet
1676 5085 1817 5156 quod

202 5198 375 5256 supra
407 5185 614 5238 dictum
643 5191 754 5247 est,
787 5179 955 5234 Mente
976 5178 1133 5232 servio
1173 5174 1272 5246 legi
1301 5173 1395 5227 Dei
1416 5215 1430 5236 ,
1475 5190 1625 5229 carne
1651 5185 1818 5230 autent

200 5278 307 5348 legi
376 5276 597 5346 peccati.
658 5274 725 5329 Et
785 5272 872 5326 ille
927 5270 1085 5325 homo
1140 5279 1281 5322 nunc
1340 5263 1659 5321 describitur
1697 5280 1816 5322 esse

197 5370 307 5425 sub
354 5371 575 5440 gratia,
619 5366 709 5437 qui
754 5361 991 5419 nondum
1045 5359 1207 5415 habet
1256 5355 1543 5428 perlectam
1595 5372 1811 5428 pacem,

258 5525 287 5614 ξ
306 5527 429 5632 ἒξιο
442 5515 1164 5645 ﬁlmmkwau
1183 5568 1505 5645 δρίῖίιυρίξψῖι
1526 5582 1813 5645 ζεῖ

562 5630 573 5639 ’
590 5630 1090 5709 Alter'e'ﬁavarricis,
1108 5637 1169 5709 in
1204 5630 1304 5703 iure
1320 5643 1367 5689 et
1397 5641 1481 5694 spe
1507 5636 1555 5683 et
1582 5630 1814 5685 citat-uate

182 5699 555 5768 spirantibus
577 5703 721 5754 rebus
751 5699 1133 5768 acquiescam.

250 5766 339 5830 (ο)
375 5772 401 5816 ι
426 5773 641 5821 Retract-
664 5776 771 5827 σιρς
796 5762 875 5814 2'8-

1976 480 2095 534 quse
2128 470 2369 538 corporis
2408 477 2798 537 resurrectione
2835 488 2891 537 et
2928 480 3295 547 immutatione
3338 501 3424 550 est
3460 494 3550 554 fu-

1978 563 2114 611 tura.

2044 647 2095 699 7.
2125 647 2312 705 Restat
2337 666 2466 724 ergo
2496 664 2553 712 ut
2576 658 2644 715 de
2668 660 2780 731 ipsa
2805 678 2936 734 pace
2962 665 3105 725 dicat
3146 677 3550 735 resurrectionis

1970 741 2228 808 corporis,
2260 758 2380 813 quae
2419 757 2607 817 quarta
2637 762 2718 807 est
2742 756 2908 823 actio;
2957 758 3001 813 si
3034 772 3207 818 tamen
3235 779 3351 821 eam
3377 769 3549 824 actio-

1970 845 2089 885 nem
2127 831 2234 888 dici
2278 845 2516 907 oportet,
2544 857 2662 911 qua:
2684 858 2890 902 summa
2928 852 3137 920 requies
3160 862 3261 908 est.
3293 856 3544 926 Sequitur

1967 923 2106 977 enim
2127 964 2153 1009 ,‘
2181 934 2235 983 et
2261 926 2391 984 dicit
2421 947 2434 982 :
2464 928 2526 987 Si
2544 949 2660 1003 ergo
2686 936 2910 1005 Spiritus
2929 943 3041 1010 ejus
3060 945 3145 1011 qui
3177 923 3430 1003 suscitavit
3452 950 3545 1006 Je-

1965 1031 2077 1070 sum
2108 1035 2139 1071 a
2164 1022 2376 1076 mortuis
2394 1064 2409 1089 ,
2432 1024 2625 1079 habitat
2659 1028 2712 1081 in
2740 1029 2875 1084 vobis
2891 1046 2912 1095 ;
2929 1034 3015 1101 qui
3032 1037 3288 1092 suscitavit
3313 1038 3489 1095 Iesum
3510 1060 3544 1096 a

1964 1109 2175 1163 mortuis
2193 1150 2210 1176 ,
2257 1112 2525 1182 viviﬁcabit
2569 1126 2616 1170 et
2641 1122 2873 1174 mortalia
2904 1138 3118 1195 corpora
3154 1140 3313 1183 uestra
3349 1150 3437 1202 per
3464 1135 3545 1187 in-

1964 1196 2269 1254 habitantent
2294 1202 2544 1273 Spiritum
2561 1208 2671 1275 eius
2708 1210 2761 1263 in
2798 1213 2932 1266 vobis
2959 1213 3133 1285 (Rom.
3163 1196 3362 1275 VII-Vill
3383 1264 3397 1287 ,
3426 1224 3538 1295 ll).

1964 1284 2060 1341 Hic
2088 1296 2143 1344 et
2167 1289 2233 1344 de
2259 1296 2648 1353 resurrectione
2686 1302 2924 1369 corporis
2949 1304 3400 1364 evidentissimum
3458 1321 3542 1367 te-

1962 1378 2268 1437 s1itnonium
2299 1392 2415 1453 est,
2456 1396 2510 1443 et
2534 1389 2665 1444 satis
2711 1401 2931 1462 apparet
2953 1398 3202 1466 quamdiu
3226 1402 3277 1456 in
3310 1402 3410 1460 hac
3433 1406 3540 1463 vita

1960 1483 2174 1539 sumus,
2205 1488 2310 1529 non
2334 1475 2522 1533 deesse
2546 1480 2817 1538 molestias
2848 1500 2942 1554 per
2965 1490 3243 1545 mortalem
3281 1507 3497 1551 carnem
3517 1536 3535 1562 ,

1959 1574 2134 1630 neque
2158 1562 2485 1623 titillationes
2512 1571 2766 1640 quasdam
2796 1574 3208 1634 delectationum
3223 1584 3536 1640 carnalium.

1958 1648 2210 1718 Quamvis
2247 1655 2390 1711 enim
2434 1674 2539 1714 non
2569 1661 2754 1730 cedat,
2781 1666 2869 1734 qui
2890 1666 2989 1721 sub
3028 1669 3195 1737 gratia
3220 1674 3539 1732 constitutus

1960 1750 2141 1798 mente
2195 1747 2359 1802 servit
2386 1749 2488 1820 legi
2515 1751 2644 1820 Dei,
2687 1762 2862 1810 tamen
2892 1771 3053 1814 carne
3092 1762 3255 1817 servit
3282 1763 3383 1835 legi
3414 1781 3539 1836 pec-

1958 1833 2082 1888 cati.
2111 1835 2203 1892 His
2231 1841 2481 1910 gradibus
2519 1844 2734 1902 homine
2759 1848 2994 1916 perl‘ecto
3013 1893 3028 1919 ,
3070 1854 3217 1911 nulla
3245 1833 3537 1918 substantia

1958 1924 2224 1985 invenitur
2250 1934 2448 1990 malum
2494 1954 2507 1990 :
2544 1953 2725 2009 neque
2749 1939 2859 1996 Lex
2898 1944 3035 1999 mala
3061 1954 3177 2015 est,
3209 1965 3326 2020 qua:
3352 1961 3537 2009 osten-

1956 2014 2034 2071 dit
2059 2016 2262 2076 homini
2296 2022 2350 2078 in
2376 2026 2565 2093 quibus
2603 2038 2943 2098 peccatorum
2987 2014 3439 2108 vinculisiaceat,
3478 2052 3537 2101 ut

1952 2121 2050 2178 per
2076 2107 2237 2165 fidem
2265 2111 2546 2183 implorato
2587 2117 2913 2177 Liberatoris
2933 2126 3159 2192 auxilio,
3186 2107 3248 2184 et
3282 2107 3449 2198 solvi,
3480 2142 3536 2190 et

1952 2198 2109 2267 erigi,
2159 2207 2212 2255 et
2244 2203 2473 2260 llrmisse
2500 2209 2746 2263 constitui
2790 2223 3075 2269 mereatur.
3106 2215 3165 2272 In
3208 2221 3377 2288 prima
3404 2237 3534 2294 ergo

1951 2289 2188 2358 actione,
2217 2308 2336 2363 quae
2371 2306 2453 2351 est
2476 2292 2612 2354 ante
2640 2300 2870 2372 Legem,
2907 2306 3048 2361 nulla
3093 2324 3266 2381 pugna
3302 2320 3385 2368 est
3411 2289 3533 2373 cum

1951 2378 2311 2449 voluptatibus
2359 2385 2516 2457 hujus
2563 2392 2742 2446 seaculi
2797 2409 2811 2445 :
2863 2394 2917 2449 in
2964 2378 3226 2468 secunda,
3279 2417 3399 2471 qua:
3426 2404 3529 2460 sub

1949 2467 2091 2540 Lege
2119 2480 2200 2526 est
2219 2512 2235 2539 ,
2264 2488 2557 2545 pugnamus
2575 2518 2591 2546 ,
2621 2480 2715 2535 sed
2739 2481 3001 2539 vincimur
3028 2501 3042 2539 :
3066 2487 3121 2541 in
3149 2467 3532 2564 tertia-pugna-

1950 2575 2070 2616 mus
2090 2572 2145 2618 et
2169 2562 2430 2622 vincimus
2461 2585 2474 2622 :
2502 2568 2556 2624 in
2581 2580 2768 2641 quarta
2798 2589 2903 2629 non
2931 2590 3228 2647 pugnamus
3246 2621 3260 2644 ,
3287 2582 3381 2637 sed
3406 2562 3533 2653 per-

1948 2651 2085 2708 {ecta
2111 2663 2165 2710 ει
2218 2664 2418 2713 aeterna
2460 2674 2589 2729 pace
2636 2665 3039 2734 requiescimus.
3067 2668 3321 2728 Subditur
3346 2675 3363 2705 ί
3384 2651 3529 2733 enim

1947 2744 2100 2800 nobis
2124 2746 2265 2816 quod
2289 2747 2510 2805 inferius
2533 2760 2773 2808 nostrum
2806 2764 2919 2824 est,
2947 2758 3088 2829 quod
3115 2771 3392 2832 propterea
3419 2781 3529 2826 nou

1902 2834 2307 2904 'subdebatur,
2360 2840 2482 2911 quia
2534 2843 2861 2914 superiorem
2914 2848 3071 2906 nobis
3122 2851 3530 2915 deserueramus

3129 2927 3136 2934 ι

1947 2925 2137 2981 Deum.

1942 3017 2148 3076 LXVII.
2200 3021 2280 3078 De
2329 3041 2387 3079 eo
2433 3027 2568 3097 quod
2603 3028 2847 3099 scriptum
2891 3040 2994 3100 est,
3058 3033 3321 3094 Existimo
3382 3041 3527 3099 enim

2015 3112 2154 3181 quod
2178 3129 2283 3170 non
2299 3116 2407 3171 sint
2421 3117 2699 3190 condigna:
2722 3121 2994 3190 passiones
3013 3122 3170 3194 hujus
3186 3131 3440 3199 temporis
3455 3132 3526 3188 ad

2013 3200 2242 3258 futuram
2261 3206 2479 3276 gloriam
2498 3224 2615 3277 qua:
2641 3209 2960 3265 revelabitur
2989 3213 3042 3266 in
3069 3215 3256 3283 nobis;
3285 3234 3442 3291 usque
3455 3218 3526 3274 ad

2011 3294 2067 3347 id
2114 3295 2251 3366 quod
2302 3296 2490 3351 dictum
2515 3309 2616 3364 est,
2662 3298 2770 3370 Spe
2812 3300 2958 3356 enim
2999 3303 3133 3360 salvi
3176 3306 3303 3363 lacti
3340 3325 3526 3369 sumus

2013 3386 2187 3457 (Rom.
2214 3404 2307 3444 vnt
2325 3429 2341 3455 ,
2373 3389 2570 3464 18-24).

2010 3482 2062 3534 Ι.
2106 3481 2218 3538 Ηοε
2256 3484 2543 3554 capitulum
2588 3485 2872 3541 obscurum
2912 3497 3028 3556 est,
3073 3490 3197 3561 quia
3239 3506 3345 3549 non
3392 3495 3524 3552 satis

1937 3570 2026 3627 hic
2053 3581 2274 3644 apparet
2294 3590 2453 3644 quam
2480 3591 2621 3631 nunc
2664 3584 2818 3632 vocet
2852 3587 3171 3635 creaturam.
3202 3581 3403 3640 Dicitur
3426 3600 3523 3641 au-

1900 3668 1909 3675 '
1936 3670 2043 3719 tem
2070 3665 2360 3721 secundum
2388 3667 2701 3723 catholicam
2727 3667 3059 3740 disciplinam
3079 3682 3340 3742 creatura,
3367 3677 3523 3748 quid-

1935 3754 2058 3825 quid
2091 3754 2215 3811 l'ecit
2263 3765 2319 3812 et
2363 3756 2602 3813 condidit
2625 3758 2764 3814 Deus
2804 3760 2994 3827 Pater,
3043 3778 3138 3832 per
3188 3765 3517 3836 unigenitum

1902 3845 2162 3914 'Filium,
2205 3850 2259 3903 in
2286 3849 2485 3904 unitate
2524 3850 2750 3919 Spiritus
2775 3853 2963 3907 sancti.
3014 3853 3157 3924 Ergo
3203 3872 3310 3910 non
3339 3857 3513 3913 solum

1931 3951 2154 4005 corpora
2171 3978 2184 4000 ,
2208 3937 2303 3992 sed
2331 3939 2489 3993 etiam
2515 3940 2706 3993 animat
2741 3950 2938 3993 nostrm
2966 3956 3028 3994 ac
3055 3943 3272 4010 spiritus
3299 3954 3514 4001 creatu-

1930 4042 2005 4080 ra:
2047 4028 2260 4081 nomine
2295 4027 2657 4081 continentur.
2688 4027 2775 4081 Sic
2803 4036 2979 4083 autem
3007 4028 3204 4085 dictum
3234 4040 3351 4100 est,
3383 4032 3513 4104 Ipsa

1902 4121 2156 4170 'creatura
2190 4115 2480 4171 liberabitur
2515 4134 2548 4170 a
2590 4119 2820 4171 servitute
2847 4119 3107 4187 interitus,
3144 4121 3195 4175 in
3235 4121 3511 4180 libertatem

1927 4208 2102 4280 gloria:
2140 4207 2360 4277 ﬁliorum
2405 4206 2499 4262 Dei
2525 4224 2544 4262 :
2577 4210 2728 4279 quasi
2768 4224 2866 4264 nos
2894 4225 2999 4265 non
3041 4212 3207 4268 simus
3225 4224 3466 4272 creatura
3489 4257 3509 4285 ,

1927 4299 2018 4353 sed
2050 4298 2140 4353 lilii
2174 4299 2301 4365 Dei,
2332 4299 2381 4353 in
2410 4316 2634 4369 quorum
2664 4301 2846 4370 gloria:
2873 4302 3168 4359 libertatem
3200 4305 3511 4366 liberabitur

1926 4407 1955 4445 a
1999 4391 2253 4446 servitute
2296 4401 2559 4447 creatura.
2595 4390 2722 4445 Item
2769 4391 2929 4456 dicit,
2985 4392 3187 4449 Scimus
3223 4398 3358 4451 enim
3387 4401 3511 4470 quia

1925 4484 2085 4538 omnis
2123 4495 2351 4538 creatura
2387 4483 2704 4553 congemiscit
2733 4490 2778 4536 et
2815 4484 2947 4537 dolet
2986 4501 3139 4556 usque
3175 4487 3509 4555 adhuc;‘non

1923 4576 2083 4629 solunt
2117 4584 2282 4629 autem
2309 4574 2427 4638 illa,
2456 4573 2548 4628 sed
2574 4582 2622 4627 et
2663 4588 2752 4626 nos
2777 4573 2919 4642 ipsi:
2949 4581 3196 4645 tanquam
3240 4576 3384 4649 aliud
3428 4579 3506 4635 si-

1924 4685 2041 4724 tnus
2070 4685 2165 4722 nos
2186 4710 2201 4736 ,
2232 4666 2373 4722 aliud
2413 4668 2588 4722 omnis
2614 4674 2876 4721 creatura.
2917 4666 3108 4723 Totum
3136 4683 3264 4739 ergo
3298 4670 3505 4740 capitu-

1924 4761 2033 4815 lum
2062 4759 2410 4829 particulatim
2435 4757 2878 4814 considerandum
2906 4766 3006 4812 est.

1992 4853 2046 4909 2.
2078 4853 2329 4908 Existimo
2363 4852 2532 4918 enim,
2576 4850 2779 4921 inquit,
2821 4849 2956 4919 quod
2996 4849 3219 4920 indigna:
3242 4852 3343 4905 sint
3379 4870 3503 4924 pag-

1923 4945 2086 4999 siones
2110 4943 2265 5009 huius
2290 4941 2525 5011 temporis
2554 4940 2622 4993 ad
2647 4942 2871 5011 futuram
2896 4938 3142 5008 gloriam,
3168 4954 3284 5010 quia
3314 4943 3505 4998 τευεια..

1925 5036 2055 5090 bitur
2073 5037 2127 5090 in
2145 5035 2286 5089 nobis
2306 5051 2324 5088 :
2353 5031 2456 5088 hoc
2481 5031 2821 5086 manifestum
2856 5038 2958 5083 est.
2990 5029 3205 5086 Dixerat
3231 5033 3373 5091 enim
3413 5050 3505 5093 su.

1924 5127 2132 5199 perius,
2164 5126 2226 5181 Si
2263 5133 2429 5178 autem
2455 5124 2638 5192 spiritu
2673 5121 2808 5190 facta
2836 5120 3002 5174 carnis
3045 5123 3462 5194 mortiﬁcaveritis
3483 5169 3500 5196 ,

1921 5220 2108 5273 vivetis.
2164 5213 2314 5283 Quod
2344 5213 2458 5268 ﬁeri
2501 5228 2605 5265 non
2637 5220 2808 5279 potest
2851 5211 2967 5267 sine
2992 5213 3234 5270 molestia
3255 5257 3271 5283 ,
3297 5218 3381 5272 cui
3410 5233 3504 5288 pa-

1925 5310 2106 5365 tientia
2131 5304 2430 5361 necessaria
2454 5311 2555 5357 est.
2578 5301 2696 5368 Quo
2718 5303 2945 5372 pertinet
2963 5312 3018 5359 et
3041 5305 3183 5375 quod
3200 5307 3355 5375 paulo
3377 5318 3503 5366 ante

1921 5402 2015 5465 ait,
2034 5398 2094 5455 Si
2107 5408 2272 5454 tamen
2286 5397 2638 5465 compatimur,
2651 5402 2705 5447 ut
2720 5402 2767 5447 et
2781 5395 3215 5465 congloriﬁcemur
3231 5396 3390 5468 (Ibid.
3411 5399 3499 5467 15,

1920 5492 2030 5564 l7).
2062 5490 2215 5561 Quod
2241 5490 2417 5559 itaque
2440 5486 2534 5554 ait,
2555 5484 2695 5541 Nam
2713 5486 3015 5557 exspectatio
3042 5496 3284 5542 creatum
3306 5488 3499 5544 revela—

1907 5624 2450 5758 ,sgtiaavtaaz
2638 5618 3495 5758 summumst

1913 5753 2135 5814 'gab'atur.
