4134 6208
644 310 713 369 67
1350 308 1437 362 DE
1479 307 1791 364 DIVERSIS
1830 304 2353 373 QUASSTIDNIBUS
2391 304 2652 360 LXXXlll
2679 348 2693 371 ,
2737 304 2794 361 S.
2836 303 3196 361 AUGUSTiNl
3654 303 3664 333 ³
3843 308 3915 374 68

640 428 828 509 tionem
850 427 1074 499 ﬁliorum
1109 425 1205 478 Dei
1242 433 1529 493 exspectat;
1569 424 1668 483 hoc
1700 438 1819 477 cum
1850 430 1974 493 puto
2022 420 2219 489 dicere,

640 514 773 574 Nam
815 528 868 574 et
911 518 1010 573 hoc
1037 518 1207 587 ipsum
1238 516 1378 586 quod
1420 518 1471 569 in
1522 517 1673 570 nobis
1697 515 1873 579 dolet,
1922 529 2041 568 cum
2090 512 2223 567 facta

640 612 814 687 paruis
844 611 1255 675 mortificamus,
1304 609 1355 664 id
1383 619 1495 674 est,
1526 624 1647 669 cum
1680 609 1941 665 esurimus
1982 616 2072 663 aut
2109 607 2223 660 siti-

643 719 762 760 mus
787 719 884 775 per
907 702 1279 759 abSIiueutiam
1300 743 1316 771 ,
1350 702 1475 765 dum
1526 702 1792 761 l'rcnamus
1819 700 2224 763 delectationem

639 796 949 853 concubitus
981 811 1073 867 per
1095 795 1390 867 castitatem
1410 836 1426 861 ,
1450 793 1574 849 dum
1605 791 1913 862 injuriarum
1943 791 2221 849 laceratio-

639 904 736 945 nes
763 896 818 944 et
836 887 1274 944 contumeliarum
1295 886 1506 941 aculeos
1536 901 1633 956 per
1653 885 1956 955 patientiam
1987 884 2218 943 sustine-

639 995 793 1048 mus,
822 978 946 1034 dum
990 978 1243 1048 neglectis
1273 985 1432 1047 atque
1479 976 1693 1046 rejectis
1741 975 2096 1045 voluptatibus
2134 990 2223 1033 no-

636 1069 763 1126 stris
790 1085 884 1139 pro
934 1069 1106 1124 fructu
1152 1070 1339 1123 matris
1385 1068 1637 1123 Ecclesia:
1677 1067 2016 1132 laboramus;
2061 1065 2217 1136 quid-

635 1160 761 1232 quid
792 1161 843 1217 in
872 1161 1022 1216 nobis
1051 1162 1101 1215 in
1125 1160 1224 1214 hac
1252 1169 1409 1231 atque
1435 1159 1735 1229 hujusmodi
1760 1159 2030 1217 attritione
2051 1158 2215 1224 dolet,

634 1261 878 1308 creatura
897 1260 995 1309 est.
1030 1253 1179 1307 Dolet
1195 1252 1338 1307 enim
1362 1267 1556 1323 corpus
1584 1233 1827 1311 etaiiima
1849 1294 1862 1315 ,
1889 1268 2008 1323 qua:
2037 1253 2219 1323 utique

634 1353 877 1399 creatura
901 1354 1001 1407 est,
1032 1351 1085 1397 et
1104 1351 1377 1412 exspectat
1407 1343 1783 1401 revelationem
1830 1344 2055 1401 ﬁliorum
2088 1343 2212 1407 Dei;

634 1433 686 1489 id
715 1442 792 1489 est
814 1476 828 1503 ,
852 1440 1124 1502 exspectat
1151 1431 1363 1501 quando
1385 1441 1637 1503 appareat
1660 1432 1800 1502 quod
1829 1442 2069 1491 vocatum
2099 1441 2181 1488 est
2199 1473 2213 1497 ,

634 1521 687 1577 in
714 1538 776 1578 ea
804 1523 966 1593 gloria
1013 1522 1078 1577 ad
1108 1538 1265 1593 quam
1297 1532 1539 1577 vocatum
1570 1531 1669 1577 est.
1713 1522 1844 1591 Quia
1876 1523 2017 1577 enim
2050 1522 2216 1585 Filius

632 1614 726 1671 Dei
754 1614 1053 1685 unigenitus
1078 1630 1183 1667 non
1226 1623 1400 1682 potest
1440 1613 1698 1683 appellari
1745 1622 2017 1685 creatura,
2049 1628 2215 1682 quan-

629 1703 913 1776 doquidem
944 1719 1038 1775 per
1077 1705 1248 1775 ipsum
1298 1703 1430 1759 facta
1476 1712 1599 1759 sunt
1644 1704 1820 1759 omnia
1864 1718 2214 1777 quaecumque

631 1795 770 1851 Deus
798 1794 941 1867 fecit,
972 1796 1218 1850 distincte
1243 1796 1401 1849 etiam
1425 1809 1519 1851 nos
1544 1810 1794 1853 vocamur
1820 1803 2059 1851 creatura
2088 1804 2212 1853 ante

628 1882 773 1943 illam
820 1885 1137 1940 evidentiam
1180 1885 1402 1959 glorize,
1444 1894 1499 1941 et
1539 1886 1783 1943 distincte
1813 1900 2063 1941 vocamur
2114 1885 2209 1943 lilii

626 1970 756 2043 Dei,
786 1975 1024 2053 quamvis
1074 1975 1174 2029 hoc
1214 1974 1497 2045 adoptione
1544 1991 1841 2030 mereamur
1887 1992 1901 2028 :
1946 1990 2067 2035 nam
2120 1976 2210 2031 ille

625 2068 927 2140 unigenitus
970 2077 1157 2141 natura
1203 2068 1368 2125 Filius
1398 2079 1499 2123 est.
1546 2069 1682 2140 Ergo
1713 2070 2018 2141 exspectatio
2059 2085 2206 2129 crea-

625 2166 785 2225 turae,
833 2156 885 2213 id
925 2167 1038 2224 est,
1068 2157 1393 2228 exspectatio
1419 2166 1597 2213 nostra
1637 2198 1652 2222 ,
1682 2158 2029 2217 reuelationem
2073 2157 2211 2229 ﬁlio-

623 2262 735 2305 rum
765 2245 862 2303 Dei
897 2256 1193 2318 exspectat;
1239 2247 1289 2301 id
1338 2256 1452 2313 est,
1502 2257 1774 2321 exspectat
1812 2247 2022 2318 quando
2046 2262 2207 2319 appa-

624 2347 740 2396 reat
757 2337 899 2415 quod
929 2338 1245 2409 promissum
1273 2346 1373 2407 est,
1407 2338 1619 2407 quando
1645 2353 1701 2392 re
1726 2338 1837 2406 ipsa
1866 2337 2205 2395 manifestum

621 2427 849 2507 sitquod
884 2442 1025 2483 nunc
1063 2442 1159 2496 spe
1210 2442 1411 2482 sumus.
1462 2425 1589 2481 Filii
1616 2428 1756 2481 enim
1784 2426 1883 2481 Dei
1910 2444 2117 2495 sumus,
2158 2437 2206 2483 et

620 2516 845 2573 nondum
884 2518 1121 2589 apparuit
1158 2516 1280 2585 quid
1308 2517 1510 2571 erimus.
1541 2516 1741 2571 Scimus
1768 2527 1932 2577 autem
1966 2519 2205 2589 quoniam

620 2624 737 2679 cum
756 2609 1079 2683 apparuerit,
1111 2607 1297 2662 similes
1338 2608 1382 2661 ei
1408 2608 1591 2662 erimus
1610 2648 1625 2675 ,
1665 2608 1902 2677 quoniam
1930 2608 2204 2663 uidebimus

619 2714 732 2754 eum
759 2696 906 2755 sicuti
928 2707 999 2753 est
1025 2697 1069 2773 (ι
1098 2696 1253 2752 Joan.
1280 2713 1369 2762 ιιι,
1408 2695 1484 2765 2).
1515 2696 1630 2766 Ipsa
1660 2705 1745 2752 est
1782 2699 2035 2754 revelatio
2068 2699 2205 2755 lilio-

618 2804 737 2845 rum
765 2774 876 2856 Dei,
906 2803 1064 2861 quam
1091 2801 1231 2843 nunc
1257 2796 1531 2857 exspectat
1555 2789 1877 2857 exspectatio
1905 2796 2198 2845 creaturas:

618 2894 726 2934 non
775 2876 915 2949 quod
945 2886 1189 2933 creatura
1238 2876 1618 2931 rcvelationem
1663 2886 1934 2947 exspectet
1984 2879 2201 2935 alterius

618 2981 820 3027 natura:
844 3012 859 3039 ,
888 2986 1007 3043 quae
1037 2984 1140 3029 non
1171 2970 1239 3023 sit
1267 2977 1542 3033 creatura;
1574 2968 1667 3023 sed
1704 2968 1815 3041 ipsa
1860 2970 2030 3043 qualis
2060 2985 2201 3041 nunc

617 3070 701 3117 est
725 3102 743 3130 ,
769 3068 1049 3133 exspectat
1068 3058 1279 3129 quando
1301 3059 1369 3112 sit
1395 3060 1563 3129 qualis
1592 3057 1763 3115 futura
1791 3069 1871 3114 est
1901 3077 1913 3111 :
1949 3070 2197 3131 tanquam

616 3150 662 3208 si
690 3148 959 3207 diceretur
975 3192 989 3215 ,
1018 3148 1283 3221 Operante
1311 3148 1508 3221 pictore
1531 3146 1783 3219 subjectis
1807 3147 1906 3205 sibi
1931 3150 2200 3206 coloribus

614 3249 670 3299 et
695 3239 761 3315 ad
782 3221 914 3321 opus
943 3240 1058 3310 ejus
1088 3238 1285 3311 paratis
1306 3280 1319 3305 ,
1377 3238 1675 3307 expectatio
1701 3238 1942 3294 colorum
1971 3240 2199 3297 manife-

614 3337 897 3392 stationem
925 3334 1166 3403 imaginis
1181 3338 1478 3400 exspectat:
1497 3345 1598 3384 non
1627 3332 1746 3401 quia
1776 3340 1900 3385 tunc
1925 3340 2047 3387 sunt
2070 3333 2195 3401 alii,

612 3436 669 3485 et
691 3427 781 3497 alii
807 3434 983 3499 erunt,
1013 3432 1103 3478 aut
1131 3439 1235 3477 non
1265 3422 1470 3477 colores
1485 3431 1669 3487 erunt;
1699 3421 1792 3477 sed
1825 3431 2026 3479 tantum
2052 3424 2198 3495 quod

612 3514 770 3575 aliam
800 3514 1108 3589 dignitatem
1136 3513 1421 3569 habebunt.

683 3608 737 3664 3.
807 3606 1031 3681 Yanitati
1085 3606 1245 3671 enim,
1307 3606 1508 3676 inquit,
1567 3615 1794 3659 creatura
1836 3605 2060 3677 subjecta
2098 3618 2193 3665 est.

610 3694 726 3773 Hoc
753 3706 836 3755 est
876 3696 1003 3754 illud
1034 3714 1047 3749 :
1091 3694 1297 3751 Vanitas
1336 3696 1665 3749 vanitantiam
1698 3698 1736 3761 ¹,
1766 3707 1810 3751 et
1849 3695 2017 3753 omnia
2048 3700 2195 3754 vani-

613 3800 708 3847 tas.
744 3789 871 3858 Qui:
897 3787 1207 3842 abundantia
1250 3796 1321 3840 est
1374 3787 1561 3839 homini
1605 3786 1817 3840 inomni
1860 3787 2027 3843 labore
2061 3806 2153 3845 suo
2175 3832 2192 3859 ,

610 3897 756 3954 quem
783 3880 892 3949 ipse
917 3878 1111 3932 laborat
1149 3876 1239 3930 sub
1283 3875 1388 3930 sole
1441 3875 1632 3947 (Eccle.
1663 3893 1714 3943 ι,
1762 3875 1797 3930 2
1816 3919 1829 3942 ,
1853 3876 1949 3947 3)?
1978 3877 2072 3933 Cui
2114 3878 2196 3935 di-

610 3984 752 4039 ctum
768 3984 867 4036 est,
900 3970 964 4025 In
994 3971 1163 4026 labore
1187 3970 1509 4024 manducabis
1537 3988 1718 4041 panem
1752 3980 1889 4024 tuum
1916 3969 2066 4043 (Gen.
2099 3988 2189 4040 ιιι,

610 4062 725 4137 ιθ).
763 4059 983 4115 Vanitati
1009 4075 1136 4130 ergo
1184 4070 1416 4112 creatura
1462 4060 1685 4131 subjecta
1714 4069 1819 4125 est,
1866 4078 1965 4115 non
1994 4071 2189 4131 sponte.

610 4150 754 4210 Bene
798 4150 1031 4205 additum
1059 4159 1173 4217 est,
1203 4166 1302 4201 non
1342 4160 1537 4218 sponte.
1573 4151 1741 4206 llomo
1769 4151 1963 4221 quippe
2004 4161 2194 4224 sponte

709 4244 878 4308 cavit,
921 4241 1013 4296 sed
1050 4256 1154 4295 non
1201 4249 1392 4309 sponte
1448 4241 1728 4295 damnatus
1778 4251 1877 4297 est.
1912 4243 2193 4300 Peccatum

608 4332 786 4405 itaque
835 4332 929 4387 fuit
980 4342 1363 4402 Spontancum,
1420 4340 1603 4385 contra
1656 4343 1975 4405 prmceptum
2018 4335 2193 4394 facere

608 4427 847 4484 veritatis
877 4443 887 4476 :
920 4422 1121 4495 peccati
1157 4430 1331 4475 autem
1361 4437 1515 4491 poena
1537 4464 1551 4489 ,
1585 4422 1772 4493 subjici
1801 4423 2042 4480 fallacias.
2072 4426 2193 4483 Non

608 4534 734 4588 ergo
758 4525 945 4589 sponte
965 4522 1208 4571 creatura
1238 4513 1472 4583 subjecta
1497 4523 1577 4570 est
1600 4516 1814 4569 vanitati
1840 4532 1853 4569 :
1879 4517 1967 4571 sed
1988 4527 2192 4589 propter

608 4624 719 4665 cum
738 4607 823 4677 qui
848 4605 1054 4676 subjecit
1081 4620 1189 4657 eam
1210 4605 1263 4657 in
1289 4620 1417 4673 spe;
1454 4604 1504 4658 id
1565 4613 1649 4659 cst
1667 4646 1682 4671 ,
1712 4617 1931 4677 propter
1958 4608 2075 4679 ejus
2097 4611 2188 4680 ju-

607 4700 803 4755 stitiam
833 4707 991 4768 atque
1019 4695 1350 4751 clementiam
1375 4737 1389 4762 ,
1418 4696 1505 4766 qui
1528 4712 1700 4767 neque
1722 4698 2036 4768 impunitum
2057 4701 2188 4758 reli-

604 4791 721 4867 quit
743 4797 1040 4867 peccatum,
1066 4802 1235 4859 neque
1270 4787 1618 4842 insanabilem
1644 4788 1806 4843 voluit
1826 4806 1945 4847 esse
1964 4807 2189 4865 peccan-

604 4890 733 4943 tem.

674 4973 712 5026 4
764 4971 895 5038 Quia
936 4981 980 5024 et
1008 4972 1119 5041 ipsa
1158 4977 1417 5032 creatura,
1463 4967 1514 5021 id
1541 4977 1623 5023 est
1646 5010 1660 5034 ,
1690 4969 1803 5041 ipse
1829 4969 2017 5041 homo,
2063 4988 2185 5031 cum

600 5063 710 5132 jam
754 5062 1022 5132 signaculo
1048 5062 1288 5131 imaginis
1314 5070 1531 5130 propter
1560 5072 1836 5131 peccatum
1862 5064 2058 5121 amisso
2100 5083 2188 5124 re-

605 5152 799 5208 mansit
825 5153 1186 5205 tantummodo
1206 5162 1448 5208 creatura
1475 5152 1553 5224 (a)
1588 5172 1599 5206 :
1628 5164 1675 5207 et
1703 5155 1814 5225 ipsa
1842 5157 2019 5227 itaque
2044 5174 2186 5213 crea-

604 5252 750 5309 tura,
785 5238 837 5295 id
887 5248 1003 5307 est,
1046 5252 1099 5294 et
1126 5241 1237 5309 ipsa
1265 5260 1382 5313 qua:
1427 5244 1660 5299 nondum
1698 5257 1921 5302 vocatur
1952 5249 2182 5305 ﬁliorum

604 5333 770 5388 forma
803 5327 1064 5403 perlecta,
1098 5329 1189 5382 sed
1215 5339 1417 5385 tantum
1443 5343 1659 5388 vocatur
1687 5346 1956 5401 creatura,
2000 5338 2185 5392 libera-

605 5423 736 5479 bitur
759 5438 791 5475 a
818 5419 1049 5475 servitute
1090 5420 1335 5473 interitus.
1369 5422 1518 5489 Quod
1565 5425 1738 5495 itaque
1766 5426 1873 5494 ait,
1902 5437 1947 5480 et
1976 5429 2092 5499 ipsa
2119 5428 2181 5484 li.

666 5551 1148 5624 ξιιᾴὶιὶιᾳυῂιᾳιιηῃ.
1167 5558 1233 5624 At
1253 5559 1383 5624 Mss,
1758 5561 1832 5624 sic
1845 5558 2102 5624 aliquando
2124 5576 2182 5614 se

601 5620 653 5669 In
671 5612 989 5686 latinis'llbris
1009 5612 1193 5678 legisse
1221 5619 1427 5664 testatur
1453 5621 1761 5681 Augustinus,
1785 5620 1871 5673 lib.
1899 5612 2180 5686 [κειταιιᾷ

603 5677 787 5794 “iiii
809 5743 1011 5788 semet.
1031 5748 1136 5797 cap.
1162 5734 1239 5786 26.

2337 419 2618 486 berabitur,
2662 422 2785 477 facit
2831 423 3047 493 intelligi
3070 465 3084 489 ,
3115 432 3163 477 et
3189 424 3334 493 ipsa,
3362 428 3815 498 quemadmodum
3858 444 3916 497 et

2330 525 2456 575 nos,
2505 511 2555 565 id
2585 520 2695 577 est,
2745 521 2798 567 ct
2825 512 2892 568 de
2923 514 3050 582 ipsis
3087 530 3191 569 non
3220 523 3301 569 est
3344 515 3774 590 desperandum,
3820 526 3913 597 qui

2329 604 2563 659 nondum
2609 614 2863 661 vocantur
2912 606 3002 660 ﬁlii
3050 608 3176 675 Dei,
3207 608 3330 678 quia
3378 612 3613 671 nondum
3659 615 3907 673 credide-

2329 704 2484 757 runt,
2518 696 2608 749 sed
2658 705 2860 755 tantum
2909 706 3151 767 creatura
3194 700 3362 770 :quia
3411 710 3466 757 et
3507 704 3607 773 ipsi
3656 706 3910 765 credituri

2328 793 2482 857 sunt,
2520 793 2576 841 et
2603 786 2966 845 liberabuntur
2989 804 3020 847 ιι
3056 790 3312 847 servitute
3338 791 3615 862 interitus,
3656 800 3915 866 quemad-

2328 874 2543 933 modum
2588 892 2687 935 nos
2710 878 2800 948 qui
2828 878 2940 948 jam
2983 878 3075 934 lilii
3105 879 3200 936 Dei
3237 895 3457 947 sumus,
3489 886 3731 953 quamvis
3772 903 3911 943 nou-

2325 964 2452 1027 dum
2479 968 2785 1037 apparuerit
2827 969 2954 1040 quid
3004 970 3224 1033 erimus.
3268 972 3668 1035 Liberabuntur
3713 994 3841 1050 ergo
3877 995 3909 1036 a

2322 1057 2581 1115 servitute
2619 1058 2899 1128 interitus,
2929 1061 2982 1115 in
3018 1060 3297 1123 libertatem
3324 1065 3501 1135 gloriae
3523 1068 3749 1136 ﬁliorum
3773 1069 3911 1137 Dei;

2325 1145 2377 1200 id
2415 1156 2532 1213 est,
2583 1157 2639 1203 et
2674 1149 2775 1221 ipsi
2821 1160 2980 1209 erunt
3006 1167 3074 1208 ex
3096 1155 3266 1211 servis
3305 1154 3490 1224 liberi,
3535 1167 3589 1215 et
3654 1175 3720 1217 ex
3765 1177 3911 1221 mor-

2325 1236 2431 1293 tuis
2480 1237 2700 1307 gloriosi
2743 1239 2798 1295 in
2846 1239 2952 1301 vita
2992 1241 3227 1312 perlecta
3250 1283 3267 1310 ,
3298 1259 3457 1315 quam
3501 1245 3775 1311 habebunt
3810 1249 3908 1307 lilii

2324 1326 2441 1387 Dei.

2392 1420 2446 1477 5.
2475 1418 2679 1475 Scimus
2703 1422 2834 1476 enim
2871 1423 2993 1493 quia
3034 1425 3197 1480 omnis
3234 1436 3465 1485 creatura
3506 1432 3825 1502 congentiscit
3859 1440 3910 1489 et

2320 1511 2456 1569 dolet
2475 1528 2630 1582 usque
2653 1514 2841 1568 adhuc.
2859 1513 3044 1573 Omnis
3069 1525 3311 1575 creatura
3330 1519 3387 1575 in
3411 1519 3628 1579 homine
3652 1536 3905 1587 numera-

2321 1609 2424 1671 tur,
2466 1618 2570 1663 non
2590 1604 2731 1674 quod
2760 1605 2812 1663 in
2841 1620 2906 1661 eo
2932 1606 3037 1671 sint
3065 1622 3252 1665 omnes
3272 1610 3462 1682 Aogeli
3481 1653 3496 1679 ,
3525 1622 3582 1669 et
3605 1615 3906 1686 superemi-

2319 1699 2505 1749 nentes
2534 1692 2766 1753 Virtutes
2800 1709 2866 1755 ac
2887 1696 3185 1771 Potestates
3204 1739 3218 1766 ,
3246 1709 3338 1757 aut
3372 1702 3565 1759 coelum
3600 1714 3657 1763 et
3684 1715 3825 1765 terra
3850 1714 3909 1763 et

2316 1795 2464 1839 mare
2491 1789 2545 1841 et
2572 1784 2748 1845 omnia
2777 1800 2895 1855 qua:
2934 1786 2985 1841 in
3011 1787 3089 1843 eis
3109 1798 3261 1857 sunt;
3286 1790 3381 1848 sed
3401 1794 3523 1862 quia
3546 1795 3721 1855 omnis
3747 1810 3905 1855 crea-

2316 1878 2435 1927 tura
2465 1873 2652 1941 partim
2683 1874 2969 1945 spiritualis
3010 1886 3127 1947 est,
3155 1880 3345 1948 partim
3386 1882 3663 1953 animalis,
3707 1886 3904 1955 partim

2313 1963 2623 2031 corporalis.
2638 1964 2790 2033 Quod
2811 1974 2866 2021 ut
2885 1966 2951 2020 ab
2976 1967 3315 2025 interioribus
3335 1971 3757 2042 consideremus,
3778 1989 3905 2032 cor-

2313 2052 2509 2125 poralis
2523 2063 2765 2133 creatura
2790 2071 2887 2126 per
2914 2058 3031 2115 loca
3058 2058 3320 2127 tenditur;
3343 2062 3588 2119 animalis
3610 2075 3791 2123 autem
3814 2066 3898 2125 vi-

2311 2142 2491 2205 vilicat
2513 2146 2872 2215 corporalem;
2894 2148 3185 2219 spiritualis
3208 2152 3495 2210 auirnalem
3521 2155 3677 2226 regit,
3699 2163 3756 2215 et
3773 2164 3900 2217 tunc

2311 2234 2449 2293 bene
2472 2236 2608 2308 regit
2626 2278 2641 2304 ,
2662 2252 2783 2295 cum
2810 2240 2924 2309 ipsa
2948 2242 3230 2311 regendam
3260 2259 3319 2301 se
3349 2245 3560 2316 subjicit
3583 2247 3693 2305 Deo
3722 2267 3737 2304 :
3772 2263 3899 2309 cum

2310 2333 2487 2393 autem
2550 2329 2935 2400 transgreditur
2987 2342 3251 2405 praecepta
3302 2336 3453 2406 ejus,
3512 2338 3781 2397 laboribus
3840 2348 3899 2398 et

2309 2419 2563 2487 aerumnis
2600 2434 2697 2490 per
2715 2420 2903 2485 eadem
2930 2424 3043 2493 ipsa
3064 2439 3185 2495 quae
3212 2441 3397 2497 regere
3419 2437 3626 2498 poterat
3653 2431 3896 2502 implica~

2310 2516 2415 2567 tur.
2457 2509 2560 2576 Qui
2602 2525 2730 2582 ergo
2770 2512 2899 2573 vivit
2940 2529 3005 2575 ex
3034 2530 3258 2586 corpore
3279 2557 3296 2584 ,
3334 2519 3566 2577 carnalis
3602 2520 3763 2583 homo
3808 2522 3897 2583 vel

2308 2599 2552 2661 animalis
2597 2612 2817 2663 vocatur
2846 2622 2860 2661 :
2889 2608 3158 2679 carnalis,
3196 2610 3320 2679 quia
3344 2614 3576 2670 carnalia
3617 2623 3893 2686 sectatur;

2304 2690 2552 2757 animalis
2577 2704 2752 2751 autem
2774 2733 2790 2763 ,
2820 2698 2942 2766 quia
2970 2697 3137 2759 fertur
3161 2699 3416 2765 dissoluta
3445 2705 3661 2769 lascivia
3698 2708 3896 2769 animus

2306 2794 2417 2839 suae
2440 2821 2455 2848 ,
2483 2797 2642 2855 quam
2671 2800 2776 2851 non
2805 2788 2943 2857 regit
2985 2789 3236 2859 spiritus,
3282 2807 3455 2864 neque
3493 2807 3706 2857 coercet
3753 2798 3895 2857 intra

2304 2882 2474 2935 metas
2509 2877 2767 2941 naturalis
2811 2880 3049 2947 ordinis;
3089 2884 3213 2953 quia
3256 2892 3310 2940 et
3350 2885 3465 2955 ipse
3490 2901 3552 2944 se
3578 2903 3683 2946 non
3712 2890 3897 2951 subdit

2305 2966 2595 3035 regendum
2624 2969 2751 3031 Deo.
2783 2967 2884 3038 Qui
2924 2980 3104 3029 autem
3136 2972 3323 3043 spiritu
3360 2976 3590 3034 animam
3631 2981 3802 3053 regit,
3834 2989 3897 3038 et

2305 3068 2402 3127 per
2446 3056 2678 3121 animam
2722 3074 2915 3130 corpus
2948 3061 3112 3133 (quod
3155 3064 3330 3135 facere
3372 3082 3477 3127 non
3528 3076 3738 3138 potest.
3784 3071 3894 3129 nisi

2304 3144 2474 3209 Deum
2498 3147 2691 3211 habeat
2716 3159 2771 3215 et
2794 3151 2909 3223 ipse
2933 3162 3195 3213 rectorem
3214 3195 3232 3219 .
3266 3157 3515 3226 quoniam
3558 3158 3693 3219 sicut
3731 3170 3895 3230 caput

2304 3237 2544 3297 mulieris
2569 3240 2671 3309 vir,
2700 3241 2774 3298 ita
2793 3253 2952 3314 caput
2980 3244 3079 3300 viri
3098 3245 3341 3305 Christus
3362 3257 3446 3305 est
3474 3248 3517 3321 [Ι
3544 3249 3661 3309 Cor.
3680 3267 3754 3319 xi.
3781 3252 3888 3326 3]),

2303 3336 2521 3389 vocatur
2570 3332 2881 3401 Spiritualis.
2927 3334 3058 3402 Qum
3107 3336 3212 3395 vita
3252 3353 3373 3397 cum
3416 3340 3592 3410 aliqua
3643 3342 3890 3401 molestia

2302 3432 2445 3479 nunc
2467 3419 2661 3492 agitur,
2686 3431 2808 3492 post
2829 3431 3004 3487 autem
3030 3425 3228 3485 nullam
3270 3428 3517 3497 patietur.
3545 3429 3615 3487 Et
3635 3432 3890 3502 quoniam

2300 3513 2497 3573 summi
2520 3513 2708 3585 Angeli
2740 3516 3089 3585 spiritualiter
3115 3519 3331 3588 vivunt,
3360 3520 3524 3579 inﬁmi
3559 3531 3737 3580 autem
3764 3524 3887 3585 oni-

2299 3602 2510 3661 maliter
2531 3604 2610 3675 (a)
2634 3646 2649 3670 ,
2674 3605 2859 3665 bestiae
2885 3622 3012 3664 vero
3038 3618 3094 3665 et
3125 3611 3300 3666 omnia
3337 3626 3527 3680 pecora
3565 3615 3885 3687 carnaliter,

2298 3704 2493 3763 corpus
2521 3701 2699 3757 autem
2721 3711 2826 3757 non
2855 3697 2981 3757 vivit
3002 3739 3015 3764 ,
3044 3699 3138 3757 sed
3167 3700 3496 3768 viviﬁcatur;
3528 3706 3700 3765 omnis
3725 3720 3885 3769 crea-

2300 3787 2416 3843 tura
2444 3781 2500 3845 in
2521 3781 2738 3839 homine
2762 3792 2875 3851 est.
2904 3787 3027 3856 quia
3055 3797 3110 3842 et
3133 3788 3377 3859 intelligit
3400 3792 3625 3861 spiritu.
3666 3804 3722 3852 et
3753 3812 3885 3853 sen-

2300 3875 2365 3933 tit
2387 3874 2583 3943 anima,
2614 3885 2668 3932 et
2697 3876 2935 3939 localiter
2957 3893 3184 3950 corpore
3202 3892 3465 3939 movetur.
3491 3883 3678 3943 Omnis
3704 3887 3886 3959 itaque

2296 3976 2539 4027 creatura
2582 3969 2637 4025 in
2662 3970 2877 4029 homine
2900 3973 3244 4042 congemiscit
3286 3982 3341 4031 et
3372 3974 3537 4033 dolet.
3576 3978 3690 4037 Non
3734 3982 3884 4043 enim

2300 4066 2485 4127 totam,
2512 4059 2608 4117 sed
2634 4074 2849 4119 omnem
2870 4060 3037 4119 dixit:
3066 4071 3316 4134 tanquam
3338 4065 3383 4121 si
3409 4068 3529 4137 quis
3552 4067 3710 4135 dicat,
3735 4071 3885 4141 quod

2298 4150 2465 4206 solem
2490 4163 2677 4207 omnes
2705 4150 2947 4211 homines
2973 4152 3155 4209 vident
3178 4154 3271 4224 qui
3298 4165 3422 4211 sunt
3446 4158 3750 4223 incolumes.
3779 4161 3886 4221 sed

2296 4255 2405 4295 non
2421 4242 2530 4297 toti
2553 4241 2768 4309 vident,
2790 4242 2911 4314 quia
2942 4252 3145 4301 tantum
3164 4246 3333 4303 oculis
3354 4247 3531 4307 vident
3552 4265 3567 4302 ι
3591 4250 3659 4307 ita
3690 4251 3742 4311 in
3774 4251 3884 4317 lto-

2294 4329 2439 4385 mine
2471 4331 2645 4387 omnis
2671 4341 2912 4391 creatura
2941 4342 3055 4400 est,
3085 4334 3205 4404 quia
3230 4345 3284 4391 et
3318 4337 3556 4406 intelligit
3591 4346 3647 4394 et
3673 4338 3800 4401 vivit
3822 4349 3891 4403 et

2295 4433 2489 4490 corpus
2516 4420 2696 4487 habet;
2725 4421 2819 4478 sed
2847 4438 2949 4479 non
2983 4432 3090 4479 tota
3114 4435 3353 4487 creatura
3383 4426 3434 4480 in
3461 4425 3714 4496 ipsemet,
3750 4430 3887 4499 quia
3916 4455 3931 4477 ι

2293 4520 2419 4569 sunt
2440 4523 2636 4584 praeter
2660 4514 2831 4585 ipsum
2858 4523 2913 4571 et
2941 4515 3126 4585 Angeli
3147 4556 3163 4582 ,
3190 4517 3278 4586 qui
3304 4517 3595 4589 intelligant
3619 4530 3673 4577 et
3691 4522 3891 4585 vivant

2292 4611 2349 4657 et
2373 4602 2501 4668 sint,
2531 4611 2585 4658 et
2611 4617 2801 4673 pecora
2830 4620 2949 4674 quae
2975 4604 3154 4659 vivant
3180 4615 3233 4661 et
3258 4605 3392 4673 sint,
3419 4617 3472 4663 et
3498 4623 3724 4681 corpora
3754 4628 3891 4683 qum

2293 4694 2658 4751 tantummodo
2686 4696 2818 4760 sint;
2847 4711 2967 4755 cum
2994 4697 3166 4768 ipsum
3194 4698 3369 4756 vivere
3401 4701 3568 4773 magis
3590 4703 3686 4771 sit,
3712 4718 3888 4775 quam

2291 4798 2398 4843 non
2424 4784 2630 4852 vivere,
2660 4794 2715 4841 et
2733 4787 2910 4856 ipsum
2936 4788 3229 4859 intelligere
3255 4792 3421 4862 magis
3441 4794 3538 4862 sit,
3568 4810 3725 4865 quam
3757 4798 3891 4857 sine

2292 4874 2565 4931 intellectu
2589 4876 2786 4932 vivere.
2811 4878 2941 4933 Cum
2978 4893 3107 4948 ergo
3149 4882 3310 4937 miser
3337 4882 3499 4940 homo
3526 4889 3891 4957 congemiscit

2289 4974 2345 5023 et
2370 4966 2548 5031 dolet,
2588 4968 2763 5023 omnis
2788 4976 3032 5025 creatura
3070 4974 3414 5043 congemiscit
3437 4985 3489 5030 et
3530 4977 3673 5032 dolet
3701 4994 3894 5049 usque

2288 5058 2482 5112 adhuc.
2511 5057 2678 5127 Usque
2698 5058 2864 5114 adhuc
2896 5070 3069 5117 autem
3111 5072 3252 5120 recte
3271 5065 3403 5120 dixit
3437 5084 3450 5120 :
3481 5067 3599 5136 quia
3629 5070 3789 5129 etiam
3827 5074 3894 5131 si

2288 5146 2395 5202 sint
2430 5146 2589 5217 aliqui
2609 5146 2718 5216 jam
2744 5149 2795 5205 in
2827 5150 2945 5205 sinu
2981 5152 3207 5211 Abrahae
3232 5153 3379 5227 (Luc.
3404 5171 3489 5213 xvi
3510 5198 3525 5221 ,
3547 5157 3639 5231 23)
3659 5202 3675 5224 ,
3707 5170 3761 5217 et
3787 5163 3893 5223 la-

2290 5244 2375 5290 tro
2421 5236 2510 5292 illo
2553 5252 2673 5295 cum
2731 5238 2960 5297 Domino
3006 5242 3058 5296 in
3105 5243 3352 5312 paradiso
3395 5249 3712 5305 constitutus
3752 5249 3890 5323 (Id.

2290 5341 2427 5382 xxru
2443 5367 2458 5391 ,
2488 5328 2602 5397 43),
2632 5328 2724 5383 illo
2747 5329 2835 5386 die
2859 5345 2964 5399 quo
2988 5331 3243 5400 credidit,
3272 5334 3457 5392 dolere
3476 5337 3754 5406 destiterit;
3783 5349 3897 5403 ta-

2290 5430 2409 5470 men
2438 5431 2607 5486 usqne
2633 5419 2805 5473 adhuc
2828 5421 3001 5475 omnis
3030 5431 3267 5477 creatura
3296 5429 3642 5495 congemiscit
3673 5437 3727 5485 et
3765 5429 3893 5488 do-

2288 5506 2362 5561 let
2386 5547 2402 5575 ,
2428 5507 2547 5579 quia
2576 5508 2627 5560 in
2654 5509 2715 5564 iis
2736 5510 2826 5580 qui
2860 5509 3091 5564 nondum
3123 5512 3329 5567 liberati
3359 5524 3516 5585 sunt,
3545 5519 3722 5574 omnis
3746 5531 3843 5579 est
3862 5565 3895 5597 ,

2286 5607 2505 5668 prepter
2528 5598 2769 5668 spiritum
2796 5606 2850 5654 et
2871 5599 3100 5665 animam
3129 5608 3184 5667 et
3200 5616 3414 5675 corpus.

2348 5744 2421 5808 (a)
2446 5754 2462 5794 ι
2485 5751 2710 5807 Retract.,
2726 5757 2832 5809 cap.
2856 5746 2933 5796 26.
