4134 6208
313 368 390 426 O9
1747 350 1911 408 [ΔΒΕ]

2017 348 2189 410 INUS.
3531 371 3606 443 πο

386 483 441 540 6.
473 479 599 537 Non
618 477 789 534 solum
807 481 1001 540 autem,
1030 473 1221 544 inquit,
1253 472 1430 528 omnis
1451 480 1691 529 creatura
1722 485 1917 540 conge-

317 577 492 634 miscit
515 582 570 630 et
593 572 779 638 dolet,
807 569 898 625 sed
922 577 972 624 et
1009 586 1099 624 nos
1121 570 1222 639 ipsi
1249 585 1268 623 :
1300 569 1352 623 id
1379 579 1457 624 est
1483 613 1495 631 .
1531 585 1633 624 non
1661 570 1829 623 solum
1861 569 1912 623 in

315 668 534 725 homine
561 678 763 736 corpus
788 667 846 718 ει
868 660 1042 716 anima
1088 668 1142 715 et
1184 660 1401 730 spiritus
1441 660 1598 714 simul
1627 660 1811 715 dolent
1848 676 1914 714 ex

314 756 721 817 difﬁcultatibus
744 755 985 824 corporis
1005 797 1019 818 ,
1050 751 1141 808 sed
1171 763 1225 808 et
1254 767 1350 806 nos
1371 754 1469 822 ipsi
1491 795 1505 819 ,
1534 753 1768 821 exceptis
1797 768 1917 806 cor-

312 853 555 927 poribus,
583 852 637 903 in
658 848 803 902 nobis
836 847 960 916 ipsis
977 846 1389 916 congemiscimus
1408 886 1424 911 ,
1454 846 1699 914 primitias
1730 844 1913 898 haben-

314 955 388 1000 tes
420 941 651 1012 spiritus.
684 939 754 994 Et
777 937 915 994 bene
937 937 1101 1002 dixit,
1132 937 1382 1007 primitias
1403 937 1636 991 habentes
1661 938 1865 1008 spiritus
1894 955 1913 992 :

309 1036 371 1091 id
393 1021 495 1098 est,
514 1046 744 1104 quorum
761 1029 873 1100 jam
902 1028 1116 1099 spiritus
1142 1035 1393 1098 tanquam
1414 1026 1733 1090 sacrificium
1750 1028 1912 1084 oblati

311 1133 440 1183 sunt
468 1124 579 1180 Deo
603 1165 618 1191 ,
639 1131 698 1177 et
719 1118 902 1177 divino
926 1119 1197 1175 charitatis
1225 1121 1346 1190 igne
1373 1120 1744 1190 comprehensi
1766 1129 1907 1175 sunt.

311 1217 410 1273 Bx
435 1221 561 1272 sunt
587 1212 839 1284 primitiae
859 1210 1124 1276 hominis;
1166 1211 1288 1282 quia
1317 1212 1514 1266 veritas
1548 1212 1775 1280 primum
1812 1212 1913 1281 spi-

308 1309 478 1365 ritum
507 1315 756 1360 nostrum
792 1302 1032 1368 obtinet,
1064 1311 1122 1356 ut
1159 1315 1255 1374 per
1281 1301 1422 1357 hunc
1447 1310 1637 1356 czetera
1668 1318 1911 1371 compre-

313 1399 640 1456 hendantur.
668 1393 786 1451 1am
817 1410 943 1465 ergo
968 1391 1127 1449 habet
1147 1393 1406 1462 primitias
1427 1393 1630 1450 oblatas
1657 1395 1789 1462 Deo,
1820 1397 1908 1464 qui

307 1491 448 1546 dicit
475 1508 491 1544 τ
524 1487 692 1542 Mente
715 1487 878 1541 servio
915 1485 1011 1555 legi
1037 1483 1161 1552 Dei,
1193 1502 1343 1539 carne
1378 1495 1544 1540 autem
1584 1487 1679 1557 legi
1721 1489 1910 1556 peccati

313 1579 506 1653 (Rom.
535 1595 639 1644 vn,
670 1577 787 1648 ‘25).
823 1577 891 1630 Et
915 1578 1002 1646 qui
1028 1575 1155 1631 dicit
1187 1596 1197 1629 :
1233 1575 1370 1630 Deus
1395 1577 1475 1630 cui
1516 1579 1672 1630 servio
1711 1579 1761 1630 in
1804 1580 1908 1647 spi-

311 1673 424 1727 ritu
458 1688 564 1724 meo
602 1668 710 1741 (Id.
743 1685 794 1733 ι,
823 1666 899 1738 9).
934 1667 999 1721 Et
1039 1668 1106 1722 de
1150 1683 1254 1736 quo
1284 1666 1475 1722 dicitur
1506 1686 1517 1722 :
1548 1668 1770 1736 Spiritus
1795 1671 1909 1739 qui-

307 1767 426 1818 dem
455 1772 723 1832 promptus
753 1769 858 1823 est,
887 1776 1003 1813 caro
1042 1768 1206 1812 autent
1241 1760 1445 1828 inﬁrma
1481 1757 1691 1832 (Matth.
1741 1778 1862 1815 xxVI
1888 1805 1903 1828 ,

314 1857 426 1924 41).
449 1855 555 1910 Sed
585 1856 837 1923 quoniam
865 1851 1036 1906 adhuc
1061 1851 1219 1917 dicit,
1251 1849 1444 1919 Infelix
1471 1867 1560 1921 ego
1584 1852 1732 1904 homo
1753 1895 1765 1916 ,
1798 1854 1908 1923 quis

312 1965 389 2002 me
419 1945 648 2000 liberabit
672 1946 733 1997 de
756 1959 966 2012 corpore
995 1943 1165 1996 mortis
1192 1941 1343 2012 hujus
1371 1942 1544 2010 (Rom.
1571 1957 1672 2007 vn,
1697 1942 1829 2011 24)?
1856 1951 1908 1998 et

315 2042 483 2096 adhuc
509 2039 709 2094 talibus
741 2037 967 2105 dicitur,
1018 2035 1296 2106 Vivi/icabit
1336 2045 1382 2088 et
1424 2035 1657 2088 mortalia
1695 2052 1908 2108 corpora

316 2146 471 2188 restra
493 2142 707 2203 propter
723 2130 974 2200 Spiritum
994 2138 1274 2183 manentem
1301 2129 1352 2181 in
1376 2129 1508 2181 vobis
1526 2127 1636 2199 (Id.
1663 2146 1771 2194 vnt,
1793 2128 1903 2202 il);

313 2223 550 2279 nondum
574 2230 659 2277 est
692 2221 1058 2275 holocaustum
1091 2237 1102 2271 :
1132 2219 1234 2273 erit
1259 2230 1434 2273 autem
1457 2260 1471 2284 ,
1508 2233 1627 2273 cum
1649 2219 1905 2275 absorbe-

312 2313 454 2370 bitur
480 2327 630 2368 mors
667 2313 723 2366 in
769 2310 1084 2374 victoriam;
1118 2325 1237 2363 cum
1278 2310 1324 2362 ei
1365 2309 1574 2363 dicetur
1597 2351 1611 2374 ,
1658 2309 1753 2364 Ubi
1794 2319 1866 2364 est
1889 2352 1904 2377 ,

317 2424 467 2470 mors,
489 2405 743 2459 contentio
774 2404 902 2457 tua?
926 2403 1011 2456 ubi
1039 2411 1144 2467 est,
1172 2418 1325 2465 mors,
1348 2402 1550 2454 aculeus
1572 2411 1685 2454 tuus
1714 2401 1753 2473 (Ι
1785 2400 1902 2457 Cor.

312 2513 403 2565 xv,
422 2497 512 2562 54,
537 2495 658 2565 55)?
686 2495 833 2548 Nunc
857 2507 1004 2561 ergo,
1029 2491 1218 2561 inquit,
1240 2505 1345 2544 non
1370 2491 1543 2544 solum
1561 2493 1735 2546 onmis
1755 2508 1906 2546 crea-

313 2599 432 2642 tura
455 2630 470 2653 ,
497 2586 551 2640 id
578 2594 685 2653 est,
715 2599 835 2638 cum
857 2597 1100 2652 corpore,
1133 2581 1220 2636 sed
1241 2583 1394 2635 etiam
1421 2599 1512 2636 nos
1534 2582 1632 2651 ipsi
1662 2583 1908 2650 primitias

318 2681 552 2734 habentes
580 2677 789 2747 spiritus
817 2694 829 2728 :
858 2676 908 2728 id
936 2686 1032 2739 est,
1069 2691 1164 2727 nos
1191 2674 1383 2727 anima:
1402 2715 1417 2740 ,
1451 2688 1570 2742 qute
1593 2674 1702 2740 jam
1737 2673 1908 2742 primi-

315 2773 417 2826 tias
437 2779 645 2824 mentes
667 2777 876 2822 nostras
898 2765 1186 2820 obtulimus
1218 2765 1354 2831 Deo,
1387 2765 1440 2817 in
1468 2764 1609 2818 nobis
1635 2765 1760 2833 ipsis
1787 2781 1907 2818 con-

315 2862 636 2932 gemiseimus
654 2900 668 2923 ,
695 2857 747 2912 id
775 2864 858 2912 est
877 2898 890 2921 ,
915 2865 1107 2926 prmter
1131 2871 1322 2924 corpus
1351 2873 1364 2909 :
1393 2856 1714 2924 adeptionem
1733 2871 1908 2926 exspe-

317 2963 540 3020 ctantes,
589 2952 980 3021 redemptionem
1022 2951 1245 3020 corporis
1284 2950 1476 3014 nostri,
1513 2949 1563 3003 id
1609 2959 1721 3014 est,
1753 2956 1809 3003 ut
1855 2959 1910 3006 et

317 3043 486 3116 ipsum
531 3061 730 3113 corpus
768 3045 1031 3112 accipiens
1084 3043 1395 3096 beneﬁcium
1439 3043 1738 3112 adoptionis
1783 3042 1910 3099 ﬁlio-

318 3153 432 3193 rum
453 3178 466 3202 ,
502 3151 610 3207 qua
649 3134 823 3189 vocati
853 3150 1033 3188 sumus
1053 3175 1068 3199 ,
1098 3142 1236 3187 totos
1278 3148 1377 3187 nos
1404 3132 1688 3198 liberatos,
1732 3143 1909 3188 trans-

319 3229 447 3284 actis
469 3227 722 3282 omnibus
749 3224 1038 3286 molestiis,
1073 3240 1133 3277 ex
1159 3225 1302 3277 omni
1337 3235 1483 3292 parte
1509 3223 1597 3278 Dei
1628 3223 1766 3278 ﬁlios
1790 3239 1910 3280 esse

319 3319 645 3375 manifestct.
676 3317 784 3387 Spe
807 3317 938 3369 enim
962 3316 1085 3368 salvi
1101 3316 1219 3384 facti
1240 3331 1412 3368 sum-us
1438 3331 1456 3368 :
1477 3331 1590 3385 spes
1611 3322 1775 3368 autent
1798 3330 1912 3385 quae

318 3411 509 3465 ridetur
525 3451 543 3476 ,
564 3426 667 3463 non
685 3419 755 3462 est
776 3425 906 3475 spes.
929 3405 1073 3460 'l‘nnc
1095 3422 1221 3476 ergo
1244 3407 1343 3460 erit
1365 3421 1449 3461 res
1477 3423 1596 3477 quae
1619 3421 1760 3462 nunc
1785 3421 1910 3477 spes

323 3513 430 3568 est,
454 3520 572 3557 cum
600 3501 892 3572 apparuerit
922 3500 1041 3570 quid
1065 3502 1252 3553 erimus
1276 3515 1294 3562 ;
1335 3499 1386 3553 id
1415 3508 1496 3553 est
1518 3541 1532 3564 ,
1563 3499 1752 3554 similes
1790 3499 1906 3566 illi,

323 3597 555 3666 quoniam
585 3592 863 3646 uidebimus
890 3607 1000 3644 eum
1027 3590 1176 3643 sicuti
1198 3599 1288 3643 est.

395 3686 450 3738 Ἰ.
481 3685 590 3738 Hoc
617 3681 908 3752 capitulum
945 3681 989 3734 si
1017 3679 1118 3735 hoc
1145 3679 1336 3745 modo,
1372 3690 1426 3733 ut
1471 3688 1749 3734 tractatum
1787 3691 1868 3736 est
1890 3723 1906 3749 ,

323 3775 621 3846 aperiatur,
673 3789 780 3827 non
819 3771 1103 3826 incidimus
1147 3771 1196 3824 in
1244 3772 1360 3825 illas
1386 3771 1690 3837 molestias,
1718 3772 1911 3842 quibds

324 3870 562 3939 plerique
606 3867 854 3921 homines
898 3863 1074 3918 dicere
1121 3872 1414 3932 coguntur,
1446 3879 1631 3918 omnes
1677 3863 1910 3934 Angelos

323 3964 685 4030 sublimesquc
717 3959 951 4013 Virtutes
982 3959 1031 4010 in
1059 3957 1241 4012 dolore
1267 3967 1316 4010 el
1345 3957 1625 4026 gemitibus
1645 3973 1782 4016 esse.
1813 3972 1910 4010 an-

323 4063 535 4124 tequam
566 4066 665 4105 nos
691 4047 899 4118 penitus
925 4046 1244 4108 liberemur,
1275 4044 1525 4114 quoniam
1554 4044 1753 4098 dictum
1791 4053 1907 4110 est,

331 4142 510 4197 Omnis
525 4151 754 4195 creatura
777 4138 1096 4207 congetniscit
1121 4144 1167 4189 et
1194 4136 1346 4189 dolet.
1371 4133 1624 4199 Quamvis
1650 4135 1788 4187 enim
1815 4133 1912 4189 ad-

323 4234 509 4306 iuvent
551 4247 646 4287 nos
688 4247 786 4302 pro
822 4245 915 4284 sua
960 4228 1282 4283 sublimitate
1314 4230 1351 4291 ι,
1390 4227 1513 4282 dum
1546 4227 1914 4298 obtemperant

325 4325 455 4390 Deo,
484 4323 573 4395 qui
599 4339 692 4393 pro
715 4321 869 4376 nobis
898 4321 1054 4374 etiam
1079 4320 1287 4373 unicmn
1320 4317 1511 4372 Fiiitttn
1551 4334 1703 4372 suum
1726 4317 1912 4388 digna-

325 4427 405 4472 tus
425 4425 511 4472 est
535 4416 785 4476 mittere;
813 4423 989 4467 tamen
1019 4412 1132 4465 sine
1160 4412 1357 4482 gemitu
1381 4419 1435 4464 et
1456 4409 1729 4464 doloribus
1755 4410 1804 4464 id
1833 4409 1911 4464 fa-

323 4523 442 4564 cere
460 4504 720 4562 credendi
741 4514 882 4570 sunt,
905 4517 974 4558 ne
1000 4503 1177 4556 miseri
1200 4503 1582 4568 existimentur,
1610 4500 1913 4572 feliciorque

323 4600 391 4653 sit
417 4599 486 4653 de
509 4611 738 4652 numero
768 4603 952 4649 nostro
977 4593 1210 4648 Lazarus
1237 4594 1326 4648 ille
1354 4593 1440 4663 qui
1464 4593 1572 4662 jam
1606 4593 1656 4646 in
1686 4592 1915 4646 Abrahte

323 4691 438 4745 sinu
466 4687 782 4758 requiescit.
807 4685 1106 4740 I’rtcsertim
1141 4684 1262 4753 quia
1289 4683 1450 4748 dixit,
1497 4683 1738 4738 eamdem
1769 4697 1917 4737 crea-

325 4789 494 4835 turam
519 4795 644 4850 qua:
673 4775 1018 4847 congemiscit
1043 4786 1094 4830 et
1125 4777 1300 4839 dolet,
1332 4775 1546 4828 vanitati
1588 4791 1705 4828 esse
1741 4775 1919 4845 subje-

323 4885 484 4937 ctum;
518 4872 664 4942 quod
695 4870 762 4925 de
788 4869 1010 4923 summis
1033 4876 1087 4922 et
1110 4868 1491 4922 excellentibus
1517 4864 1780 4920 Virtutum
1810 4867 1914 4919 Po-

327 4974 686 5032 testatumque
709 4961 967 5015 creaturis
999 4959 1146 5013 nefas
1174 4968 1255 5010 est
1283 4957 1522 5011 credere.
1556 4956 1756 5011 Deinde
1789 4957 1919 5011 libe-

311 5037 547 5112 ‘randam
603 5068 720 5107 eam
767 5049 898 5104 dixit
942 5066 970 5102 a
1019 5051 1268 5102 servitute
1315 5049 1596 5110 interitus;
1651 5061 1756 5118 quo
1803 5044 1937 5100 illos

329 5148 616 5220 cecidisse,
641 5145 730 5216 qui
757 5144 808 5197 in
835 5144 985 5198 cmlis
1012 5151 1172 5213 agunt
1199 5144 1355 5194 vitam
1386 5141 1780 5205 beatissimam,
1812 5156 1917 5192 non

330 5253 614 5310 possumus
633 5238 874 5293 credere.
902 5235 1100 5288 Tamen
1124 5235 1254 5288 nihil
1278 5243 1474 5291 temere
1495 5231 1914 5286 confirmandum

332 5343 446 5398 est,
489 5331 584 5386 sed
625 5332 709 5399 pia
748 5327 1020 5398 diligentia
1059 5328 1216 5380 etiam
1258 5333 1413 5394 atque
1453 5325 1608 5377 etiam
1659 5323 1813 5376 verba
1841 5325 1918 5377 tli-

332 5424 452 5476 vina
473 5421 749 5476 tractanda
783 5429 940 5483 sunt;
971 5435 1036 5472 ne
1067 5419 1199 5472 forte
1225 5432 1341 5486 qua:
1381 5415 1724 5495 congentiscit
1749 5425 1799 5467 ut
1828 5415 1922 5467 do-

334 5512 406 5568 let
448 5524 503 5567 et
529 5512 751 5566 vanitati
795 5512 1033 5580 subjecta
1058 5520 1166 5574 est,
1209 5509 1376 5578 possit
1413 5507 1588 5574 aliquo
1625 5507 1782 5559 modo
1820 5507 1923 5559 alio

333 5597 589 5673 intelligi,
618 5611 678 5657 ut
714 5602 781 5658 de
810 5599 1035 5655 summis
1059 5602 1306 5671 Angelis,
1338 5598 1584 5669 quamdiu
1623 5594 1816 5653 nostra)
1846 5599 1923 5652 in-

362 5739 515 5810 isse
548 5745 650 5787 ιω,
693 5743 770 5788 Er.
807 5735 1103 5788 etnmdecim
1146 5741 1253 5787 Mss.
1302 5740 1357 5785 At
1400 5740 1532 5791 Dom,
1557 5745 1643 5795 per
1666 5746 1777 5784 suos
1813 5731 1924 5786 sub-

2023 470 2255 528 firmitati
2289 473 2438 545 jussu
2466 477 2674 534 Domini
2710 481 2877 537 nostri
2903 483 3262 556 cpitulantur,
3291 502 3398 551 non
3437 491 3602 564 impie

2023 565 2188 633 possit
2213 567 2522 623 existimari.
2553 571 2659 626 Sed
2689 573 2800 627 sive
2827 575 2914 628 illa
2943 592 3099 645 quam
3128 583 3362 640 exsecuti
3389 596 3597 652 sumus,

2021 655 2132 710 sive
2158 657 2259 711 alia
2288 659 2458 732 aliqua
2491 662 2646 729 hujus
2675 665 2886 733 capituli
2911 669 3171 736 expositio
3197 671 3514 746 proferatur;
3549 673 3601 730 id

2021 754 2223 802 tantum
2255 752 2546 804 cavendum
2577 765 2691 821 est,
2718 772 2783 810 ne
2807 757 2965 812 violet
2990 767 3082 813 aut
3109 761 3350 821 vulneret
3374 764 3603 820 catholi~

2018 852 2134 892 cam
2168 839 2346 894 ﬁdem.
2373 839 2496 896 Scio
2524 845 2663 898 enim
2692 859 2854 901 vanos
2885 849 2900 878 ί
2940 849 3220 912 Ιιίυιιριὶοοε
3247 852 3313 910 de
3331 853 3432 912 hoc
3458 857 3606 928 capi-

2020 929 2129 983 tulo
2159 930 2321 984 multa
2348 932 2503 1002 itnpia
2534 942 2586 988 et
2608 935 2781 1004 inepta
2804 936 3052 1006 jactasse.

2017 1019 2246 1076 LXVIII.
2277 1021 2355 1077 De
2376 1041 2433 1078 eo
2466 1028 2600 1096 quod
2633 1031 2872 1099 scriptum
2909 1043 2980 1086 est
3013 1049 3030 1086 :
3057 1033 3102 1088 Ο
3141 1034 3333 1104 homo,
3383 1045 3441 1096 tu
3482 1040 3602 1112 quis

2230 1129 2320 1182 cs,
2349 1116 2435 1184 qui
2466 1118 2788 1185 respondeas
2817 1123 2923 1177 Deo
2951 1123 3125 1190 (Rom.
3157 1142 3234 1192 Ix,
3261 1125 3389 1201 20)?

2091 1206 2140 1260 Ι.
2167 1205 2302 1262 Cum
2343 1207 2584 1264 videatur
2628 1212 2913 1281 Apostolus
2960 1219 3277 1292 corripuisse
3321 1222 3599 1290 curiosos,

2016 1296 2273 1364 dicendo,
2303 1297 2346 1353 0
2375 1300 2551 1364 homo,
2586 1311 2636 1354 tu
2660 1304 2772 1374 quis
2793 1322 2874 1370 es,
2916 1308 3002 1378 qui
3032 1311 3331 1378 respondeas
3361 1310 3510 1373 Deo?
3531 1313 3601 1368 de

2018 1383 2117 1437 hoc
2147 1383 2262 1453 ipso
2300 1385 2373 1438 illi
2411 1389 2758 1455 ((llil‘slimlcm
2793 1400 3005 1446 moveut
3030 1434 3042 1458 ,
3072 1402 3125 1447 et
3154 1395 3206 1448 in
3236 1410 3297 1449 ea
3339 1397 3601 1458 sententia

2016 1490 2119 1528 non
2146 1476 2396 1530 desinunt
2421 1494 2540 1533 esse
2566 1481 2794 1546 curiosi,
2826 1497 2928 1552 qua
2955 1481 3223 1553 objurgata
3253 1496 3335 1541 est
3361 1487 3476 1558 ipsa
3499 1504 3599 1546 cu-

2015 1565 2226 1620 riositas
2260 1585 2272 1621 :
2301 1578 2354 1621 et
2375 1567 2521 1638 impii
2544 1571 2753 1639 quidem
2783 1588 2902 1625 cum
2933 1575 3252 1630 contumelia
3275 1619 3290 1646 ,
3328 1587 3387 1633 ut
3418 1579 3602 1636 dicant

2014 1655 2326 1723 Apostolum
2355 1659 2407 1711 in
2429 1660 2679 1713 solvenda
2705 1664 2996 1732 quzestione
3017 1664 3304 1736 defecisse,
3332 1678 3386 1724 et
3409 1672 3600 1742 objur-

2012 1761 2166 1815 gasse
2199 1758 2527 1816 quaarcntes,
2570 1751 2824 1820 quianon
2866 1764 3072 1822 poterat
3097 1758 3234 1826 quod
3261 1762 3600 1830 quaerebatur

2021 1854 2307 1908 exponere.
2338 1841 2582 1896 Nonnulli
2613 1855 2787 1898 autem
2821 1843 2893 1917 (α)
2929 1846 3157 1902 Ιιωτυιίεἰ
3178 1852 3295 1918 quia
3321 1868 3424 1909 non
3451 1854 3599 1910 deci-

2014 1931 2194 2000 piunt,
2241 1933 2342 1987 nisi
2369 1950 2488 1986 cum
2530 1937 2803 1990 scientiam
2836 1954 2991 2007 quam
3033 1955 3135 1994 non
3172 1942 3423 2000 exhibent
3447 1946 3602 2016 polli-

2012 2033 2220 2091 centur,
2251 2034 2302 2079 et
2331 2026 2672 2082 adversantes
2699 2029 2820 2099 Legi
2849 2045 2900 2083 et
2933 2030 3232 2100 Prophelis,
3253 2050 3602 2108 quaecumque

2013 2113 2079 2169 de
2127 2116 2231 2169 illis
2257 2118 2544 2186 Apostolus
2586 2121 2818 2173 sermoni
2864 2136 2960 2174 suo
3001 2122 3258 2190 inseruit,
3305 2123 3436 2182 falsa
3475 2135 3530 2182 et
3568 2143 3600 2184 a

2012 2210 2412 2280 corruptoribus
2438 2211 2672 2265 immissa
2704 2228 2824 2269 esse
2866 2214 3218 2271 criminantur
3241 2258 3256 2283 ,
3305 2219 3465 2274 etiam
3499 2219 3600 2278 hoc

2013 2303 2151 2357 inter
2181 2305 2291 2374 ipsa
2322 2321 2441 2375 quae
2487 2306 2802 2375 interpolata
2832 2308 3049 2375 dicunt,
3083 2328 3363 2370 numerare
3407 2316 3602 2384 malue-

2012 2403 2164 2462 runt,
2196 2405 2252 2450 et
2278 2413 2471 2467 negare
2494 2397 2716 2454 Paulum
2747 2399 2976 2468 dixisse,
3012 2402 3056 2455 0
3078 2404 3224 2460 homo
3245 2447 3259 2470 ,
3289 2414 3341 2459 tu
3365 2409 3475 2478 quis
3504 2425 3559 2468 es
3580 2451 3598 2478 ,

2011 2486 2096 2556 qui
2119 2487 2420 2557 respondeas
2454 2487 2599 2543 Deo?
2624 2491 2880 2558 Quoniam
2907 2494 2950 2546 si
2977 2493 3104 2562 ipsis
3128 2495 3335 2558 dicatur
3360 2499 3426 2556 ad
3455 2500 3600 2561 deci-

2011 2577 2236 2646 piendos
2266 2579 2508 2635 homines
2527 2582 2974 2640 calumniantibus
2995 2627 3010 2651 ,
3050 2589 3233 2656 procul
3259 2589 3420 2650 dubio
3460 2602 3601 2652 tace-

2012 2668 2180 2735 bunt,
2222 2686 2319 2725 nec
2341 2671 2613 2726 audebunt
2635 2673 2791 2730 ullam
2818 2675 2884 2732 de
2926 2677 3198 2746 voluntate
3223 2681 3601 2756 omnipatentis

2013 2757 2105 2815 Dei
2139 2761 2399 2832 imperitis
2424 2779 2558 2834 quos
2583 2765 2829 2836 decipere
2857 2769 3108 2838 cupiunt,
3145 2773 3418 2832 scientiam
3447 2777 3603 2847 polli-

2011 2854 2142 2908 ceri.
2177 2853 2400 2922 Quidam
2431 2865 2610 2912 autem
2661 2857 2800 2914 bona
2845 2869 2897 2914 et
2948 2862 3030 2931 pia
3077 2874 3256 2919 mente
3301 2865 3602 2936 Scripturas

2011 2945 2248 3017 legentes
2286 2959 2533 3018 quaerunt
2577 2951 2700 3020 quid
2728 2951 2812 3008 hic
2857 2955 3022 3023 possit
3048 2957 3131 3011 vel
3160 2958 3600 3020 maledicentibtts

2012 3039 2093 3092 vel
2132 3037 2575 3098 calumniantibus
2601 3045 2929 3112 responderi.
2966 3045 3071 3101 Sed
3101 3062 3198 3104 nos
3220 3057 3276 3104 et
3297 3051 3602 3110 auctoritati

2013 3130 2321 3198 apostolicae
2349 3131 2636 3186 salubriter
2679 3133 2998 3190 inhaerentes
3023 3177 3037 3200 ,
3067 3146 3120 3190 et
3144 3138 3308 3193 libros
3351 3155 3486 3209 quos
3514 3156 3602 3196 ca-

2017 3217 2209 3272 tholica
2240 3219 2515 3290 disciplina
2555 3223 2785 3276 custodit
2815 3223 3030 3279 falsatos
3058 3227 3078 3256 ³
3122 3241 3240 3282 esse
3267 3244 3599 3301 nequaquam

2014 3308 2379 3365 existimantes
2397 3352 2410 3375 ,
2442 3313 2732 3367 sentiamus
2752 3314 2889 3384 quod
2917 3301 3098 3370 verum
3131 3325 3248 3388 est,
3276 3319 3519 3391 indignos
3548 3335 3602 3382 et

2013 3400 2257 3456 inlirmos
2290 3417 2410 3458 esse
2440 3403 2462 3434 ³
2487 3403 2552 3458 ad
2589 3405 2927 3477 intelligenda
2959 3407 3136 3465 divina
3165 3422 3368 3468 secreta
3411 3415 3603 3484 quibus

2014 3491 2116 3546 ista
2142 3491 2458 3548 clauduntur
2486 3513 2496 3548 :
2531 3504 2584 3550 et
2609 3497 2687 3550 eis
2715 3501 3163 3558 murmurantibus
3198 3513 3251 3560 et
3277 3505 3600 3576 indignanti-

2013 3579 2117 3638 bus
2141 3583 2284 3654 quod
2323 3584 2543 3639 consilia
2588 3587 2678 3642 Dei
2709 3603 2813 3642 non
2840 3590 3086 3658 discunt,
3132 3609 3251 3648 cum
3279 3595 3459 3653 dicere
3493 3613 3602 3664 ate-

2016 3676 2210 3744 perint,
2240 3675 2378 3748 Ergo
2395 3679 2540 3748 cujus
2563 3679 2666 3733 vult
2692 3681 2972 3748 miseretur,
3000 3694 3047 3739 et
3073 3702 3216 3755 quem
3235 3689 3338 3742 uult
3363 3689 3598 3756 obdurat.

2020 3765 2155 3831 Quid
2183 3767 2350 3820 adhuc
2376 3770 2741 3838 conqueritur?
2769 3788 2885 3825 nam
2913 3774 3154 3832 voluntati
3189 3779 3298 3844 ejus
3339 3781 3448 3849 quis
3474 3783 3601 3850 resi-

2017 3860 2102 3912 stit
2122 3857 2286 3929 (Ibid.
2318 3861 2405 3924 18,
2432 3859 2546 3933 i9)?
2569 3877 2688 3915 cum
2719 3863 2800 3916 bis
2827 3879 2952 3934 ergo
2980 3867 3155 3922 verbis
3174 3877 3265 3922 aut
3289 3869 3602 3932 calumniari

2017 3947 2318 4016 Scripturas
2343 3991 2357 4016 ,
2391 3960 2481 4003 aut
2530 3952 2785 4005 latebram
2832 3963 3166 4020 peccatorum
3215 3971 3430 4018 suorum
3457 3977 3605 4031 qutu-

2018 4053 2138 4092 rere
2167 4040 2461 4108 coeperint,
2509 4050 2565 4098 ut
2612 4050 2873 4109 prmcepta
2908 4054 3285 4113 contemnant,
3318 4051 3507 4117 quibus
3534 4055 3605 4110 ad

2018 4129 2179 4182 vitam
2225 4129 2419 4183 bonam
2467 4133 2774 4199 pervenitur
2817 4131 2871 4201 ",
2919 4137 3335 4206 respondeamus
3366 4142 3604 4205 ﬁdentis.

2018 4221 2154 4275 sime
2173 4263 2188 4288 ,
2227 4220 2270 4274 Ο
2301 4221 2448 4274 homo
2468 4262 2481 4286 ,
2517 4232 2568 4274 tu
2602 4223 2712 4293 quis
2735 4239 2820 4292 es,
2859 4228 2944 4296 qui
2973 4230 3272 4297 respondeas
3301 4231 3410 4288 Deo
3430 4235 3456 4288 Γ
3491 4235 3604 4294 Nec

2019 4329 2112 4366 eos
2139 4313 2350 4367 revet'iti
2386 4323 2624 4382 sanctum
2649 4315 2866 4370 canibus
2892 4318 3107 4383 demus,
3145 4332 3233 4376 aut
3261 4323 3604 4395 projiciamus

2020 4407 2334 4476 margaritas
2379 4414 2587 4462 nostras
2629 4417 2754 4463 ante
2799 4424 2986 4476 porcos
3017 4410 3231 4479 (Matth.
3273 4431 3380 4481 vn,
3423 4417 3520 4488 6):
3555 4419 3603 4477 si

2023 4509 2196 4553 tamen
2219 4498 2326 4567 jam
2357 4499 2454 4568 ipsi
2482 4515 2643 4554 canes
2673 4511 2725 4556 et
2751 4503 2896 4571 porci
2925 4518 3032 4558 non
3058 4521 3269 4574 sumus,
3312 4509 3452 4566 etde
3487 4526 3603 4570 mo-

2021 4587 2136 4643 ritis
2171 4589 2464 4642 animarum
2498 4589 2767 4644 revelante
2796 4591 2992 4661 Spiritu
3020 4603 3204 4648 sancto
3223 4635 3238 4649 .
3269 4597 3494 4654 sublime
3513 4599 3604 4662 ali-

2022 4678 2147 4748 quid
2174 4688 2225 4732 et
2271 4696 2298 4730 a
2336 4679 2535 4749 vulgari
2576 4681 2878 4749 conjectura
2922 4685 3373 4752 remotissimum,
3426 4691 3506 4746 vel
3535 4706 3603 4754 cx

2024 4779 2170 4838 parte
2195 4777 2350 4837 atque
2377 4769 2428 4822 in
2457 4770 2734 4840 mnigmate
2761 4772 3109 4841 suspicemur.

2095 4859 2147 4912 32.
2176 4860 2290 4913 Non
2320 4861 2460 4916 enim
2490 4861 2776 4930 Apostolus
2805 4864 2903 4917 hoc
2932 4863 3046 4917 loco
3084 4874 3294 4928 sanctos
3338 4868 3605 4936 prohibuit

2023 4967 2053 5005 a
2082 4952 2367 5020 quu'rentlo
2392 4994 2403 5016 ,
2435 4953 2526 5005 sed
2577 4966 2668 5006 cos
2694 4953 2781 5020 qtti
2832 4953 3064 5006 nondum
3096 4961 3216 5010 sunt
3256 4956 3305 5008 in
3347 4957 3606 5022 cltaritate

2024 5044 2242 5096 radicati
2291 5053 2342 5095 et
2390 5042 2623 5104 fundati,
2678 5051 2732 5095 nt
2761 5043 2963 5111 possint
2997 5046 3447 5112 comprehendere
3482 5067 3604 5110 cunt

2026 5134 2272 5186 omnibus
2301 5133 2498 5185 sanctis
2528 5131 2858 5186 latitudinem
2881 5175 2894 5198 ,
2925 5133 3302 5202 longitudinem
3326 5182 3339 5204 ,
3367 5141 3606 5197 altitudi-

2032 5239 2150 5276 nem
2201 5230 2253 5275 et
2303 5221 2656 5289 prohtudtun,
2690 5230 2743 5276 et
2789 5233 2978 5277 cat-tera
3009 5242 3125 5296 qua:
3171 5229 3220 5283 in
3255 5230 3439 5286 eodem
3489 5232 3609 5286 loco

2029 5314 2331 5384 exsequitur
2361 5313 2574 5383 (Ep/tes.
2603 5330 2652 5366 ttt
2672 5356 2683 5374 ,
2714 5315 2776 5370 18
2798 5358 2810 5380 ,
2850 5317 2956 5389 19).
2987 5319 3098 5373 Non
3125 5336 3253 5392 ergo
3284 5322 3550 5390 prohibuit
3578 5340 3607 5378 a

2093 5430 2108 5457 ί
2135 5425 2372 5487 Floruset
2398 5425 2552 5487 codex
2579 5427 2767 5487 Regius,
2787 5428 2958 5479 varios.

2094 5491 2112 5519 ⁸
2140 5497 2241 5536 Mss.
2260 5522 2274 5545 ,
2300 5485 2561 5548 inft'tlsatos.

2093 5551 2112 5581 ³
2137 5555 2209 5596 Er.
2237 5556 2288 5596 et
2309 5546 2445 5622 tm,
2465 5546 2797 5622 indignos__nos
2818 5555 2869 5622 et
2881 5549 3099 5622 irq'irrrto.r
3115 5566 3232 5603 esse.
3259 5555 3430 5614 Abest,
3450 5563 3564 5622 nos,
3583 5568 3614 5608 α

2031 5618 2124 5658 nat.
2157 5618 2205 5657 et
2232 5618 2332 5658 Mss.
2353 5636 2411 5644 ——
2433 5611 2578 5666 Lugd.
2608 5618 2657 5659 et
2680 5620 2796 5659 Ven.
2823 5617 2876 5660 ut
2901 5611 2971 5660 Er.
2997 5620 3046 5660 ct
3069 5619 3174 5661 ιον.
3245 5623 3296 5662 Μ.

2094 5677 2112 5700 ἰ
2140 5679 2235 5741 nat.
2258 5683 2306 5718 ct.
2329 5673 2656 5741 ('Iistut'eiensis
2679 5673 2832 5741 codex
2856 5674 3095 5741 pmittuut,
3113 5672 3297 5728 bonum.
3317 5679 3485 5730 Crateri
3504 5677 3611 5731 fere

2032 5741 2157 5789 Mss,
2171 5731 2290 5785 loco,
2311 5733 2576 5788 peruenitur
2591 5768 2603 5790 ,
2621 5735 2801 5782 habent
2813 5768 2825 5788 ,
2847 5731 3121 5783 imitamur.

2096 5795 2166 5854 (α)
2190 5794 2444 5842 Manichoei.
