4134 6208
506 287 573 348 ’11
1006 289 1011 297 ’
1260 283 1349 338 DE
1387 279 1697 337 DIVERSIS
1733 275 2250 347 QUESTIONIBUS
2288 278 2550 334 LXXXIII
2574 320 2589 346 ,
2629 279 2688 336 S.
2728 281 3093 339 AUGUSTINI
3708 290 3783 346 ἠ

506 400 794 476 quaerendo
811 442 826 470 ,
853 401 944 474 qui
969 400 1125 470 dicit,
1159 398 1456 471 Spiritualis
1477 407 1646 452 autem
1670 396 1839 450 omnia
1848 394 2084 465 judicat;

506 497 616 564 ipse
641 502 807 548 autem
835 510 867 546 a
888 491 1083 547 nemine
1097 488 1364 561 judicatur
1387 505 1406 541 :
1427 498 1479 543 et
1505 487 1634 542 illud
1665 487 1947 556 praecipue,
1981 483 2092 538 Nos

506 593 675 638 autem
707 601 808 638 non
834 583 1068 654 spiritum
1095 583 1246 653 hujus
1272 579 1448 634 mundi
1473 579 1783 649 accepimus,
1819 577 1906 631 sed
1942 578 2093 647 spiri-

509 687 614 730 tum
635 678 720 746 qui
745 693 807 730 ea:
830 675 938 730 Deo
963 682 1064 740 est,
1085 684 1142 728 ut
1167 674 1386 727 sciamus
1419 688 1532 742 quae
1556 688 1589 724 a
1627 671 1736 725 Deo
1762 670 1947 723 donata
1975 678 2092 722 sunt

509 770 650 823 nobis
684 767 726 840 (Ι
752 767 869 821 Cor.
902 783 970 829 ιι,
1005 766 1102 831 15,
1141 763 1252 835 12).
1289 763 1434 831 Quos
1471 777 1598 832 ergo
1641 761 1943 831 prohibuit,
1992 758 2093 813 nisi

507 861 680 915 luteos
708 868 865 928 atque
908 866 1148 913 terrenos
1169 898 1182 920 ,
1211 855 1301 925 qui
1333 855 1566 908 nondum
1596 853 1917 908 intrinsecus
1943 867 2094 921 rege-

508 950 676 1005 nerati
702 958 861 1018 atque
881 948 1094 1012 nutriti,
1126 946 1410 1016 imaginem
1433 945 1574 999 illius
1604 945 1834 999 hominis
1859 950 2088 1013 portant,

507 1042 597 1112 qui
619 1041 822 1110 primus
849 1040 1024 1095 factus
1048 1039 1217 1095 estde
1244 1049 1383 1093 terra
1433 1047 1674 1092 terrenus
1721 1037 1740 1109 (
1771 1035 1858 1089 Id.
1884 1053 1970 1101 xv,
2001 1037 2091 1103 47,

507 1132 642 1202 49)?
673 1131 740 1186 Et
765 1131 886 1201 quia
907 1132 956 1186 ei
986 1146 1016 1185 a
1046 1145 1152 1201 quo
1178 1130 1346 1185 factus
1372 1140 1483 1195 est,
1509 1129 1676 1183 noluit
1699 1129 2091 1198 obtemperare,

509 1221 563 1278 in
596 1222 647 1277 id
676 1223 858 1292 lapsus
882 1231 964 1278 est
999 1221 1138 1276 unde
1163 1220 1332 1276 lactus
1352 1230 1464 1286 est,
1495 1221 1792 1290 meruitque
1818 1229 1936 1290 post
1966 1235 2094 1289 pec-

510 1323 687 1370 catum
712 1315 915 1381 audire,
943 1313 1104 1368 Terra
1128 1331 1199 1379 es,
1229 1323 1272 1367 et
1297 1315 1350 1368 in
1376 1322 1558 1367 terram
1584 1314 1676 1366 ibis
1697 1311 1849 1381 (Gen.
1874 1328 1950 1378 ιιι,
1979 1311 2090 1380 19).

512 1405 731 1462 Talibus
757 1407 914 1476 igitur
955 1405 1257 1460 hominibus
1285 1405 1414 1459 dicit
1448 1405 1736 1473 Apostolus
1770 1421 1781 1455 :
1828 1403 1871 1455 0
1906 1403 2054 1456 homo
2077 1444 2092 1468 ,

513 1505 568 1551 tu
591 1499 699 1567 quis
719 1515 770 1552 es
792 1539 805 1562 ,
837 1499 922 1567 qui
945 1497 1247 1567 respondeas
1272 1495 1415 1548 Deo?
1443 1494 1705 1563 Numquid
1734 1493 1854 1546 dicit
1882 1495 2095 1562 ﬁgmen-

514 1599 621 1642 tum
661 1589 709 1642 ei
750 1589 836 1658 qui
874 1605 926 1642 se
967 1589 1148 1656 finxit,
1200 1587 1369 1651 Quare
1395 1587 1466 1638 sic
1496 1602 1572 1637 me
1602 1585 1792 1654 fecisti?
1837 1583 2096 1650 Quamdiu

513 1694 640 1748 ergo
687 1679 994 1749 ﬁgmentum
1039 1693 1136 1742 es,
1186 1676 1419 1740 nondum
1467 1674 1730 1744 perfectus
1771 1673 1944 1739 ﬁlius,
1975 1674 2097 1743 quia

513 1770 751 1825 nondum
779 1769 999 1823 hausisti
1036 1767 1397 1837 plenissimam
1423 1765 1644 1835 gratiam
1672 1780 1772 1834 qua
1803 1765 1953 1818 nobis
1976 1763 2098 1818 data

515 1870 597 1916 est
625 1870 857 1930 potestas
885 1860 1024 1913 ﬁlios
1062 1859 1152 1912 Dei
1181 1857 1294 1911 ﬁeri
1333 1855 1510 1926 (Joan.
1540 1873 1589 1920 ι,
1633 1856 1721 1926 12)
1749 1898 1761 1917 ,
1792 1871 1897 1924 quo
1927 1855 2098 1923 possis

514 1954 697 2008 audire
718 1992 732 2016 ,
762 1951 883 2005 Jam
908 1967 1008 2004 non
1037 1950 1200 2002 dicant
1221 1965 1304 2002 vos
1327 1964 1492 2002 servos
1511 1989 1524 2012 ,
1550 1948 1636 2001 sed
1661 1947 1846 2000 amicos
1874 1944 1981 2015 (Id.
2007 1961 2093 2008 xv,

516 2043 631 2115 ‘15);
652 2051 706 2096 tu
733 2042 844 2112 quis
864 2058 945 2107 es,
976 2041 1061 2111 qui
1082 2038 1385 2109 respondeas
1417 2037 1522 2091 Deo
1541 2079 1556 2103 ,
1582 2046 1635 2092 et
1667 2038 1797 2091 velis
1821 2036 1912 2090 Dei
1942 2049 2099 2088 nosse

515 2135 834 2192 consilium?
858 2134 948 2204 qui
975 2133 1018 2187 si
1057 2130 1288 2187 hominis
1331 2131 1420 2184 tibi
1462 2128 1677 2198 aequalis
1717 2142 1878 2182 nosse
1907 2126 2102 2180 voluis-

516 2241 632 2291 ses,
665 2225 999 2294 impudenter
1021 2222 1223 2278 faceres
1252 2222 1267 2252 ³
1290 2262 1303 2285 ,
1335 2221 1436 2274 nisi
1465 2221 1610 2291 prius
1632 2221 1683 2273 in
1704 2220 1988 2273 amicitiam
2018 2233 2100 2271 re-

516 2317 790 2387 cipereris.
819 2317 966 2372 Sicut
1005 2329 1132 2384 ergo
1178 2313 1502 2383 portavimus
1547 2311 1828 2381 imaginem
1867 2311 2096 2374 terreni,

517 2418 791 2479 portemus
846 2415 901 2460 et
944 2405 1226 2474 imaginem
1275 2403 1508 2458 cmlestis
1560 2401 1616 2472 (l
1665 2400 1783 2454 Cor.
1839 2417 1944 2467 xv,
1984 2401 2100 2469 49),

517 2508 774 2556 exuentes
804 2513 900 2553 nos
927 2505 1161 2552 veterem
1200 2495 1469 2549 hominem
1504 2502 1560 2547 et
1587 2493 1870 2547 induentes
1908 2507 2103 2547 novum

517 2592 740 2666 (Colon.
773 2608 858 2658 ιιι,
892 2591 954 2657 9,
982 2590 1100 2659 10),
1129 2597 1184 2642 ιιι
1219 2603 1320 2641 non
1352 2587 1558 2640 dicatur
1582 2585 1734 2639 nobis
1770 2585 1920 2654 quasi
1959 2584 2102 2638 luteo

518 2684 770 2755 ﬁgmento
799 2701 813 2738 :
846 2680 1110 2750 Numquid
1139 2679 1257 2732 dicit
1295 2678 1585 2747 ﬁgmentum
1623 2675 1669 2729 ei
1709 2675 1793 2745 qui
1834 2690 1886 2728 se
1912 2674 2062 2744 ﬁnxit
2083 2715 2098 2740 ,

523 2773 693 2842 Quare
712 2789 790 2827 me
817 2773 888 2825 sic
907 2770 1108 2842 fecisti?

590 2867 645 2921 5.
681 2865 748 2919 Ει
770 2873 828 2918 ιιι
855 2861 1189 2916 manifestum
1221 2859 1322 2925 sit,
1352 2872 1456 2912 non
1501 2856 1831 2912 sanctiﬁcato
1861 2858 2100 2927 spiritui,

519 2956 617 3013 sed
659 2954 855 3011 carnali
898 2953 1010 3007 luto
1051 2952 1148 3005 ista
1193 2949 1334 3014 dici,
1375 2947 1496 3002 vide
1535 2947 1662 3016 quid
1702 2947 1974 3015 sequitur:
2004 2948 2105 3001 Aut

520 3067 623 3105 non
650 3048 795 3102 habet
824 3053 1113 3117 potestatem
1131 3041 1317 3112 ﬁgulus
1343 3039 1436 3093 luti
1470 3038 1715 3093 exeadem
1755 3039 2106 3108 conspersione

521 3143 689 3212 facere
711 3138 854 3191 aliud
882 3134 1082 3206 quidem
1111 3149 1196 3186 vas
1223 3132 1275 3184 iu
1302 3131 1569 3194 honorem,
1599 3128 1740 3182 aliud
1769 3130 1821 3182 in
1848 3137 2107 3182 contume-

521 3232 643 3288 liam
669 3230 846 3300 (Rom.
881 3242 952 3292 tx,
982 3223 1112 3294 9.1)?
1140 3223 1216 3277 Ex
1245 3237 1350 3290 quo
1377 3237 1504 3290 ergo
1541 3221 1593 3274 in
1633 3220 1877 3290 paradiso
1919 3228 2104 3274 natura

521 3331 704 3377 nostra
731 3316 1000 3388 peccavit,
1051 3315 1118 3368 ab
1165 3312 1351 3367 eadem
1388 3311 1563 3364 divina
1611 3310 2106 3378 providentia,non

522 3409 814 3467 secundum
841 3406 1056 3470 coelum,
1082 3403 1176 3459 sed
1202 3401 1492 3457 secundum
1520 3411 1716 3454 terram
1735 3441 1748 3463 ,
1783 3400 1835 3454 id
1859 3410 1970 3466 est,
1999 3417 2106 3454 non

522 3500 812 3559 secundum
850 3497 1123 3568 spiritum,
1164 3494 1258 3549 sed
1305 3493 1596 3547 secundum
1639 3507 1853 3547 carnem
1895 3494 2106 3547 mortali

522 3590 865 3665 generatione
894 3587 1207 3649 formamur,
1233 3592 1289 3639 et
1313 3597 1500 3637 omnes
1524 3599 1627 3636 una
1654 3598 1828 3637 massa
1854 3583 1949 3637 luti
1983 3582 2106 3637 facti

524 3697 730 3748 sumus,
759 3678 901 3750 quod
927 3686 1010 3732 est
1039 3690 1214 3730 massa
1246 3671 1469 3743 pec'cati.
1513 3674 1644 3727 Cum
1689 3688 1816 3742 ergo
1860 3673 2107 3727 meritum

524 3773 796 3848 peccando
811 3769 1165 3833 amiserimus,
1185 3775 1239 3821 et
1258 3763 1620 3820 misericordia
1645 3765 1738 3818 Dei
1756 3774 1955 3818 remota
1974 3764 2108 3818 nihil

523 3866 667 3925 aliud
713 3864 1053 3938 peccantibus
1101 3860 1203 3915 nisi
1253 3867 1448 3913 azterna
1500 3856 1768 3911 damnatio
1816 3855 2104 3922 debeatur,

527 3960 652 4032 quid
697 3958 796 4014 sibi
840 3957 951 4011 vult
994 3957 1152 4008 homo
1193 3949 1262 4005 de
1302 3951 1400 4004 hac
1428 3963 1624 4013 massa,
1655 3957 1711 4001 ut
1744 3947 1854 4001 Deo
1883 3962 2107 4016 respon-

529 4053 655 4110 deat
683 4059 737 4106 et
774 4050 931 4110 dicat,
963 4045 1131 4111 Quare
1154 4059 1231 4096 me
1257 4045 1327 4096 sic
1351 4041 1555 4111 fecisti?
1589 4040 1647 4095 Si
1677 4039 1756 4093 vis
1786 4040 1882 4094 ista
1914 4054 2111 4109 cogno-

528 4159 702 4210 scere,
724 4141 834 4195 noli
859 4152 976 4193 esse
1004 4137 1196 4198 lutum,
1221 4135 1312 4188 sed
1331 4132 1546 4186 efﬁcere
1574 4132 1714 4184 ﬁlius
1743 4131 1832 4185 Dei
1857 4148 1951 4200 per
1971 4132 2110 4186 illius

529 4230 985 4293 misericordiam,
1026 4227 1113 4297 qui
1159 4225 1305 4279 dedit
1346 4231 1658 4292 potestatem
1695 4223 1833 4277 tilios
1860 4223 1953 4276 Dei
1997 4225 2110 4276 tieri

531 4323 868 4384 credentibus
893 4323 946 4376 in
977 4319 1192 4374 nomine
1218 4316 1365 4386 eius;
1393 4329 1499 4369 non
1525 4322 1736 4379 autem,
1767 4314 1908 4384 quod
1939 4324 1992 4368 tu
2021 4329 2114 4369 cu-

529 4419 648 4491 pis,
689 4423 971 4484 antequam
1016 4409 1268 4473 credant,
1308 4405 1484 4459 divina
1529 4419 1686 4459 nosse
1707 4406 2040 4473 cupientibus
2067 4409 2107 4458 ³.

530 4509 734 4566 Merces
762 4505 904 4561 enim
941 4498 1257 4572 cognitionis
1292 4497 1496 4552 meritis
1534 4496 1806 4562 redditur;
1846 4498 2111 4554 credendo

528 4612 707 4662 autem
728 4600 970 4655 meritum
985 4601 1343 4663 comparatur.
1363 4590 1477 4659 Ipsa
1496 4599 1668 4644 autem
1684 4591 1850 4660 gratia
1862 4607 1978 4660 qua:
1991 4590 2109 4645 data

531 4705 614 4754 est
639 4710 733 4766 per
751 4693 926 4756 Iidem,
945 4686 1102 4742 nullis
1120 4684 1316 4740 nostris
1338 4682 1540 4736 meritis
1556 4682 1976 4751 prtecedeutibus
1991 4684 2110 4738 data

531 4797 634 4844 est.
654 4782 806 4852 Quod
831 4789 913 4837 est
941 4777 1081 4833 enim
1105 4775 1352 4831 meritum
1378 4773 1673 4842 peccatoris
1693 4783 1745 4827 et
1769 4774 1948 4843 impii?
1968 4775 2114 4830 Chri-

531 4889 648 4936 stus
685 4885 860 4932 autem
899 4886 996 4944 pro
1036 4869 1212 4939 impiis
1254 4876 1307 4922 et
1345 4865 1712 4936 peccatoribus
1748 4879 1987 4922 mortuus
2031 4879 2113 4924 est

533 4969 645 5044 (Id.
672 4984 725 5033 v,
754 4967 832 5036 6),
864 4973 921 5019 ut
945 4963 1012 5018 ad
1038 4959 1359 5017 credendum
1395 4973 1498 5011 non
1540 4957 1729 5011 merito
1751 4999 1764 5023 ,
1809 4958 1900 5012 sed
1947 4962 2112 5027 gratia

532 5071 865 5118 vocaremur,
896 5051 1166 5108 credendo
1194 5059 1369 5105 autem
1398 5048 1558 5103 etiam
1603 5048 1848 5102 meritum
1882 5049 2111 5106 colloca-

533 5163 715 5206 remus
735 5145 776 5196 ³.
799 5144 1112 5198 Peccatores
1139 5143 1296 5212 igitur
1315 5140 1534 5196 credere
1555 5137 1827 5208 jubentur,
1850 5149 1908 5194 ut
1932 5156 1958 5192 a
1987 5157 2112 5211 poc-

535 5241 667 5298 catis
695 5233 963 5294 credendo
985 5243 1274 5302 purgentur
1300 5232 1340 5285 ‘.
1371 5232 1623 5288 Nesciunt
1649 5231 1792 5285 enim
1821 5231 1944 5301 quid
1968 5241 2113 5288 recte

600 5391 617 5422 ι
644 5393 743 5436 Rat.
771 5391 823 5434 et
844 5391 949 5432 Mss.
966 5380 1190 5444 plerique
1214 5417 1228 5440 ,
1254 5381 1579 5444 imprudenter
1604 5383 1803 5444 faceres.

599 5453 620 5482 ¹
643 5456 816 5498 Locum
846 5441 990 5494 istum
1012 5443 1070 5492 ad
1094 5441 1196 5489 Mss.
1222 5441 1530 5504 corrigimus,
1554 5441 1702 5504 quem
1718 5441 1834 5490 solis
1845 5443 1905 5504 in
1924 5446 2115 5494 excusis

535 5513 749 5562 vidimus
770 5513 1046 5567 corruptum
1069 5505 1218 5567 hocce
1241 5502 1383 5567 modo
1407 5516 1417 5548 :
1447 5511 1547 5550 Non
1564 5502 1706 5567 enim,
1727 5502 1854 5567 quod
1876 5509 1927 5553 tu
1949 5505 2112 5567 cupis,

535 5577 788 5633 araequam
809 5563 1027 5626 credant,
1048 5563 1209 5615 divina
1236 5563 1377 5612 datur
1399 5575 1532 5612 nosse
1559 5563 1868 5625 cupientibus.

621 5632 833 5693 'Aliquot
856 5639 979 5690 Mss.,
999 5637 1404 5694 compararentus.

600 5693 622 5725 ὀ
641 5683 822 5741 Nov'em
845 5683 977 5752 Mss,
991 5697 1038 5741 et
1058 5704 1088 5740 a
1106 5683 1317 5753 peccatis
1339 5683 1582 5740 credendo
1613 5694 1895 5749 purgantur.

2201 396 2426 451 vivendo
2446 397 2609 451 visuri
2639 397 2765 453 sint.
2797 399 3131 471 Quapropter
3152 414 3274 456 cum
3304 399 3486 457 videre
3517 414 3624 456 non
3649 415 3778 471 pos-

2199 487 2334 552 sint,
2364 487 2466 563 nisi
2489 498 2636 544 recte
2665 490 2873 556 vivant,
2904 507 3001 546 nec
3028 501 3172 548 recte
3196 496 3374 548 vivere
3400 493 3645 558 valeant,
3677 493 3782 548 nisi

2199 578 2448 644 credant;
2479 581 2814 637 manifestum
2849 591 2930 637 est
2957 599 2986 636 a
3016 583 3118 638 ﬁde
3145 584 3525 654 incipiendum,
3553 594 3613 640 ut
3637 600 3779 654 pra:-

2199 677 2348 736 cepta
2388 670 2574 738 quibus
2603 672 2881 728 credentes
2907 689 2936 727 a
2962 674 3156 730 saeculo
3183 673 3286 728 hoc
3312 683 3644 739 avertuntur,
3677 690 3772 731 cor

2201 760 2456 814 mundum
2487 761 2710 828 faciant,
2737 764 2824 818 ubi
2868 765 3036 818 videri
3072 766 3212 819 Deus
3253 773 3442 834 posset.
3469 764 3613 820 Beati
3638 766 3785 821 enim

2201 853 2388 906 mundo
2415 853 2593 920 corde,
2622 857 2739 923 quia
2773 857 2870 926 ipsi
2903 855 3066 910 Deum
3093 858 3325 912 videbunt
3352 857 3571 930 (Matth.
3598 875 3652 924 v,
3678 860 3732 931 8)
3764 877 3779 914 :

2202 953 2255 998 et
2278 960 2370 1013 per
2393 946 2720 1015 prophetiam
2749 949 2765 978 ³
2791 949 3018 1017 canitur,
3042 948 3109 1002 In
3132 950 3449 1020 simplicitate
3464 951 3629 1005 cordis
3647 967 3786 1021 qua:-

2200 1036 2296 1088 rite
2317 1035 2464 1089 illum
2491 1036 2644 1108 (Sap.
2676 1054 2712 1101 ι,
2745 1038 2821 1109 υ.
2851 1039 3186 1110 Quapropter
3214 1049 3359 1096 recte
3387 1042 3582 1097 dicitur
3610 1042 3786 1097 homi-

2202 1127 2357 1183 nibus
2381 1127 2433 1183 in
2463 1136 2728 1183 vetustate
2753 1129 2876 1182 vita:
2915 1131 3249 1186 manentibus
3269 1172 3282 1196 ,
3318 1141 3371 1186 et
3394 1140 3675 1202 propterea
3705 1141 3787 1187 te-

2203 1221 2492 1274 nebrosum
2537 1221 2750 1274 oculum
2799 1221 2988 1276 animas
3035 1223 3379 1290 gerentibus:
3413 1223 3458 1278 Ο
3502 1225 3685 1292 homo,
3732 1234 3787 1278 tu

2202 1313 2312 1382 quis
2332 1329 2402 1378 es,
2428 1313 2514 1382 qui
2541 1313 2843 1382 respondeas
2871 1312 3020 1369 Deo?
3046 1313 3313 1384 Numquid
3341 1315 3463 1369 dicit
3488 1317 3785 1386 ﬁgmentum

2205 1405 2249 1456 ei
2274 1405 2358 1471 qui
2381 1421 2433 1458 se
2461 1405 2628 1472 ﬁnxit,
2661 1404 2831 1471 Quare
2855 1421 2934 1458 nte
2955 1405 3028 1460 sic
3049 1406 3244 1476 fecisti?
3269 1407 3370 1460 Aut
3398 1423 3500 1462 non
3526 1409 3669 1460 habet
3697 1425 3789 1478 po-

2204 1503 2424 1546 testatem
2454 1494 2642 1564 ﬁgulus
2667 1487 2762 1549 luti
2786 1511 2848 1549 ea:
2879 1495 3053 1549 eadem
3076 1499 3426 1566 conspersione
3450 1501 3615 1569 facere
3647 1499 3788 1553 aliud

2203 1583 2401 1652 quidem
2418 1599 2504 1636 vas
2527 1585 2580 1636 in
2605 1585 2860 1650 honorem,
2890 1584 3033 1638 aliud
3056 1587 3108 1638 in
3128 1588 3480 1641 contumeliam
3497 1589 3521 1641 ?
3539 1589 3618 1643 Ex
3626 1605 3790 1659 purga

2204 1685 2353 1730 vetus
2381 1677 2719 1743 fermentum,
2743 1689 2800 1732 ut
2826 1679 2901 1732 sis
2932 1693 3064 1733 nova
3091 1681 3401 1749 conspersio
3419 1680 3463 1753 (I
3483 1680 3600 1738 Cor.
3631 1699 3682 1748 v,
3708 1679 3787 1754 7),

2207 1774 2261 1819 ct
2287 1766 2338 1819 in
2371 1781 2431 1820 ea
2472 1767 2584 1835 ipsa
2617 1783 2721 1821 non
2767 1768 2942 1823 adhuc
2980 1771 3232 1839 parvulus
3256 1771 3310 1824 in
3339 1770 3550 1826 Christo
3572 1779 3631 1825 ut
3654 1772 3792 1828 lacte

2206 1856 2468 1924 potandus
2498 1857 2572 1911 sis
2603 1857 2711 1926 (Id.
2734 1874 2812 1923 ιιι,
2843 1858 2896 1928 2)
2922 1874 2937 1924 ;
2966 1861 3060 1913 sed
3087 1861 3305 1928 perveni
3331 1860 3396 1914 ad
3419 1861 3591 1916 virum
3616 1861 3794 1931 perte.

2206 1957 2368 2014 ctum,
2393 1956 2454 2001 ut
2479 1948 2553 2002 sis
2582 1949 2720 2002 inter
2750 1949 2872 2002 illos
2909 1950 2976 2003 de
3015 1950 3208 2019 quibus
3231 1949 3444 2017 dicitur,
3477 1952 3793 2022 Sapientiam

2207 2039 2459 2108 loquimur
2480 2040 2609 2091 inter
2635 2041 2880 2109 perfectos
2906 2038 3013 2109 (Id.
3040 2055 3076 2094 ιι
3095 2080 3108 2105 ,
3137 2040 3213 2110 6).
3241 2040 3377 2095 Tum
3402 2041 3618 2096 demum
3647 2053 3793 2098 recte

2207 2137 2261 2182 et
2286 2145 2392 2182 non
2432 2138 2755 2199 prazpostere
2798 2129 3012 2197 audies,
3042 2131 3087 2185 si
3112 2146 3213 2201 qua
3243 2140 3367 2186 sunt
3394 2132 3460 2187 de
3497 2133 3793 2191 animarum

2208 2219 2581 2273 occultissimis
2607 2220 2837 2286 meritis,
2869 2231 2924 2276 et
2945 2221 3012 2278 de
3030 2223 3198 2293 gratia
3225 2223 3307 2280 vel
3322 2225 3556 2293 justitia,
3591 2237 3794 2283 secreta

2210 2311 2591 2379 omnipotentis
2618 2311 2730 2365 Dei.

2280 2405 2333 2456 4.
2375 2401 2506 2456 Nam
2535 2402 2602 2458 de
2632 2403 2909 2459 Pharaone
2938 2404 3092 2460 facile
3117 2407 3490 2477 respondetur,
3524 2409 3792 2478 prioribus

2213 2496 2417 2550 meritis
2455 2496 2646 2566 quibus
2683 2496 2877 2551 afﬂixit
2906 2497 2959 2551 in
2987 2513 3152 2568 regno
3199 2513 3297 2556 suo
3341 2503 3686 2572 peregrinos,
3713 2502 3797 2557 di-

2209 2603 2364 2657 gnum
2395 2587 2644 2642 eﬁectum
2673 2589 2760 2642 cui
2789 2588 3145 2644 obduraretur
3189 2606 3301 2658 cor,
3335 2601 3394 2647 ut
3431 2609 3530 2649 nec
3572 2594 3797 2650 manife-

2209 2678 2460 2732 stissimis
2482 2679 2646 2748 signis
2667 2679 2902 2748 jubentis
2922 2680 3016 2734 Dei
3033 2681 3278 2736 crederet
3301 2683 3342 2735 ³.
3364 2683 3441 2736 Ex
3463 2683 3648 2739 eadem
3669 2700 3798 2756 ergo

2208 2783 2406 2834 massa,
2442 2768 2494 2822 id
2521 2778 2623 2835 est,
2656 2780 3012 2838 peccatorum,
3045 2779 3102 2826 et
3130 2787 3254 2827 vasa
3284 2774 3658 2830 misericordia:
3682 2789 3801 2844 pro-

2211 2861 2352 2924 tulit,
2383 2861 2575 2930 quibus
2602 2861 2937 2925 subveniret,
2969 2877 3088 2916 cum
3117 2879 3237 2918 eum
3267 2863 3679 2934 deprecarentur
3702 2865 3799 2922 ﬁlli

2209 2949 2405 3014 Israel;
2436 2960 2488 3003 et
2515 2964 2641 3001 vasa
2670 2949 2792 3016 ine,
2826 2965 3050 3018 quorum
3078 2953 3338 3021 supplicio
3372 2953 3490 3008 illos
3525 2954 3795 3024 erudiret,

2212 3041 2265 3096 id
2313 3051 2428 3106 est,
2476 3040 2807 3095 Pharaonem
2849 3051 2900 3095 et
2945 3043 3193 3112 populum
3229 3043 3379 3113 ejus:
3407 3045 3526 3114 quia
3556 3048 3799 3115 quamvis

2213 3141 2394 3187 essent
2424 3133 2633 3200 utrique
2659 3142 2986 3200 peccatores,
3007 3142 3060 3187 et
3087 3142 3364 3203 propterea
3387 3135 3453 3189 ad
3478 3151 3637 3190 unam
3660 3151 3801 3192 mas-

2213 3241 2328 3279 sam
2370 3225 2716 3294 pertinercnl,
2740 3225 2896 3279 aliter
2925 3235 3098 3279 tamen
3126 3226 3382 3281 tractandi
3414 3236 3567 3282 erant
3588 3227 3677 3298 qui
3705 3229 3796 3283 uni

2213 3314 2323 3368 Deo
2381 3315 2748 3383 ingenuerant.
2806 3313 3023 3367 Pertulit
3072 3330 3200 3385 ergo
3243 3317 3296 3369 in
3351 3319 3511 3371 multa
3559 3320 3801 3388 patientia

2212 3423 2332 3460 uasa
2369 3407 2488 3469 irae,
2528 3421 2639 3475 qua?
2672 3409 2888 3476 perfecta
2930 3415 3046 3459 sunt
3100 3407 3152 3459 in
3205 3409 3550 3477 perditionem.
3615 3410 3681 3465 Et
3733 3427 3801 3466 eo

2212 3498 2330 3566 ipso
2381 3512 2485 3566 quo
2523 3497 2632 3562 ait,
2687 3498 2739 3549 in
2775 3498 2933 3551 multa
2992 3498 3262 3567 patientia,
3310 3501 3437 3554 satis
3480 3502 3804 3572 signiﬁcavit

2215 3587 2388 3656 priora
2415 3598 2614 3640 eorum'
2627 3596 2840 3656 peccata
2862 3629 2876 3653 ,
2909 3588 2958 3641 in
3001 3589 3192 3656 quibus
3222 3605 3315 3645 eos
3343 3591 3592 3660 pertulit;
3620 3603 3677 3647 ut
3702 3608 3800 3663 0p-

2213 3686 2437 3747 portune
2476 3686 2601 3731 tunc
2641 3677 2961 3741 vindicaret,
2993 3679 3204 3748 quando
3229 3680 3292 3734 de
3321 3681 3531 3736 illorum
3571 3683 3800 3740 vindicta
3832 3736 3838 3742 .

2213 3766 2628 3822 subveniendum
2666 3776 2779 3822 erat
2815 3767 2896 3822 his
2931 3769 3018 3838 qui
3068 3770 3446 3827 liberabantur.
3474 3773 3540 3827 Et
3566 3785 3620 3827 ut
3657 3785 3802 3831 notas

2215 3863 2394 3932 faceret
2437 3861 2634 3913 divitias
2677 3861 2852 3931 gloria:
2890 3876 2995 3916 sua:
3030 3862 3083 3916 in
3123 3879 3241 3917 vasa
3280 3866 3658 3935 misericordiae,
3687 3885 3803 3940 qua:

2215 3952 2515 4021 pneparavit
2557 3952 2609 4002 in
2652 3951 2886 4020 gloriam.
2938 3952 3034 4006 llic
3078 3951 3305 4010 fortasse
3347 3957 3691 4014 conturbatus
3733 3959 3802 4015 ad

2216 4043 2360 4096 illam
2392 4042 2738 4111 quaestionem
2771 4041 2944 4107 redis,
2968 4041 3128 4113 Cujus
3152 4046 3258 4097 vult
3286 4046 3564 4114 miseretur,
3589 4059 3634 4103 et
3657 4066 3802 4120 queat

2215 4133 2319 4185 vult
2361 4130 2593 4184 obdurat.
2631 4130 2765 4195 Quid
2805 4131 2971 4184 adhuc
3013 4135 3372 4202 conqueritur?
3401 4137 3641 4192 voluntati
3668 4141 3804 4194 enim

2215 4223 2323 4292 ejus
2346 4223 2455 4287 quis
2479 4223 2662 4274 resistit
2689 4221 2863 4293 (Rom.
2892 4239 2948 4276 ιιι
2967 4265 2982 4290 ,
3008 4222 3227 4296 18-23)?
3256 4225 3483 4282 Prorsus
3509 4228 3654 4297 cujus
3687 4230 3804 4285 vult

2217 4313 2520 4378 miseretur,
2555 4321 2610 4366 et
2648 4328 2804 4382 quem
2834 4315 2948 4368 vult
2988 4315 3243 4380 obdurat;
3283 4317 3376 4372 sed
3420 4318 3532 4372 haec
3557 4319 3802 4377 voluntas

2217 4405 2309 4459 Dei
2340 4405 2535 4473 injusta
2561 4419 2681 4459 esse
2717 4421 2824 4461 non
2852 4416 3046 4476 potest.
3072 4407 3231 4464 Venit
3254 4409 3392 4463 enim
3421 4409 3486 4464 de
3507 4411 3804 4470 occultissi-

2219 4494 2318 4548 mis
2363 4493 2608 4558 meritis;
2664 4495 2786 4572 quia
2829 4503 2883 4550 et
2924 4496 3023 4565 ipsi
3061 4505 3364 4566 peccatores
3409 4513 3528 4553 cum
3586 4513 3804 4573 propter

2218 4587 2465 4658 generale
2491 4597 2767 4658 peccatum
2789 4604 2950 4643 unam
2971 4603 3196 4643 massam
3227 4588 3468 4658 fecerint,
3496 4603 3804 4654 nontamen

2219 4679 2361 4733 nulla
2391 4689 2472 4735 est
2509 4681 2649 4734 inter
2673 4679 2791 4734 illos
2816 4679 3114 4736 diversitas.
3143 4680 3401 4736 Praecedit
3443 4699 3570 4756 ergo
3605 4686 3804 4758 aliquid

2220 4771 2272 4826 in
2301 4772 2687 4841 peccatoribus,
2716 4787 2822 4842 quo
2846 4773 3086 4841 quamvis
3107 4772 3342 4828 nondum
3371 4775 3476 4829 sint
3495 4775 3800 4848 iustiﬁcati,

2218 4862 2360 4932 digni
2408 4861 2705 4917 efﬁciantur
2741 4862 3142 4931 justiﬁcatione;
3191 4873 3245 4920 et
3281 4864 3408 4921 item
3451 4869 3703 4938 praecedit
3747 4870 3802 4925 in

2221 4954 2338 5008 aliis
2366 4955 2729 5023 peccatoribus
2772 4971 2879 5026 quo
2919 4955 3066 5027 digni
3111 4957 3220 5012 sint
3260 4958 3540 5015 obtusione
3563 4960 3604 5014 ⁸.
3631 4961 3804 5018 Habes

2220 5043 2462 5097 eumdem
2485 5045 2781 5112 apostolum
2807 5045 2932 5101 alibi
2954 5045 3242 5113 dicentem,
3273 5047 3522 5114 Quoniam
3552 5066 3652 5104 non
3681 5067 3804 5122 pro-

2221 5137 2455 5188 baverunt
2478 5133 2643 5188 Deum
2671 5136 2852 5192 habere
2872 5139 2926 5191 in
2955 5140 3152 5204 notitia,
3176 5139 3314 5193 dedit
3342 5140 3459 5196 illos
3482 5139 3621 5196 Deus
3643 5143 3696 5197 in
3720 5161 3776 5198 re
3801 5174 3807 5184 -

2222 5224 2430 5293 probum
2444 5241 2642 5279 sensum
2656 5225 2826 5295 (Rom.
2844 5242 2882 5294 ι,
2897 5227 3012 5297 28).
3033 5227 3184 5293 Quod
3195 5242 3288 5282 eos
3299 5228 3443 5284 dedit
3454 5230 3504 5285 in
3518 5232 3804 5302 reprobum

2219 5329 2456 5380 sensum,
2479 5314 2580 5370 hoc
2608 5325 2709 5383 est,
2731 5316 2872 5390 quod
2898 5317 3163 5373 induravit
3186 5333 3280 5374 cor
3299 5318 3588 5378 Pharaonis
3610 5321 3802 5393 (Exod.

2287 5449 2303 5514 ἓ
2327 5453 2438 5495 Mss-
2460 5445 2703 5514 plerique.
2725 5454 2781 5514 Et
2795 5461 2880 5514 iter
2900 5449 3197 5514 prophetau-

2222 5510 2432 5619 de:el‘)uo
2453 5515 2561 5559 Mss.
2587 5509 2666 5560 hic
2681 5518 2733 5561 et
2759 5509 2914 5572 infra,
2937 5509 3058 5574 n.3,
3087 5526 3176 5575 pro
3193 5547 3209 5574 ,
3231 5511 3479 5576 crederet,
3502 5515 3701 5578 habent,
3724 5531 3803 5569 σε.

2237 5632 2435 5743 digiti:
2465 5639 2516 5682 et
2535 5637 2662 5695 Mss,
2686 5633 2980 5688 obtunsione.
2999 5641 3054 5688 Et
3083 5636 3223 5700 infra,
3247 5637 3559 5702 obtunsionis,
3578 5652 3692 5703 pro,
3715 5641 3801 5694 ob-
