4180 6214
287 290 376 346 π,
1060 306 1072 318 -
1737 273 1911 330 ΗΒΕ]

2018 274 2177 332 lNUS.
3523 295 3553 347 7
3558 292 3592 350 ι

289 419 379 470 1v,
408 397 539 473 21):
570 395 715 469 quod
742 402 923 451 autem
966 391 1041 447 illi
1075 406 1183 447 non
1224 388 1581 460 probaverunt
1604 386 1773 443 Deum
1802 387 1897 441 ha—

292 495 436 551 bere
460 493 512 547 in
545 486 753 552 notitia,
784 486 886 541 hoc
902 492 1002 550 est,
1038 481 1177 554 quod
1194 480 1338 551 digni
1358 478 1680 535 exstiterunt
1702 476 1793 548 qui
1808 476 1901 533 da-

294 595 495 642 rentur
520 583 574 637 in
605 578 892 649 reprobum
920 589 1155 631 sensum.

377 679 434 732 5.
475 674 680 731 Tamen
706 685 892 725 verum
931 675 1015 722 est
1042 666 1163 736 quia
1206 681 1309 719 non
1352 663 1563 718 nolentis
1595 677 1752 733 neque
1782 678 1901 716 cur-

294 768 498 834 rentis,
544 762 637 819 sed
684 759 962 816 miserantis
1009 766 1081 812 est
1123 755 1219 809 Dei
1267 752 1441 828 (Rom.
1489 769 1565 818 ιι,
1614 750 1724 823 16).
1771 751 1903 819 Quia

296 858 519 916 etiamsi
544 853 834 911 levioribus
854 850 1081 922 quisque
1108 847 1361 920 peccatis,
1378 854 1471 902 aut
1493 853 1639 901 certe
1663 845 1905 916 quamvis

296 951 645 1026 gravioribus
668 956 723 1004 et
749 946 930 1000 multis
945 985 961 1010 ,
994 954 1172 997 tamen
1200 955 1396 1011 magno
1420 940 1620 1010 gemitu
1643 946 1697 992 et
1722 937 1905 993 dolore

302 1042 634 1116 paenitendi,
658 1035 1023 1095 misericordia
1049 1033 1147 1089 Dei
1174 1033 1366 1104 dignus
1391 1030 1571 1098 fuerit,
1603 1046 1708 1086 non
1740 1029 1906 1098 ipsius

299 1144 417 1201 est,
439 1132 528 1204 qui
550 1132 595 1186 si
620 1130 1033 1199 relinqueretur,
1064 1123 1327 1189 interiret,
1350 1122 1445 1178 sed
1471 1120 1772 1176 miserentis
1790 1120 1903 1185 Dei,

298 1227 400 1297 qui
428 1225 545 1295 ejus
584 1222 832 1295 precibus
869 1218 1253 1287 doloribusque
1295 1215 1558 1271 subvenit.
1598 1213 1791 1267 Parum
1824 1220 1907 1267 est

299 1319 457 1374 enim
510 1316 650 1370 velle
680 1355 696 1381 ,
745 1312 847 1367 nisi
903 1312 1045 1367 Deus
1085 1310 1443 1364 misereatur:
1471 1306 1567 1362 sed
1608 1306 1750 1361 Deus
1791 1321 1901 1361 non

300 1410 618 1473 miseretur,
645 1405 737 1476 qui
760 1403 826 1458 ad
863 1417 1045 1472 pacem
1072 1408 1227 1456 vocat
1243 1442 1259 1467 ,
1285 1399 1386 1453 nisi
1414 1397 1661 1453 voluntas
1679 1412 1907 1466 praeces-

298 1503 443 1557 serit
469 1498 546 1573 (a)
568 1517 584 1563 ;
614 1498 733 1567 quia
760 1496 810 1549 in
838 1505 977 1549 terra
998 1509 1098 1563 pax
1121 1490 1424 1547 hominibus
1443 1490 1600 1546 bonae
1620 1488 1907 1544 voluntatis

302 1594 467 1668 (Luc.
500 1610 572 1657 ιι,
621 1591 726 1662 li).
757 1589 826 1644 Et
866 1588 1116 1659 quoniam
1159 1601 1258 1641 nec
1296 1584 1433 1639 velle
1482 1583 1762 1653 quisquam
1811 1598 1907 1652 po-

301 1694 447 1748 test,
490 1684 595 1739 nisi
642 1681 945 1736 admonitus
992 1687 1048 1733 et
1089 1685 1342 1740 vocatus,
1386 1675 1498 1729 sive
1550 1674 1903 1741 intrinsecus,

301 1775 400 1830 ubi
428 1774 607 1828 nullus
626 1771 904 1827 hominum
936 1768 1114 1833 videt,
1159 1768 1272 1822 sive
1315 1766 1644 1822 extrinsecus
1669 1780 1764 1834 per
1787 1778 1906 1820 ser-

303 1881 523 1922 monem
571 1872 852 1919 sonantem
878 1904 893 1928 ,
943 1870 1034 1915 aut
1076 1852 1171 1928 per
1217 1857 1391 1929 aliqua
1446 1859 1595 1928 signa
1640 1856 1903 1923 visibilia;

305 1956 540 2013 efﬁcitur
565 1966 622 2010 ut
654 1956 817 2010 etiam
853 1955 1023 2024 ipsum
1066 1952 1201 2007 velle
1232 1951 1373 2006 Deus
1396 1959 1648 2020 operetur
1668 1951 1719 2005 in
1752 1949 1907 2005 nobis

309 2046 575 2120 (Philipp.
594 2062 652 2112 ιι,
681 2045 895 2115 l3).Ad
923 2044 1062 2098 illam
1084 2045 1227 2098 enim
1259 2056 1496 2108 ctenam,
1529 2056 1687 2112 quam
1720 2040 1906 2096 Domi—

308 2155 413 2195 nus
444 2139 571 2195 dicit
608 2139 664 2192 in
700 2136 988 2207 Evangelia
1023 2143 1408 2205 praeparatam,
1448 2148 1547 2188 nec
1587 2148 1773 2187 omnes
1818 2132 1907 2203 qui

307 2233 483 2287 vocati
509 2239 674 2297 sunt,
705 2230 888 2283 venire
932 2227 1249 2292 voluerunt;
1297 2240 1471 2295 neque
1508 2224 1582 2279 illi
1620 2224 1709 2295 qui
1740 2238 1903 2279 vene-

307 2334 457 2388 runt,
490 2323 678 2378 venire
708 2328 946 2392 possent,
975 2318 1075 2373 nisi
1117 2325 1437 2373 vocarentur
1476 2315 1629 2388 (Luc.
1657 2331 1747 2370 xxv
1771 2357 1787 2382 ,
1817 2314 1909 2370 16-

307 2413 426 2489 26).
462 2414 644 2484 Itaque
684 2426 784 2467 nec
830 2411 903 2465 illi
940 2409 1139 2464 debent
1184 2408 1286 2463 sibi
1333 2408 1567 2463 tribuere
1612 2407 1702 2476 qui
1745 2421 1907 2461 vene-

308 2517 484 2574 runt;
512 2505 636 2576 quia
680 2503 850 2560 vocati
890 2509 1159 2558 venerunt
1190 2519 1204 2556 :
1232 2515 1334 2555 nec
1367 2500 1446 2555 illi
1490 2499 1580 2571 qui
1622 2499 1909 2554 noluerunt

307 2600 523 2664 venire,
552 2597 745 2655 debent
772 2595 929 2650 alteri
959 2593 1194 2650 tribuere
1212 2634 1227 2660 ,
1257 2592 1352 2648 sed
1378 2600 1581 2647 tantum
1611 2591 1750 2658 sibi;
1773 2606 1906 2661 quo-

308 2692 463 2747 niam
489 2698 547 2745 ut
575 2690 842 2756 venirent,
890 2686 1065 2741 vocati
1113 2694 1266 2740 erant
1310 2685 1363 2739 in
1407 2685 1571 2739 libera
1610 2684 1906 2739 voluntate.

310 2783 543 2839 Vocatio
568 2797 694 2854 ergo
714 2790 838 2835 ante
865 2779 1113 2835 meritum
1136 2777 1462 2833 voluntatem
1483 2786 1755 2846 operatur.
1779 2774 1909 2830 Pro-

310 2888 501 2951 pterea
522 2885 578 2933 et
601 2877 646 2933 si
671 2876 949 2946 quisquam
977 2872 1079 2927 sibi
1108 2870 1293 2925 tribuit
1321 2870 1465 2942 quod
1486 2870 1627 2925 venit
1652 2877 1872 2924 vocatus
1890 2908 1907 2934 ,

312 2987 425 3028 non
456 2970 559 3025 sibi
584 2975 761 3042 potest
793 2966 1028 3022 tribuere
1062 2962 1207 3035 quod
1228 2972 1445 3017 vocatus
1473 2970 1574 3016 est.
1603 2960 1704 3027 Qui
1728 2968 1910 3014 autem

311 3070 538 3119 vocatus
569 3076 673 3115 non
704 3058 883 3121 venit,
910 3055 1051 3110 sicut
1079 3068 1183 3108 non
1216 3053 1398 3108 habuit
1424 3051 1672 3107 meritum
1704 3051 1910 3122 praemii

314 3162 376 3208 ut
403 3158 707 3217 vocaretur,
736 3149 813 3202 sic
850 3145 1069 3201 inchoat
1109 3144 1357 3199 meritmn
1386 3142 1631 3211 supplicii
1667 3156 1787 3195 cum
1813 3157 1908 3197 vo-

312 3250 469 3300 catus
489 3241 674 3297 venire
697 3230 1009 3309 neglexerit.
1042 3234 1118 3289 Ita
1144 3242 1301 3289 erunt
1323 3233 1429 3287 duo
1460 3233 1551 3287 illa
1574 3250 1586 3285 :
1616 3231 1910 3286 Misericor-

315 3335 458 3389 diam
493 3342 542 3388 et
573 3331 828 3404 judicium
868 3325 1080 3382 cantabo
1121 3326 1242 3390 tibi,
1279 3324 1498 3379 Domine
1530 3322 1703 3394 (Paul.
1745 3338 1804 3392 c,
1839 3323 1907 3395 l).

313 3426 400 3483 Ad
429 3421 853 3481 misericordiam
887 3420 1116 3489 pertinet
1137 3418 1347 3473 vocatio
1373 3433 1388 3469 :
1419 3417 1486 3471 ad
1507 3416 1763 3487 judicium
1786 3431 1909 3486 per-

317 3519 455 3573 tinet
478 3513 754 3571 beatitudo
780 3527 965 3567 eorum
992 3511 1085 3582 qui
1110 3518 1373 3564 venerunt
1400 3509 1595 3574 vocati,
1623 3516 1675 3563 et
1705 3507 1912 3578 suppli-

313 3610 463 3665 cium
503 3622 689 3662 eorum
727 3604 817 3674 qui
845 3604 1029 3658 venire
1061 3602 1366 3657 noluerunt.
1395 3599 1661 3669 Numquid
1685 3613 1812 3669 ergo
1841 3600 1915 3652 la-

315 3700 473 3755 tebat
523 3698 853 3752 Pharaonem
897 3702 1151 3764 quantum
1196 3690 1325 3746 boni
1372 3698 1671 3745 consecutae
1719 3689 1916 3744 fuerint

315 3801 482 3848 terra:
526 3790 630 3844 illze
670 3803 767 3857 per
807 3785 1092 3840 adventum
1130 3781 1327 3853 Joseph
1376 3780 1533 3853 (Gen.
1578 3778 1726 3853 xu)?
1769 3780 1916 3835 Illius

318 3900 452 3955 ergo
480 3883 557 3937 rei
580 3890 749 3953 gesta:
770 3878 1023 3949 cognitio,
1052 3875 1260 3932 vacatio
1284 3876 1399 3944 ejus
1421 3873 1555 3940 fuit,
1580 3882 1637 3928 ut
1664 3874 1912 3944 populum

318 3978 489 4034 Israel
504 3973 922 4030 misericorditer
939 3980 1170 4025 tractans
1195 3983 1303 4023 non
1322 3976 1467 4024 esset
1490 3966 1744 4037 ingratus.
1764 3963 1915 4032 Quod

318 4079 506 4125 autem
540 4067 661 4122 huic
688 4064 955 4120 vocationi
996 4062 1368 4131 obtemperare
1409 4058 1577 4113 uoluit
1596 4098 1610 4121 ,
1640 4055 1735 4111 sed
1760 4071 1916 4119 exer-

319 4161 447 4218 cuit
477 4158 836 4213 crudelitatem
867 4157 919 4210 in
944 4156 1028 4215 eis
1056 4155 1248 4225 quibus
1278 4151 1580 4208 humanitas
1618 4160 1672 4204 et
1706 4149 1915 4204 miseri-

318 4250 514 4309 cordia
543 4248 848 4312 debebatur,
883 4246 1078 4301 mernit
1114 4260 1357 4315 poenam,
1388 4253 1446 4297 ut
1479 4240 1815 4296 induraretur
1843 4238 1918 4294 illi

320 4360 442 4407 cor,
473 4351 531 4398 et
575 4350 773 4396 tantam
816 4339 1105 4393 caecitatem
1160 4337 1354 4392 mentis
1402 4343 1692 4406 pateretur,
1746 4342 1803 4387 ut
1842 4340 1919 4387 tot

323 4446 382 4493 et
409 4436 571 4490 tantis
608 4444 826 4502 tamque
864 4430 1162 4486 manifestis
1190 4429 1285 4484 Dei
1313 4429 1478 4496 signis
1506 4442 1613 4482 non
1636 4425 1914 4489 crederet;

322 4544 435 4599 quo
464 4532 645 4597 posset
670 4524 786 4594 ejus
814 4522 1093 4591 supplicio,
1128 4521 1241 4575 sive
1270 4516 1636 4574 obdurationis
1655 4556 1670 4583 ,
1697 4515 1811 4570 sive
1839 4514 1920 4569 ul-

323 4618 475 4673 timae
517 4615 744 4670 visibilis
789 4609 1433 4676 submersionis,erudiri
1475 4608 1729 4679 populus,
1768 4606 1918 4677 cujus

322 4709 615 4765 afﬂictione
662 4706 785 4772 ille,
814 4716 867 4761 et
910 4704 1130 4759 occulta:
1176 4701 1504 4766 obtusionis,
1535 4708 1591 4755 et
1624 4699 1920 4754 manifestae

320 4802 713 4857 submersionis
742 4799 989 4853 meritum
1015 4796 1114 4851 sibi
1144 4803 1479 4864 compararet
1508 4792 1700 4865 (Exod.
1723 4790 1916 4863 v—xtv).

402 4891 457 4947 6.
503 4890 627 4944 llaec
649 4899 824 4943 autem
853 4888 1079 4949 vacatio,
1115 4901 1232 4955 qua:
1260 4886 1372 4939 sive
1409 4884 1461 4938 in
1492 4883 1718 4953 singulis
1744 4881 1920 4937 homi-

320 4985 518 5049 nibus,
552 4983 664 5037 sive
696 4983 748 5036 in
773 4981 986 5051 populis
1007 5020 1021 5045 ,
1054 4987 1216 5047 atque
1240 4978 1293 5032 in
1323 4977 1438 5047 ipso
1467 4990 1661 5046 genere
1688 4973 1923 5029 humano

319 5094 421 5151 per
452 5089 751 5147 temporum
779 5073 1207 5145 opportunitates
1242 5079 1512 5141 operatur,
1544 5068 1663 5122 altae
1700 5076 1756 5123 et
1791 5080 1921 5136 pro-

322 5171 506 5225 fundze
536 5169 890 5223 ordinationis
928 5177 1028 5220 est.
1060 5165 1177 5231 Quo
1218 5163 1447 5233 pertinet
1476 5163 1635 5217 etiam
1668 5159 1825 5223 illud,
1856 5157 1923 5213 In

320 5272 467 5315 utero
492 5259 806 5326 saneti/imvi
830 5269 875 5312 te
904 5254 1115 5329 (Jerem.
1148 5272 1196 5320 ι,
1225 5253 1279 5324 5)
1304 5270 1317 5317 ;
1349 5261 1425 5319 et,
1448 5251 1575 5308 Cum
1600 5267 1733 5305 esses
1765 5250 1819 5303 in
1838 5266 1923 5304 re-

320 5352 470 5405 nibus
492 5350 652 5421 patris
680 5350 773 5413 tui,
797 5348 898 5400 vidi
923 5356 969 5401 te
1001 5347 1072 5419 (b)
1097 5366 1112 5412 ;
1140 5356 1228 5410 et,
1257 5344 1418 5399 Iacob
1445 5342 1629 5406 dilexi,
1660 5341 1799 5397 Esau
1827 5357 1923 5395 au-

322 5455 423 5499 tem
453 5442 573 5495 odio
603 5440 756 5493 habui
783 5436 1037 5509 (Malach.
1069 5455 1107 5503 ι,
1135 5437 1170 5491 Ξ
1188 5478 1204 5501 ,
1237 5436 1293 5507 5)
1324 5452 1338 5490 :
1366 5450 1487 5490 cum
1515 5434 1713 5489 dictum
1740 5434 1809 5488 sit
1831 5448 1927 5488 an-

319 5543 541 5604 tequam
586 5536 961 5587 nascerentur.
1011 5527 1121 5582 Nec
1162 5523 1545 5597 comprehendi
1588 5529 1794 5594 potest,
1822 5522 1925 5579 nisi

406 5670 460 5723 α)
483 5672 502 5714 t
525 5668 735 5714 neti-act.
755 5673 860 5723 cap.
885 5658 949 5708 26

382 5668 460 5791 ta

611 5811 840 5871 Smcr.
890 5809 1168 5867 Ausus'r.
1214 5804 1317 5865 VI.

2013 389 2149 446 forte
2188 390 2257 446 ab
2298 391 2379 448 eis
2416 395 2507 464 qui
2547 393 2773 466 diligunt
2808 397 2975 453 Deum
3015 415 3081 457 ex
3118 410 3232 459 toto
3257 405 3421 461 corde
3445 417 3498 462 et
3522 424 3593 462 ex

2011 489 2119 537 tota
2141 483 2317 538 anima
2344 491 2400 540 et
2418 501 2485 540 ex
2511 495 2619 541 tota
2641 497 2819 544 mente
2846 505 2939 546 sua
2956 534 2973 559 ,
3003 505 3057 548 et
3076 494 3299 565 diligunt
3323 500 3597 569 proximos

2010 588 2136 629 suos
2173 584 2419 646 tanquam
2462 593 2522 633 se
2557 580 2700 651 ipsos
2740 581 2952 652 (Matth.
2986 602 3134 655 χχιι,
3161 590 3248 653 57,
3278 590 3390 663 59).
3428 593 3597 650 Tanta

2011 666 2153 720 enim
2176 668 2433 724 charitate
2457 668 2684 738 fundati,
2716 686 2936 742 possunt
2955 676 3065 745 jam
3090 678 3311 737 fortasse
3331 698 3451 737 cum
3474 700 3599 740 san-

2011 759 2113 814 ctis
2133 762 2588 832 comprehendere
2616 764 3018 836 longitudinem,
3041 770 3392 844 latitudinem,
3416 780 3597 835 altitu-

2010 849 2190 906 dinem
2239 863 2292 908 et
2329 854 2652 925 profundum
2699 857 2928 930 (Ephes.
2962 878 3047 930 ut,
3094 866 3204 937 18).
3243 869 3375 925 Illud
3420 882 3598 930 tamen

2011 945 2446 1035 constantissima
2487 946 2591 1003 [ide
2640 950 2975 1008 retinendum
3006 995 3020 1019 ,
3079 972 3253 1028 neque
3308 964 3594 1035 quidquam

2013 1034 2179 1128 Deum
2208 1036 2402 1106 injuste
2431 1037 2611 1096 facere
2629 1081 2645 1107 ,
2675 1057 2847 1111 neque
2879 1045 3037 1101 ullam
3066 1064 3185 1106 esse
3213 1034 3600 1128 naturamquae

2012 1141 2118 1182 non
2142 1126 2253 1182 Deo
2277 1128 2470 1183 debeat
2494 1130 2547 1184 id
2576 1133 2718 1201 quod
2746 1143 2828 1189 est
2861 1155 2873 1189 :
2906 1138 3026 1206 quia
3056 1141 3164 1196 Deo
3191 1143 3418 1202 debetur
3442 1126 3601 1207 omne

2011 1217 2175 1273 decus
2198 1229 2250 1274 et
2272 1220 2606 1289 pulchritudo
2630 1232 2685 1278 et
2708 1230 3049 1301 congruentia
3079 1234 3341 1302 partium;
3372 1256 3526 1309 quam
3556 1244 3601 1297 si

2014 1309 2226 1377 penitus
2256 1320 2565 1379 persecutus
2596 1312 2763 1371 fueris
2793 1318 2809 1348 ¹
2835 1359 2850 1384 ,
2880 1329 2932 1373 et
2963 1338 3128 1392 usque
3165 1327 3231 1381 ad
3260 1344 3448 1387 omnes
3474 1335 3599 1389 reli-

2011 1402 2164 1470 quias
2191 1402 2260 1458 de
2283 1404 2441 1459 rebus
2467 1405 2779 1471 detraxeris,
2809 1424 3051 1468 remanet
3079 1417 3232 1472 nihil.

2010 1489 2197 1547 LXIX.
2254 1493 2327 1548 De
2370 1510 2426 1548 eo
2459 1496 2595 1565 quod
2630 1499 2870 1570 scriptum
2921 1514 2992 1557 est
3018 1521 3036 1557 :
3067 1506 3213 1562 Tune
3259 1520 3313 1565 et
3347 1513 3460 1581 ipse
3511 1516 3600 1571 Fi-

2084 1582 2185 1637 lius
2206 1584 2477 1674 subjectus
2504 1587 2606 1641 erit
2631 1588 2785 1659 eiqui
2818 1590 2892 1644 illi
2932 1594 3155 1664 subjecit
3198 1601 3375 1655 omnia
3408 1604 3451 1674 (Ι
3478 1608 3597 1661 Cor.

2082 1689 2177 1741 xv,
2200 1673 2316 1747 28).

2086 1765 2139 1819 1.
2170 1765 2269 1834 Qui
2310 1767 2500 1823 Filium
2546 1769 2645 1825 Dei
2678 1770 2823 1827 Patri
2864 1776 3122 1844 aequalem
3171 1796 3275 1836 non
3327 1799 3447 1840 esse
3476 1803 3603 1842 con—

2015 1857 2255 1923 tendunt,
2306 1861 2483 1916 solent
2531 1877 2788 1932 usurpare
2843 1863 3153 1924 familiarius
3202 1873 3302 1929 hoc
3367 1881 3605 1933 testimo-

2012 1948 2179 2014 nium,
2213 1949 2301 2004 ubi
2329 1952 2403 2004 ait
2432 1954 2739 2021 Apostolus,
2770 1953 2896 2010 Cum
2921 1967 3091 2014 autem
3114 1963 3159 2014 ei
3182 1967 3352 2018 omnia
3381 1971 3604 2039 subjecta

2012 2039 2219 2108 fuerint,
2240 2051 2359 2095 tunc
2378 2052 2425 2096 et
2452 2044 2559 2114 ipse
2584 2043 2754 2099 Filius
2778 2049 3028 2117 subjectus
3055 2054 3147 2105 erit
3163 2056 3207 2107 ei
3230 2058 3318 2120 qui
3338 2058 3415 2111 illi
3428 2064 3599 2130 subje-

2015 2131 2078 2185 cit
2123 2133 2329 2198 omnia,
2372 2144 2426 2187 ut
2479 2136 2544 2189 sit
2584 2135 2723 2192 Deus
2757 2140 3001 2195 omniain
3028 2145 3275 2200 omnibus.
3317 2148 3432 2202 Non
3462 2155 3603 2206 enim

2011 2234 2195 2292 posset
2232 2225 2309 2279 eis
2337 2241 2492 2282 error
2518 2229 2719 2283 oboriri
2759 2231 3005 2299 palliatus
3033 2239 3249 2292 nomine
3276 2240 3565 2297 christiano
3586 2287 3602 2311 ,

2014 2315 2113 2367 nisi
2168 2314 2234 2370 de
2283 2316 2572 2387 Scripturis
2615 2336 2722 2375 non
2766 2323 3066 2379 intellectis.
3102 2329 3287 2384 Dicunt
3336 2335 3500 2397 enim,
3548 2336 3603 2392 Si

2012 2406 2233 2473 aequalis
2260 2416 2377 2473 est,
2414 2410 2681 2478 quomodo
2707 2413 2978 2482 subjectus
3004 2420 3106 2472 erit
3134 2420 3224 2474 ei?
3245 2421 3396 2491 Quod
3426 2430 3604 2495 utique

2014 2496 2190 2551 simile
2218 2507 2299 2553 est
2340 2499 2415 2553 illi
2443 2503 2762 2571 evangelicae
2789 2508 3070 2573 quaestioni
3090 2551 3104 2574 ,
3137 2508 3192 2565 Si
3223 2518 3443 2581 aqualis
3469 2532 3566 2571 'est
3587 2562 3602 2587 ,

2017 2587 2286 2676 quomodo
2332 2589 2504 2658 major
2542 2601 2624 2646 est
2664 2593 2858 2649 Pater?
2884 2595 3001 2665 ipse
3041 2600 3182 2654 enim
3215 2603 3469 2662 Dominus
3498 2611 3604 2676 ait,

2017 2675 2269 2743 Quoniam
2299 2677 2456 2733 Pater
2496 2683 2661 2752 major
2685 2701 2764 2737 me
2790 2694 2863 2739 est
2894 2687 3074 2758 (Joan.
3109 2706 3219 2756 ιιν,
3250 2695 3366 2768 28).
3408 2675 3607 2767 Regula

2013 2776 2192 2859 autem
2220 2770 2496 2827 catholica:
2540 2772 2662 2827 ﬁdei
2701 2776 2783 2831 sic
2822 2792 2882 2832 se
2920 2777 3099 2845 habet,
3128 2791 3184 2836 ut
3208 2798 3328 2839 cum
3356 2788 3528 2859 aliqua
3555 2793 3605 2847 ir.

2015 2858 2307 2930 Scripturis
2339 2862 2591 2918 dicuntur
2632 2864 2699 2921 de
2742 2865 2894 2933 Filio,
2926 2871 3067 2939 quod
3107 2874 3178 2928 sit
3215 2877 3389 2932 minor
3418 2858 3604 2949 Patre,

2016 2953 2314 3008 secundum
2359 2956 2752 3025 susceptionem
2801 2959 3030 3016 hominis
3065 2962 3607 3037 intelligantur:cum

2015 3058 2145 3100 vero
2184 3059 2245 3099 ea
2290 3044 2540 3100 dicuntur
2581 3048 2774 3117 quibus
2820 3050 3219 3111 demonstratur
3254 3063 3489 3130 aequalis,
3525 3080 3611 3121 se-

2015 3134 2249 3190 cundum
2280 3136 2330 3190 id
2356 3138 2497 3207 quod
2530 3139 2667 3192 Deus
2705 3151 2789 3195 est
2815 3143 3158 3212 accipiantur.
3184 3152 3439 3219 'Apparet
3481 3172 3609 3227 ergo

2016 3227 2463 3295 quemadmodum
2502 3227 2701 3283 dictum
2742 3231 2845 3297 sit,
2886 3233 3044 3289 Pater
3070 3240 3236 3309 major
3259 3259 3338 3295 me
3374 3256 3481 3311 est;
3518 3260 3603 3316 et,

2018 3316 2131 3387 Ego
2157 3326 2204 3371 et
2246 3316 2405 3372 Pater
2432 3336 2587 3373 unum
2616 3337 2789 3376 sumus
2815 3321 2924 3397 (Id.
2957 3341 2993 3380 x
3011 3367 3026 3392 ,
3055 3328 3146 3400 50)
3176 3349 3190 3383 :
3222 3341 3308 3396 et,
3332 3332 3474 3391 Deus
3501 3350 3611 3394 erat

2028 3405 2279 3504 Verbum;
2308 3418 2356 3465 et
2376 3451 2392 3477 ,
2439 3408 2649 3465 Verbum
2686 3429 2804 3468 caro
2849 3418 3037 3487 factum
3061 3431 3132 3475 est
3157 3420 3264 3491 (Id.
3294 3442 3343 3490 ι,
3375 3429 3398 3482 1
3424 3470 3439 3493 ,
3474 3429 3562 3504 li)
3593 3450 3607 3486 :

2018 3510 2105 3569 et,
2135 3500 2258 3556 Non
2283 3504 2519 3574 rapinam
2557 3503 2827 3562 arbitratus
2863 3517 2941 3561 est
2980 3527 3086 3566 esse
3120 3516 3327 3584 (aqualis
3354 3517 3461 3574 Deo
3479 3564 3494 3587 ,
3523 3500 3612 3577 sed

2019 3596 2337 3685 semetipsum
2363 3597 2637 3651 exinaniait
2667 3602 2885 3668 formam
2911 3605 3039 3657 servi
3067 3608 3319 3676 accipiens
3351 3610 3607 3685 (Philipp.

2019 3701 2079 3751 η,
2109 3684 2162 3750 6,
2190 3683 2268 3755 7).
2300 3684 2406 3741 Sed
2432 3688 2681 3756 quoniam
2730 3691 2896 3746 multa
2938 3696 3099 3749 etiam
3146 3700 3437 3756 secundum
3484 3683 3611 3773 pro-

2020 3776 2297 3845 prietatem
2342 3791 2611 3845 persmne,
2640 3792 2863 3850 excepto
2907 3785 3048 3851 quod
3088 3789 3277 3843 attinet
3313 3792 3381 3844 ad
3429 3808 3614 3849 susce-

2020 3868 2255 3936 ptionem
2281 3868 2531 3934 hominis,
2563 3869 2631 3925 de
2662 3870 2751 3925 illo
2786 3871 2856 3926 ita
2882 3872 3151 3941 dicuntur,
3178 3888 3234 3930 ut
3263 3879 3471 3934 Patrem
3505 3898 3612 3938 non

2020 3958 2163 4011 aliud
2192 3974 2348 4029 quam
2381 3958 2613 4022 Patrem,
2646 3969 2701 4013 et
2727 3960 2917 4014 Filium
2943 3978 3050 4016 non
3069 3965 3209 4018 aliud
3238 3982 3398 4035 quam
3420 3969 3612 4027 Filium

2022 4048 2241 4118 intelligi
2267 4057 2530 4117 oporteat,
2555 4059 2743 4118 putant
2763 4051 2998 4108 hazretici
3025 4055 3077 4108 in
3098 4055 3166 4111 iis
3190 4072 3310 4127 quae
3328 4060 3399 4115 ita
3425 4062 3613 4119 dicun-

2025 4147 2109 4192 tur
2134 4147 2293 4208 atque
2331 4140 2720 4209 intelliguntur,
2752 4143 3111 4211 aequalitatem
3138 4162 3258 4204 esse
3283 4166 3389 4206 non
3433 4168 3610 4222 posse.

2025 4229 2289 4301 Scriptum
2313 4241 2397 4286 est
2416 4232 2581 4299 enim,
2616 4232 2801 4287 Omnia
2829 4251 2920 4304 per
2943 4237 3111 4307 ipsum
3137 4239 3273 4310 facta
3293 4256 3408 4298 sunt
3431 4246 3610 4319 (Joan.

2023 4339 2062 4389 ι,
2093 4324 2181 4394 5),
2222 4325 2405 4393 utique
2448 4340 2542 4393 per
2584 4324 2797 4389 Filium,
2827 4327 2928 4384 hoc
2955 4338 3056 4397 est,
3093 4348 3188 4401 per
3214 4333 3446 4391 Verbum
3477 4340 3607 4395 Dei:
3692 4360 3697 4368 ·

2022 4429 2054 4470 a
2094 4430 2220 4484 quo,
2251 4414 2351 4469 nisi
2393 4430 2423 4468 a
2461 4416 2659 4471 Patre?
2695 4416 2964 4489 Nusquam
3016 4430 3191 4477 autem
3241 4429 3493 4497 scriptum
3529 4442 3607 4486 est

2024 4507 2165 4578 quod
2203 4505 2370 4562 Filius
2408 4522 2503 4577 per
2540 4509 2751 4564 Patrem
2774 4510 3005 4581 aliquam
3032 4525 3330 4571 creaturam
3358 4532 3611 4588 operatus

2024 4598 2113 4653 sit.
2142 4599 2275 4653 item
2316 4599 2571 4668 scriptum
2603 4608 2684 4655 est
2714 4602 2856 4670 quod
2895 4602 3071 4674 imago
3111 4605 3282 4661 Patris
3331 4608 3401 4662 sit
3446 4610 3614 4665 Filius

2028 4689 2242 4760 (Coloss.
2276 4707 2329 4756 ι,
2372 4689 2496 4763 15);
2527 4706 2788 4762 nusquam
2826 4702 3004 4750 autem
3047 4698 3301 4767 scriptum
3344 4711 3429 4756 est
3472 4705 3615 4773 quod

2027 4782 2201 4852 imago
2242 4781 2362 4836 Filii
2405 4782 2474 4836 sit
2515 4782 2694 4839 Pater.
2737 4785 2938 4842 Deinde
2974 4789 3116 4859 quod
3152 4790 3240 4845 ille
3265 4794 3495 4861 genitor,
3532 4796 3618 4850 ille

2026 4876 2267 4947 genitus;
2299 4885 2354 4931 et
2376 4887 2569 4933 caetera
2615 4878 3017 4950 hujuscemodi,
3050 4899 3167 4954 qua:
3209 4900 3314 4940 non
3340 4887 3406 4941 ad
3435 4906 3614 4957 aequa—

2030 4967 2231 5023 litatem
2276 4968 2621 5037 substantias,
2665 4970 2761 5026 sed
2807 4971 2873 5026 ad
2923 4975 3298 5044 proprietatem
3349 4979 3619 5045 pertinent

2028 5075 2413 5130 personarum:
2444 5062 2497 5115 in
2524 5061 2717 5131 quibus
2760 5063 2834 5116 illi
2877 5066 3231 5132 aequalitatem
3271 5083 3393 5122 cum
3438 5071 3621 5126 dicunt

2030 5166 2150 5206 esse
2171 5168 2275 5207 non
2304 5166 2461 5220 posse
2480 5195 2493 5218 ,
2523 5155 2773 5221 quoniam
2803 5153 2868 5206 ad
2897 5155 3012 5209 haec
3035 5161 3361 5226 penetranda
3390 5164 3621 5218 crassio-

2030 5258 2117 5297 res
2144 5244 2165 5273 ²
2195 5250 2403 5297 mentes
2442 5242 2732 5309 adhibent,
2762 5244 2998 5312 pondere
3041 5251 3367 5305 auctoritatis
3396 5253 3622 5321 urgendi

2032 5342 2175 5386 sunt.
2220 5331 2278 5387 Si
2319 5332 2477 5387 enim
2506 5332 2560 5387 in
2603 5332 2686 5386 his
2730 5349 2837 5389 non
2882 5347 3067 5406 posset
3095 5339 3313 5409 intelligi
3343 5328 3620 5409 inqualitas

2032 5424 2147 5495 ejus
2191 5439 2286 5495 per
2325 5439 2481 5495 quem
2527 5424 2664 5480 facta
2709 5436 2834 5482 sunt
2878 5430 3055 5485 omnia
3080 5440 3133 5486 et
3157 5432 3454 5502 ejusaquo
3481 5433 3621 5490 facta

2032 5524 2177 5584 sunt,
2200 5516 2444 5587 imaginis
2467 5525 2523 5571 et
2542 5516 2658 5589 ejus
2692 5519 2845 5590 cujus
2871 5524 3045 5593 imago
3072 5531 3174 5589 est,
3203 5523 3365 5591 geniti
3396 5530 3450 5577 et
3470 5524 3621 5593 geni-

2108 5655 2125 5685 ¹
2147 5655 2220 5702 sic
2242 5661 2349 5729 Mss.
2371 5652 2489 5703 Ε(ὶὶιί
2512 5662 2694 5717 autem,
2712 5663 2992 5729 prosecutus
3010 5656 3177 5720 fueris.

2109 5716 2130 5747 Ι
2152 5721 2230 5747 Rat
2265 5722 2319 5747 ιν
2358 5722 2406 5747 of
2422 5722 2510 5747 Nec
2569 5730 2828 5747 ηοηοοοιιιηιο
2918 5721 2989 5747 ein
3008 5720 3150 5747 nciam
3171 5725 3177 5747 I

2152 5721 2249 5766 Rat.
2264 5722 2337 5765 Er.
2358 5722 2411 5766 et
2422 5722 2549 5778 Mss,
2568 5717 2908 5781 grossiores.—
2918 5721 2989 5768 sic
3007 5717 3150 5769 etiam
3171 5717 3316 5781 Lugd.
3337 5724 3389 5770 et
3403 5724 3531 5775 γοα.
3558 5725 3603 5771 κ

3018 5805 3052 5885 ί
3052 5805 3297 5885 Trois.)
