4134 6208
285 343 339 398 π
1684 332 1887 389 LIBER
1929 332 2130 390 UNUS.
3467 331 3539 392 78

287 459 330 514 in
367 464 621 529 quantum
687 454 808 525 eius
855 452 1305 522 contemplatione
1360 451 1702 520 periruimur.
1751 450 1838 502 Sic

283 565 393 623 ergo
416 557 468 610 et
499 547 604 616 hoc
625 548 829 616 dictum
855 557 957 600 est.
979 545 1264 604 Oculorum
1294 553 1595 598 nostrorum
1620 542 1844 596 intentio

282 643 338 697 ad
367 640 646 696 Dominum
681 655 788 693 non
832 637 1137 708 porrigitur,
1169 635 1270 692 nisi
1301 650 1469 704 usque
1494 635 1561 688 ad
1591 635 1843 702 impetra-

280 732 459 796 tionem
507 729 891 786 misericordia:
941 728 1149 796 ipsius,
1204 742 1310 782 non
1358 736 1420 781 ut
1481 736 1663 794 postea
1726 725 1846 779 inde

276 831 548 887 avertatur,
599 820 694 876 sed
723 831 780 875 ut
805 819 938 882 nihil
968 819 1090 880 inde
1128 820 1357 888 amplius
1390 819 1645 887 requirat.
1675 816 1847 870 Donec

278 928 392 986 ergo
415 928 511 984 pro
548 926 617 966 eo
649 912 882 981 positum
924 920 1027 977 est,
1055 919 1112 966 ut
1154 926 1260 966 non
1291 911 1540 978 amplius,
1561 910 1842 979 intelligas.

275 1003 377 1073 Quo
396 1004 536 1068 enim
553 1003 800 1072 amplius,
817 1002 868 1058 id
890 1011 989 1070 est,
1010 1018 1179 1072 usque
1197 1002 1262 1058 ad
1278 1018 1438 1073 quam
1461 1003 1716 1071 majorem
1738 1018 1849 1054 ma.-

277 1094 652 1154 uilestationem
699 1092 1126 1148 manilestabitur
1179 1109 1403 1163 regnum
1464 1093 1704 1158 Christi,
1747 1093 1848 1147 nisi

273 1200 534 1256 quousque
554 1200 745 1239 omnes
768 1184 965 1242 inimici
983 1200 1104 1238 eum
1131 1199 1355 1255 regnare
1378 1184 1673 1239 fateantur?
1692 1185 1847 1238 Aliud

275 1287 348 1332 est
370 1292 489 1344 ergo
531 1290 636 1332 non
681 1276 908 1344 amplius
938 1275 1286 1341 maniiestari,
1316 1277 1456 1331 aliud
1488 1292 1592 1329 non
1620 1277 1848 1345 amplius

277 1381 591 1440 permanere.
607 1365 724 1420 Non
745 1366 970 1436 amplius
991 1367 1338 1432 manilestari,
1365 1376 1448 1421 est
1469 1383 1574 1421 non
1597 1368 1708 1421 ﬁeri
1733 1385 1846 1421 nia-

276 1460 506 1516 uifestius
530 1477 543 1513 :
563 1475 666 1520 non
697 1458 924 1528 amplius
951 1475 1288 1530 permanere,
1322 1475 1428 1515 non
1455 1460 1567 1513 ﬁeri
1598 1475 1846 1528 perseve-

274 1554 490 1616 rantius.
511 1551 730 1618 Quando
757 1560 935 1606 autem
969 1551 1298 1606 manifestius
1322 1549 1425 1605 crit
1450 1568 1670 1622 regnum
1693 1551 1849 1606 Chri-

274 1643 360 1708 sti,
394 1657 683 1712 quamcum
707 1641 956 1707 omnibus
980 1641 1228 1696 claruerit
1269 1641 1532 1695 inimicis?

341 1733 392 1788 6.
433 1732 723 1792 Nouissima
768 1732 975 1788 inimica
1021 1731 1304 1788 destruetur
1354 1748 1506 1786 mors.
1549 1731 1663 1786 Non
1707 1731 1850 1788 enim

274 1826 368 1886 erit
395 1825 539 1882 aliud
578 1824 721 1894 quod
747 1824 1076 1891 destruatur,
1106 1835 1452 1894 posteaquam
1479 1826 1704 1888 mortale
1752 1827 1854 1881 hoc

275 1919 494 1976 induerit
523 1918 998 1978 immortalitatem.
1031 1916 1216 1976 Οηιιιία
1243 1919 1377 1972 enim
1399 1918 1612 1987 subjecit
1643 1919 1732 1972 sub
1764 1935 1851 1989 pe-

276 2010 411 2070 dibus
440 2012 551 2081 ejus
580 2025 600 2062 :
628 2009 730 2064 hoc
759 2018 861 2076 est,
899 2020 955 2064 ut
981 2010 1138 2066 etiam
1168 2020 1396 2066 mortem
1424 2011 1680 2065 destruat.
1727 2011 1855 2066 Cum

276 2112 429 2158 autern
473 2103 662 2158 dixerit
695 2103 815 2172 quia
862 2103 1033 2156 omnia
1077 2102 1303 2174 subjecta
1331 2113 1446 2157 sunt
1479 2105 1633 2177 (dixit
1675 2107 1855 2176 utique

275 2193 526 2268 propheta
573 2194 626 2246 in
673 2193 902 2249 Psalmis
939 2193 1257 2260 (Psal.vrn,
1290 2195 1367 2264 8),
1420 2197 1741 2266 manifestum
1785 2209 1857 2253 est

271 2289 387 2358 quia
419 2297 605 2359 pater
630 2303 745 2342 eum
775 2289 862 2357 qui
901 2287 1107 2358 subjecit
1133 2288 1212 2342 illi
1239 2290 1410 2342 omnia
1446 2305 1464 2342 :
1504 2289 1714 2343 Patrem
1747 2291 1858 2345 vult

274 2379 486 2449 intelligi
529 2378 711 2438 omnia
757 2377 894 2434 Filio
941 2379 1256 2448 subiecisse,
1309 2381 1445 2435 sicut
1491 2380 1676 2435 multis
1725 2381 1858 2436 locis

273 2470 406 2527 idem
462 2470 723 2526 Dominus
759 2471 813 2525 in
855 2470 1146 2542 Evangelio
1195 2472 1536 2530 comendat
1573 2479 1630 2528 et
1666 2474 1861 2542 praedi-

276 2563 434 2629 dicat,
481 2579 586 2618 non
634 2563 807 2618 solum
840 2574 1060 2635 propter
1087 2564 1313 2620 formam
1353 2565 1516 2631 servi,
1563 2564 1658 2619 sed
1695 2567 1861 2621 etiam

277 2667 493 2729 propter
518 2657 838 2728 principium
878 2656 949 2712 de
992 2671 1100 2728 quo
1145 2665 1244 2719 est,
1293 2667 1349 2712 et
1381 2669 1488 2727 quo
1522 2656 1745 2727 aqualis
1777 2667 1863 2713 est

273 2749 324 2808 ei
349 2749 419 2804 de
443 2763 549 2820 quo
572 2755 674 2804 est.
715 2751 880 2804 Amat
910 2748 1052 2806 enim
1095 2747 1163 2804 ad
1206 2764 1369 2804 unum
1407 2749 1726 2818 principium
1770 2765 1862 2804 re-

280 2839 418 2896 ferre
443 2841 646 2907 omnia,
680 2846 933 2909 tanquam
960 2840 1137 2908 imago
1162 2839 1300 2908 eius,
1347 2838 1443 2893 sed
1481 2838 1535 2892 in
1575 2853 1684 2908 quo
1710 2837 1864 2892 iuba-

280 2931 410 2990 bitat
438 2934 620 2988 omnis
645 2931 922 3002 plenitudo
945 2931 1240 2988 divinitatis
1265 2928 1484 3000 (Coloss.
1510 2948 1567 2999 ιι,
1604 2930 1680 3003 9).

343 3028 395 3082 Ἰ.
426 3024 557 3080 Cum
583 3034 754 3080 autem
779 3025 824 3080 ei
845 3025 1017 3079 omnia
1057 3024 1279 3095 subjecta
1309 3025 1514 3092 fuerint,
1537 3033 1657 3078 tunc
1685 3034 1731 3079 et
1754 3025 1863 3095 ipse

285 3115 450 3173 Filius
492 3115 750 3188 subjectus
791 3116 886 3180 erit
913 3117 961 3171 ei
1003 3115 1091 3186 qui
1130 3116 1212 3171 illi
1251 3115 1460 3187 subjecit
1506 3116 1696 3170 omnia.
1749 3116 1864 3170 Non

278 3209 426 3282 quasi
451 3209 614 3266 modo
645 3224 754 3264 non
780 3209 852 3262 ita
881 3207 968 3270 sit,
1001 3207 1095 3262 sed
1117 3214 1242 3264 tunc
1267 3204 1605 3261 manifestum
1633 3206 1752 3273 erit,
1783 3221 1867 3262 se-

277 3300 508 3360 cundum
554 3299 878 3356 locutionem
921 3299 1165 3368 superius
1210 3306 1506 3354 tractatam.
1545 3296 1612 3351 Ut
1638 3298 1700 3350 sit
1729 3296 1868 3351 Deus

279 3392 442 3448 omnia
464 3391 523 3446 in
543 3389 795 3446 omnibus.
823 3389 943 3459 Ipse
969 3397 1055 3446 est
1081 3388 1218 3452 linis,
1253 3403 1410 3458 quem
1441 3389 1686 3457 superius
1713 3405 1867 3442 eom-

279 3483 620 3549 memoravit,
649 3496 771 3544 cum
797 3489 964 3544 totum
992 3481 1166 3550 primo
1193 3481 1424 3536 breviter
1441 3480 1602 3534 vellet
1648 3481 1866 3534 conclu-

279 3575 423 3642 dere,
450 3573 652 3630 deinde
675 3574 832 3645 quasi
861 3573 1195 3638 membratim
1215 3573 1481 3641 explicare
1501 3583 1556 3628 et
1579 3588 1867 3641 exponere.

277 3665 620 3737 Loquebatur
645 3667 788 3721 enim
814 3665 882 3720 de
926 3666 1336 3730 resurrectione,
1384 3665 1471 3718 ubi
1517 3665 1608 3730 ait,
1660 3663 1872 3717 Initium

278 3757 507 3816 Christus
533 3774 554 3822 ;
581 3757 767 3812 deinde
784 3758 819 3816 ii
839 3757 925 3827 qui
952 3766 1070 3812 sunt
1090 3755 1278 3812 Christi
1321 3757 1373 3812 in
1416 3755 1682 3826 prwsentia
1721 3757 1829 3826 ejus
1851 3770 1871 3818 ;

279 3845 460 3906 deinde
494 3849 636 3918 ﬁnis.
669 3847 786 3918 ipse
812 3849 1017 3904 scilicet
1057 3847 1178 3904 ﬁnis
1219 3856 1323 3912 est,
1357 3855 1411 3901 ut
1436 3848 1502 3903 sit
1541 3846 1677 3901 Deus
1702 3848 1872 3900 omru'a

276 3939 328 3991 in
373 3939 632 3993 omnibus.
676 3939 844 3992 Aliter
871 3939 1013 3994 enim
1039 3939 1232 3995 dicitur
1274 3938 1395 3993 ﬁnis
1423 3939 1512 4009 qui
1543 3940 1771 4009 pertinet
1797 3939 1866 3993 ad

274 4032 817 4098 consummationem,
837 4031 990 4086 aliter
1025 4032 1114 4101 qui
1141 4032 1370 4102 pertinet
1408 4032 1476 4087 ad
1507 4033 1872 4100 consumptio-

279 4138 432 4178 nent.
460 4123 622 4177 Aliter
671 4124 814 4178 enim
844 4123 1023 4178 linitur
1050 4125 1222 4180 tunica
1261 4124 1511 4189 texendo,
1543 4123 1700 4190 aliter
1723 4124 1875 4178 cibus

280 4212 638 4267 comedendo.
689 4214 830 4268 Deus
856 4224 1028 4268 autem
1060 4217 1240 4270 omnia
1289 4216 1340 4269 in
1371 4216 1619 4272 omnibus
1654 4215 1867 4281 dicitur,

278 4316 337 4362 ut
369 4322 537 4363 nemo
568 4323 752 4362 eorum
774 4309 862 4378 qui
894 4308 943 4362 ei
977 4309 1269 4374 cohaerent,
1298 4319 1440 4364 amet
1466 4309 1723 4364 adversus
1750 4325 1872 4363 eum

276 4416 432 4456 suam
463 4401 736 4472 propriam
769 4401 1571 4473 voluntatem,manifestumque
1603 4405 1671 4457 sit
1696 4405 1873 4459 omni-

277 4492 380 4548 bus
399 4493 546 4563 quod
578 4493 716 4548 idem
770 4495 1052 4563 Apostolus
1089 4495 1194 4550 alio
1221 4495 1335 4550 loco
1365 4495 1511 4559 dicit,
1549 4495 1684 4562 Quid
1708 4504 1877 4549 autem

279 4586 434 4640 babes
459 4587 596 4653 quod
621 4604 721 4640 non
743 4589 978 4656 accepisti
1006 4587 1024 4659 (
1050 4589 1066 4640 l
1094 4587 1212 4643 Cor.
1238 4605 1309 4653 tv,
1346 4589 1375 4641 '7
1407 4589 1424 4659 )
1455 4589 1480 4640 ‘t

347 4679 404 4734 8.
433 4679 572 4732 Sunt
594 4680 721 4733 item
751 4681 839 4749 qui
870 4679 946 4734 sic
977 4680 1272 4748 intelligant
1311 4680 1452 4734 hunc
1480 4681 1675 4744 locum,
1708 4677 1876 4750 Opor—

275 4778 341 4822 tet
372 4786 490 4824 cum
519 4787 751 4840 regnare,
804 4770 960 4824 donec
987 4782 1140 4841 ponat
1169 4788 1338 4826 omnes
1373 4773 1603 4826 inimicos
1639 4789 1758 4826 suos
1785 4773 1878 4826 sub

275 4861 498 4929 pedibus
550 4863 676 4926 suis,
717 4871 776 4916 ut
805 4861 905 4916 sub
950 4863 1048 4917 alia
1106 4864 1488 4933 signiﬁcatione
1531 4864 1759 4934 positum
1794 4863 1878 4919 hic

272 4952 466 5008 dicant
486 4971 739 5024 regnare;
767 4971 870 5009 non
903 4955 1001 5008 sub
1021 4971 1082 5010 ea
1105 4972 1206 5025 qua
1249 4958 1478 5026 positum
1501 4966 1603 5022 est,
1643 4973 1875 5027 regnum,

269 5045 341 5099 de
373 5062 488 5114 quo
525 5046 618 5110 ait,
663 5043 789 5099 Cum
815 5047 1078 5100 tradiderit
1126 5065 1334 5118 regnum
1377 5049 1482 5104 Deo
1526 5061 1573 5103 et
1596 5049 1744 5102 Patri
1776 5066 1794 5104 :
1824 5059 1882 5104 ut

271 5136 413 5189 illud
456 5137 535 5190 sic
558 5137 923 5208 appellaverit,
953 5155 1190 5209 regnum,
1221 5155 1327 5210 quo
1348 5143 1647 5194 universam
1673 5150 1881 5195 creatu-

269 5243 398 5282 ram
429 5229 574 5284 Deus
601 5231 776 5300 regit;
810 5230 912 5284 hoc
941 5241 1121 5286 autem
1152 5234 1228 5286 sic
1253 5233 1618 5300 appellaverit,
1647 5250 1876 5302 regnare,

271 5327 333 5373 ut
358 5321 696 5390 intelligatur
741 5331 991 5391 tanquam
1036 5322 1294 5377 adversus
1343 5322 1550 5376 hostem
1589 5327 1882 5379 exercitum

269 5411 483 5468 ducere
508 5453 524 5478 ,
561 5413 642 5468 vel
681 5412 971 5467 defendere
1018 5415 1285 5470 civitatem
1329 5423 1432 5468 :ut
1492 5413 1612 5469 ideo
1666 5415 1879 5483 dixerit,

271 5504 500 5576 Oportet
522 5523 634 5560 eum
676 5523 908 5577 regnare,
932 5510 1091 5562 donec
1121 5517 1275 5579 ponat
1306 5524 1477 5563 omnes
1515 5510 1746 5565 inimicos
1769 5527 1885 5564 suos

265 5601 369 5656 sub
413 5601 632 5670 pedibus
661 5602 766 5656 suis
795 5617 813 5664 ,'
851 5602 974 5670 quia
999 5602 1118 5656 talis
1145 5604 1315 5672 regni,
1340 5603 1495 5671 quale
1526 5603 1718 5656 habent
1743 5604 1887 5672 prin-

263 5692 436 5761 cipes
457 5703 812 5762 armatorum,
841 5694 982 5748 nulla
1023 5696 1124 5750 erit
1153 5710 1333 5763 causa,
1371 5697 1521 5750 hoste
1552 5695 1616 5748 ita
1650 5697 1887 5766 subjecto

262 5791 330 5840 ut
357 5785 632 5841 rebellare
681 5804 788 5841 non
843 5788 1031 5856 possit.
1078 5787 1208 5842 Nam
1240 5791 1423 5860 utique
1469 5789 1666 5845 dictum
1714 5798 1796 5845 est
1836 5792 1885 5844 in

1957 447 2264 518 Evangelio,
2285 446 2351 502 Et
2373 451 2514 519 regni
2535 467 2642 520 ejus
2668 467 2766 502 non
2806 451 2898 504 erit
2921 452 3054 518 ﬁnis,
3082 453 3369 510 secundum
3395 459 3536 527 quod

1956 551 2140 607 regnat
2186 541 2238 593 in
2286 552 2585 596 aeternum:
2627 544 2915 597 Secundum
2961 547 3213 602 autemid
3245 548 3385 618 quod
3439 545 3537 607 ad;

1958 643 2142 684 versus
2167 630 2431 685 diabolum
2461 632 2558 684 sui)
2584 648 2647 685 eo
2685 635 2974 701 militatur;
3009 636 3204 691 tamdiu
3233 641 3334 694 erit
3355 641 3537 712 utique

1957 723 2056 776 ista
2088 725 2290 788 militia,
2316 724 2484 778 donec
2509 736 2668 793 ponat
2693 743 2878 780 omnes
2902 727 3146 784 inimicos
3169 747 3293 787 suos
3313 733 3414 790 sub
3443 751 3540 804 pe-

1957 813 2114 868 dibus
2139 816 2280 879 suis;
2311 826 2494 883 postea
2523 833 2648 870 vero
2675 834 2778 872 non
2823 820 2944 886 erit,
2977 836 3094 874 cum
3123 838 3252 890 pace
3277 836 3535 897 perpetua

1957 905 2312 973 perfruentur.

2031 998 2083 1052 9.
2122 998 2243 1051 [huc
2271 1008 2446 1052 autem
2475 1001 2542 1053 ita
2565 1001 2703 1054 dicta
2732 1002 2856 1066 sint,
2886 1013 2943 1057 ut
2970 1007 3280 1060 noverimus
3302 1008 3529 1080 diligen-

1959 1087 2063 1140 tius
2080 1090 2240 1143 etiam
2266 1089 2391 1142 illud
2413 1090 2738 1144 considerari
2787 1101 3053 1162 oportere,
3101 1099 3393 1154 secundum
3415 1102 3542 1171 quid

1959 1191 2142 1250 regnet
2193 1198 2332 1235 nunc
2371 1185 2620 1237 llominus
2659 1185 3054 1255 dispensatione
3097 1198 3415 1250 sacramenti
3460 1200 3542 1254 Sui

1960 1289 2055 1340 per
2079 1274 2493 1328 incarnationem
2538 1286 2692 1345 atque
2721 1278 3202 1346 passionem.Nam
3248 1289 3543 1345 secundum

1960 1363 2012 1418 id
2051 1365 2192 1433 quod
2246 1365 2477 1420 Verbum
2525 1368 2615 1421 Dei
2665 1377 2765 1434 est,
2800 1379 2906 1423 tam
2937 1371 3052 1428 sine
3092 1374 3197 1431 ﬁne
3223 1394 3381 1447 quam
3429 1382 3544 1439 sine

1960 1456 2111 1508 initio
2147 1467 2200 1508 et
2230 1458 2344 1512 sine
2377 1459 2765 1514 intermissione
2791 1472 2874 1517 est
2899 1479 3119 1534 regnum
3159 1469 3296 1537 ejus.
3338 1469 3544 1527 Secun-

1959 1545 2081 1598 dtun
2111 1547 2160 1600 id
2179 1555 2353 1600 autem
2383 1552 2521 1616 quod
2564 1549 2800 1606 Verbum
2848 1567 2975 1609 caro
3001 1555 3199 1611 factum
3224 1560 3344 1632 θεῖ(
3374 1560 3532 1618 Joan.

1961 1651 1998 1703 ι,
2030 1639 2093 1691 Η
2121 1641 2157 1706 ),
2192 1642 2353 1707 coepit
2382 1656 2602 1709 regnare
2633 1644 2682 1695 in
2705 1644 3045 1701 credentibus
3061 1663 3154 1717 per
3182 1650 3340 1706 ﬁdem
3366 1652 3545 1709 incara

1961 1731 2188 1782 nationis
2215 1747 2342 1784 sum.
2389 1731 2538 1786 Unde
2566 1744 2646 1787 est
2677 1736 2836 1789 etiam
2865 1736 2990 1792 illud
3020 1756 3033 1790 :
3069 1739 3316 1796 Dominus
3360 1761 3546 1816 regna-

1958 1823 2026 1874 uit
2051 1839 2084 1873 α
2117 1821 2460 1893 ligno(l’sut.
2516 1840 2616 1878 xcv
2643 1867 2658 1892 ,
2707 1824 2831 1898 10).
2878 1828 3011 1884 Hinc
3052 1843 3229 1886 autem
3273 1838 3548 1892 evacuavit

1961 1928 2173 1966 omnem
2194 1916 2543 1982 principatum
2563 1925 2616 1970 et
2633 1934 2842 1972 omnem
2863 1929 3178 1988 potestatem
3201 1934 3253 1979 et
3276 1928 3546 1996 virtutem,

1961 2006 2086 2060 dum
2115 2021 2219 2060 non
2259 2024 2354 2075 per
2395 2010 2691 2063 claritatem
2733 2011 2868 2080 ejus,
2915 2014 3008 2068 sed
3054 2031 3147 2084 per
3199 2018 3548 2078 humilitatem

1963 2100 2092 2153 salvi
2127 2100 2256 2153 ﬁunt
2287 2103 2567 2155 credentes
2599 2103 2648 2155 in
2676 2119 2820 2158 eum.
2855 2105 2966 2160 Hoc
3009 2119 3092 2162 est
3119 2109 3487 2168 absconditum
3515 2131 3546 2170 a

1965 2193 2295 2260 sapientibus
2333 2204 2385 2246 et
2422 2194 2770 2262 prudentibus
2795 2236 2811 2262 ,
2851 2203 2905 2250 et
2979 2201 3266 2255 revelatum
3320 2206 3552 2272 parvulis

1965 2281 2194 2350 (Matth.
2231 2285 2390 2349 χι,ἓὸ
2421 2284 2436 2349 )
2467 2302 2478 2348 ;
2513 2287 2761 2354 quoniam
2796 2288 2993 2355 placuit
3021 2292 3131 2345 Deo
3157 2308 3252 2362 per
3271 2297 3553 2352 stultitiam

1969 2361 2359 2440 prmdicatiouis
2387 2378 2564 2430 salvos
2595 2378 2767 2432 facere
2791 2379 3072 2437 credentes
3096 2384 3116 2454 (
3159 2361 3176 2436 i
3209 2383 3326 2439 Car.
3369 2403 3404 2453 ι,
3433 2388 3550 2460 2|).

1967 2464 2150 2534 Neque
2173 2467 2456 2536 quidquam
2485 2483 2542 2522 se
2571 2469 2706 2522 inter
2730 2470 2976 2538 parvulos
3006 2473 3143 2527 seire
3169 2474 3296 2530 dicit
3325 2479 3554 2547 Aposto-

1969 2558 2071 2622 lus,
2107 2560 2207 2612 nisi
2260 2560 2441 2624 Jesum
2485 2560 2846 2626 Christum,et
2899 2564 3039 2620 hunc
3089 2569 3395 2624 cruciﬁxum
3423 2572 3440 2642 (
3468 2570 3554 2626 Id.

1967 2665 2028 2714 ιι,
2067 2650 2104 2703 9
2128 2651 2166 2720 ).
2195 2651 2308 2717 Qua
2341 2653 2716 2720 [medicatione
2743 2656 2938 2709 tamdiu
2969 2673 3104 2726 opus
3124 2670 3223 2725 est,
3249 2661 3419 2719 donec
3463 2678 3561 2732 po-

1971 2753 2165 2796 nantur
2193 2758 2382 2797 omnes
2420 2744 2618 2798 inimici
2673 2747 2772 2798 sub
2811 2748 3032 2816 pedibus
3055 2751 3210 2820 ejus:
3241 2754 3289 2807 id
3323 2764 3422 2820 est,
3455 2755 3559 2826 ipsi

1971 2832 2251 2887 humilitati
2275 2835 2412 2902 ejus,
2436 2852 2592 2904 quam
2626 2837 2815 2905 pedum
2851 2842 3066 2895 nomine
3110 2844 3388 2912 signiﬁcari
3418 2847 3560 2902 arbi-

1972 2935 2103 2993 tror,
2132 2927 2284 2981 cedat
2315 2938 2472 2996 atque
2497 2929 2752 2984 subdatur
2776 2933 2950 2986 omnis
2979 2936 3224 3003 superbia
3245 2938 3513 2994 smcularis
3539 2959 3558 3008 ;

1973 3021 2108 3074 sicut
2146 3035 2210 3074 ex
2257 3021 2482 3073 maxima
2514 3032 2662 3089 parte
2709 3026 2814 3088 jam
2856 3023 3050 3080 factum
3086 3038 3187 3091 est,
3223 3039 3274 3082 et
3317 3032 3556 3100 quotidie

1976 3111 2091 3165 ﬁeri
2118 3111 2376 3165 videmus.
2405 3112 2507 3166 Sed
2553 3129 2658 3181 quo
2688 3115 2790 3168 ﬁne
2837 3119 2932 3170 ista
2980 3121 3152 3174 ﬁunt?
3181 3122 3247 3176 Ut
3277 3125 3448 3179 tradat
3475 3141 3563 3182 re-

1975 3217 2136 3269 gnum
2166 3204 2273 3256 Deo
2303 3215 2354 3256 ct
2373 3205 2547 3268 Patri,
2583 3206 2631 3256 id
2670 3217 2772 3271 est,
2818 3218 2875 3260 ut
2926 3213 3152 3263 nutritos
3182 3213 3282 3265 ﬁde
3312 3215 3562 3270 incarna-

1977 3295 2136 3347 tionis
2161 3310 2289 3359 snae,
2321 3296 2572 3363 perducat
2604 3299 2668 3349 ad
2697 3301 2928 3366 Speciem
2962 3317 3064 3370 qua
3092 3306 3308 3371 :‘rqualis
3338 3316 3420 3360 est
3456 3309 3561 3363 Pa-

1977 3387 2061 3440 tri.
2097 3386 2212 3439 Jatn
2241 3388 2380 3440 enim
2416 3388 2495 3440 eis
2546 3390 2633 3457 qui
2661 3391 3020 3457 crediderant,
3053 3394 3383 3463 loquebatur,
3433 3416 3556 3456 eum

1975 3477 2182 3534 diceret
2208 3497 2218 3532 :
2253 3478 2314 3534 Si
2331 3482 2613 3534 ntattsert'tis
2658 3483 2709 3534 in
2741 3483 2884 3535 verbo
2912 3501 3038 3549 meo,
3064 3502 3173 3540 vere
3201 3487 3435 3558 discipuli
3459 3494 3556 3546 mei

1976 3572 2093 3624 estis
2121 3572 2138 3603 ‘
2160 3588 2173 3636 ;
2200 3581 2245 3624 et
2270 3575 2575 3642 cognoscetis
2618 3577 2892 3638 veritatem,
2916 3586 2959 3628 ct
3005 3580 3184 3632 veritas
3228 3581 3452 3636 liberabit
3479 3601 3564 3640 vos

1979 3660 2181 3727 (Joan.
2232 3680 2346 3727 νιιι,
2403 3665 2488 3726 51,
2545 3664 2671 3737 52).
2710 3667 2946 3734 Regnum
2981 3669 3120 3721 enim
3172 3672 3344 3725 tradet
3394 3674 3559 3739 Patri,

1978 3771 2099 3809 cum
2133 3771 2226 3824 per
2267 3757 2317 3809 id
2355 3758 2593 3826 regnabit
2646 3759 2696 3811 in
2745 3760 3228 3827 contemplantilms
3259 3752 3566 3831 veritatem,

1977 3862 2084 3915 quo
2118 3848 2334 3915 {aqualis
2364 3858 2444 3901 est
2471 3850 2627 3913 Patri,
2664 3857 2716 3903 et
2746 3867 2840 3918 per
2864 3866 2919 3902 se
2952 3853 3279 3918 unigenitum
3323 3871 3418 3923 per
3445 3870 3566 3925 spe-

1979 3938 2114 3991 ciem
2148 3938 2303 3991 l‘aeiet
2331 3939 2496 3992 videri
2528 3941 2754 3992 Patrem.
2789 3941 2939 3994 Nunc
2963 3943 3102 3992 enim
3133 3957 3224 4010 per
3248 3943 3350 3998 hoc
3377 3956 3565 4015 regnat

1981 4026 2034 4080 in
2056 4027 2414 4089 credentibus,
2436 4042 2540 4095 quo
2572 4043 2630 4080 se
2665 4030 2836 4093 ipsum
2863 4029 3176 4094 evinanivit,
3211 4031 3434 4088 fortnam
3452 4052 3570 4094 ser-

1980 4120 2032 4171 vi
2061 4118 2360 4186 aceipiens(
2395 4118 2622 4188 Philipp.
2649 4135 2704 4183 ιι,
2731 4120 2761 4173 7
2789 4119 2822 4192 ).
2873 4121 3022 4177 Tunc
3041 4133 3216 4178 autem
3259 4127 3430 4182 tradet
3478 4146 3568 4185 re-

1979 4228 2139 4282 gnum
2162 4213 2270 4266 Deo
2305 4221 2354 4267 et
2390 4213 2551 4278 Patri,
2607 4229 2726 4269 Cum
2765 4218 3100 4270 cvaeuaverit
3157 4235 3368 4275 omnem
3419 4224 3565 4291 prin-

1980 4305 2232 4374 cipatum,
2255 4313 2308 4358 et
2332 4314 2668 4373 potestatem,
2686 4315 2737 4359 et.
2761 4309 3029 4361 virtutem.
3055 4307 3204 4364 Unde
3227 4314 3501 4369 evacuabit
3523 4318 3566 4382 ‘,

1983 4397 2081 4449 nisi
2142 4397 2455 4461 humilitate,
2509 4406 2562 4450 ct
2621 4400 2893 4466 pntitmtia,
2943 4407 2997 4452 et
3056 4401 3562 4475 inﬁrmitate?Quis

1981 4492 2121 4544 enim
2154 4493 2481 4559 principatus
2530 4507 2633 4543 non
2687 4505 2990 4558 t-vaeuotur,
3040 4510 3160 4548 cum
3218 4497 3379 4550 Filius
3433 4499 3570 4566 llei'

1985 4595 2259 4654 propterea
2294 4591 2477 4651 regnat
2505 4584 2555 4636 in
2585 4583 2945 4645 credentibus,
2982 4601 3101 4651 t]llla
3134 4602 3252 4639 eum
3305 4589 3568 4666 principes

1982 4679 2160 4731 smculi
2207 4675 2776 4745 judieaverunt?Qu:e
2833 4687 3068 4744 potestas
3129 4695 3230 4731 non
3263 4694 3567 4748 evacuelur,

1984 4785 2103 4824 cum
2128 4770 2238 4836 ipse
2269 4783 2366 4836 per
2414 4784 2567 4834 quem
2621 4768 2753 4819 facta
2786 4777 2909 4819 sunt
2944 4768 3139 4828 ontnia,
3177 4779 3451 4836 pl'tlplt‘l'eil
3483 4789 3569 4826 ne-

1982 4874 2109 4933 gnat
2142 4864 2190 4916 in
2219 4861 2578 4922 credentibus,
2615 4861 2732 4927 quia
2768 4861 2834 4911 ita
2866 4859 3136 4923 subjectus
3166 4871 3246 4912 est
3294 4862 3570 4928 potestati-

1985 4956 2103 5022 bus,
2125 4964 2180 5010 ιιι
2209 4954 2409 5008 diceret
2439 4953 2660 5014 homini,
2695 4951 2810 5004 Non
2834 4952 3037 5004 haberes
3065 4952 3117 5003 in
3142 4968 3219 5002 me
3258 4963 3567 5023 potestatem,

1986 5050 2083 5103 nisi
2104 5050 2222 5102 dato
2250 5048 2336 5099 tibi
2374 5056 2496 5100 esset
2538 5045 2785 5112 άεδιιρρν(
2817 5041 2975 5098 Joan.
3000 5058 3113 5102 xrx,
3149 5045 3200 5097 li
3237 5042 3291 5115 )?
3316 5046 3443 5113 Quae
3468 5051 3572 5102 vir-

1987 5149 2074 5194 tus
2101 5155 2202 5194 non
2235 5148 2536 5196 evacuatur.
2567 5151 2684 5188 eum
2728 5135 2839 5198 ipse
2876 5149 2970 5199 per
2999 5149 3155 5202 quem
3201 5136 3324 5189 co'li
3357 5138 3566 5193 solidati

1990 5243 2128 5294 sunt,
2163 5231 2281 5283 ideo
2313 5240 2490 5295 reg-nat
2522 5227 2572 5282 in
2605 5226 2962 5286 credentibus,
3009 5229 3129 5296 quia
3157 5244 3326 5298 usque
3354 5229 3416 5281 ad
3449 5245 3572 5283 cru-

1988 5339 2106 5378 cem
2131 5330 2457 5389 mortemque
2481 5319 2772 5372 illiil‘illflilh
2802 5330 2881 5372 est
2907 5320 2931 5371 ?
2957 5320 3065 5374 Hoc
3091 5331 3265 5376 autem
3299 5321 3456 5375 modo
3492 5321 3573 5378 Fi-

1992 5416 2093 5469 lius
2119 5413 2329 5484 proprie
2356 5420 2534 5477 regnat
2568 5409 2616 5462 in
2648 5408 2749 5463 ﬁde
2776 5409 3128 5464 credentium.
3160 5410 3277 5464 Non
3301 5411 3440 5464 enim
3468 5412 3570 5465 Pa-

2054 5554 2071 5584 t
2098 5558 2195 5601 nat,
2225 5557 2275 5599 οι
2299 5549 2520 5610 jlerirvie
2537 5553 2664 5606 Mss“
2687 5543 2838 5596 eritis.
3179 5601 3208 5614 ,Δ
3334 5603 3372 5614 Α,
3460 5605 3490 5614 _,

2057 5615 2076 5644 π
2099 5616 2169 5660 Sic
2195 5607 2361 5660 nat.'t-t
2385 5617 2489 5657 ns.
2526 5618 2580 5658 At
2613 5614 2684 5657 Er.
2717 5616 2770 5658 et
2801 5615 2931 5665 Lov.,
2967 5607 3224 5655 evocatam.
3248 5629 3309 5639 —
3331 5607 3403 5653 Sic
3424 5607 3572 5657 etiam

1992 5675 2138 5735 Lugd.
2176 5681 2226 5722 et
2259 5682 2375 5720 Ven.
2437 5677 2490 5735 Μξ

2057 5726 2085 5768 '3'
2102 5738 2244 5792 aliti,
2287 5735 2436 5785 riuus
2473 5731 2672 5783 hominis
2701 5731 2918 5793 :quibus
2946 5737 3034 5778 Mss
3078 5739 3229 5789 prope
3267 5739 3442 5781 omnes
3472 5726 3574 5779 dis-

1994 5800 2225 5849 sentiunt.
