4134 6208
577 311 650 369 79
1272 316 1359 371 DE
1398 315 1708 373 DIVERSIS
1744 315 2268 384 QUIESTIONIBUS
2304 319 2597 388 LXXXIII,
2638 323 2695 379 S.
2736 328 3104 388 AUGUSTINI
3793 337 3863 400 80

578 437 663 487 ter
676 427 780 484 dici
809 437 901 484 aut
920 428 1064 485 credi
1094 437 1267 501 potest
1300 431 1384 485 vel
1410 431 1735 499 incarnatus,
1767 431 1844 485 vel
1876 430 2160 500 judicatus,

579 519 985 575 velcrucilixus.
1037 521 1141 576 Per
1188 521 1423 591 speciem
1466 531 1664 587 autem,
1697 538 1799 592 qua
1837 523 2055 592 tequalis
2083 533 2166 578 est

575 609 742 676 Patri,
767 625 888 665 cum
916 610 1075 665 Patre
1119 621 1304 681 regnat
1350 612 1403 666 in
1453 613 1935 681 contemplantibus
1964 612 2163 668 verita-

576 712 707 758 tem.
739 703 892 772 Quod
920 714 1097 759 autem
1129 704 1301 760 tradet
1325 720 1549 776 regnum
1580 706 1689 760 Deo
1716 715 1770 760 et
1793 706 1959 773 Patri,
1991 721 2021 759 a
2059 706 2163 761 lide

572 794 961 849 incarnationis
989 809 1100 850 sua:
1128 794 1195 849 ad
1225 796 1462 865 speciem
1491 796 1705 850 deitatis
1739 795 2038 865 perducens
2069 811 2164 851 eos

574 887 667 957 qui
709 887 809 942 sibi
841 903 982 943 nunc
1000 888 1245 955 credunt,
1275 905 1379 944 non
1412 888 1525 959 ipse
1563 888 1777 954 amittit,
1822 888 1916 943 sed
1945 896 2165 958 uterque

573 993 635 1034 se
704 994 866 1033 unum
921 980 985 1033 ad
1043 979 1321 1034 fruendum
1391 979 1872 1049 contemplantibus
1938 979 2160 1049 praebet.

574 1070 797 1125 Tamdiu
830 1082 1007 1126 autem
1036 1088 1167 1142 opus
1190 1082 1272 1128 est
1296 1081 1355 1127 ut
1379 1073 1432 1127 in
1467 1073 1769 1127 hominibus
1798 1072 2032 1128 nondum
2070 1089 2164 1127 va-

579 1168 814 1221 lentibus
841 1168 1196 1237 aequalitatem
1250 1168 1420 1222 Patris
1448 1177 1504 1222 et
1548 1166 1666 1221 Filii
1696 1167 1973 1237 perspicua
2005 1182 2162 1220 men-

575 1258 647 1313 tis
675 1259 790 1313 luce
826 1260 1089 1323 contueri,
1139 1274 1232 1328 per
1267 1257 1369 1312 hoc
1390 1268 1575 1328 regnet
1599 1257 1860 1321 Christus,
1905 1257 2047 1328 quod
2080 1267 2160 1312 ta-

573 1349 655 1404 les
679 1365 870 1419 capere
892 1358 1131 1419 possunt,
1167 1358 1221 1402 et
1252 1349 1392 1418 quod
1419 1350 1633 1418 proprie
1671 1350 1783 1418 ipse
1826 1348 2081 1418 suscepit,
2109 1347 2164 1401 id

572 1454 676 1509 est,
709 1444 1090 1498 incarnationis
1146 1442 1519 1508 humilitatem,
1574 1442 1746 1497 donec
1770 1450 1933 1512 ponat
1974 1454 2163 1495 omnes

568 1535 816 1590 inimicos
840 1535 939 1589 sub
995 1534 1219 1604 pedibus
1248 1535 1393 1588 suis:
1422 1534 1476 1589 id
1523 1542 1625 1599 est,
1654 1534 1827 1589 donec
1872 1533 2048 1587 omnis
2072 1546 2162 1586 sn-

570 1627 754 1695 perbia
803 1627 1076 1683 smeularis
1130 1627 1514 1682 incarnationis
1543 1626 1661 1698 ejus
1705 1626 1991 1681 humilitati
2031 1624 2158 1680 sub-

570 1717 748 1772 datur.

644 1810 730 1863 10.
772 1810 910 1865 Sane
939 1810 1081 1878 quod
1112 1810 1315 1864 dietum
1345 1817 1446 1872 est,
1475 1808 1619 1863 Tunc
1645 1817 1690 1863 et
1713 1809 1822 1879 ipse
1849 1806 2018 1863 Filius
2037 1807 2160 1862 sub-

559 1901 729 1970 jectus
754 1901 845 1953 erit
865 1901 911 1953 ei
938 1902 1022 1971 qui
1046 1901 1124 1954 illi
1140 1901 1346 1967 subjecit
1372 1904 1541 1955 omnia
1561 1902 1846 1971 pquamvis
1867 1900 2159 1955 secundum

568 1993 959 2062 susceptionem
989 1993 1218 2048 hominis
1243 1993 1483 2059 dicatur,
1518 1993 1638 2063 quia
1666 1992 1790 2047 inde
1814 2001 1896 2048 est
1936 1993 2161 2062 quaestio

565 2091 712 2149 nata,
735 2098 854 2137 cum
876 2091 1058 2153 ageret
1085 2084 1150 2138 de
1179 2085 1568 2139 resurrectione
1590 2094 1915 2139 mortuorum
1943 2102 1955 2137 :
1982 2093 2160 2139 tamen

565 2181 712 2228 recte
730 2176 983 2245 qmeritur
1011 2184 1184 2229 utrum
1210 2175 1498 2230 secundum
1529 2178 1702 2245 ipsum
1723 2185 1925 2230 tantum
1958 2176 2159 2231 dictum

474 2310 481 2313 _
566 2264 656 2332 sit,
689 2265 829 2335 quod
864 2276 945 2321 est
974 2276 1131 2335 caput
1160 2268 1411 2323 Ecclesia:
1460 2266 1676 2339 (Ep/tes.
1706 2284 1759 2333 v,
1791 2269 1917 2339 23);
1971 2285 2036 2323 an
2076 2284 2161 2323 se-

565 2357 799 2413 cundum
830 2359 1137 2415 universum
1156 2358 1448 2425 Christum,
1480 2369 1830 2414 annumerato
1853 2374 2078 2427 corpore
2106 2367 2160 2413 et

565 2450 824 2505 membris
844 2449 979 2519 ejus.
1008 2449 1142 2504 Cum
1172 2452 1313 2505 enim
1360 2452 1435 2505 ait
1471 2451 1536 2505 ad
1566 2451 1802 2517 Galatas,
1845 2451 1968 2506 Non
2013 2453 2154 2521 dicit,

566 2540 637 2596 Et
661 2541 950 2608 seminibus,
990 2551 1229 2610 tanquam
1254 2543 1305 2595 in
1336 2543 1545 2608 multis;
1570 2543 1659 2597 sed
1695 2553 1932 2619 tanquam
1956 2544 2009 2597 in
2034 2560 2152 2610 uno,

566 2630 634 2685 Et
671 2632 850 2685 semini
883 2642 989 2699 tuo,
1021 2634 1158 2704 quod
1198 2641 1271 2687 est
1312 2630 1577 2698 Christus;
1611 2649 1679 2688 ne
1706 2633 1880 2702 ipsum
1912 2633 2013 2687 hoc
2036 2633 2157 2689 loco

565 2722 740 2777 solum
772 2724 1197 2793 intelligeremus
1234 2723 1527 2790 Christum,
1556 2724 1646 2793 qui
1667 2724 1734 2778 de
1762 2724 1921 2778 Maria
1950 2724 2157 2795 virgine

564 2825 649 2872 est
674 2826 849 2882 natus,
881 2826 1063 2886 postea
1092 2817 1243 2884 dicit,
1276 2815 1465 2872 Omnes
1490 2820 1621 2872 enim
1656 2835 1740 2872 vos
1768 2836 1923 2872 unum
1949 2821 2065 2875 estis
2103 2820 2158 2875 in

565 2905 766 2960 Christo
793 2906 824 2959 .I
832 2923 935 2960 esu.
964 2907 1026 2962 Si
1054 2918 1221 2961 autem
1248 2925 1334 2963 vos
1362 2908 1568 2974 Christi,
1603 2927 1720 2981 ergo
1746 2910 1962 2965 Abrahae
1989 2927 2156 2966 semen

563 2997 681 3049 estis
714 2995 905 3067 (Galat.
940 3013 1016 3064 Ill,
1049 2999 1137 3065 16,
1162 2999 1251 3062 28,
1281 3000 1396 3069 29).
1428 3000 1495 3055 Et
1519 3001 1586 3056 ad
1621 3002 1925 3057 Corinthios
1943 3018 2063 3057 cum
2088 3004 2157 3060 de

565 3086 828 3142 charitate
849 3088 1069 3152 diceret,
1093 3088 1161 3143 de
1189 3090 1441 3144 membris
1469 3091 1708 3160 corporis
1753 3093 2154 3148 similitudinem

562 3178 764 3233 ducens
794 3197 807 3230 :
834 3178 979 3233 Sicut
1006 3182 1137 3233 enim
1160 3197 1342 3252 corpus
1369 3199 1523 3236 unum
1544 3192 1635 3251 est,
1664 3184 1851 3254 inquit,
1871 3194 1917 3238 et
1933 3185 2155 3240 membra

564 3268 713 3323 habet
742 3268 921 3332 multa,
966 3270 1137 3324 omnia
1166 3279 1333 3325 autem
1371 3272 1592 3326 membra
1632 3275 1858 3345 corporis
1895 3291 2011 3329 cum
2055 3276 2155 3330 sint

561 3362 745 3427 multa,
776 3378 935 3415 unum
963 3372 1036 3416 est
1067 3379 1284 3433 corpus;
1313 3366 1384 3417 ita
1409 3374 1455 3418 et
1476 3365 1723 3420 Christus.
1752 3366 1867 3421 Non
1897 3368 2049 3433 dixit,
2081 3368 2153 3423 ita

560 3462 617 3507 et
641 3451 869 3517 Christi;
920 3455 1033 3517 sed,
1080 3455 1150 3507 ita
1175 3466 1221 3508 et
1251 3456 1497 3525 Christus,
1546 3460 1832 3514 ostendens
1879 3458 2151 3515 Christum

560 3551 707 3598 recte
732 3545 990 3615 appellari
1021 3546 1178 3600 etiam
1209 3549 1534 3613 universum,
1586 3550 1686 3606 hoc
1715 3560 1818 3616 est,
1850 3562 2007 3621 caput
2027 3567 2149 3609 cum

558 3649 785 3704 corpore
802 3652 919 3703 suo,
950 3638 1092 3708 quod
1127 3648 1212 3693 est
1238 3640 1498 3696 Ecclesia.
1541 3642 1608 3696 Et
1637 3642 1816 3697 multis
1845 3645 2149 3715 Scriptura-

557 3741 677 3781 rum
709 3728 838 3782 locis
884 3728 1187 3784 invenimus
1230 3731 1500 3786 Christum
1543 3735 1701 3788 etiam
1730 3734 1831 3790 hoe
1863 3737 2021 3791 modo
2049 3752 2146 3808 ap-

524 3817 767 3895 kpcllari,
815 3828 869 3872 ut
899 3833 1019 3872 cum
1071 3821 1316 3876 onmibus
1354 3823 1464 3877 suis
1512 3825 1766 3881 membris
1804 3826 2144 3897 intelligatur,

557 3909 750 3978 quibus
779 3910 976 3965 dictum
1008 3920 1109 3977 est,
1148 3911 1248 3967 Vos
1295 3915 1411 3968 estis
1444 3932 1628 3985 corpus
1653 3916 1839 3973 Christi
1859 3930 1906 3972 et
1930 3920 2149 3973 membra

556 3999 601 4068 (
624 3999 742 4053 Cor.
769 4017 864 4066 xu,
887 4001 971 4065 l2,
991 4003 1106 4073 27).
1126 4002 1243 4058 Non
1269 4020 1397 4075 ergo
1420 4006 1648 4063 absurde
1676 4009 1755 4063 sic
1783 4010 2143 4080 intelligimus.

555 4088 702 4142 Tunc
727 4100 771 4143 et
793 4092 900 4159 ipse
922 4091 969 4143 F
972 4094 1087 4147 ilius
1116 4095 1365 4164 subjectus
1394 4100 1481 4151 erit
1506 4101 1552 4152 ei
1579 4104 1666 4170 qui
1694 4101 1772 4155 illi
1796 4103 2004 4173 subjecit
2032 4122 2144 4159 om-

554 4178 678 4242 nia;
734 4187 792 4231 ut
838 4179 1029 4234 Filium
1079 4197 1185 4236 non
1235 4186 1406 4238 solum
1456 4198 1615 4256 caput
1653 4190 1925 4259 Ecclesiae,
1958 4196 2053 4249 sed
2093 4204 2147 4249 et

554 4280 743 4319 omnes
791 4283 913 4321 cum
957 4284 1023 4323 eo
1061 4280 1275 4326 sanctos
1314 4273 1693 4346 intelligamus,
1715 4281 1806 4349 qui
1827 4290 1952 4336 sunt
1980 4300 2142 4339 unum

552 4358 606 4412 in
635 4356 868 4424 Christo,
912 4376 1073 4414 unum
1102 4377 1284 4417 semen
1321 4364 1587 4422 Abralue:
1631 4369 1926 4439 subjectum
1966 4384 2141 4431 autem

552 4449 846 4504 secundum
873 4452 1375 4522 contemplationem
1417 4458 1757 4527 sempiternae
1787 4465 2046 4532 veritatis,
2074 4468 2140 4523 ad

552 4540 897 4596 obtinendam
941 4544 1344 4612 beatitudinem,
1397 4550 1545 4604 nullo
1578 4561 1723 4606 motu
1765 4555 1948 4620 animi,
1996 4560 2140 4614 nulla

549 4644 702 4706 parte
719 4637 958 4705 corporis
978 4639 1259 4695 resistente
1278 4658 1292 4707 ;
1320 4643 1441 4696 utin
1464 4643 1551 4698 illa
1579 4645 1682 4699 vita
1700 4649 1912 4704 nemine
1927 4661 2141 4708 amante

549 4726 822 4795 prepriam
852 4736 1191 4797 potestatem,
1218 4732 1281 4785 sit
1310 4730 1447 4787 Deus
1475 4736 1645 4790 omnia
1669 4738 1722 4791 in
1745 4740 1993 4797 omnibus.

548 4847 712 4905 LXX.
757 4850 834 4906 De
861 4869 918 4908 eo
946 4855 1083 4925 quod
1115 4856 1385 4927 Apostolus
1410 4859 1530 4913 dicit
1563 4878 1583 4915 :
1602 4864 1865 4935 Absorpta
1886 4879 1969 4923 est
1995 4886 2139 4928 mors

619 4940 675 4994 in
699 4943 994 5000 victoriam.
1028 4945 1124 5002 Ubi
1150 4957 1249 5013 est,
1280 4964 1447 5017 mors,
1473 4955 1744 5009 contentio
1775 4959 1895 5012 tua?
1916 4960 2002 5015 ubi
2033 4975 2133 5029 est,

620 5047 765 5087 mors
785 5074 800 5097 ,
833 5038 1050 5092 aculeus
1080 5049 1201 5093 tuus
1232 5040 1510 5097 ?Aculeus
1525 5053 1702 5100 autem
1733 5049 1922 5104 mortis
1948 5067 2138 5120 pecca-

622 5132 731 5177 tum
752 5163 769 5190 ,
798 5125 967 5181 virtus
997 5144 1124 5185 vero
1154 5134 1357 5201 peccati
1398 5134 1485 5189 lex
1516 5134 1561 5205 (
1587 5135 1706 5197 Cor.
1738 5156 1834 5208 xv,
1860 5143 2082 5224 54-56%

620 5236 788 5291 Morte
813 5236 1101 5308 significari
1130 5246 1360 5303 arbitror
1428 5248 1531 5306 hoc
1558 5250 1677 5307 loco
1716 5257 1983 5313 carnalem
2008 5274 2136 5315 con-

547 5330 907 5399 suetudinem,
935 5347 1056 5403 quae
1079 5337 1278 5392 resistit
1305 5339 1461 5397 bonae
1481 5344 1739 5400 voluntati
1756 5347 2133 5407 delectatione

611 5490 728 5565 '14th
750 5487 896 5565 editis
936 5491 1543 5565 quaestioseptuagesima
1566 5502 1636 5565 sic
1656 5502 1946 5564 incipiebat:
1974 5508 2134 5565 Queri

543 5548 1316 5633 solet,7:u:n_cuet

541 5618 615 5691 est
632 5613 835 5691 moram
855 5613 1127 5691 victoriam,
1148 5622 1244 5666 etc.
1270 5613 1468 5668 Mortem
1489 5613 1757 5687 signicari
1784 5613 2125 5691 -

542 5679 842 5735 Castigantur
865 5689 929 5725 ex
952 5683 1058 5727 Mss.

656 5736 736 5783 Hic
761 5738 876 5786 editi
899 5739 1105 5792 addunt.
1131 5738 1385 5796 bonorum.
1409 5756 1518 5797 quae
1536 5759 1630 5797 vox
1652 5749 1793 5801 abest
1814 5764 1842 5801 a
1863 5758 1968 5806 Mss.

2275 438 2646 506 temporalium
2685 440 3051 502 fruendorum.
3104 448 3220 505 Non
3259 451 3400 506 enim
3426 452 3731 511 diceretur?
3762 456 3863 514 Ubi

2273 537 2362 593 est,
2382 546 2538 596 niors,
2567 537 2817 589 contentio
2840 540 2965 593 tua?
2985 540 3029 594 si
3058 556 3164 596 non
3190 544 3473 601 restitisset
3492 556 3546 600 et
3565 563 3861 619 repugnase

2272 627 2370 673 set.
2399 620 2569 690 Ipsius
2594 628 2868 683 contentio
2894 630 3054 685 etiam
3083 633 3173 687 illo
3203 634 3319 689 loco
3349 636 3668 694 describitur
3691 659 3705 694 :
3728 642 3859 698 Caro

2270 713 2579 782 concupiscit
2613 718 2851 774 adversm
2884 722 3137 790 spiritum,
3175 735 3223 779 et
3251 728 3458 792 spiritus
3480 730 3722 785 adversus
3746 749 3860 788 car-

2271 818 2402 855 nem.
2439 803 2565 860 Ilwc
2586 809 2717 861 enim
2741 812 2955 866 invicem
2978 815 3072 868 sibi
3088 816 3325 872 resistunt
3350 828 3395 872 et
3424 821 3751 877 adversantur
3770 866 3784 891 ,
3801 833 3861 880 ut

2270 908 2371 946 non
2395 910 2507 964 qua:
2533 898 2684 952 vultis
2710 899 2802 954 illa
2827 903 3024 973 faciatis
3045 904 3240 977 (Galat.
3272 924 3322 971 v,
3357 910 3471 979 17).
3501 909 3585 965 Fit
3610 927 3739 984 ergo
3763 929 3859 984 per

2271 984 2746 1044 sanetilicalionem
2775 991 3084 1060 perlectam,
3111 1007 3168 1051 ut
3192 999 3366 1054 omnis
3394 1002 3623 1058 carnalis
3652 1006 3858 1075 appeti-

2272 1081 2356 1126 tus
2402 1077 2607 1144 spiritui
2656 1091 2841 1137 nostro
2895 1085 3191 1143 illuminato
3240 1098 3295 1144 et
3319 1090 3602 1160 vivilicato,
3655 1094 3707 1150 id
3750 1107 3853 1164 est,

2270 1163 2425 1218 bona:
2454 1168 2709 1224 voluntati
2756 1174 3083 1243 subjiciatur.
3136 1179 3199 1233 Et
3247 1181 3384 1235 sicut
3437 1198 3577 1239 nunc
3616 1163 3856 1244 videmus

2268 1256 2454 1310 multis
2482 1262 2776 1328 puerilibus
2800 1264 3244 1324 delectationibus
3263 1287 3359 1326 nos
3385 1288 3587 1341 carere,
3609 1292 3727 1346 qua:
3757 1292 3855 1333 nos

2271 1360 2504 1414 pueros,
2549 1351 2595 1405 si
2624 1351 3048 1423 denegarentur,
3091 1361 3350 1416 acerrime
3392 1365 3701 1420 eruciabant
3737 1385 3750 1420 :
3784 1368 3853 1423 ita

2268 1441 2594 1497 credendum
2625 1455 2711 1500 est
2734 1447 2801 1503 de
2839 1450 2985 1504 omni
3010 1452 3210 1506 carnali
3233 1453 3590 1511 delectatione
3620 1457 3855 1515 futurum

2267 1546 2408 1597 esse,
2437 1548 2559 1587 cum
2584 1536 2816 1605 perlecta
2844 1540 3099 1596 sanctitas
3129 1551 3297 1599 totum
3327 1546 3598 1617 hominem
3636 1565 3852 1619 repara-

2265 1622 2421 1676 verit.
2447 1622 2602 1680 Nunc
2620 1636 2797 1682 autem
2824 1631 3076 1700 quamdiu
3097 1643 3178 1688 est
3208 1634 3261 1689 in
3293 1636 3446 1690 nobis
3471 1638 3611 1707 quod
3643 1641 3857 1697 resistat

2265 1710 2420 1768 bonae
2444 1716 2722 1783 voluntati,
2748 1722 2944 1777 auxilio
2972 1723 3066 1780 Dei
3094 1740 3188 1795 per
3215 1726 3385 1783 bonos
3411 1728 3654 1788 homines
3674 1745 3725 1788 et
3756 1734 3855 1789 bo-

2265 1817 2365 1857 nos
2394 1807 2631 1877 Angelos
2654 1809 2972 1881 indigemus,
3007 1824 3063 1870 ut
3081 1817 3254 1872 donec
3275 1829 3490 1875 sanetur
3528 1821 3723 1878 vulnus
3759 1841 3856 1880 no-

2264 1904 2455 1961 strum,
2488 1913 2595 1953 non
2624 1900 2693 1954 ita
2720 1903 3019 1971 molestet,
3045 1916 3102 1960 ut
3122 1909 3345 1976 perimat
3371 1912 3527 1965 etiam
3547 1912 3738 1968 bonam
3763 1930 3856 1971 vo-

2266 1985 2541 2043 luntatem.
2582 1991 2732 2046 Hanc
2770 2002 2946 2048 autem
3002 2009 3227 2052 mortem
3276 2012 3493 2068 peccato
3540 2009 3849 2072 meruimus,

2264 2078 2404 2148 quod
2428 2090 2705 2148 peccatum
2735 2094 2851 2139 erat
2879 2095 3003 2141 ante
3044 2091 3189 2143 omni
3219 2092 3377 2147 modo
3412 2094 3464 2147 in
3498 2094 3665 2150 libero
3703 2098 3849 2153 arbi-

2266 2169 2389 2235 trio,
2417 2184 2540 2224 cum
2569 2172 2624 2225 in
2653 2175 2897 2241 paradiso
2920 2179 3096 2235 nullus
3122 2179 3277 2235 dolor
3318 2183 3595 2254 denegata:
3614 2186 3850 2243 delecta-

2264 2260 2425 2317 tionis
2483 2263 2738 2319 voluntati
2758 2266 2912 2322 boum
2931 2272 3163 2326 hominis
3181 2275 3478 2339 resistebat,
3505 2277 3655 2331 sicuti
3683 2295 3848 2336 nunc.

2265 2353 2426 2410 Verbi
2469 2359 2674 2426 gratia,
2724 2360 2769 2413 si
2812 2362 3089 2433 quisquam
3137 2368 3331 2420 existat
3376 2385 3533 2439 quem
3579 2388 3848 2443 nunquam

2263 2445 2549 2504 delectavit
2573 2454 2807 2521 venatio,
2836 2455 2981 2510 omni
3006 2459 3166 2512 modo
3192 2459 3327 2515 liber
3361 2471 3443 2516 est
3472 2472 3649 2519 utrum
3666 2468 3848 2523 venari

2262 2541 2391 2596 velit
2413 2556 2479 2596 an
2510 2545 2659 2611 nolit,
2694 2562 2792 2601 nec
2815 2564 2936 2603 eum
2967 2553 3167 2606 cruciat
3185 2554 3427 2624 quisquis
3448 2555 3552 2610 hoc
3580 2550 3846 2627 prohibet.

2261 2632 2333 2686 At
2355 2633 2399 2687 si
2427 2635 2527 2689 ista
2557 2635 2799 2694 libertate
2843 2642 2982 2697 male
3028 2660 3171 2709 usus,
3206 2655 3427 2701 venatus
3475 2648 3632 2704 fuerit
3665 2662 3847 2708 contra

2260 2724 2593 2793 prohibentis
2632 2731 2938 2801 imperium,
2969 2737 3216 2804 paulatim
3244 2740 3535 2808 subrepens
3565 2741 3848 2799 delectatio

2260 2815 2547 2872 morticat
2591 2820 2843 2887 animam,
2874 2834 2932 2879 ut
2961 2827 3005 2880 si
3038 2840 3095 2881 se
3136 2827 3408 2884 abstinere
3457 2830 3599 2898 velit,
3646 2834 3848 2904 absque

2259 2907 2505 2963 molestia
2531 2918 2582 2964 et
2612 2913 2730 2969 sine
2749 2930 2948 2986 angore
2979 2933 3083 2972 non
3127 2922 3314 2989 possit,
3362 2938 3481 2977 cum
3511 2924 3560 2978 id
3588 2935 3711 2981 ante
3740 2936 3845 2982 tota

2258 2999 2488 3055 sanitate
2514 3016 2621 3055 non
2652 3014 2853 3074 ageret.
2879 3007 3019 3077 Ergo
3036 3011 3242 3065 aculeus
3265 3012 3438 3066 mortis
3460 3026 3715 3082 peceatum
3739 3026 3847 3083 est;

2259 3092 2381 3159 quia
2414 3104 2634 3162 peccato
2672 3097 2807 3150 facta
2844 3108 2925 3153 est
2945 3100 3251 3169 delectatio,
3282 3120 3400 3175 qua:
3425 3106 3532 3175 jam
3558 3109 3722 3176 possit
3762 3126 3846 3164 rc-

2259 3183 2451 3239 sistere
2471 3184 2624 3240 bonae
2641 3189 2895 3244 voluntati
2914 3192 2954 3256 ,
2980 3202 3167 3248 etcum
3190 3197 3378 3251 dolore
3399 3200 3653 3254 cohiberi.
3674 3202 3844 3267 Quam

2257 3273 2689 3345 delectationem,
2720 3281 2842 3349 quia
2871 3285 2923 3335 in
2971 3282 3178 3340 defectu
3218 3296 3301 3341 est
3346 3289 3537 3343 anima:
3564 3290 3845 3348 deterioris

2257 3364 2483 3433 eectte,
2508 3367 2631 3437 jure
2677 3381 2906 3426 mortem
2949 3389 3221 3430 vocamus.
3255 3377 3427 3433 Virtus
3464 3393 3631 3435 autem
3660 3384 3849 3451 peccati

2256 3457 2340 3511 lea:
2366 3468 2437 3512 est
2453 3476 2473 3524 ;
2500 3461 2623 3530 quia
2650 3463 2819 3517 multo
2842 3466 3158 3523 sceleratius
3185 3477 3240 3523 et
3264 3469 3573 3540 agitiosius
3597 3490 3716 3543 quae
3760 3475 3844 3531 lex

2256 3549 2503 3618 prohibet
2545 3555 2969 3624 committuntur,
3021 3574 3178 3630 quam
3209 3563 3254 3616 si
3275 3564 3417 3619 nulla
3447 3565 3564 3635 lege
3592 3568 3841 3635 prohibe-

2254 3651 2459 3697 rentur.
2496 3643 2645 3701 Tunc
2672 3647 2847 3717 itaque
2878 3650 3128 3721 absorpta
3156 3656 3258 3709 erit
3283 3670 3428 3712 mors
3468 3660 3517 3713 in
3543 3662 3839 3729 victoriam,

2254 3747 2374 3789 eum
2392 3750 2487 3805 per
2511 3738 2980 3797 sancticationem
3008 3745 3059 3798 in
3087 3748 3231 3800 omni
3270 3761 3422 3819 parte
3451 3750 3685 3809 hominis
3715 3770 3838 3824 per-

2252 3825 2391 3881 lecta
2437 3827 2789 3887 delectatione
2842 3834 3198 3903 spiritualium
3261 3839 3545 3897 delectatio
3610 3846 3841 3902 carnalis

2252 3917 2528 3974 obruetur.

2250 4009 2438 4066 LXXI.
2489 4012 2567 4067 De
2603 4031 2661 4069 eo
2699 4017 2833 4085 quod
2876 4020 3118 4090 scriptum
3146 4032 3218 4075 est
3251 4040 3269 4077 :
3297 4023 3523 4081 Invicem
3555 4043 3714 4084 onera
3744 4046 3840 4087 ve-

2322 4113 2434 4158 stra
2473 4116 2701 4175 portate,
2726 4116 2780 4161 et
2807 4108 2884 4164 sic
2908 4111 3268 4181 adimplebitis
3293 4116 3464 4186 legem
3485 4117 3680 4175 Christi
3712 4120 3840 4192 (Ga-

2324 4194 2415 4249 lat.
2453 4212 2526 4261 vn,
2547 4196 2629 4269 2).

2321 4285 2372 4338 1.
2401 4285 2533 4353 Quia
2558 4288 2763 4345 Veteris
2784 4292 3107 4349 Testamenti
3143 4298 3378 4352 custodia
3407 4301 3645 4356 timorem
3674 4303 3840 4360 habe-

2246 4375 2355 4442 bat,
2386 4395 2490 4431 uon
2539 4381 2710 4449 potuit
2746 4386 2981 4452 apertius
3005 4387 3289 4458 signicari
3333 4391 3462 4445 Novi
3510 4393 3839 4454 Testamenti

2246 4470 2443 4525 donum
2473 4487 2595 4527 esse
2619 4475 2953 4543 charitatem,
2985 4496 3142 4549 quam
3182 4483 3279 4537 hoc
3318 4484 3454 4549 loco,
3488 4487 3573 4540 ubi
3603 4489 3836 4558 Aposto-

2246 4564 2326 4619 lus
2345 4564 2493 4630 dicit,
2527 4564 2749 4620 Inaicem
2772 4586 2923 4640 onera
2950 4564 3110 4626 uestra
3135 4586 3344 4645 portate,
3377 4588 3423 4631 et
3443 4581 3515 4632 sic
3540 4582 3839 4653 adimplebi-

2220 4658 2309 4710 tis
2345 4657 2501 4729 legem
2527 4658 2730 4713 Christi.
2763 4661 2910 4716 Ilanc
2939 4666 3079 4719 enim
3121 4666 3316 4723 Christi
3347 4670 3516 4740 legem
3543 4673 3720 4729 dicere
3751 4678 3836 4730 in-

2246 4750 2518 4821 telligitur,
2545 4769 2646 4822 qua
2685 4754 2798 4823 ipse
2830 4756 3082 4812 Dominus
3118 4764 3368 4830 pt'aCepit
3395 4772 3448 4816 ut
3479 4781 3574 4826 nos
3608 4767 3833 4824 invicem

2242 4841 2540 4914 diligamus,
2586 4854 2789 4900 tantum
2832 4848 2883 4901 in
2931 4865 2993 4903 ea
3032 4853 3288 4906 sententia
3341 4860 3585 4926 prmcepti
3630 4861 3838 4928 pondus

2224 4937 2605 5002 constituens,
2638 4947 2693 4992 ut
2730 4939 2933 4996 diceret
2974 4959 2986 4994 :
3028 4942 3093 4997 In
3120 4944 3214 4998 hoc
3248 4959 3571 5017 cognoscetur
3594 4954 3837 5018 quoniam

2242 5026 2481 5098 discipuli
2505 5029 2603 5082 mei
2629 5031 2763 5097 estis,
2799 5033 2842 5086 si
2876 5050 2961 5088 vos
2991 5036 3198 5090 invicem
3224 5039 3447 5110 diligatis
3472 5041 3489 5110 (
3512 5039 3667 5094 John.
3700 5059 3791 5098 xm
3817 5088 3831 5112 ,

2242 5118 2330 5183 54,
2364 5119 2477 5191 '55).
2503 5120 2667 5192 Hujus
2689 5135 2864 5180 autem
2890 5125 3191 5183 dilectionis
3220 5129 3450 5184 ollicium
3478 5142 3579 5199 est,
3605 5134 3833 5190 invicem

2240 5225 2403 5267 onera
2441 5222 2622 5269 nostra
2651 5227 2881 5284 portare.
2909 5218 3013 5274 Sed
3042 5220 3143 5273 hoc
3171 5220 3425 5284 officium,
3469 5225 3609 5292 quod
3637 5229 3838 5297 sempi-

2241 5312 2451 5359 ternum
2480 5322 2586 5361 non
2613 5317 2713 5374 est,
2747 5309 2999 5378 perducet
3018 5324 3148 5364 sane
3174 5310 3237 5364 ad
3264 5310 3643 5369 beatitudinem
3672 5329 3836 5374 aeter-

2240 5412 2362 5452 nam
2384 5439 2400 5466 ,
2433 5398 2485 5452 in
2528 5414 2630 5469 qua
2658 5402 2799 5455 nulla
2825 5410 2982 5456 erunt
3022 5409 3202 5458 nostra
3229 5418 3390 5458 onera
3412 5447 3424 5471 ,
3456 5421 3575 5476 qua:
3600 5409 3834 5469 invicem

2344 5512 2599 5563 Sexdecim
2625 5522 2753 5574 MSS.,
2776 5513 3068 5565 molestetur.

2347 5575 2418 5643 sic
2434 5581 2531 5625 nat.
2559 5582 2734 5643 et_Mss.
2754 5582 2907 5626 star.
2936 5584 2987 5627 et
3008 5584 3138 5639 ,
3161 5576 3401 5643 deiiegua
3419 5578 3835 5637 delectatione.

2236 5636 2317 5700 Sicj
2332 5638 2476 5686 etiam
2499 5638 2646 5700 Lugd.
2670 5644 2722 5688 et
2746 5646 2862 5687 Ven.
2930 5647 2989 5687 .

2343 5705 2524 5749 Omnes
2556 5698 2707 5763 prope
2747 5706 2874 5762 Mss.,
2918 5699 3145 5754 resistere
3171 5701 3437 5768 cohortati;
3474 5708 3652 5767 omissa
