4134 6208
279 321 337 382 Μ
1704 320 1856 376 LIBE

1961 317 2142 378 UNUS.
2872 314 2881 319 ’
3482 336 3555 395 δ’

282 443 480 508 portare
500 433 801 505 jubeamur.
830 425 984 487 Nunc
1003 442 1131 487 vero
1154 444 1277 487 cum
1304 430 1359 487 in
1390 429 1491 486 hac
1519 431 1641 495 vita,
1677 431 1727 486 id
1753 441 1857 501 est,

281 529 325 584 in
350 527 446 581 hac
476 526 557 580 via
581 539 788 591 sumus,
822 539 984 579 onera
1014 524 1237 579 invicem
1272 532 1452 579 nostra
1481 531 1770 593 portemus,
1801 532 1862 578 ut

281 618 335 673 ad
358 633 476 673 eam
503 617 664 672 vitam
693 632 813 687 quae
838 624 987 672 caret
1013 616 1157 671 omni
1181 630 1344 671 onere
1380 615 1659 685 pervenire
1684 614 1860 685 possi-

280 726 398 765 mus.
420 709 569 765 Sicut
588 710 733 764 enim
756 708 825 764 de
845 708 1017 764 cervis
1038 706 1278 762 nonnulli
1300 707 1481 762 talium
1500 706 1859 777 cognitionum

278 800 485 856 studiosi
506 802 859 869 scripserunt,
888 814 1008 855 cum
1037 800 1224 854 fretum
1248 799 1315 855 ad
1340 798 1563 854 insulam
1585 806 1862 854 transeunt

279 908 582 963 pascuorum
610 894 799 962 gratia,
830 892 909 947 sic
937 907 996 947 se
1022 890 1304 958 ordinant,
1330 900 1391 946 ut
1425 907 1590 947 onera
1628 892 1858 962 capitum

277 1000 481 1039 suorum
526 1002 646 1055 qua:
672 993 885 1057 gestant
914 985 968 1040 in
1005 986 1253 1041 cornibus
1277 1001 1438 1056 super
1466 985 1689 1055 invicem
1728 1000 1857 1055 por-

275 1086 396 1141 tcut,
431 1078 501 1132 ita
543 1088 600 1133 ut
626 1080 891 1148 posterior
918 1092 1076 1148 super
1102 1078 1426 1132 anteriorem
1455 1075 1660 1131 cervice
1684 1076 1859 1145 proje-

273 1181 345 1222 cta
366 1178 522 1237 caput
551 1169 797 1225 collocel.
832 1170 900 1223 Et
926 1168 1046 1240 quia
1076 1182 1298 1223 necesse
1318 1175 1402 1224 est
1429 1182 1592 1221 unum
1620 1181 1742 1222 esse
1768 1166 1858 1236 qui

272 1271 487 1314 ctrteros
513 1262 846 1330 prteeedens,
878 1276 980 1315 non
1012 1268 1136 1315 ante
1160 1275 1218 1314 se
1254 1259 1446 1314 habeat
1482 1259 1565 1312 cui
1593 1266 1750 1327 caput
1778 1258 1858 1312 in-

271 1350 447 1417 clinet,
470 1352 675 1408 vicibus
704 1352 754 1405 id
783 1367 942 1422 agere
968 1351 1241 1417 dicuntur;
1267 1361 1323 1405 ut
1345 1350 1574 1405 lassatus
1600 1350 1682 1403 sui
1707 1350 1853 1419 capi-

272 1441 333 1494 tis
359 1456 527 1497 onere
555 1442 643 1496 ille
663 1442 750 1512 qui
778 1441 1029 1512 prmcedit
1049 1482 1065 1507 ,
1101 1450 1223 1510 post
1257 1455 1444 1496 omnes
1472 1440 1721 1496 recedat‘
1758 1480 1773 1505 ,
1804 1448 1858 1495 et

270 1535 317 1590 ei
343 1535 600 1591 succedat
620 1536 768 1604 cujus
796 1535 1001 1591 ferebat
1024 1545 1197 1604 caput,
1229 1550 1347 1589 cum
1377 1534 1490 1604 ipse
1516 1533 1748 1604 praeiret.
1780 1531 1856 1586 ita

268 1627 499 1682 invicem
518 1641 678 1681 onera
702 1641 797 1681 sua
824 1635 1119 1697 portantes,
1152 1625 1342 1681 fretum
1364 1632 1660 1692 transeunt,
1681 1624 1858 1678 donec

272 1718 487 1773 veniant
513 1718 582 1772 ad
614 1726 771 1772 terra:
800 1716 1138 1773 stabilitatem
1169 1715 1337 1789 (Plin.
1371 1715 1459 1770 lib.
1506 1717 1561 1782 8,
1591 1731 1706 1785 cap.
1738 1713 1853 1786 δί).

268 1807 422 1865 Istam
446 1808 675 1863 fortasse
694 1823 974 1864 cervorum
997 1816 1236 1864 naturam
1260 1806 1560 1863 intenderat
1580 1806 1853 1874 Salomon,

270 1915 382 1955 cum
426 1900 520 1965 ait,
554 1897 743 1955 Cervus
771 1900 1006 1954 amicitia:
1045 1909 1095 1955 et
1136 1898 1309 1970 pullus
1337 1900 1615 1970 gratiarum
1658 1900 1885 1952 tuarum'

270 1990 617 2060 colloquatur
658 2001 822 2044 tecum
867 1989 1065 2061 (Prov.
1100 2006 1165 2059 v,
1194 1989 1294 2055 l9,
1326 2006 1426 2044 sec.
1466 1988 1611 2045 LXX
1633 1988 1674 2062 ).
1716 1988 1854 2043 Nihil

271 2082 407 2138 enim
430 2082 507 2137 sic
532 2082 727 2153 probat
751 2081 1001 2148 amicum,
1030 2080 1475 2152 quemadmodum
1502 2080 1680 2137 oneris
1698 2080 1855 2136 amici

270 2177 511 2247 portatio.

332 2268 388 2322 2.
426 2267 541 2325 Nec
565 2275 743 2323 tamen
776 2267 1003 2323 invicem
1029 2281 1193 2322 onera
1218 2273 1399 2321 nostra
1426 2272 1777 2335 portaremus,
1807 2264 1855 2319 si

268 2375 426 2417 unum
453 2370 667 2431 tempus
699 2369 845 2416 esset
872 2358 1192 2414 inﬁrmitatis
1233 2357 1510 2414 amborum
1531 2396 1547 2425 ,
1573 2356 1664 2428 qui
1692 2369 1856 2411 onera

266 2467 358 2508 sua
398 2452 693 2517 sustinent,
725 2461 817 2506 aut
845 2466 1008 2505 unum
1037 2449 1360 2505 inﬁrmitatis
1402 2437 1571 2520 genus
1600 2465 1612 2501 :
1645 2447 1741 2503 sed
1770 2447 1854 2502 di-

265 2560 418 2601 versa
444 2553 685 2614 tempora
705 2553 760 2601 et
785 2544 993 2600 diversa
1017 2558 1209 2614 genera
1237 2541 1559 2598 infirmitatis
1583 2541 1779 2596 faciunt
1798 2548 1858 2595 ut

262 2651 432 2692 onera
454 2646 631 2691 nostra
661 2644 878 2705 portare
901 2634 1123 2690 invicem
1152 2633 1443 2689 valeamus.
1474 2631 1634 2688 Verbi
1661 2631 1851 2703 gratia,

264 2727 399 2781 iram
427 2725 607 2781 fratris
633 2726 708 2781 tui
740 2735 867 2780 tunc
892 2725 1145 2795 portabis,
1176 2740 1298 2779 cum
1335 2734 1391 2779 tu
1431 2723 1687 2779 adversus
1730 2737 1851 2778 eum

264 2832 370 2874 non
396 2818 681 2884 irasceris;
702 2826 763 2872 ut
784 2832 972 2873 rursus
994 2832 1060 2873 eo
1086 2826 1325 2887 tempore
1349 2830 1454 2888 quo
1474 2824 1529 2872 te
1552 2816 1627 2870 ira
1650 2830 1855 2885 pracoc-

265 2912 558 2981 cupaverit,
590 2910 682 2965 ille
705 2920 758 2965 te
784 2910 999 2965 lenitate
1025 2919 1080 2964 et
1106 2909 1482 2980 tranquillitate
1500 2923 1596 2964 sua
1624 2921 1853 2977 suppor-

264 3010 361 3058 tet.
397 3003 512 3058 lloc
539 3002 847 3072 exemplum
874 3001 942 3056 ad
982 3001 1033 3057 id
1060 3002 1322 3072 pertinet,
1349 3016 1470 3056 cum
1495 3000 1700 3057 diversa
1731 3008 1856 3054 sunt

268 3104 500 3165 tempora
530 3094 858 3164 portantium
898 3108 1059 3149 onera
1087 3109 1203 3159 sua,
1234 3093 1475 3163 quamvis
1503 3093 1617 3163 ipsa
1646 3091 1853 3146 diversa

267 3201 371 3242 non
409 3187 477 3241 sit
504 3185 794 3241 inﬁrmitas
826 3203 840 3238 :
868 3186 921 3240 in
951 3184 1210 3241 ambobus
1239 3185 1380 3239 enim
1422 3182 1491 3239 ab
1522 3184 1746 3238 invicem
1777 3184 1854 3238 ira

268 3286 522 3348 portatur.
551 3276 635 3332 Ad
663 3275 934 3332 diversum
970 3284 1148 3331 autem
1170 3274 1492 3329 inﬁrmitatis
1516 3288 1684 3345 genus
1709 3273 1854 3328 aliud

269 3372 564 3443 exemplum
602 3369 890 3425 videndum
918 3377 1034 3424 est:
1061 3367 1225 3422 veluti
1265 3366 1310 3421 si
1338 3366 1457 3437 quis
1483 3364 1852 3436 loquacitatem

272 3462 322 3516 in
342 3478 398 3517 se
414 3462 631 3529 vicerit,
649 3470 705 3516 et
720 3460 1063 3531 pertinaciam
1089 3458 1323 3514 nondum
1343 3457 1551 3524 vicerit,
1573 3457 1709 3512 alius
1726 3470 1855 3511 vero

272 3552 437 3608 adhuc
456 3554 682 3624 loquax,
698 3551 794 3607 sed
821 3551 929 3621 iam
951 3550 1193 3622 pertinax
1222 3564 1327 3604 non
1348 3548 1436 3614 sit;
1455 3547 1615 3604 debet
1638 3547 1727 3602 ille
1754 3546 1852 3600 hu-

267 3645 349 3716 jus
372 3644 753 3715 loquacitatem
777 3652 834 3698 et
856 3643 955 3698 iste
980 3640 1120 3697 illius
1145 3639 1512 3711 pertinaciam,
1532 3638 1704 3695 donec
1724 3637 1854 3693 illud

270 3738 428 3792 inille
455 3744 514 3792 et
535 3736 644 3791 hoc
685 3736 739 3789 in
784 3734 886 3789 isto
914 3743 1148 3799 sanetur,
1176 3732 1434 3786 charitate
1474 3738 1707 3801 portare.
1751 3729 1858 3785 Par

269 3828 760 3901 quippeinﬁrmitas
781 3828 834 3881 in
846 3825 1054 3882 duobus
1074 3826 1120 3880 si
1137 3839 1244 3881 uno
1266 3824 1471 3881 accidat
1491 3833 1749 3894 tempore,
1775 3830 1857 3878 to—

268 3920 437 3977 lerare
458 3937 520 3977 se
544 3920 773 3975 invicem
800 3934 907 3973 non
933 3918 1130 3983 valent,
1153 3933 1272 3972 cum
1296 3918 1576 3972 adversum
1600 3931 1659 3972 se
1685 3917 1856 3971 inten-

266 4012 431 4068 ditur.
457 4012 593 4066 Nam
613 4011 876 4066 adversus
894 4010 1124 4080 aliquem
1144 4008 1380 4078 tertium,
1403 4017 1458 4064 et
1480 4008 1587 4064 duo
1613 4007 1730 4063 irati
1755 4007 1856 4062 sibi

267 4106 612 4171 conveniunt,
636 4115 691 4161 et
714 4120 775 4161 se
802 4105 1030 4160 tolerant
1058 4123 1070 4159 :
1093 4118 1390 4175 quanquam
1421 4117 1522 4160 nec
1551 4103 1778 4157 tolerare
1799 4116 1857 4157 se

270 4199 507 4253 invicem
534 4196 737 4253 dicendi
765 4206 910 4260 sunt,
935 4196 1026 4251 sed
1053 4198 1225 4266 potius
1245 4211 1304 4252 se
1324 4196 1549 4251 invicem
1570 4196 1853 4250 consolari.

266 4289 420 4345 Sicut
443 4297 500 4343 et
527 4289 705 4344 tristes
736 4288 805 4345 de
838 4304 898 4343 re
923 4303 1027 4343 una
1047 4330 1061 4355 ,
1093 4289 1260 4357 magis
1292 4304 1352 4344 se
1387 4296 1601 4358 portant
1626 4297 1681 4344 et
1708 4288 1857 4359 quasi

268 4381 584 4437 incumbunt
626 4381 761 4448 sibi,
810 4396 969 4451 quam
1010 4382 1056 4436 si
1099 4398 1233 4437 unus
1280 4382 1442 4437 tristis
1480 4392 1621 4438 esset
1646 4390 1701 4437 et
1723 4383 1859 4438 alius

267 4473 522 4543 gauderet
544 4489 557 4526 :
585 4472 631 4527 si
655 4483 834 4527 autem
863 4472 1117 4528 adversus
1136 4488 1193 4528 se
1218 4474 1395 4528 tristes
1414 4473 1541 4539 sint,
1566 4488 1781 4541 prorsus
1800 4488 1859 4529 se

270 4566 496 4620 tolerare
526 4580 632 4618 non
659 4572 898 4634 possunt.
925 4564 995 4619 Et
1014 4564 1133 4620 ideo
1158 4565 1210 4619 in
1239 4564 1539 4635 bujusntodi
1564 4564 1860 4621 affectioni-

266 4654 368 4710 bus
394 4654 739 4726 suscipienda
780 4664 862 4710 est
889 4654 1270 4725 aliquantulum
1311 4656 1423 4725 ipsa
1463 4656 1752 4726 aagritudo,
1792 4655 1861 4711 dc

265 4762 369 4819 qua
397 4747 482 4802 vis
521 4748 688 4801 alium
737 4762 832 4817 per
873 4755 927 4801 te
956 4746 1202 4812 liberari;
1231 4753 1285 4802 et
1312 4747 1389 4802 sic
1417 4746 1770 4817 suscipienda,
1801 4757 1860 4801 ut

263 4839 331 4894 ad
375 4840 634 4894 auxilium
660 4881 674 4901 ,
708 4853 812 4893 non
860 4837 927 4893 ad
971 4837 1322 4908 aequalitatem
1367 4838 1597 4893 miseria:
1638 4839 1809 4892 valeat
1843 4855 1854 4891 :

261 4930 721 5002 quemadmodum
752 4946 812 4986 se
839 4930 1074 4997 inclinat,
1106 4930 1195 5000 qui
1231 4945 1445 4986 manum
1466 4930 1663 5002 jacenti
1691 4932 1862 5000 porri-

260 5022 357 5092 git.
386 5022 509 5078 Non
536 5023 681 5078 enim
707 5036 766 5077 se
784 5021 1016 5093 projicit,
1040 5030 1095 5076 ut
1122 5022 1279 5077 ambo
1294 5021 1507 5092 iaceant.
1527 5041 1541 5090 ;
1565 5021 1658 5079 sed
1684 5022 1861 5078 incur-

245 5100 349 5170 ’νει
371 5123 606 5180 tantum,
638 5115 975 5184 utjacentem
1004 5116 1189 5186 erigat.

330 5209 389 5263 3.
430 5207 619 5278 Neque
650 5207 753 5261 ulla
783 5221 871 5262 res
889 5205 1187 5262 ofﬁciosum
1216 5207 1374 5262 istum
1395 5207 1631 5262 laborem
1651 5207 1718 5263 ad
1742 5224 1862 5278 por-

257 5300 433 5354 tanda‘
453 5314 622 5354 onera
652 5299 876 5353 aliorum
912 5299 1033 5354 facit
1070 5298 1296 5353 libenter
1328 5298 1582 5368 impendi,
1614 5300 1711 5353 nisi
1738 5316 1859 5354 cum

254 5394 567 5464 cogitamus
593 5402 789 5462 quanta
816 5406 916 5463 pro
941 5391 1091 5447 nobis
1118 5390 1394 5461 pertulerit
1423 5390 1691 5448 Dominus.
1730 5392 1862 5447 Hinc

255 5484 413 5537 enim
440 5482 741 5537 admonens
783 5482 1071 5552 Apostolus
1110 5483 1181 5536 ait
1213 5500 1225 5535 :
1264 5481 1375 5535 Hoc
1408 5484 1582 5536 sentite
1611 5484 1661 5535 in
1692 5483 1857 5551 vobis,

251 5574 404 5643 quod
421 5576 544 5629 etin
570 5573 771 5629 Christo
789 5573 936 5640 Jesu,
964 5574 1050 5646 qui
1078 5590 1189 5627 cum
1211 5574 1263 5627 in
1280 5577 1449 5643 forma
1476 5571 1570 5626 Dei
1594 5584 1737 5637 esset,
1762 5591 1862 5628 non

251 5669 506 5739 rapinam
528 5665 805 5722 arbitratus
832 5677 903 5722 est
928 5682 1033 5721 esse
1055 5666 1264 5736 aequalis
1278 5665 1406 5731 Deo;
1432 5665 1521 5719 sed
1543 5667 1862 5737 semetipsum

321 5782 343 5817 ³
368 5786 452 5832 Ir.
474 5788 577 5833 lat.
602 5787 658 5833 et
673 5789 807 5843 ω,
828 5778 1079 5833 redeat.--
1101 5780 1176 5833 sic
1197 5781 1347 5835 etiam
1363 5779 1511 5844 Lugd.
1538 5786 1592 5832 et
1610 5788 1731 5834 ven.
1797 5788 1858 5835 nt.

1970 431 2243 487 exinanivit
2264 434 2482 504 formant
2495 435 2625 490 serui
2643 439 2914 507 accipiens,
2927 441 2980 494 in
2994 441 3372 499 similitudinem
3388 446 3555 503 Itami-

1969 537 2093 576 num
2114 526 2299 593 factus,
2314 524 2543 580 etltabitu
2555 528 2782 583 inventus
2793 540 2848 584 ut
2861 530 3009 586 homo
3025 548 3044 585 :
3061 532 3343 589 humiliauit
3375 549 3551 592 semet-

1967 614 2134 685 ipsum
2159 621 2322 687 factus
2341 619 2575 676 obediens
2595 623 2612 655 ¹
2634 639 2789 690 usque
2812 626 2880 679 ad
2902 636 3130 694 mortem,
3159 640 3368 684 mortem
3384 643 3552 687 autem

1965 708 2147 761 erucis.
2175 707 2428 777 Superius
2447 713 2587 766 enim
2616 713 2840 779 dixerat,
2875 717 2995 771 Non
3014 734 3128 787 qua:
3145 736 3237 773 sua
3256 732 3372 775 sunt
3392 739 3556 779 unus-

1965 798 2172 869 quisque
2194 799 2474 867 intendens,
2501 804 2591 858 sed
2618 821 2675 859 ea
2694 816 2807 875 quae
2824 807 3037 862 aliorum
3060 808 3319 881 (Philipp.
3339 828 3399 877 ll,
3418 814 3552 882 4-8).

1966 888 2103 944 Huic
2140 892 2417 946 sententiae
2446 897 2718 950 contexuit
2760 898 2900 967 quod
2938 898 3138 955 dictum
3180 910 3294 967 est;
3325 918 3447 957 nam
3478 905 3553 959 ita

1965 980 2207 1050 sequitur
2241 1000 2254 1037 :
2287 981 2403 1036 Hoc
2422 986 2601 1039 sentite
2625 988 2677 1040 in
2702 989 2857 1053 vobis,
2879 990 3015 1059 quod
3033 1000 3081 1044 et
3104 992 3157 1044 in
3180 993 3377 1047 Christo
3401 993 3551 1049 Iesu.

1963 1069 2047 1125 Ad
2076 1069 2178 1127 hoc
2203 1072 2479 1141 duntaxat,
2512 1087 2570 1132 ut
2605 1080 3049 1148 quemadmodum
3092 1084 3183 1139 ille
3225 1085 3277 1139 in
3306 1101 3372 1141 eo
3410 1088 3554 1157 quod

1965 1159 2197 1217 Verbum
2234 1178 2360 1218 caro
2387 1164 2583 1220 factum
2625 1178 2726 1231 est,
2753 1180 2807 1224 et
2836 1170 3089 1226 habitavit
3118 1174 3169 1227 in
3194 1176 3347 1231 nobis
3371 1176 3551 1248 (Joan.

1963 1266 2003 1314 ι,
2029 1252 2139 1323 14),
2170 1263 2224 1310 et
2248 1255 2364 1310 sine
2399 1267 2616 1325 peccato
2641 1273 2760 1313 cum
2792 1270 2953 1327 esset,
2982 1273 3195 1332 peccata
3226 1275 3405 1320 nostra
3434 1282 3553 1323 sus-

1963 1345 2134 1415 cepit,
2173 1362 2276 1402 non
2306 1350 2529 1404 attendit
2563 1365 2656 1405 sua
2678 1394 2693 1419 ,
2721 1352 2815 1407 sed
2841 1363 3055 1420 nostra;
3079 1356 3150 1410 ita
3174 1366 3230 1412 et
3252 1372 3350 1413 nos
3378 1359 3554 1415 liben-
3641 1408 3646 1413 .

1962 1445 2074 1506 ter,
2109 1439 2175 1494 ad
2213 1439 2328 1511 ejus
2356 1441 2703 1500 imitationem
2724 1487 2740 1512 ,
2770 1446 2996 1502 invicem
3025 1462 3187 1504 onera
3219 1460 3399 1506 nostra
3429 1466 3553 1522 por-

1963 1538 2155 1587 tentus.

2006 1636 2009 1641 '
2033 1623 2087 1677 4.
2112 1622 2246 1679 Huic
2270 1626 2577 1695 cogitationi
2599 1628 2802 1685 accedit
2833 1629 2993 1685 etiam
3018 1631 3105 1686 illa
3131 1634 3400 1702 cogitatio,
3427 1636 3553 1705 quia

1961 1712 2052 1768 ille
2076 1715 2310 1786 suscepit
2337 1715 2607 1772 hominem
2628 1758 2643 1782 ,
2673 1734 2773 1773 nos
2808 1730 2985 1776 autem
3034 1723 3276 1779 homines
3320 1739 3504 1780 sumus
3533 1745 3551 1781 :

1961 1811 2016 1858 et
2034 1804 2377 1862 considerare
2394 1806 2654 1864 debemus
2677 1811 2815 1879 quod
2843 1812 3211 1880 aegritudinem
3232 1815 3344 1871 sive
3362 1816 3548 1884 animi,

1959 1893 2074 1950 sive
2110 1896 2386 1964 corporis,
2419 1912 2576 1966 quam
2606 1899 2658 1952 in
2696 1899 2801 1954 alio
2839 1900 3055 1957 homine
3084 1903 3358 1969 videmus,
3389 1906 3552 1965 etiam

1960 1998 2060 2038 nos
2086 1983 2285 2039 habere
2326 1988 2627 2056 potuimus,
2654 1999 2744 2043 aut
2771 2004 3072 2058 possumus.
3100 1991 3211 2047 Hoc
3249 2009 3378 2065 ergo
3400 1996 3551 2051 exbi.

1958 2075 2180 2131 beamus
2204 2077 2280 2132 illi
2307 2078 2462 2148 cujus
2492 2079 2851 2137 inﬁrmitatem
2879 2092 3091 2152 portare
3115 2085 3377 2153 volumus,
3407 2088 3554 2158 quod

1958 2166 2028 2221 ab
2048 2168 2140 2223 illo
2169 2168 2321 2223 nobis
2344 2170 2603 2226 vellemus
2629 2172 2898 2241 exhiberi,
2944 2174 2991 2229 si
3016 2175 3152 2231 forte
3178 2192 3275 2232 nos
3296 2178 3347 2233 in
3377 2193 3437 2233 ea
3466 2193 3554 2233 es-

1959 2274 2138 2317 semus
2158 2303 2172 2324 .
2199 2271 2255 2318 et
2288 2263 2402 2333 ipse
2437 2280 2541 2319 non
2581 2276 2742 2321 esset.
2780 2268 2860 2322 Ad
2885 2268 2987 2323 hoc
3011 2270 3240 2340 pertinet
3270 2273 3410 2342 quod
3436 2273 3557 2341 ipse

1959 2352 2248 2421 Apostolus
2261 2356 2356 2418 ait,
2383 2353 2627 2410 Omnibus
2654 2358 2822 2412 omnia
2852 2361 3016 2430 factus
3034 2378 3165 2428 sum,
3194 2370 3250 2416 ut
3278 2378 3449 2418 omnes
3469 2363 3555 2418 lu-

1958 2442 2251 2512 crifacerem
2272 2443 2329 2516 (l
2360 2444 2476 2499 Cor.
2501 2461 2582 2512 ix,
2609 2445 2699 2518 ‘22)
2731 2466 2744 2501 :
2776 2450 3054 2519 cogitando
3074 2452 3277 2507 scilicet
3306 2454 3358 2507 in
3380 2469 3446 2509 eo
3471 2456 3553 2509 vi-

1960 2531 2035 2585 tio
2058 2533 2218 2587 etiam
2250 2549 2309 2589 se
2346 2550 2465 2589 esse
2492 2538 2755 2605 potuisse,
2785 2539 2925 2594 unde
2953 2538 3200 2610 cupiebat
3225 2543 3383 2598 alium
3414 2544 3550 2601 libe-

1959 2637 2098 2677 rare.
2131 2624 2518 2695 Compatiendo
2547 2628 2689 2682 enim
2720 2630 2895 2698 potius
2921 2631 2972 2684 id
2995 2632 3213 2701 agebat,
3251 2651 3355 2688 non
3392 2651 3551 2691 men-

1961 2714 2162 2781 tiendo,
2192 2716 2328 2770 sicut
2369 2718 2582 2787 quidam
2609 2721 2966 2790 suspicantur,
2999 2731 3053 2778 et
3098 2722 3152 2777 bi
3200 2727 3429 2781 maxime
3456 2729 3549 2797 qui

1957 2809 2070 2863 suis
2110 2810 2399 2865 mendaciis
2440 2811 2825 2881 defendendis,
2872 2830 2990 2885 qua:
3028 2831 3224 2887 negare
3267 2833 3373 2872 non
3423 2834 3550 2889 pos-

1958 2906 2119 2966 sunt,
2141 2900 2363 2971 alicujus
2388 2904 2564 2973 magni
2592 2905 2821 2974 exempli
2852 2906 3204 2974 patrocinium
3232 2919 3498 2977 quierunt.

2028 2990 2082 3044 5.
2122 2989 2328 3044 Deinde
2351 2992 2511 3046 etiam
2538 2992 2668 3048 illud
2689 2994 3051 3063 cogitandum,
3078 2997 3280 3051 nullum
3307 3013 3430 3055 esse
3452 3000 3550 3055 ho-

1956 3082 2156 3137 minem
2184 3081 2273 3152 qui
2302 3096 2408 3136 non
2440 3075 2608 3152 possit
2635 3084 2832 3139 habere
2857 3086 3072 3155 aliquod
3097 3087 3295 3141 bonum
3316 3090 3458 3157 quod
3488 3099 3548 3146 tu

1958 3170 2195 3227 nondum
2224 3173 2409 3237 habes,
2433 3174 2641 3227 etiamsi
2662 3174 2843 3238 lateat,
2865 3175 2918 3228 in
2939 3191 3045 3244 quo
3065 3176 3180 3230 sine
3197 3178 3359 3232 dubio
3380 3180 3550 3247 possit

1957 3271 2014 3319 te
2061 3277 2181 3318 esse
2228 3263 2489 3334 superior.
2543 3264 2672 3330 Quae
2719 3265 2967 3335 cogitatio
3008 3266 3075 3320 ad
3118 3268 3548 3325 contundendam

1957 3354 2415 3426 edomandamque
2456 3356 2756 3427 superbiam
2787 3358 2957 3423 valet,
2999 3373 3067 3412 ne
3107 3358 3381 3415 arbitreris
3408 3376 3549 3431 quo-

1956 3448 2099 3503 niam
2128 3458 2216 3502 tua
2241 3449 2483 3518 quaedam
2514 3448 2650 3505 bona
2676 3450 2916 3505 eminent
2938 3459 2990 3503 et
3014 3460 3290 3520 apparent,
3321 3452 3441 3507 ideo
3469 3453 3549 3508 al-

1957 3548 2128 3597 terum
2154 3540 2299 3596 nulla
2325 3540 2523 3597 habere
2551 3557 2670 3612 qua:
2698 3541 2935 3608 lateant,
2968 3550 3022 3597 ct
3058 3542 3300 3598 fortassis
3329 3544 3547 3614 majoris

1958 3631 2212 3704 ponderis
2252 3634 2389 3687 bona
2431 3633 2620 3703 quibus
2668 3641 2720 3688 te
2759 3644 2977 3704 superat
3025 3635 3374 3691 nescientem.
3428 3637 3549 3692 Non

1958 3724 2101 3780 enim
2128 3724 2273 3779 falli'
2297 3738 2429 3790 nos,
2459 3732 2554 3779 aut
2592 3725 2892 3780 adulatione
2933 3724 3109 3795 potius
3133 3729 3228 3794 uti,
3259 3728 3548 3797 Apostolus

1953 3815 2129 3886 jubet,
2159 3832 2279 3873 cum
2307 3816 2457 3884 dicit,
2489 3815 2639 3871 Nihil
2658 3833 2748 3889 per
2766 3818 3130 3872 contentionem
3149 3835 3305 3889 neque
3328 3836 3417 3889 per
3434 3820 3549 3873 ina-

1959 3927 2073 3965 nem
2096 3910 2331 3981 gloriam,
2353 3910 2442 3963 sed
2465 3911 2519 3963 in
2555 3910 2835 3963 humilitate
2858 3910 3037 3962 mentis
3056 3911 3183 3963 alter
3201 3910 3414 3962 alterunt
3433 3912 3549 3964 exi-

1960 4003 2220 4057 stimantes
2236 4004 2545 4073 superiorem
2573 4002 2668 4057 sibi
2699 4001 2955 4073 (Philipp.
2983 4016 3044 4068 ιι,
3075 3999 3165 4075 5).
3201 4000 3316 4057 Non
3347 4002 3446 4058 hoc
3475 4004 3550 4059 ita

1960 4096 2217 4152 debemus
2261 4096 2591 4163 existimare,
2624 4103 2683 4151 ut
2719 4110 2825 4150 non
2868 4094 3266 4163 existimemus,
3308 4096 3403 4152 sed
3448 4110 3552 4153 nos

1961 4189 2266 4245 existimare
2311 4187 2612 4258 ﬁngamus;
2644 4187 2740 4245 sed
2789 4203 2914 4244 vere
2958 4188 3322 4244 existimemus
3349 4188 3550 4260 aliquid

1962 4282 2229 4338 occultum
2256 4296 2376 4338 esse
2411 4295 2568 4352 posse
2607 4283 2660 4338 in
2687 4282 2827 4348 alio,
2855 4296 2960 4352 quo
2989 4282 3142 4336 nobis
3168 4281 3414 4353 superior
3440 4284 3549 4350 sit,

1962 4375 2168 4430 etiamsi
2206 4375 2401 4430 bonum
2427 4384 2687 4441 nostrum,
2719 4388 2826 4444 quo
2852 4374 2943 4430 illo
2981 4373 3223 4429 videmur
3247 4375 3552 4443 superiores

1963 4480 2103 4530 esse,
2132 4480 2237 4521 non
2267 4466 2338 4521 sit
2363 4466 2650 4522 occultum.
2675 4464 2794 4520 ista:
2819 4465 3164 4535 cogitationes
3191 4464 3551 4535 deprimentes

1964 4560 2264 4631 superbiam
2288 4602 2302 4626 ,
2331 4569 2387 4614 et
2425 4569 2678 4615 acuentes
2716 4558 3094 4624 charitatem',
3138 4558 3337 4612 faciunt
3385 4572 3553 4613 onera

1964 4651 2195 4708 fraterna
2234 4654 2483 4718 invicem,
2517 4666 2621 4706 non
2650 4651 2818 4706 solum
2849 4666 3001 4720 aequo
3032 4650 3231 4715 animo,
3263 4649 3357 4704 sed
3389 4650 3553 4705 etiam

1965 4743 2316 4799 libentissime
2341 4744 2610 4798 sustineri.
2639 4743 2796 4796 Nullo
2816 4742 2974 4796 modo
2992 4751 3167 4796 autem
3193 4742 3261 4796 de
3281 4757 3551 4811 quoquam

1965 4835 2182 4891 homine
2212 4836 2480 4905 incognito
2507 4833 2724 4890 ferenda
2752 4833 3015 4907 sententia
3041 4841 3160 4887 est:
3184 4840 3240 4886 et
3264 4846 3424 4885 nemo
3448 4831 3553 4886 nisi

1966 4944 2061 4998 per
2083 4928 2366 4983 amicitiam
2387 4928 2741 4997 cognoscitur.
2775 4926 2837 4979 Et
2856 4924 2975 4978 ideo
2995 4921 3283 4976 amicorum
3304 4920 3442 4975 mala
3463 4922 3554 4974 fir-

1966 5021 2104 5074 mius
2128 5019 2472 5086 sustinemus,
2500 5018 2619 5087 quia
2644 5016 2782 5070 bona
2802 5028 2986 5069 eorum
3005 5026 3101 5067 nos
3123 5010 3454 5069 delectantet
3474 5020 3556 5069 te-

1965 5124 2069 5166 nen
2076 5120 2113 5164 Ι..

2038 5202 2090 5256 6.
2132 5200 2338 5255 Nullius
2359 5201 2533 5269 itaque
2556 5197 2881 5268 repudianda
2907 5208 2988 5253 est
3011 5199 3240 5255 amicitia
3261 5215 3379 5254 sese
3405 5200 3554 5270 inge-

1966 5293 2200 5362 gerenlis
2228 5292 2294 5346 ad
2315 5291 2599 5345 amicitiam
2625 5289 2974 5358 copulandam
2994 5307 3010 5357 ;
3034 5307 3138 5346 non
3170 5301 3227 5345 ut
3253 5289 3429 5346 statim
3460 5305 3553 5345 re-

1968 5387 2210 5457 cipiatur,
2239 5385 2331 5440 sed
2353 5392 2411 5438 ut
2442 5382 2775 5454 recipiendus
2800 5394 3030 5455 optetur,
3060 5395 3218 5455 atque
3255 5383 3325 5439 ita
3350 5390 3551 5438 tracte-

1969 5489 2073 5547 tur,
2095 5489 2150 5535 ut
2167 5479 2328 5548 recipi
2355 5477 2541 5548 possit.
2566 5477 2712 5532 Illum
2737 5480 2878 5534 enim
2898 5487 3167 5549 receptum
3189 5477 3242 5531 in
3262 5475 3553 5530 amicitiam

2040 5660 2055 5689 ¹
2083 5665 2214 5714 Lov.,
2230 5654 2454 5706 obediens
2480 5652 2627 5705 Patri.
2648 5657 2814 5714 Abest,
2836 5654 3062 5716 Patri,»
3080 5653 3223 5705 editis
3243 5649 3350 5702 aliis
3368 5657 3421 5702 et
3438 5658 3552 5707 ΜΒ.

2034 5722 2054 5751 ¹
2078 5721 2150 5768 sic
2164 5717 2387 5781 plerique
2406 5724 2513 5767 Mss.
2536 5724 2590 5766 At
2604 5717 2753 5781 editi,
2777 5715 2919 5780 fallit.

2037 5782 2057 5812 ³
2074 5778 2193 5831 Tres
2211 5778 2339 5845 Mssi,
2361 5786 2587 5846 augentes
2609 5778 2906 5830 charitutem.
