4134 6208
493 306 565 362 85
1221 300 1306 355 DE
1345 296 1656 354 DIVERSIS
1693 291 2099 363 ρυίεδτιυΝιι

2245 288 2530 357 LXXXIII,
2578 291 2635 346 S.
2685 291 3050 349 AUGUSTINI
3710 301 3781 359 84

493 432 780 490 possumus
805 415 1004 481 dicere,
1030 416 1116 472 cui
1150 416 1327 469 omnia
1353 414 1569 469 consilia
1595 420 1773 466 nostra
1801 408 2087 465 retundere

496 510 803 567 audeamus.
833 510 899 564 Et
933 510 975 563 si
1015 510 1289 579 quisquam
1318 517 1399 563 cst
1424 509 1510 578 qui
1540 522 1599 561 se
1624 520 1728 560 non
1754 504 1913 558 audet
1941 505 2089 573 inge.

499 617 619 657 rere
648 600 715 657 ad
742 601 1025 656 amicitiam
1058 599 1371 663 faciendam,
1400 614 1519 654 cum
1545 598 1723 667 aliquo
1743 604 1927 653 nostro
1958 603 2091 650 tem-

498 691 671 761 porali
694 691 895 746 honore
916 699 1006 747 aut
1031 690 1287 759 dignitate
1318 697 1630 752 revocetur,
1662 686 2089 743 descendendum

501 793 585 839 est
602 784 667 838 ad
690 799 832 848 eum,
855 791 910 837 et
928 781 1255 839 offerendum
1283 783 1358 837 illi
1380 782 1607 852 quadam
1629 782 1880 837 comitate
1896 789 1952 835 et
1966 781 2092 836 sub—

502 875 756 930 missione
782 874 979 941 animi,
1012 875 1153 944 quod
1200 885 1380 942 petere
1407 888 1503 942 per
1529 887 1587 928 se
1614 873 1730 942 ipse
1767 886 1871 927 non
1909 870 2088 927 audet.

501 968 641 1023 Sane
666 967 907 1036 quamvis
935 968 1135 1030 rarius,
1162 977 1338 1020 tamen
1363 965 1641 1033 aliquoties
1675 964 1867 1020 accidit
1894 973 1950 1016 ut
1973 963 2092 1029 ejus

503 1074 659 1128 quem
698 1059 940 1111 volumus
978 1059 1029 1111 in
1056 1058 1347 1112 amicitiam
1371 1057 1629 1126 recipere,
1660 1055 1803 1124 prius
1825 1055 1979 1110 nobis
2008 1054 2090 1109 ln-

505 1160 783 1205 noteseant
810 1150 947 1203 mala
975 1164 1132 1217 quam
1156 1148 1313 1211 bona,
1347 1147 1539 1217 quibus
1567 1146 1755 1202 olfensi
1782 1156 1837 1201 et
1862 1145 2092 1213 quodam

484 1241 666 1354 jmodo
712 1242 1011 1311 repercussi
1041 1238 1387 1309 relinquimus
1428 1256 1582 1306 eum,
1613 1250 1668 1294 et
1712 1238 1779 1294 ad
1832 1239 2093 1295 bonorum

510 1332 652 1354 -£__-l
734 1348 842 1354 ---μ
896 1334 1022 1354 f-_a-
1061 1332 1339 1354 --..--I.:-....
1390 1340 1506 1354 ---_a
1572 1330 1958 1354 Ξ-ΓΙ--..ι2,ι..,.-υ.
1990 1345 2091 1354 ...ι-

504 1332 681 1402 ejus‘,
728 1348 847 1403 quas
895 1334 1027 1388 forte
1054 1332 1345 1389 occultiora
1386 1340 1530 1399 sunt,
1572 1330 1961 1401 indagationem
1988 1345 2097 1386 non

504 1426 867 1495 pervenimus.
893 1426 1155 1480 Admonet
1176 1426 1353 1496 itaque
1382 1426 1636 1482 Dominus
1655 1425 1811 1481 .lesus
1829 1422 2090 1489 Christus,

502 1518 597 1587 qui
623 1531 720 1570 nos
739 1518 848 1570 vult
873 1515 1012 1571 effici
1033 1517 1328 1571 imitatores
1351 1531 1477 1571 suos
1498 1557 1512 1580 ,
1548 1524 1607 1571 ut
1634 1515 1749 1585 ejus
1778 1515 1985 1569 infirma
2011 1523 2095 1570 to-

504 1607 761 1674 leremus,
791 1616 849 1663 ut
877 1608 941 1661 ad
964 1608 1207 1677 quaedam
1235 1622 1383 1674 sana,
1414 1608 1466 1661 in
1491 1621 1717 1677 quorum
1742 1604 2098 1661 delectatione

506 1701 928 1769 acquiescamus,
954 1715 1049 1769 per
1071 1701 1345 1756 charitatis
1365 1701 1695 1756 tolerantiam
1724 1699 2094 1768 perducamurt

507 1792 599 1846 Ait
621 1792 765 1847 enim
799 1811 812 1847 :
842 1791 965 1846 Non
992 1801 1063 1845 est
1089 1808 1215 1862 opus
1240 1792 1379 1847 sanis
1408 1791 1648 1856 medicus,
1675 1791 1765 1845 sed
1801 1790 2097 1862 (egrotanti-

507 1882 598 1941 bns
620 1882 832 1953 (Matth.
859 1899 939 1948 ιι,
971 1882 1081 1951 12).
1112 1883 1360 1952 Ideoque,
1378 1883 1423 1938 si
1453 1890 1666 1953 propter
1694 1881 1889 1937 Christi
1919 1880 2097 1936 chari-

510 1983 674 2031 tatem
703 1975 863 2029 etiam
906 1989 1027 2029 eum
1059 1975 1148 2042 qui
1186 1974 1332 2028 omni
1371 1990 1438 2029 ex
1466 1983 1616 2043 parte
1656 1973 1894 2028 fortassis
1922 1987 2097 2042 tegm-

509 2071 588 2119 tat
607 2066 649 2132 ²,
679 2065 940 2134 repellere
964 2065 1032 2118 ab
1056 2065 1235 2119 animo
1279 2081 1385 2119 non
1414 2065 1691 2131 debemus,
1720 2065 1969 2134 quoniam
2005 2078 2097 2119 sa-

511 2158 626 2212 nari
658 2165 833 2226 potest
873 2174 966 2227 per
998 2158 1228 2213 Verbum
1260 2159 1392 2222 Dei;
1424 2167 1626 2228 quanto
1654 2158 1831 2212 minus
1859 2173 1983 2212 eum
2008 2156 2099 2226 qui

513 2258 791 2318 prepterea
842 2248 993 2304 nobis
1041 2248 1211 2304 videri
1261 2259 1433 2317 potest
1479 2258 1619 2303 totus
1663 2259 1923 2319 aegrotus,
1976 2248 2100 2317 quia

512 2339 754 2409 quaedam
775 2341 891 2409 ejus
918 2341 1095 2394 saucia
1124 2341 1174 2394 in
1211 2341 1385 2410 primo
1411 2343 1651 2410 ingressu
1713 2340 1962 2394 amicitia:
1993 2354 2103 2394 non

513 2431 782 2498 potuimus
806 2432 1069 2485 sustinere
1089 2473 1103 2495 ,
1135 2440 1192 2487 et.
1218 2432 1360 2500 quod
1398 2441 1481 2485 cst
1506 2431 1718 2500 gravius
1738 2472 1751 2491 ,
1781 2446 1904 2484 cum
1930 2428 2102 2483 offen-

515 2521 667 2577 sione
707 2522 869 2577 aaitni
914 2522 981 2577 de
1008 2531 1117 2576 toto
1156 2521 1369 2576 homine
1410 2522 1523 2576 ausi
1552 2536 1734 2576 sumus
1765 2521 2102 2577 temerariam

514 2612 808 2683 prtejudicii
852 2614 991 2667 ferre
1026 2614 1342 2668 sententiam
1364 2653 1379 2679 ,
1412 2628 1515 2669 n0n
1549 2612 1794 2667 timentes
1834 2611 1975 2681 quod
2019 2609 2104 2665 di-

516 2711 660 2758 ctum
682 2712 782 2767 est,
814 2702 987 2757 Nolite
999 2704 1256 2772 judicare,
1280 2713 1334 2757 ut
1354 2703 1793 2772 nonjudicemini;
1818 2710 1890 2767 et,
1919 2700 1982 2755 In
2004 2717 2103 2771 qua

517 2810 749 2848 mensura
771 2795 926 2849 mensi
954 2796 1166 2865 fueritis,
1189 2797 1243 2849 in
1273 2796 1497 2848 eamdem
1517 2795 1799 2848 remetietur
1827 2794 1961 2848 vobis
1990 2791 2098 2865 (Id.

519 2902 614 2954 vn,
644 2888 696 2953 1,
718 2886 797 2960 ε).
824 2888 977 2956 Smpe
1021 2897 1197 2942 autem
1236 2888 1320 2941 illa
1347 2904 1465 2957 quae
1493 2887 1629 2941 bona
1658 2895 1800 2952 sunt,
1830 2889 1974 2955 prius
2002 2900 2101 2954 ap-

518 2987 708 3048 parent
750 2996 763 3032 :
818 2979 870 3032 in
901 2978 1092 3048 quibus
1140 2981 1301 3033 etiam
1334 2978 1673 3033 temerarium
1724 2976 2104 3032 benevolentia

516 3067 772 3139 judicium
798 3068 1089 3124 cavendum
1119 3077 1233 3134 est,
1268 3083 1335 3122 ne
1368 3084 1488 3123 cum
1524 3078 1692 3122 totum
1725 3067 1920 3121 bonum
1950 3075 2104 3135 puta-

521 3160 693 3223 veris,
727 3174 788 3214 ea
827 3175 945 3228 qua:
983 3168 1163 3229 postea
1195 3160 1330 3213 mala
1361 3158 1736 3227 apparuerint,
1766 3172 2012 3213 securum
2050 3165 2106 3213 et

522 3255 841 3324 imparatum
892 3263 943 3309 te
990 3254 1288 3318 inveniant,
1343 3262 1398 3307 et
1433 3254 1646 3321 gravius
1692 3251 1999 3316 offendant;
2048 3261 2107 3307 ut

521 3363 645 3402 eum
673 3363 833 3417 quem
880 3357 1079 3402 temere
1124 3348 1386 3403 dilexeras
1431 3347 1674 3402 acerbius
1713 3346 1926 3413 oderis,
1963 3344 2107 3415 quod

523 3437 673 3492 nefas
698 3446 800 3492 est.
828 3437 961 3505 Quia
990 3438 1197 3493 etiamsi
1225 3438 1369 3493 nulla
1400 3438 1516 3507 ejus
1542 3438 1679 3491 bona
1710 3436 2105 3506 praecederent,

524 3538 579 3584 et
609 3529 724 3584 hinc
761 3544 880 3599 quae
920 3538 1101 3598 postea
1138 3537 1498 3598 apparuerunt
1534 3529 1693 3594 mala,
1726 3528 1873 3597 prius
1901 3528 2105 3584 emine.

522 3629 676 3688 rent,
710 3620 983 3677 toleranda
1023 3631 1196 3677 tamen
1223 3630 1412 3688 erant,
1448 3622 1619 3678 donec
1645 3621 1825 3676 omnia
1864 3637 1985 3675 cum
2015 3621 2108 3676 illo

523 3722 729 3784 ageres,
755 3713 949 3785 quibus
975 3713 1098 3768 talia
1123 3713 1299 3768 sanari
1326 3714 1502 3768 solent
1526 3732 1538 3767 :
1565 3723 1764 3784 quanto
1791 3714 1957 3781 magis
1985 3728 2106 3768 cum

521 3819 583 3860 ea
613 3804 750 3860 bona
778 3815 1185 3875 praecesserunt,
1216 3820 1335 3874 quae
1363 3815 1614 3875 tanquam
1640 3805 1861 3874 pignora
1892 3819 1990 3859 nos
2015 3803 2107 3858 de-

524 3895 653 3953 bent
678 3895 745 3951 ad
769 3899 1063 3965 posteriora
1088 3895 1361 3950 toleranda
1392 3894 1795 3966 constringere?

594 3989 647 4042 7.
679 3989 795 4059 Ipsa
811 3997 894 4045 est
918 4004 1043 4059 ergo
1069 3990 1151 4045 lex
1171 3988 1389 4055 Christi,
1420 3999 1476 4045 ut
1512 3989 1738 4043 invicem
1792 4002 1956 4044 onera
2002 4001 2109 4043 no-

524 4089 633 4136 stra
657 4089 951 4149 portemus.
978 4080 1248 4135 Christum
1278 4070 1456 4137 autem
1485 4079 1774 4150 diligendo,
1804 4078 1963 4135 facile
1983 4094 2105 4134 sus-

524 4172 756 4228 tinemus
807 4170 1167 4225 inﬁrmitatem
1191 4172 1435 4237 alterius,
1460 4174 1620 4226 etiam
1656 4188 1812 4242 quem
1867 4172 2107 4228 nondum

524 4271 739 4331 pr0pter
769 4264 903 4317 bona
928 4276 1020 4317 sua
1041 4261 1330 4331 diligimus.
1361 4261 1669 4332 Cogitamus
1686 4264 1828 4318 enim
1868 4266 1988 4334 quia
2017 4265 2108 4321 ille

522 4366 679 4421 quem
710 4351 999 4421 diligimus,
1031 4352 1288 4407 Dominus
1314 4361 1531 4421 propter
1556 4369 1677 4407 eum
1708 4362 1951 4410 mortuus
1999 4364 2103 4411 est.

521 4442 689 4511 Quam
723 4442 1037 4499 charitatem
1081 4444 1353 4512 apostolus
1405 4444 1599 4499 Paulus
1643 4444 1796 4500 nobis
1851 4446 2102 4516 ingessit,

520 4548 640 4588 etut]
663 4532 863 4590 diceret
888 4552 900 4586 :
934 4531 999 4587 Et
1025 4534 1201 4603 peribit
1231 4534 1533 4603 inﬁrmusin
1553 4545 1639 4588 tua
1669 4536 1875 4590 scientia
1924 4542 2102 4607 frater,

523 4634 728 4694 propter
746 4641 893 4694 quem
919 4624 1148 4679 Christus
1166 4634 1390 4680 mortuus
1410 4636 1479 4680 est
1518 4626 1578 4696 (Ι
1605 4624 1722 4680 Cor.
1767 4642 1862 4681 vut
1884 4669 1898 4694 ,
1950 4628 2008 4681 II
2048 4628 2065 4698 )
2087 4630 2099 4683 ι

523 4715 595 4772 Ut
614 4716 658 4773 si
684 4716 831 4771 illum
857 4715 1124 4773 infirmum
1148 4725 1363 4786 propter
1388 4718 1569 4773 vitium
1600 4735 1706 4790 quo
1727 4720 1966 4775 infirmus
1999 4729 2103 4789 est,

522 4808 698 4864 minus
722 4808 1007 4879 diligimus,
1036 4809 1184 4862 illum
1212 4808 1263 4861 in
1290 4824 1355 4862 eo
1384 4810 1806 4873 consideremus,
1838 4812 1926 4880 qui
1957 4827 2103 4866 mor-

520 4911 644 4957 tuus
668 4912 752 4959 est
768 4912 983 4973 prOpter
1010 4903 1177 4959 illum.
1206 4901 1474 4957 Christum
1506 4915 1681 4957 autem
1721 4919 1825 4958 non
1856 4904 2101 4974 diligere,

521 5009 628 5048 non
653 4994 951 5061 infirmitas,
971 4994 1066 5050 sed
1086 5010 1230 5052 mors
1255 5004 1355 5049 est.
1383 4994 1718 5065 QuaprOpter
1764 4997 1960 5065 ingenti
2010 5014 2104 5052 cu-

520 5098 580 5138 ra
610 5092 667 5140 et
693 5084 969 5153 implorata
997 5086 1088 5141 Dei
1132 5085 1492 5141 misericordia
1538 5087 1876 5155 cogitandum
1903 5098 2004 5154 est,
2035 5104 2105 5144 ne

521 5171 789 5229 Christum
814 5174 1141 5242 negligamus
1177 5186 1391 5246 propter
1442 5177 1708 5232 infirmum
1739 5219 1755 5244 ,
1799 5192 1919 5233 cum
1953 5180 2100 5235 infir-

523 5281 666 5320 mum
690 5263 981 5320 debeamus
996 5265 1214 5334 diligere
1243 5279 1460 5338 propter
1485 5269 1778 5325 Christum.

586 5401 601 5431 ¹
628 5405 825 5462 Septem
841 5404 969 5459 Mss,
993 5405 1040 5449 et
1060 5397 1127 5449 ad
1151 5396 1272 5447 bona
1308 5398 1413 5462 ejus
1442 5414 1457 5450 :
1486 5402 1727 5466 pauloque
1754 5412 1881 5466 post,
1901 5405 2104 5472 indaga-

586 5499 869 5593 rE'diti,_qi_ti
889 5536 953 5593 ex
975 5528 1111 5587 parte
1129 5519 1205 5593 pel
1225 5521 1414 5593 omnino
1436 5524 1651 5593 fortassis
1673 5534 1874 5590 aegrotat
1900 5542 1917 5577 :
1942 5529 2101 5591 paulo-

517 5597 617 5655 que
639 5594 754 5655 post.
768 5586 1139 5655 habebant,_qu_i
1160 5591 1352 5655 pntpter
1377 5598 1462 5655 nos
1482 5586 1636 5636 rideri
1656 5586 1816 5655 potest.
1840 5586 2098 5655 Mssivcro,

518 5648 993 5771 ωῃυριέωεῇοραηε
1027 5648 1243 5712 fortassis
1264 5652 1565 5711 wgt'otat....,
1590 5650 1671 5711 qui
1693 5658 1949 5715 propterea
1969 5648 2102 5707 nobis

2542 406 2755 463 LXXII.
2782 407 2862 463 De
2881 408 3184 481 temporibus
3201 413 3418 475 attentis.

2272 497 2449 566 Quaeri
2473 506 2647 568 potest
2680 499 2947 569 quomodo
2989 500 3057 556 ab
3085 501 3199 571 ipso
3227 503 3469 571 apostolo
3496 504 3662 562 Paulo
3688 507 3774 563 di-

2195 599 2336 646 ctum
2364 590 2452 658 sit,
2504 591 2633 644 Ante
2679 600 2910 661 tempora
2945 602 3133 649 teter-na
3160 592 3297 663 (Tit.
3328 611 3364 656 ι.
3395 594 3488 668 2).
3537 596 3594 654 Si
3634 599 3777 657 enim

2198 691 2477 752 tempora,
2527 683 2800 753 quomodo
2843 686 3083 741 aeterna?
3117 685 3227 741 Nisi
3269 686 3404 743 forte
3452 698 3575 749 ante
3603 691 3781 746 omnia

2198 782 2439 844 tempora
2464 773 2684 845 intelligi
2713 774 2893 830 voluit.
2913 775 3047 844 Quia
3074 777 3119 831 si
3146 776 3387 844 dixisset,
3420 790 3539 835 ante
3584 790 3780 851 tempo-

2196 884 2276 933 ra,
2305 882 2480 938 neque
2496 865 2803 932 addidisset,
2821 877 3041 935 (eterna;
3068 877 3249 939 posset
3268 870 3433 941 accipi
3452 912 3465 933 ,
3495 880 3619 928 ante
3638 888 3787 943 quac—

2198 956 2320 1011 dam
2351 968 2588 1026 tempora
2608 998 2624 1023 ,
2650 974 2769 1028 qua:
2791 968 2915 1014 ante
2933 973 2994 1016 sc
3046 958 3303 1016 haberent
3359 962 3461 1017 alia
3518 971 3778 1034 tempora.

2200 1047 2423 1104 Eterna
2450 1045 2628 1104 autem
2656 1047 2843 1107 maluit
2877 1048 3056 1111 dicere
3083 1066 3243 1122 quam
3277 1051 3453 1109 omnia
3471 1096 3487 1121 ,
3539 1052 3786 1111 fortassis

2202 1140 2344 1208 ideo,
2368 1140 2489 1210 quia
2515 1148 2726 1212 tempus
2751 1156 2861 1199 non
2880 1142 3041 1212 ccepit
3063 1158 3131 1198 ex
3150 1150 3414 1215 tempore.
3438 1145 3518 1201 An
3544 1154 3787 1216 tempora

2201 1244 2398 1291 aeterna
2425 1249 2598 1288 aevum
2616 1232 2964 1304 significavit;
2993 1234 3131 1289 inter
3153 1234 3294 1305 quod
3323 1243 3377 1290 et
3410 1245 3623 1306 tempus
3643 1276 3661 1306 ,
3684 1236 3791 1294 hoc

2201 1323 2549 1396 distat,un
2595 1324 2727 1381 illud
2779 1325 2971 1381 stabile
3000 1334 3117 1392 est.
3161 1333 3370 1398 tempus
3391 1335 3569 1384 autem
3610 1337 3789 1391 muta-

2202 1416 2308 1472 bile
2339 1416 2457 1489 (a)?

2204 1506 2439 1566 LXXIII.
2460 1506 2543 1563 De
2559 1525 2619 1565 eo
2645 1509 2782 1578 quod
2808 1509 3050 1579 scriptum
3074 1516 3147 1564 est
3176 1524 3196 1563 :
3222 1508 3289 1565 Et
3316 1508 3501 1565 habitu
3539 1510 3789 1571 inventus

2626 1610 2686 1656 ut
2715 1601 2875 1657 homo
2907 1596 3174 1674 (Philipp.
3201 1616 3260 1668 ιι,
3287 1601 3366 1672 7).

2273 1693 2325 1748 I.
2376 1691 2555 1749 Multis
2609 1691 2784 1749 modis
2834 1692 3076 1751 habitum
3121 1692 3393 1750 dicimus:
3421 1694 3505 1751 vel
3550 1693 3791 1761 habitum

2203 1785 2388 1851 animi,
2417 1785 2558 1840 sicut
2586 1792 2672 1842 est
2717 1784 3101 1858 cuiuscumque
3143 1785 3437 1858 disciplinas
3480 1789 3790 1859 perceptio,

2205 1889 2305 1929 usu
2331 1874 2580 1930 roborata
2605 1884 2766 1946 atque
2792 1874 3034 1942 ﬁrmata;
3086 1876 3171 1932 vel
3221 1876 3461 1935 habitum
3504 1879 3750 1949 corporis
3767 1919 3791 1955 ν

2203 1967 2494 2025 secundum
2524 1983 2683 2039 quem
2727 1958 2954 2025 dicimus
3006 1969 3171 2027 alium
3196 1969 3303 2024 alio
3342 1984 3461 2026 esse
3508 1971 3792 2028 succulent-

2204 2063 2399 2118 tiorem
2424 2072 2479 2117 et
2490 2061 2821 2126 validiorem,
2841 2077 2960 2131 quae
2981 2062 3150 2132 magis
3171 2062 3388 2133 proprie
3413 2062 3665 2119 habitudo
3685 2063 3794 2121 dici

2205 2154 2374 2218 solet;
2409 2152 2489 2208 vel
2510 2152 2750 2207 habitum
2784 2167 2968 2208 eorum
2996 2168 3116 2223 quae
3168 2153 3422 2209 membris
3461 2156 3663 2211 nostris
3695 2169 3795 2211 acq-

2206 2240 2979 2299 commodantur‘extrinsecus
2999 2283 3015 2310 ,
3043 2242 3331 2299 secundum
3357 2258 3517 2314 quem
3565 2243 3794 2301 dicimus

2205 2336 2480 2402 vestitum,
2507 2334 2826 2401 calceatum,
2874 2344 3158 2400 armatum,
3186 2344 3241 2391 et
3260 2336 3310 2391 si
3333 2336 3477 2407 quod
3529 2335 3796 2407 ejusmodi

2206 2437 2309 2484 est.
2333 2428 2391 2482 In
2418 2414 2615 2498 quibus
2642 2427 2890 2483 omnibus
2910 2428 3198 2499 generibus
3240 2428 3311 2498 (si
3352 2428 3568 2499 quidem
3598 2444 3796 2491 nomen

2208 2519 2311 2575 hoc
2335 2519 2553 2574 ductum
2584 2527 2669 2574 est
2691 2519 2760 2574 ab
2786 2519 2876 2574 illo
2902 2520 3088 2587 verbo,
3120 2520 3263 2591 quod
3286 2530 3371 2578 est
3399 2519 3596 2578 habere
3620 2519 3641 2596 )
3681 2537 3798 2581 ma-

2209 2612 2458 2667 nifestum
2485 2611 2637 2667 estin
2658 2627 2721 2666 ea
2770 2626 2830 2667 re
2857 2611 2961 2667 dici
2991 2600 3229 2668 habitum
3254 2653 3269 2678 ,
3301 2629 3422 2684 qua:
3467 2613 3663 2673 accidit
3701 2615 3798 2679 ali-

2207 2704 2313 2767 cui,
2338 2703 2407 2755 ita
2436 2711 2493 2756 ut
2520 2717 2638 2757 eam
2671 2707 2836 2771 possit
2861 2703 3021 2759 etiam
3049 2717 3155 2759 non
3203 2704 3424 2769 habere.
3455 2706 3588 2762 Nam
3614 2715 3669 2763 et
3695 2706 3797 2765 dou

2208 2793 2377 2848 ctrina
2405 2792 2599 2849 accidit
2627 2797 2827 2860 animo,
2856 2803 2910 2850 et
2948 2810 3138 2850 succus
3169 2811 3234 2852 ac
3261 2796 3426 2853 robur
3465 2799 3710 2870 corpori;
3739 2806 3800 2861 at

2210 2885 2373 2939 vestis
2409 2894 2568 2954 atque
2614 2900 2801 2950 arma,
2855 2902 2961 2942 non
3001 2886 3220 2943 dubium
3257 2897 3342 2944 est
3376 2890 3504 2961 quin
3554 2892 3799 2954 accidant

2210 2976 2462 3031 membris
2490 2977 2721 3032 nostris:
2753 2979 2826 3031 ita
2846 2987 2903 3032 ut
2927 2979 3280 3048 etimperitus
3302 2982 3471 3052 possit
3517 2997 3637 3039 esse
3686 2986 3799 3053 api.

2210 3085 2351 3133 mus,
2381 3071 2425 3124 si
2452 3070 2499 3124 ei
2531 3070 2772 3126 doctrina
2804 3088 2906 3127 non
2935 3072 3232 3140 accideret;
3257 3082 3312 3129 et
3330 3074 3473 3131 exile
3490 3084 3654 3147 atque
3689 3078 3799 3135 lan-

2209 3161 2427 3231 guidum
2442 3176 2656 3231 corpus,
2676 3162 2791 3217 sine
2816 3177 2976 3218 succo
2994 3164 3256 3219 viscerum
3280 3174 3337 3220 et
3361 3165 3591 3234 robore;
3614 3178 3673 3225 et
3698 3184 3798 3225 nu.-

2212 3254 2313 3309 dns
2334 3255 2450 3310 sine
2468 3262 2632 3318 veste,
2655 3264 2710 3308 et
2736 3255 2954 3310 inermis
2976 3257 3092 3312 sine
3120 3256 3308 3322 armis,
3361 3266 3417 3313 et
3469 3259 3604 3329 pede
3649 3260 3796 3319 nudo

2212 3346 2328 3401 sine
2355 3345 2731 3401 calceamentis
2760 3360 2880 3402 esse
2907 3346 3070 3401 homo
3107 3357 3301 3416 potest.
3341 3349 3567 3408 Habitus
3588 3367 3716 3424 ergo
3739 3354 3798 3417 in

2213 3456 2273 3495 ea
2302 3436 2363 3495 r'e
2387 3441 2601 3507 dicitur,
2625 3456 2741 3510 quae
2783 3441 2935 3496 nobis
2964 3450 3023 3496 ut
3053 3441 3309 3499 habeatur
3335 3444 3549 3501 accidit.
3574 3445 3799 3505 Verum-

2216 3541 2391 3587 tamen
2418 3531 2520 3587 hoc
2542 3534 2780 3597 interest,
2810 3534 2950 3602 quod
2979 3535 3222 3605 quasdam
3264 3551 3451 3593 eorum
3492 3553 3613 3608 qua:
3646 3539 3799 3599 neci.

2213 3625 2345 3679 dunt
2375 3625 2548 3691 nobis,
2569 3636 2626 3679 ut
2654 3626 2888 3681 habitum
2910 3626 3140 3693 faciant,
3187 3644 3295 3684 non
3325 3638 3599 3687 mutantur
3618 3645 3652 3687 a
3696 3646 3801 3690 no-

2214 3715 2312 3779 bis,
2344 3715 2438 3771 sed
2470 3717 2581 3785 ipsa
2606 3732 2703 3770 nos
2724 3726 2930 3771 mutant
2955 3717 3009 3771 in
3034 3732 3115 3785 se,
3135 3721 3248 3785 ipsa
3274 3721 3479 3790 integra
3521 3729 3577 3777 et
3610 3720 3799 3780 inme

2213 3820 2369 3860 cussa
2391 3807 2657 3861 manentia
2691 3824 2701 3860 :
2738 3808 2890 3862 sicuti
2919 3809 3197 3876 sapientia,
3222 3825 3345 3865 cum
3395 3810 3587 3868 accidit
3628 3812 3801 3875 humi»

2216 3898 2264 3950 ui
2286 3938 2300 3963 ,
2330 3913 2434 3952 non
2458 3898 2570 3967 ipsa
2596 3908 2848 3962 mutatur,
2881 3899 2973 3954 scd
3008 3898 3278 3956 hominem
3305 3912 3494 3970 mutat,
3542 3919 3700 3974 quem
3724 3902 3798 3962 de

2214 3990 2376 4043 stulto
2399 3992 2690 4059 sapientem
2715 3990 2858 4047 facit.
2884 3992 3136 4060 Quaedam
3154 4010 3284 4051 vero
3315 3996 3393 4052 sic
3419 3996 3703 4064 accidunt,
3735 4007 3799 4059 ιιι

2214 4090 2265 4134 et
2304 4090 2508 4135 mutent
2535 4091 2591 4137 et
2612 4092 2880 4139 mutentur
2919 4100 2933 4138 :
2977 4085 3133 4141 sicuti
3180 4087 3332 4144 cibus
3380 4089 3495 4159 ipse
3542 4091 3796 4149 amittens

2214 4175 2445 4241 speciem
2472 4189 2645 4243 suam,
2679 4176 2728 4230 in
2767 4190 2964 4246 corpus
3004 4187 3245 4233 nostrum
3291 4183 3549 4249 vertitur;
3597 4190 3653 4238 et
3693 4196 3798 4241 non

2214 4264 2397 4320 rcl‘ccti
2430 4266 2656 4331 cibo,ab
2686 4269 2922 4324 exiliente
2949 4279 3109 4340 atque
3134 4271 3389 4342 languore
3422 4274 3476 4329 in
3519 4273 3681 4329 robur
3704 4282 3795 4331 ah

2214 4371 2315 4425 que
2342 4356 2619 4411 valcntiam
2648 4369 3056 4415 commutamur.
3089 4360 3323 4418 Tertium
3342 4380 3469 4419 vero
3491 4378 3658 4433 genus
3680 4370 3783 4433 est,

2212 4461 2329 4500 cum
2364 4446 2474 4516 ipsa
2502 4462 2617 4514 qua:
2646 4447 2909 4516 accidunt,
2928 4459 3196 4506 mutantur
3222 4461 3278 4505 ut
3306 4451 3538 4506 habitum
3567 4451 3787 4524 faciant,

2212 4548 2265 4595 et
2289 4539 2514 4608 quodam
2546 4539 2702 4595 modo
2730 4539 3021 4598 formantur
3064 4543 3131 4597 ab
3183 4543 3260 4598 eis
3307 4543 3499 4613 quibus
3552 4545 3790 4604 habitum

2213 4632 2426 4698 faciunt,
2480 4634 2633 4687 sicuti
2687 4643 2769 4689 est
2811 4636 3015 4689 vestis:
3048 4650 3169 4689 nam
3221 4650 3341 4691 cum
3394 4636 3625 4706 reposita
3652 4638 3671 4671 ³
3703 4639 3792 4697 vel

2214 4723 2443 4791 proiecta
2469 4734 2577 4787 est,
2612 4740 2716 4776 non
2747 4723 2899 4779 habet
2955 4739 3071 4780 eam
3116 4725 3362 4792 formam,
3415 4742 3572 4796 quam
3628 4729 3792 4784 sumit

2210 4829 2327 4867 eum
2357 4814 2588 4868 induitur
2609 4825 2766 4884 atque
2805 4815 3068 4871 inducitur
3092 4817 3369 4873 membris.
3424 4818 3562 4890 Ergo
3608 4820 3788 4877 induta

2210 4904 2399 4971 accipit
2430 4904 2649 4959 formam
2677 4920 2833 4974 quam
2878 4923 2980 4961 non
3008 4906 3237 4963 habebat
3258 4918 3413 4964 exuta
3442 4926 3459 4975 ;
3506 4925 3625 4965 cum
3674 4909 3787 4981 ipsa

2211 4998 2468 5061 membra,
2497 5006 2549 5050 ct
2576 5014 2693 5051 eum
2723 5011 3008 5067 exuuntur,
3033 5009 3225 5057 etcum
3256 5001 3563 5070 induuntur,
3596 5004 3647 5056 in
3687 5019 3788 5061 suo

2210 5097 2348 5141 statu
2377 5096 2643 5141 maneant.
2674 5089 2852 5144 Potest
2881 5107 2999 5147 esse
3016 5103 3068 5147 et
3092 5102 3336 5164 quartum
3363 5109 3551 5164 genus,
3578 5110 3697 5151 cum
3725 5111 3789 5151 ea

2209 5196 2327 5250 qua:
2356 5180 2621 5248 accidunt,
2652 5182 2718 5237 ad
2737 5183 3031 5240 faciendqu
3059 5186 3316 5250 habitum,
3349 5202 3449 5241 nec
3475 5202 3540 5242 ea
3582 5196 3788 5244 mutant

2208 5272 2400 5340 quibus
2426 5273 2689 5340 accidunt,
2718 5290 2815 5329 nec
2835 5275 2902 5329 ab
2923 5277 3001 5330 cis
3028 5277 3138 5345 ipsa
3162 5285 3432 5331 mntantur
3463 5295 3476 5330 :
3503 5277 3658 5336 sicuti
3687 5295 3789 5335 an-

2210 5363 2367 5415 nulus
2395 5362 2580 5432 digito,
2614 5364 2657 5418 si
2690 5381 2794 5419 non
2821 5366 2979 5420 nimis
2999 5366 3265 5420 subtiliter
3303 5367 3625 5424 attendatur.
3681 5369 3788 5428 Ve-

2208 5462 2505 5508 rumtamen
2533 5454 2633 5510 hoc
2660 5472 2827 5526 genus
2869 5466 2963 5510 aut
3014 5456 3216 5511 nullum
3262 5465 3364 5525 est,
3416 5459 3465 5513 si
3508 5458 3792 5531 diligenter

2210 5543 2481 5611 discutias,
2516 5554 2607 5600 ant
2632 5548 2845 5601 omnino
2859 5548 3215 5606 rarissimum.

2274 5719 2290 5786 ξ
2320 5720 2931 5786 ιδιειεζὶβιθεδᾳωρ-ηῇπυω,
2956 5720 3188 5786 deposita.

2269 5779 2345 5843 (a)
2503 5780 2562 5830 ti
2580 5780 2646 5835 de
2665 5781 2801 5835 Civit.
2820 5779 2936 5848 Dei,
2957 5779 3065 5850 cap.
3090 5784 3170 5836 l6.
