4180 6214
273 342 354 401 εδ
1743 333 1945 390 LIBER
1987 335 2183 392 uuus.
3496 339 3565 397 ss

350 452 408 509 2.
429 450 565 515 Cum
594 463 725 521 ergo
744 448 1034 519 Apostolus
1060 446 1127 504 de
1167 447 1441 518 unigenito
1482 446 1577 505 Dei
1621 446 1760 507 Filio
1788 448 1871 504 lo-

269 556 555 620 queretur,
587 555 843 615 quantum
869 543 1100 615 pertinet
1135 539 1202 596 ad
1227 540 1343 613 ejus
1370 540 1699 603 divinitatem
1729 580 1745 607 ,
1777 554 1870 597 88?

269 640 509 697 eundum
536 637 589 695 id
611 636 755 708 quod
785 635 1096 691 verissimus
1146 633 1285 697 Deus
1313 642 1416 702 est,
1445 632 1691 705 tequidem
1734 629 1871 689 dixit

269 748 395 791 esse
422 731 593 795 Patri,
621 726 763 799 quod
784 743 887 787 non
911 727 959 782 ei
986 724 1082 787 fuit
1108 733 1358 797 tanquam
1392 724 1648 796 rapinam.
1678 723 1733 787 id
1758 733 1863 794 est,

270 823 430 895 quasi
459 822 693 881 alienum
734 827 1025 889 appetere,
1067 817 1112 871 si
1160 830 1376 886 semper
1429 829 1653 877 manens
1700 815 1756 877 in
1803 828 1869 875 ea

270 914 599 983 aequalitate,
619 896 783 970 nollet
804 909 1020 965 homine
1044 906 1210 974 indui,
1228 915 1282 967 et
1310 906 1607 989 hominibus
1627 914 1684 971 ut
1709 905 1868 971 homo

270 1020 532 1075 apparere
562 1020 576 1058 :
605 1001 699 1059 scd
739 1002 1061 1070 semetipsum
1107 1000 1381 1061 emittanivit
1410 1040 1426 1064 ,
1481 1013 1586 1067 non
1642 997 1866 1063 formam

270 1111 426 1150 suam
454 1103 684 1159 mutans,
715 1091 809 1147 sed
831 1094 1051 1164 formam
1069 1090 1198 1149 servi
1226 1088 1513 1161 accipiens;
1532 1103 1717 1167 neque
1734 1103 1867 1153 cons

271 1203 462 1243 vorsus
488 1194 579 1241 aut
606 1191 989 1249 transmutatus
1021 1182 1072 1238 in
1108 1182 1399 1247 hominem,
1431 1179 1625 1247 amissa
1662 1178 1865 1245 incum-

271 1279 517 1335 mutabili
539 1278 848 1344 stabilitate,
877 1260 973 1331 sed
998 1289 1296 1347 quanquam
1333 1264 1349 1304 ί
1376 1276 1559 1357 verum
1592 1271 1864 1353 hominem

270 1372 636 1445 suscipiendo,
664 1371 779 1442 ipse
802 1377 1097 1438 suSt‘eptor,
1119 1368 1173 1425 in
1201 1352 1583 1429 similitudinem
1605 1352 1866 1431 hominum

270 1470 463 1538 factus,
498 1479 601 1529 non
632 1461 751 1526 sibi,
780 1459 873 1517 sed
903 1460 981 1515 eis
1008 1446 1274 1541 quibusin
1316 1455 1533 1541 homine
1581 1455 1825 1541 apparuit
1845 1496 1862 1523 ,

271 1554 453 1611 habitu
471 1558 698 1609 inventus
715 1562 789 1621 est
807 1560 861 1606 ut
878 1546 1027 1607 homo
1042 1540 1297 1621 (Philipp,
1314 1564 1373 1619 tt,
1393 1540 1447 1615 6,
1464 1548 1517 1631 ἶ)
1536 1565 1550 1615 ;
1575 1540 1625 1607 id
1641 1556 1740 1631 est,
1764 1547 1863 1617 lia,-

271 1646 457 1713 bendo
486 1646 774 1711 hominem,
802 1644 1050 1705 inventus
1071 1650 1154 1699 est
1172 1646 1230 1696 tit
1249 1630 1431 1705 homo,
1456 1628 1570 1703 Non
1597 1628 1738 1693 enim
1771 1653 1866 1707 pos

273 1751 413 1797 terat
440 1736 664 1799 inveniri
687 1737 829 1791 Deus
854 1724 876 1767 ί
904 1734 972 1795 ab
1000 1720 1063 1789 iis
1087 1733 1177 1803 qui
1204 1747 1299 1787 cor
1338 1729 1669 1799 immundum
1697 1720 1863 1784 habes

272 1820 425 1898 bant,
455 1840 509 1886 et
543 1827 773 1883 Verbum
799 1824 937 1897 apud
971 1820 1182 1907 Patrem
1207 1818 1388 1891 videre
1432 1836 1538 1885 non
1577 1826 1863 1907 poterant,

273 1924 377 1979 nisi
407 1918 509 1976 hoc
527 1917 865 1991 suscipiendo
890 1906 1031 2003 quod
1047 1923 1268 1987 possent
1294 1910 1497 2003 videre,
1521 1921 1587 2003 et
1604 1929 1701 1985 per
1721 1906 1865 1997 quod

274 2006 341 2073 ad
369 2014 497 2079 illud
527 2014 705 2073 lumen
733 2008 955 2079 interius
984 2000 1328 2075 ducerentur.
1362 2000 1467 2060 Iste
1505 2000 1681 2063 autem
1707 2003 1864 2069 habi-

278 2118 363 2165 tus
382 2122 486 2162 non
515 2114 594 2161 est
620 2120 690 2161 ex
716 2102 892 2175 primo
914 2114 1141 2172 genere;
1175 2113 1281 2161 non
1303 2097 1444 2167 enim
1474 2110 1696 2161 manens
1732 2096 1783 2151 in
1806 2098 1866 2152 se

277 2210 465 2257 natura
496 2197 731 2255 hominis
758 2202 1000 2249 naturam
1041 2182 1138 2248 Dei
1176 2189 1528 2273 commutavit
1550 2206 1562 2241 :
1586 2203 1756 2259 neque
1799 2203 1867 2247 ex

276 2293 552 2360 secundo;
580 2306 688 2346 non
712 2288 854 2344 enim
875 2295 929 2343 et
947 2284 1168 2342 mutavit
1189 2283 1351 2345 homo
1377 2282 1543 2347 Deum
1563 2322 1580 2348 ,
1609 2288 1665 2336 et
1689 2288 1867 2361 muta.

276 2395 363 2443 tus
387 2393 471 2442 est
512 2382 690 2439 abillo
718 2398 733 2435 :
765 2394 941 2452 neque
959 2394 1027 2434 ex
1052 2386 1281 2449 quarto;
1316 2390 1420 2430 non
1468 2372 1613 2429 enim
1666 2373 1744 2428 sic
1775 2387 1866 2439 as-

274 2488 519 2548 sumptus
544 2484 626 2532 est
651 2474 833 2541 homo,
857 2476 915 2525 ut
940 2484 1113 2540 neque
1134 2469 1248 2541 ipse
1269 2472 1502 2533 mutaret
1529 2460 1695 2521 Deum
1714 2506 1732 2531 ,
1761 2479 1865 2525 nec

274 2570 342 2635 ah
362 2569 458 2629 illo
475 2574 769 2623 mutaretur
802 2581 814 2618 :
840 2561 934 2619 sed
962 2560 1139 2632 potius
1181 2573 1247 2614 ex
1270 2557 1459 2624 tertio;
1482 2556 1563 2615 sic
1580 2554 1725 2615 enim
1772 2569 1863 2612 as-

273 2660 526 2733 sumptus
550 2668 651 2727 est,
683 2665 737 2712 ut
787 2661 1207 2721 commutaretur
1226 2652 1281 2711 in
1306 2649 1493 2704 melius
1520 2690 1538 2717 ,
1585 2656 1640 2704 et
1684 2647 1753 2702 ab
1799 2661 1869 2703 eo

274 2756 601 2815 i‘ormaretur
651 2747 991 2806 ineli‘ahiliter
1033 2740 1391 2807 excellentius
1418 2750 1604 2823 atque
1644 2737 1869 2809 conjun-

280 2853 420 2909 ctius
449 2862 612 2920 quam
642 2845 824 2911 vestis,
845 2856 967 2899 cum
996 2840 1063 2895 ab
1089 2836 1307 2895 homine
1332 2835 1590 2893 induitur.
1619 2832 1732 2893 Hoc
1773 2846 1865 2895 θιι-

274 2959 341 3015 go
362 2942 576 3001 habitus
596 2938 809 2997 nomine
829 2935 963 2999 satis
988 2929 1307 3003 signiﬁcavit
1333 2928 1622 2999 Apostolus
1667 2939 1863 2997 quem-

276 3033 563 3091 admodum
591 3029 804 3093 dixerit,
834 3027 890 3085 in
917 3022 1299 3081 similitudinem
1355 3020 1615 3079 hominum
1662 3022 1865 3090 factus;

276 3128 398 3199 quia
420 3142 527 3181 non
554 3118 1018 3192 transﬁguratione
1043 3119 1095 3173 in
1126 3114 1421 3181 hominem,
1452 3111 1547 3169 sed
1578 3109 1762 3199 habitu
1777 3109 1865 3165 ia-

276 3227 396 3273 ctus
424 3224 528 3283 est,
557 3229 678 3271 cum
703 3210 920 3277 indutus
944 3216 1029 3267 est
1052 3206 1298 3271 homine,
1316 3218 1474 3274 quem
1523 3200 1622 3257 sibi
1677 3198 1868 3255 ueiens

278 3309 514 3382 quodam
528 3306 692 3365 modo
715 3314 875 3376 atque
902 3300 1262 3365 cunt'ormans,
1287 3293 1671 3355 immortalitati
1711 3301 1867 3349 aiter-

278 3402 533 3473 nimique
554 3398 804 3457 sociarat.
832 3394 938 3453 Sed
960 3393 1110 3453 illum
1138 3390 1399 3469 habitum,
1427 3387 1627 3457 quiest
1653 3385 1708 3445 in
1738 3399 1867 3456 per:

279 3494 527 3564 captione
554 3488 831 3561 sapientia:
850 3495 904 3542 et
932 3484 1254 3555 disciplinae,
1278 3479 1453 3537 Graeci
1491 3488 1586 3547 ιειν
1629 3485 1822 3535 vocant
1848 3494 1864 3533 :

280 3582 426 3639 hune
451 3589 655 3646 autem,
682 3575 976 3634 secundum
1016 3586 1173 3644 quem
1216 3569 1444 3626 dicimus
1493 3567 1744 3623 vestitum
1782 3564 1868 3645 vel

280 3684 541 3734 armatum
566 3688 736 3744 σχῆμα
754 3671 931 3743 potius
952 3674 1163 3723 vocant.
1219 3664 1297 3723 Ex
1330 3677 1437 3733 quo
1466 3659 1775 3737 intelligitur
1799 3658 1868 3719 de

281 3770 386 3827 isto
407 3782 602 3839 genere
627 3764 847 3821 habitus
869 3762 1103 3817 locutum
1140 3757 1491 3828 Apostolum;
1532 3752 1867 3835 quandoquie

281 3862 405 3917 dem
436 3860 488 3913 in
510 3857 702 3929 graecis
726 3850 1125 3923 exemplaribus
1165 3860 1382 3919 σχήματι
1427 3846 1681 3915 scriptum
1738 3851 1863 3913 est,

283 3950 427 4024 quod
452 3963 554 4006 nos
603 3948 660 4004 in
688 3944 868 4007 latinis
926 3942 1101 4001 habitu
1157 3940 1432 3999 habemus.
1482 3937 1599 4006 Quo
1651 3936 1868 3997 nomine

282 4048 500 4111 oportet
518 4037 739 4108 intelligi
775 4050 883 4093 non
921 4042 1186 4090 mutatum
1241 4046 1362 4095 esse
1398 4029 1632 4087 Verbum
1680 4042 1866 4085 δυεεετ-

282 4132 473 4203 ptione
491 4128 739 4195 hominis,
770 4126 930 4185 sicuti
970 4139 1071 4180 nec
1098 4122 1333 4178 membra
1358 4122 1506 4177 veste
1552 4118 1732 4174 induta
1752 4132 1868 4172 mu-

282 4229 475 4277 tantur
504 4236 519 4273 :
548 4233 838 4290 quanquam
866 4216 956 4281 illa
996 4212 1273 4295 susceptio
1298 4209 1631 4266 ineffabilitcr
1679 4223 1862 4295 susce:

285 4323 437 4385 ptum
464 4288 766 4383 suscipienti
788 4307 1147 4381 copulaverit:
1180 4288 1275 4361 sed
1297 4312 1549 4374 quantum
1579 4291 1742 4369 verba
1768 4302 1869 4361 hus-

287 4422 444 4462 mana
473 4405 633 4461 rebus
651 4402 1005 4461 ineﬂabilibus
1031 4397 1265 4471 coaptari
1306 4404 1526 4467 poSsunt
1547 4437 1562 4461 ,
1595 4412 1663 4453 ne
1691 4403 1869 4455 muta.-

288 4509 376 4555 tns
413 4497 741 4568 intelligatur
761 4496 903 4551 Deus
933 4494 1180 4551 humanae
1221 4488 1521 4559 fragilitatis
1546 4488 1869 4559 assumptiOe

285 4606 359 4648 ne
379 4589 424 4659 ³,
455 4590 683 4646 electum
707 4594 790 4642 est
814 4593 871 4651 ut
896 4600 1071 4656 grtece
1093 4597 1258 4653 σχῆμα
1274 4622 1289 4647 ,
1318 4588 1372 4635 et
1409 4579 1569 4635 latine
1593 4578 1866 4639 diceretur

286 4680 501 4736 habitus
525 4671 612 4734 illa
638 4676 922 4748 susceptio.

284 4764 529 4841 LXXIV.
556 4769 635 4822 De
663 4785 718 4824 eo
738 4769 873 4841 quod
917 4768 1159 4841 scriptum
1180 4774 1251 4821 est
1278 4764 1587 4841 in_Epist_ola
1631 4764 1873 4841 Pauli

359 4840 679 4897 Calossénses
701 4860 718 4898 ;
738 4836 791 4891 in
823 4854 927 4907 quo
957 4838 1213 4891 habemus
1251 4836 1675 4908 redemptionem
1704 4845 1756 4890 et
1780 4836 1871 4908 re-

359 4910 672 4965 missionem
721 4900 1092 4978 peccatorum,
1124 4908 1213 4977 qui
1234 4916 1317 4963 est
1343 4900 1518 4978 imago
1545 4900 1643 4963 Dei
1688 4905 1871 4962 invisi'

357 4982 483 5037 bilis
510 4978 740 5053 (Colon.
772 4996 811 5042 ι,
848 4979 932 5044 Η,
967 4979 1077 5049 i5).

358 5072 539 5141 Imago
596 5080 653 5126 et
702 5068 977 5141 aequalitas
1031 5076 1089 5124 et
1140 5068 1432 5124 similitudo
1505 5066 1873 5138 distinguenda

284 5175 430 5220 sunt.
462 5162 595 5229 Quia
617 5162 705 5216 ubi
730 5160 1193 5231 imago,continuo
1230 5160 1538 5224 similitudo.
1568 5175 1677 5216 non
1698 5160 1874 5217 conti-

286 5273 397 5312 nuo
426 5254 704 5325 aequalitas
737 5272 750 5307 ;
780 5253 869 5308 ubi
890 5253 1189 5323 aequalitas,
1226 5251 1482 5307 continuo
1534 5250 1828 5305 similitudo
1855 5274 1875 5315 θ

285 5364 396 5403 non
419 5348 673 5402 continuo
720 5347 896 5416 imago
928 5362 940 5398 :
977 5345 1064 5399 ubi
1092 5344 1382 5400 similitudo
1411 5385 1428 5409 ,
1476 5359 1582 5397 non
1623 5344 1876 5399 continuo

284 5441 487 5510 imago,
511 5454 616 5493 non
642 5439 897 5494 continuo
917 5438 1211 5507 aequalitas.
1246 5436 1347 5493 Ubi
1376 5436 1551 5507 imago
1579 5476 1594 5502 ,
1621 5438 1876 5494 continuo

351 5584 371 5611 ι
396 5579 471 5639 sic
491 5584 599 5627 uss.
623 5584 751 5627 octo.
778 5582 837 5639 at
858 5576 991 5636 editi,
1018 5576 1106 5626 sed
1130 5581 1375 5639 umquam.

348 5642 371 5673 ί
393 5636 732 5689 cistereiensis
751 5637 907 5701 codex
923 5632 1101 5687 mnittit
1113 5675 1128 5697 ,
1160 5632 1317 5699 Dens;
1338 5638 1477 5701 cujus
1494 5635 1625 5685 vocis
1646 5633 1753 5684 loco
1774 5632 1879 5697 plu-

280 5714 375 5757 res
394 5708 506 5752 llas.
532 5701 740 5757 habent,
760 5705 811 5749 ut
833 5697 988 5750 hausti.

349 5765 500 5874 git-at:
523 5767 671 5874 et
693 5757 918 5827 plerique
938 5767 1069 5817 Mss...
1091 5768 1377 5817 Wr.
1395 5787 1456 5800 —
1472 5762 1545 5812 Sic
1565 5760 1710 5812 etiam
1730 5757 1879 5825 Lugd.

1980 450 2294 519 similitudo,
2322 465 2426 507 non
2459 454 2715 510 continuo
2733 454 3045 526 aequalitas:
3070 455 3209 511 utin
3233 455 3452 529 speculo
3478 460 3566 513 est

1981 542 2156 613 imago
2180 541 2439 610 hominis,
2471 544 2592 614 quia
2620 543 2688 599 de
2712 544 2805 600 illo
2820 560 3071 616 expressa
3099 554 3216 612 est;
3268 555 3353 604 est
3396 548 3563 604 etiam

1980 633 2284 691 necessario
2312 634 2602 690 similitudo
2635 677 2650 702 ,
2704 650 2809 691 non
2850 644 3028 692 tamen
3081 638 3395 706 aequalitas,
3436 638 3565 707 quia

1979 725 2145 785 multa
2165 725 2359 783 desunt
2383 726 2620 797 imagini,
2652 743 2772 797 quae
2795 736 2972 784 tamen
3022 729 3203 785 insunt
3260 729 3337 783 illi
3378 730 3457 785 rei
3493 729 3564 787 de

1978 831 2083 887 qua
2100 831 2353 887 expressa
2382 827 2483 873 est.
2514 816 2615 875 Ubi
2644 819 2942 889 aequalitas,
2960 819 3216 874 continuo
3246 818 3561 886 similitudo,

1978 923 2086 967 non
2108 906 2362 965 continuo
2396 908 2604 978 imago:
2636 910 2785 966 velut
2813 910 2866 965 in
2900 909 3109 967 duobus
3134 909 3249 964 ovis
3298 909 3514 978 paribus
3543 951 3559 977 ,

1976 996 2100 1069 quia
2122 998 2264 1055 inest
2289 999 2582 1068 aequalitas,
2606 999 2815 1058 inestet
2837 998 3162 1066 similitudo;
3209 1014 3562 1069 quaecumque

1974 1091 2118 1149 enim
2142 1089 2337 1149 adsunt
2361 1091 2475 1167 upi,
2506 1091 2700 1149 adsunt
2724 1101 2779 1147 et
2792 1093 2981 1157 alteri;
3015 1092 3188 1162 imago
3219 1100 3395 1147 tamen
3452 1106 3561 1148 non

1974 1191 2076 1251 est,
2105 1184 2228 1254 quia
2252 1192 2500 1239 neutrum
2520 1184 2588 1240 de
2611 1186 2782 1243 altero
2807 1200 3118 1255 expressum
3144 1195 3245 1241 est.
3283 1184 3387 1241 Ubi
3406 1185 3559 1240 simi-

1974 1274 2168 1342 litudo,
2193 1290 2301 1332 non
2352 1277 2608 1335 continuo
2632 1277 2827 1347 imago,
2851 1292 2958 1333 non
2980 1277 3238 1332 continuo
3262 1277 3556 1346 aequalitas:

1974 1382 2134 1424 omne
2148 1368 2346 1438 quippe
2371 1382 2530 1424 ovum
2550 1368 2696 1423 omni
2711 1382 2834 1433 ovo,
2862 1368 2916 1423 in
2945 1375 3203 1438 quantum
3242 1381 3401 1423 ovum
3443 1376 3556 1433 est,

1973 1461 2147 1520 simile
2171 1470 2282 1528 est;
2310 1461 2405 1518 sed
2425 1477 2587 1523 ovum
2615 1460 2847 1531 perdicis
2867 1500 2884 1528 ,
2914 1459 3157 1530 quamvis
3200 1460 3254 1513 in
3300 1468 3558 1530 quantum

1972 1571 2129 1612 ovum
2156 1564 2259 1621 est,
2280 1556 2456 1612 simile
2502 1555 2571 1611 sit
2614 1570 2717 1611 ovo
2735 1554 2966 1624 gallinat,
3011 1568 3112 1609 nec
3151 1552 3330 1623 imago
3378 1561 3558 1608 tamen

1971 1648 2088 1719 ejus
2113 1656 2214 1713 est,
2236 1649 2359 1718 quia
2387 1648 2455 1704 de
2484 1648 2576 1704 illo
2600 1663 2913 1717 expressum
2965 1663 3070 1702 non
3099 1653 3216 1712 est;
3246 1661 3345 1701 nec
3372 1660 3557 1716 mqua-

1973 1739 2024 1795 le
2041 1778 2055 1804 .
2080 1740 2203 1810 quia
2227 1740 2442 1795 brevius
2467 1748 2588 1804 est,
2607 1747 2665 1795 et
2688 1740 2906 1796 alterius
2940 1738 3154 1809 generis
3184 1738 3555 1794 animantium.

1972 1831 2078 1888 Sed
2102 1832 2187 1888 ubi
2214 1833 2426 1898 dicitur,
2450 1832 2564 1888 Non
2591 1833 2867 1897 continuo,
2897 1833 3078 1902 utique
3102 1831 3414 1903 intelligitur
3429 1832 3557 1903 quia

1971 1938 2094 1981 esse
2116 1924 2400 1995 aliquando
2428 1933 2621 1995 potest.
2657 1924 2840 1979 Potest
2861 1938 2989 1995 ergo
3013 1938 3135 1983 esse
3177 1924 3350 1995 aliqua
3379 1925 3558 1995 imago

1973 2018 2029 2073 in
2056 2033 2159 2088 qua
2179 2018 2250 2073 sit
2272 2018 2433 2073 etiam
2459 2017 2739 2088 aequalitas
2761 2033 2775 2069 :
2800 2025 2861 2072 ut
2899 2017 2955 2072 in
3008 2016 3313 2086 parentibus
3352 2024 3408 2072 et
3432 2015 3557 2072 filiis

1973 2109 2300 2165 inveniretur
2318 2109 2496 2180 imago
2514 2118 2569 2165 et
2586 2109 2863 2179 aequalitas
2882 2119 2938 2165 et
2960 2108 3251 2164 similitudo
3269 2150 3283 2174 ,
3310 2109 3358 2164 si
3386 2108 3555 2164 inter-

1971 2201 2169 2257 vallum
2197 2202 2452 2271 temporis
2470 2200 2761 2267 defuisset;
2802 2214 2927 2257 nam
2975 2209 3032 2257 et
3078 2201 3147 2256 de
3195 2210 3418 2272 parente
3461 2216 3559 2257 en-

1971 2306 2156 2363 pressa
2182 2300 2265 2349 est
2287 2291 2580 2348 similitudo
2604 2292 2719 2357 ﬁlii,
2743 2301 2803 2349 ut
2821 2300 2969 2349 recte
3014 2291 3226 2348 dicatur
3272 2294 3470 2365 imago,
3498 2302 3556 2350 et

1972 2391 2148 2452 potest
2182 2398 2302 2439 esse
2351 2390 2495 2439 tanta
2519 2423 2534 2448 ,
2578 2394 2635 2439 ut
2663 2393 2810 2439 recte
2828 2384 2989 2439 etiam
3018 2384 3227 2439 dicatur
3250 2384 3548 2455 aqualitas,

1973 2472 2077 2526 nisi
2101 2471 2241 2541 quod
2267 2487 2457 2541 parens
2480 2481 2717 2541 tempore
2738 2474 3032 2542 praecessit.
3063 2474 3138 2528 Ex
3163 2490 3267 2543 quo
3305 2473 3556 2543 intelligi-

1975 2573 2061 2618 tur
2087 2571 2142 2617 et
2168 2562 2452 2632 aliquando
2474 2564 2831 2631 aequalitatem
2862 2579 2969 2618 non
3020 2564 3193 2618 solum
3243 2563 3551 2619 similitudi-

1973 2671 2094 2713 nem
2112 2655 2332 2721 habere,
2365 2655 2458 2710 sed
2480 2656 2640 2711 etiam
2670 2656 2952 2726 imaginem
2979 2674 2993 2720 ;
3016 2657 3157 2726 quod
3209 2657 3259 2710 in
3292 2657 3558 2727 superiori

1971 2748 2218 2819 exemplo
2243 2747 2579 2804 manifestum
2608 2757 2707 2803 est.
2740 2749 2921 2804 Potest
2947 2750 3107 2804 etiam
3146 2749 3431 2819 aliquando
3481 2748 3556 2803 sl-

1971 2840 2216 2895 militudo
2240 2850 2360 2895 esse
2380 2848 2436 2893 et
2479 2840 2776 2909 aequalitas,
2808 2841 3051 2909 quamvis
3077 2856 3181 2895 non
3225 2843 3293 2895 sit
3338 2842 3551 2911 imago;

1973 2941 2031 2986 ut
2056 2931 2125 2986 de
2145 2930 2354 2987 duobus
2372 2931 2486 2985 ovis
2522 2930 2738 3000 paribus
2765 2932 2965 2987 dictum
3009 2943 3112 2987 est.
3169 2933 3348 2988 Potest
3393 2934 3554 2988 etiam

1971 3022 2261 3078 similitudo
2285 3031 2341 3077 et
2368 3023 2542 3093 imago
2569 3037 2710 3086 esse,
2734 3026 2978 3092 quamvis
3015 3039 3121 3079 non
3148 3026 3219 3079 sit
3235 3025 3510 3095 aequalitas
3534 3040 3552 3089 ε

1974 3121 2032 3168 ut
2054 3113 2109 3168 in
2133 3113 2349 3183 speculo
2368 3112 2718 3169 ostendimus.
2763 3113 2946 3169 Potest
2990 3123 3047 3170 et
3072 3115 3365 3169 similitudo
3387 3129 3508 3171 esse
3533 3155 3552 3183 ,

1970 3204 2063 3261 ubi
2091 3214 2147 3260 et
2173 3204 2444 3273 aequalitas
2463 3212 2519 3257 et
2546 3202 2720 3272 imago
2748 3204 2849 3269 sit;
2879 3205 3018 3258 sicut
3058 3204 3127 3259 de
3172 3205 3291 3258 liliis
3316 3221 3554 3260 comme-

1970 3295 2318 3362 moravimus,
2343 3304 2566 3365 excepto
2593 3302 2858 3364 tempore,
2885 3310 2992 3366 quo
3021 3292 3327 3365 praecedunt
3356 3311 3553 3367 paren-

1974 3398 2074 3445 tes.
2103 3388 2195 3445 Sic
2220 3389 2363 3444 enim
2396 3388 2657 3459 arqualem
2712 3388 2969 3462 syllabam
3021 3390 3242 3463 syllaba:
3287 3390 3553 3458 dicimus;

1972 3480 2214 3550 quamvis
2239 3479 2406 3535 altera
2437 3479 2733 3548 praecedat,
2756 3481 2924 3537 altera
2966 3482 3338 3553 subsequatur.
3360 3481 3416 3538 In
3444 3483 3556 3539 Deo

1972 3581 2171 3639 autem,
2199 3573 2319 3642 quia
2345 3571 2582 3627 conditio
2607 3572 2861 3642 temporis
2887 3582 3074 3642 vacat;
3116 3591 3220 3630 non
3266 3577 3408 3632 enim
3451 3592 3553 3648 po-

1972 3672 2078 3720 test
2093 3672 2238 3719 recte
2263 3663 2430 3718 videri
2450 3663 2591 3720 Deus
2617 3664 2671 3719 in
2697 3672 2939 3736 tempore
2971 3681 3257 3736 generasse
3313 3667 3507 3723 Filium
3533 3708 3550 3736 ,

1971 3772 2067 3827 per
2088 3772 2251 3827 quem
2269 3755 2506 3811 condidit
2552 3767 2789 3828 tempora
2819 3776 2833 3811 :
2864 3773 3197 3830 consequens
3250 3769 3333 3817 est
3359 3769 3552 3815 utnon

1971 3847 2144 3902 solum
2172 3848 2242 3901 sit
2265 3849 2438 3917 imago
2465 3847 2601 3915 ejus,
2642 3848 2767 3916 quia
2787 3847 2855 3903 de
2883 3848 2975 3904 illo
3000 3857 3102 3912 est,
3135 3860 3189 3903 et
3231 3849 3545 3917 similitudo,

1970 3940 2093 4010 quia
2114 3939 2285 4008 imago
2303 3936 2518 4008 (Colon.
2538 3955 2576 4001 I,
2608 3936 2697 4007 i5)
2722 3955 2737 4001 ς
2765 3938 2861 3992 sed
2895 3938 3053 3992 etiam
3084 3938 3356 4008 aequalitas
3380 3947 3552 4007 tanta,

1972 4044 2072 4085 nec
2090 4028 2343 4096 temporis
2369 4027 2586 4096 quidem
2616 4026 2952 4083 intervallum
2976 4028 3360 4097 impedimento
3386 4028 3475 4085 sit.

2376 4118 2587 4174 LXXV.
2616 4117 2698 4173 De
2723 4120 3014 4176 hmditate
3030 4120 3145 4176 Dei.

2044 4215 2096 4267 1.
2120 4211 2268 4268 Sicut
2294 4211 2585 4281 Apostolus
2609 4212 2675 4265 ad
2719 4211 2973 4269 Hebraea
2990 4213 3149 4280 dicit,
3185 4212 3556 4272 Testamentum

1973 4304 2222 4361 testator-is
2261 4312 2422 4359 morte
2469 4304 2701 4373 linuntur
2734 4303 2936 4377 (Hebr.
2982 4314 3056 4370 rx,
3084 4306 3232 4379 ﬁ);
3272 4316 3556 4380 propterea

1973 4406 2185 4478 mortuo
2213 4412 2308 4467 pro
2336 4396 2489 4452 nobis
2509 4396 2742 4462 Christo,
2783 4397 2988 4453 Novum
3019 4398 3419 4458 Testamentum
3464 4402 3557 4458 ﬂr-

1977 4497 2179 4545 matum
2209 4503 2329 4544 esse
2378 4488 2606 4543 asserit:
2636 4489 2789 4558 cujus
2817 4489 3107 4546 similitudo
3149 4490 3315 4549 Vetus
3357 4494 3553 4550 Testa-

1974 4592 2215 4639 mentum
2233 4592 2369 4647 erat,
2398 4581 2451 4635 in
2486 4590 2593 4651 quo
2634 4596 2780 4637 mors
2830 4585 3099 4639 testatorls
3143 4600 3240 4655 per
3284 4586 3554 4645 victimam

1975 4672 2434 4745 praeﬁgurabatur.
2464 4671 2520 4726 Si
2542 4686 2673 4742 ergo
2706 4681 2975 4742 quaeratur
3025 4676 3294 4745 quomodo
3337 4678 3505 4735 simus
3533 4721 3550 4749 ,

1975 4763 2266 4821 secundum
2294 4761 2531 4831 ejusdem
2555 4764 2797 4831 Apostoli
2825 4764 3005 4830 verba,
3039 4765 3321 4821 contendes
3342 4768 3551 4838 Christi,

1975 4860 2029 4913 et
2054 4856 2149 4926 ﬁlii
2173 4854 2333 4924 atque
2359 4854 2580 4908 ἡαπ-σάω
2598 4853 2694 4908 Dei
2716 4854 2733 4925 (
2753 4855 2901 4909 Rom.
2933 4868 3047 4919 vnt,
3073 4856 3139 4911 17
3158 4856 3210 4926 );
3242 4870 3363 4912 cum
3386 4859 3549 4913 etiam

1976 4946 2261 5004 luereditas
2287 4954 2460 5001 morte
2474 4945 2773 5002 decessoris
2807 4946 2959 5001 ﬁrma
2982 4956 3242 5013 teneatur,
3293 4961 3393 5003 nec
3443 4950 3561 5007 ullo

1975 5042 2082 5096 alio
2116 5039 2278 5095 modo
2330 5038 2497 5108 possit
2545 5039 2829 5094 hmreditas
2873 5039 3131 5110 intelligi:
3160 5043 3554 5113 respondetur,

1978 5132 2093 5201 ipso
2116 5129 2332 5199 quidem
2364 5138 2573 5183 mortuo
2604 5129 2768 5183 factos
2814 5142 2911 5182 nos
2956 5143 3074 5185 esse
3124 5130 3389 5201 haeredes,
3425 5151 3558 5206 quo-

1981 5224 2120 5278 niam
2165 5221 2258 5275 iilii
2308 5220 2423 5289 ejus
2452 5221 2614 5274 etiam
2639 5220 2766 5274 dicti
2793 5233 2995 5276 sumus.
3026 5220 3148 5278 Non
3172 5226 3432 5295 jejunum,
3471 5229 3558 5283 in.

1980 5315 2111 5385 quit,
2142 5313 2236 5381 ﬁlii
2256 5311 2450 5381 sponsi,
2476 5310 2714 5377 quamdiu
2735 5326 2848 5365 cum
2873 5312 2977 5368 illis
3000 5323 3072 5369 est
3087 5332 3302 5387 sponsus
3327 5318 3345 5387 (
3371 5319 3557 5373 Matth;

1980 5422 2060 5475 ιχ,
2102 5403 2215 5477 15).
2244 5402 2494 5461 liaeredcs
2548 5417 2676 5472 ergo
2713 5404 2828 5474 ejus
2851 5407 2867 5437 ¹
2891 5405 3139 5477 dicimur,
3178 5414 3299 5480 quia
3345 5411 3558 5481 reliquit

1981 5500 2136 5555 nobis
2162 5499 2306 5568 pacis
2330 5495 2707 5552 ecclesiasdcm
2725 5502 3116 5568 possessionem
3146 5518 3240 5571 per
3256 5502 3410 5556 ﬁdem
3433 5511 3563 5556 tem-

1984 5592 2181 5662 poralis
2209 5588 2634 5658 diSpensationis,
2665 5602 2821 5659 quam
2853 5593 2901 5645 in
2923 5592 3021 5646 hac
3045 5593 3149 5647 vita
3176 5594 3511 5664 possidemus
3542 5634 3556 5659 ,

1982 5685 2124 5753 quod
2149 5692 2370 5738 testatus
2389 5690 2470 5734 est
2493 5682 2697 5749 dicens,
2719 5682 2909 5739 Pacem
2922 5700 3080 5737 meam
3111 5689 3175 5738 da
3216 5686 3371 5751 vobis,
3388 5700 3561 5759 pacem

2093 5823 2209 5879 vox,
2230 5814 2355 5881 duo,
2377 5817 2518 5872 abest
2546 5829 2577 5869 a
2598 5823 2698 5871 ttat.
2716 5792 2775 5870 et
2794 5814 3023 5882 pluribus
3032 5823 3140 5869 tu.
