4134 6208
569 340 636 399 87
1289 337 1374 394 DE
1415 336 1725 394 DIVERSIS
1762 325 2282 405 QUIESTIUNIBUS
2322 333 2607 401 LXXXIII,
2648 335 2702 390 S.
2745 335 3113 393 AUGUSTINI
3778 338 3847 399 88

568 456 801 525 relinquo
853 453 989 507 vobis
1027 453 1213 525 (Joan.
1273 467 1393 517 xw,
1434 449 1559 521 27).
1613 448 1934 505 Cohaeredes
1976 456 2153 501 autem

571 548 689 616 ejus
707 547 1019 611 eliicicmur,
1050 559 1170 599 cum
1198 544 1250 598 in
1274 543 1378 598 ﬁne
1403 543 1585 600 SiBCUIl
1609 556 1753 596 mors
1782 539 2154 595 absorbebitur

572 639 627 691 in
672 640 945 692 victoriam
999 636 1060 706 (I
1092 635 1210 690 Cor.
1238 652 1334 700 xv,
1359 636 1473 704 5b).
1503 635 1655 688 Tunc
1680 632 1822 688 enim
1863 632 2066 687 similes
2106 632 2155 686 ei

570 731 801 792 erimus,
827 727 1039 798 quando
1069 728 1359 783 videbimus
1397 741 1522 781 eum
1570 726 1726 780 sicuti
1771 733 1855 781 est
1899 722 1955 794 (ι
1996 722 2152 777 Joan.

573 838 649 884 ιιι,
674 823 749 889 2).
771 822 938 888 Quam
971 820 1332 874 haereditatem
1357 834 1461 874 non
1488 817 1603 887 ejus
1626 817 1796 871 Patris
1829 823 2001 870 morte
2042 814 2158 869 adi-

577 913 850 981 piscimur,
881 911 968 980 qui
998 911 1132 965 mori
1165 926 1271 965 non
1304 917 1515 980 potest;
1568 906 1996 979 quandoquidem
2046 906 2161 974 ipse

572 1004 630 1056 ﬁt
663 1003 946 1057 Itaereditas
972 1012 1182 1067 nostra,
1216 1001 1507 1057 secundum
1555 999 1681 1054 illud
1722 999 1865 1068 quod
1904 997 2160 1065 scriptum

574 1105 679 1159 est,
712 1093 964 1147 Dominus
982 1110 1101 1163 pars
1132 1093 1440 1147 Itcereditatis
1468 1106 1592 1145 mea:
1617 1090 1636 1161 (
1661 1087 1805 1143 Psal.
1825 1104 1917 1154 xv,
1944 1087 1999 1158 5)
2029 1105 2042 1141 :
2065 1086 2160 1141 sed

572 1186 843 1256 quoniam,
872 1201 991 1240 cum
1020 1187 1187 1240 vocati
1210 1200 1395 1241 sumus
1416 1184 1591 1238 adhuc
1618 1181 1842 1252 parvuli,
1866 1189 1920 1235 et
1949 1179 2015 1233 ad
2053 1180 2161 1249 spi-

571 1268 778 1332 ritualia
804 1278 1211 1347 contemplanda
1240 1277 1416 1332 minus
1452 1275 1651 1342 idonei,
1681 1288 1847 1343 usque
1870 1271 1938 1326 ad
1965 1270 2162 1324 humil-

574 1371 727 1424 litnas
749 1379 958 1423 nostras
978 1369 1327 1439 cogitationes
1349 1383 1409 1422 se
1427 1366 1608 1422 divina
1651 1363 1926 1420 miseratio
1971 1376 2160 1432 porre-

574 1462 670 1523 xit,
693 1469 748 1513 ut
768 1460 1269 1541 quomodocumque
1293 1472 1518 1514 eernere
1541 1456 1856 1521 niteremur,
1882 1452 2025 1524 quod
2054 1466 2159 1506 non

577 1552 848 1605 evidenter
868 1562 1025 1621 atque
1055 1551 1331 1620 perspicue
1351 1549 1721 1613 cernebamus,
1774 1546 2003 1615 idipsum
2047 1557 2162 1597 mo-

574 1644 707 1696 ritur
737 1642 944 1710 quodin
969 1643 1249 1711 :enigmate
1268 1641 1650 1702 cernebamus,
1680 1651 1798 1692 cum
1829 1635 1962 1690 facie
1983 1634 2050 1689 ad
2077 1632 2161 1688 fa-

574 1734 709 1787 ciem
740 1748 962 1789 cernere
1004 1733 1345 1803 coeperimus.
1397 1731 1787 1786 Convenienter
1815 1742 1943 1798 ergo
1970 1726 2162 1781 dicitur

579 1824 897 1877 moriturum
923 1837 1043 1877 esse
1086 1822 1226 1892 quod
1272 1819 1727 1875 auferetur:Cum
1765 1827 1931 1872 autem
1974 1817 2162 1871 venerit

574 1914 708 1983 quod
737 1917 1010 1984 perfectum
1036 1922 1129 1979 est,
1158 1912 1416 1981 auferetur
1436 1910 1570 1981 quod
1591 1926 1654 1964 ea;
1694 1918 1837 1980 parte
1865 1917 1935 1962 est
1960 1906 2015 1979 (l
2039 1906 2158 1962 Cor.

572 2020 691 2071 xm,
722 2005 835 2076 10).
866 2006 938 2059 ιω
970 2005 1125 2060 nobis
1159 2004 1388 2075 quodam
1433 2002 1592 2057 modo
1643 2002 1867 2055 moritur
1901 2000 2060 2055 Pater
2105 2001 2158 2054 in

574 2097 855 2165 arnigmate
882 2136 898 2163 ,
930 2105 985 2151 et
1019 2095 1161 2151 idem
1192 2095 1304 2163 ipse
1340 2095 1398 2148 ﬁt
1421 2094 1708 2149 lttereditas
1727 2134 1741 2157 ,
1784 2109 1903 2148 cum
1933 2093 2065 2147 facie
2092 2093 2161 2146 ad

573 2187 763 2244 faciem
796 2189 1008 2243 videtur
1038 2189 1093 2255 ί;
1122 2190 1373 2258 nonquia
1406 2189 1519 2257 ipse
1558 2187 1802 2251 moritur,
1841 2185 1935 2240 sed
1962 2186 2161 2254 imper-

573 2279 713 2335 fecta
741 2281 794 2334 in
815 2295 939 2335 eum
970 2290 1152 2334 nostra
1175 2280 1310 2334 visio
1335 2278 1574 2349 perfecta
1601 2279 1806 2331 visione
1836 2278 2113 2346 perimitur
2142 2294 2156 2328 :

574 2382 629 2428 et
651 2384 826 2428 tamen
849 2372 949 2428 nisi
978 2373 1066 2427 illa
1104 2372 1251 2442 prior
1280 2386 1378 2426 nos
1411 2370 1660 2435 nutriret,
1685 2369 1751 2423 ad
1777 2370 1934 2422 aliam
1971 2370 2164 2438 plenis-

573 2463 764 2517 simam
792 2471 846 2517 et
874 2461 1327 2516 evidentissimam
1348 2475 1451 2514 non
1479 2460 1816 2514 elliceremur
1842 2458 2039 2512 idonei.

642 2553 696 2606 2.
738 2550 889 2621 Quod
938 2552 985 2606 si
1026 2552 1186 2609 etiam
1233 2551 1300 2605 tle
1344 2551 1568 2605 Domino
1597 2550 1724 2605 Jesu
1766 2549 1999 2613 Christo,
2052 2564 2158 2603 non

572 2645 865 2697 secundum
898 2641 1131 2695 Verbum
1179 2642 1231 2695 itt
1283 2642 1541 2710 principio
1596 2641 1761 2694 Deum
1812 2639 1949 2708 apud
1992 2640 2158 2693 Deum

573 2731 755 2799 (Joan.
788 2748 824 2797 ι,
858 2732 935 2801 1),
964 2731 1057 2785 sed
1105 2731 1396 2785 secundum
1448 2746 1689 2799 puerum,
1722 2731 1811 2799 qui
1852 2728 2164 2799 proﬁciebat

572 2830 728 2877 atate
754 2837 819 2876 ac
865 2822 1124 2890 sapientia
1153 2820 1313 2893 (Luc.
1344 2838 1401 2887 ιι,
1430 2820 1546 2892 40),
1581 2822 1698 2890 pius
1729 2820 2027 2875 intellectus
2066 2822 2171 2875 ad-‘

572 2914 766 2978 mittit,
818 2913 1031 2982 propria
1075 2912 1163 2966 illa
1210 2912 1549 2982 susceptione
1590 2920 1816 2976 servata,
1847 2927 1964 2979 qtnc
2007 2926 2160 2964 com-

572 3006 750 3060 munis
777 3005 826 3059 ei
853 3020 972 3059 cum
998 3003 1210 3058 caeteris
1235 3002 1538 3057 hominibus
1573 3016 1677 3056 non
1720 3011 1821 3066 est,
1854 3002 2008 3069 cujus
2044 3012 2161 3055 tan-

573 3111 733 3167 quam
761 3104 929 3151 morte
970 3094 1241 3165 possideat
1276 3093 1663 3159 haereditatem,
1691 3091 2029 3147 manifestum
2055 3100 2158 3146 est.

571 3188 689 3244 Non
719 3189 862 3245 enim
889 3202 987 3242 nos
1006 3186 1316 3243 cobaeredes
1347 3187 1463 3257 ejus
1488 3201 1609 3242 esse
1646 3200 1948 3256 possumus,
1980 3186 2079 3240 nisi
2106 3196 2162 3240 et

572 3283 690 3352 ipse
728 3281 899 3336 haeres
926 3282 1014 3336 sit.
1057 3282 1112 3335 Si
1139 3289 1315 3335 autem
1348 3281 1515 3349 pietas
1553 3279 1653 3334 hoc
1689 3295 1793 3333 non
1822 3279 2070 3342 admittit,
2105 3287 2162 3331 ttt

571 3375 746 3444 primo
772 3389 838 3428 ex
880 3381 1029 3443 parte
1067 3371 1272 3426 videret
1316 3370 1477 3425 homo
1508 3372 1812 3425 Dominicus
1836 3369 1933 3441 (a),
1966 3369 2161 3424 deinde

573 3481 640 3521 ex
669 3475 781 3519 toto
800 3478 1099 3534 quanquam
1127 3463 1180 3517 in
1207 3462 1464 3532 sapientia
1492 3462 1751 3531 proﬁcere
1779 3460 1952 3515 dictus
1975 3461 2072 3524 sit;
2102 3460 2157 3514 in

573 3570 801 3625 corpore
828 3570 928 3610 suo
954 3554 1277 3625 intelligatur
1308 3554 1499 3617 hmres,
1534 3552 1586 3608 id
1611 3562 1693 3607 est
1721 3552 1980 3619 Ecclesia,
2007 3552 2159 3621 cujus

573 3648 882 3705 cohaeredes
919 3662 1102 3702 sumus
1145 3665 1158 3700 :
1206 3645 1651 3717 quemadmodum
1680 3646 1769 3701 ﬁlii
1813 3646 1930 3716 ejus
1975 3646 2160 3701 matris

478 3806 487 3815 ε
573 3740 825 3808 dicimur,
858 3741 1099 3811 quamvis
1123 3755 1189 3795 ex
1216 3740 1372 3795 nobis
1396 3748 1624 3795 constet.

647 3835 699 3889 5.
741 3831 847 3888 Sed
873 3846 1085 3888 rursum
1111 3832 1275 3902 quaeri
1317 3839 1508 3900 potest,
1540 3831 1693 3899 cujus
1720 3837 1893 3885 morte
1928 3828 2046 3884 iacti
2087 3830 2159 3883 si-

573 3939 694 3979 mus
722 3924 883 3979 etiam
918 3937 1016 3977 nos
1046 3921 1327 3977 haereditas
1355 3920 1470 3987 Dei,
1497 3920 1788 3976 secundum
1822 3919 1973 3984 illud,
2012 3918 2158 3973 Dabo

573 4013 665 4067 tibi
682 4023 851 4084 gentes
879 4012 1221 4067 hereditatem
1249 4012 1422 4065 tuam”
1467 4009 1635 4083 (Psal.
1677 4027 1735 4077 ιι,
1761 4009 1818 4084 8)
1844 4028 1856 4063 :
1892 4010 1991 4064 nisi
2022 4008 2159 4065 forte

571 4104 733 4174 hujus
758 4103 959 4168 mundi,
991 4118 1097 4172 quo
1136 4104 1281 4172 prius
1320 4111 1569 4172 tanquam
1599 4103 1905 4158 dominante
1943 4103 2160 4158 teneba-

572 4208 715 4248 mur.
742 4192 872 4247 Post
886 4202 1065 4245 autem
1090 4205 1212 4245 cum
1232 4191 1476 4257 dicimus,
1497 4191 1629 4245 Mihi
1648 4194 1866 4246 mundus
1885 4194 2158 4261 cruciﬁxus

573 4295 667 4348 est,
700 4292 747 4336 et
772 4299 863 4354 ego
898 4281 1086 4335 mundo
1113 4278 1307 4353 (Colat.
1338 4297 1412 4345 vt,
1453 4280 1579 4349 14);
1610 4282 1848 4352 possidet
1883 4296 1979 4335 nos
2006 4281 2160 4335 Chri-

573 4383 707 4435 stus,
740 4379 951 4427 mortuo
976 4371 1068 4426 illo
1103 4371 1194 4441 qui
1218 4385 1316 4426 nos
1342 4370 1650 4441 possidebat
1679 4390 1691 4424 :
1721 4385 1843 4426 cum
1873 4372 1924 4427 ei
1960 4387 2160 4427 renun-

574 4464 771 4518 tiamus
791 4464 1052 4519 morimur
1077 4463 1173 4527 illi,
1196 4471 1251 4517 et
1276 4464 1388 4532 ipse
1417 4461 1590 4517 nobis.

572 4554 807 4610 LXXVI.
857 4553 937 4608 De
980 4571 1037 4608 eo
1088 4554 1222 4624 quod
1268 4540 1528 4624 apostolus
1577 4551 1799 4607 Iacobus
1843 4554 1965 4608 dicit
2004 4570 2025 4608 :
2065 4555 2158 4610 Vis

643 4656 819 4703 autem
850 4646 1005 4709 scire,
1036 4661 1069 4700 ο
1107 4644 1268 4700 homo
1299 4645 1492 4710 inanis,
1523 4645 1646 4715 quia
1689 4644 1822 4700 ﬁdes
1868 4646 1984 4702 sine
2023 4662 2156 4717 ope-

643 4739 792 4793 ribus
820 4738 987 4793 otiosa
1016 4746 1099 4792 est
1128 4736 1329 4809 (Jacobi
1357 4751 1414 4802 ιι,
1445 4734 1578 4808 20)?

645 4831 697 4883 i.
739 4829 1001 4897 Quoniam
1030 4828 1222 4882 Paulus
1247 4826 1522 4897 apostolus
1554 4826 1851 4895 praedicans
1874 4827 2155 4897 jttstiiicari

573 4920 845 4977 hominem
892 4935 988 4990 per
1016 4919 1173 4975 ﬁdem
1215 4918 1331 4973 sine
1368 4918 1638 4987 operibus,
1662 4933 1771 4972 non
1815 4919 1951 4974 bene
1994 4919 2155 4975 intel-

571 5014 744 5067 lectus
769 5022 851 5067 est
880 5014 948 5068 ab
980 5014 1059 5067 eis
1096 5012 1186 5083 qui
1214 5012 1294 5067 sic
1318 5018 1636 5079 acceperunt
1675 5009 1893 5075 dictum,
1918 5019 1975 5065 ut
2004 5021 2154 5080 puta.

570 5111 712 5166 rent,
755 5117 876 5156 cum
917 5104 1082 5158 semel
1131 5104 1183 5156 in
1209 5102 1479 5157 Christum
1526 5100 1906 5167 credidissent,
1945 5102 2155 5156 etiamsi

571 5193 713 5249 male
759 5201 1127 5262 operarentur,
1169 5202 1220 5247 et
1267 5192 1560 5249 lacinorose
1607 5191 1969 5261 ilagitioseque
2011 5192 2153 5247 vive-

570 5293 713 5353 rent,
741 5284 916 5339 salvos
935 5297 995 5337 se
1022 5297 1139 5338 esse
1160 5298 1317 5351 posse
1337 5300 1432 5354 per
1458 5284 1614 5339 ﬁdem
1649 5301 1662 5336 :
1695 5284 1843 5338 locus
1870 5284 1970 5338 iste
1992 5283 2151 5353 hujus

634 5420 654 5451 ³
678 5422 777 5467 ttat.
802 5422 878 5465 Er.
903 5423 958 5467 et
975 5415 1146 5478 viginti
1167 5420 1296 5476 Mss.,
1329 5416 1617 5480 possidetur.
1635 5444 1697 5453 —
1719 5418 1792 5465 sic
1825 5418 1971 5465 etiam
1993 5417 2142 5479 Lugd.

574 5486 821 5604 cava-fet
836 5486 961 5592 3rev.
980 5546 1107 5604 post,
1126 5537 1453 5604 lum-editam:
1478 5546 1626 5600 tuam,
1645 5540 1957 5602 repetebant,
1986 5548 2149 5604 mere-

568 5602 768 5654 ditatem
788 5611 948 5655 autem
968 5600 1131 5663 tuam;
1154 5600 1281 5665 quod
1305 5602 1444 5665 abest
1466 5614 1494 5649 a
1517 5608 1615 5650 ttat.
1644 5600 1821 5651 et‘Mss.
1838 5626 1899 5665 -τ
1923 5602 2067 5663 Lugd.
2099 5607 2150 5649 et

566 5671 686 5737 ven.
714 5666 899 5737 habent
940 5661 1184 5716 eamdetn'
1202 5661 1461 5711 lectionem
1484 5673 1540 5713 ac
1564 5665 1805 5714 editiones
1829 5661 1902 5712 Er.
1929 5661 2149 5713 et‘Lova-

567 5736 828 5775 mensium.
867 5736 921 5775 Μ.

628 5786 701 5847 (a)
734 5794 751 5835 t
774 5794 977 5837 Retract.
1001 5801 1106 5850 cap.
1132 5787 1210 5847 19,
1235 5799 1285 5837 ιι.
1309 5784 1356 5834 8.

2265 447 2514 518 Epistula:
2539 448 2783 503 eumdem
2808 463 3023 503 sensum
3050 446 3195 502 Pauli
3223 450 3465 517 apostoli,
3486 453 3753 521 quomodo
3776 454 3846 508 sit

2266 539 2656 609 intelligendus,
2678 541 2896 609 exponit
2923 539 3128 611 (Jacobi
3156 557 3213 607 ιι,
3245 541 3454 618 17-24).
3479 544 3707 615 Ideoque
3734 562 3847 600 ma-

2265 632 2345 700 gis
2387 631 2614 687 Abrabte
2640 632 2808 686 utitur
2843 633 3109 703 exemplo,
3143 649 3362 687 vacuam
3414 651 3531 691 esse
3579 636 3758 703 ﬁdem,
3800 638 3848 693 si

2267 737 2375 776 non
2399 722 2535 777 bene
2558 724 2871 792 operetur‘;
2899 725 3147 795 quoniam
3177 725 3403 779 Abraba:
3422 728 3667 795 exemplo
3688 729 3853 783 etiatt

2268 813 2465 869 Paulus
2502 817 2773 885 apostolus
2801 833 2928 872 usus
2956 826 3057 883 est,
3085 827 3139 872 ut
3171 819 3420 887 probaret
3442 819 3718 889 justiiicari
3757 823 3831 875 lto

2268 911 2465 965 minem
2503 926 2601 982 per
2627 910 2785 966 ﬁdem
2829 912 2944 966 sine
2971 912 3221 982 operibus
3263 911 3421 982 Legis
3464 912 3637 984 (Rom.
3668 930 3738 981 tv,
3768 913 3844 986 9.).

2268 1001 2398 1058 Cum
2440 1004 2581 1057 enim
2624 1003 2762 1058 bona
2804 1019 2963 1074 opera
3008 1013 3394 1059 commemorat
3436 1006 3686 1073 Abrahae,
3733 1021 3849 1076 quae

2267 1093 2386 1163 ejus
2413 1094 2568 1149 ﬁdem
2596 1095 2843 1149 comitata
2873 1104 3015 1160 sunt,
3049 1096 3177 1150 satis
3219 1096 3449 1151 ostendit
3474 1096 3692 1151 Paulunt
3724 1113 3851 1167 apo-

2268 1187 2462 1241 stolum
2494 1201 2598 1242 non
2636 1188 2708 1242 ita
2741 1203 2833 1257 per
2856 1187 3121 1242 Abraham
3146 1187 3342 1244 docere
3362 1190 3637 1258 justiﬁcari
3677 1188 3862 1243 ltomi-’

2271 1292 2391 1332 nem
2432 1293 2528 1347 per
2556 1278 2713 1333 ﬁdem
2752 1280 2866 1334 sine
2895 1280 3165 1349 operibus,
3201 1291 3255 1333 ut
3296 1280 3341 1333 si
3381 1282 3497 1351 quis
3542 1282 3849 1345 crediderit,

2268 1386 2374 1425 non
2402 1369 2468 1425 ad
2496 1386 2616 1426 eum
2647 1372 2913 1441 pertineat
2954 1373 3091 1427 bene
3120 1374 3363 1441 Operari;
3411 1375 3502 1429 sed
3529 1374 3595 1429 ad
3627 1374 3728 1429 hoc
3757 1390 3851 1445 po-

2269 1463 2395 1528 tius,
2422 1473 2481 1519 ut
2507 1478 2666 1519 nemo
2690 1464 2891 1519 meritis
2919 1465 3189 1535 priorum”
3227 1482 3447 1536 operum
3488 1469 3775 1523 arbitretur
3794 1483 3853 1524 se

2268 1556 2577 1625 pervenisse
2602 1555 2667 1611 ad
2710 1555 2906 1610 donum
2931 1556 3345 1626 justiﬁcationis,
3374 1575 3492 1627 qum
3522 1569 3604 1613 est
3634 1560 3684 1613 in
3725 1558 3851 1614 ﬁde.

2268 1643 2324 1699 In
2374 1644 2476 1701 hoc
2518 1645 2658 1699 enim
2707 1660 2766 1701 se
2794 1644 3055 1701 Gentibus
3102 1646 3154 1700 in
3198 1645 3468 1701 Christum
3515 1649 3855 1704 credentibus

2266 1738 2435 1794 Judati
2476 1739 2729 1810 praeferre
2757 1739 3064 1810 cupiebant,
3097 1740 3235 1810 quod
3262 1740 3509 1795 dicebant
3551 1757 3609 1797 se
3650 1741 3857 1796 meritis

2268 1831 2529 1886 bonorum
2576 1847 2797 1902 operum
2827 1848 2947 1902 qua:
2976 1832 3031 1887 in
3061 1832 3199 1902 Lege
3227 1842 3372 1897 sunt,
3401 1832 3464 1886 ad
3493 1832 3858 1902 evangelicam

2267 1923 2496 1993 gratiam
2526 1923 2836 1993 pervenisse
2860 1940 2873 1976 :
2904 1922 3131 1993 ideoque
3156 1923 3649 1979 scandalizabantur
3677 1924 3854 1991 multi,

2268 2015 2356 2084 qui
2400 2030 2467 2068 ex
2509 2015 2587 2069 eis
2612 2014 2970 2077 crediderant,
2999 2013 3140 2082 quod
3181 2014 3565 2069 incircumcisis
3598 2014 3859 2068 Gentibus

2267 2104 2465 2158 Christi
2493 2105 2660 2174 gratia
2690 2104 3009 2159 traderetur.
3037 2104 3185 2160 Unde
3213 2104 3485 2174 apostolus
3510 2105 3703 2161 Paulus
3730 2104 3860 2159 dicit

2270 2210 2427 2265 posse
2482 2196 2752 2251 hominem
2796 2197 2911 2251 sine
2949 2196 3222 2267 operibus,
3268 2196 3363 2251 sed
3405 2197 3855 2266 prtecedentibus,

2262 2287 2540 2357 justiiicari
2568 2303 2663 2357 per
2693 2286 2870 2342 ﬁdem.
2900 2287 3030 2341 Nam
3053 2288 3373 2357 justilicatus
3406 2303 3499 2357 per
3528 2289 3684 2342 ﬁdem
3719 2303 3857 2358 quo-

2268 2380 2430 2433 modo
2487 2389 2659 2448 potest
2711 2380 2809 2433 nisi
2858 2381 3000 2449 justo
3043 2379 3293 2451 deinceps
3337 2380 3567 2449 Operari,
3616 2382 3859 2450 quamvis

2267 2478 2423 2522 antea
2467 2469 2597 2523 nihil
2636 2478 2887 2539 operatus
2935 2469 3098 2538 juste,
3131 2470 3196 2523 ad
3252 2468 3372 2524 ﬁdei
3422 2469 3860 2539 justilicatlonem

2269 2560 2588 2629 pervenerit,
2616 2576 2722 2614 non
2754 2562 2945 2615 merito
2981 2560 3243 2615 bonorum
3281 2575 3523 2630 operum,
3560 2563 3652 2617 sed
3687 2564 3861 2633 gratia

2266 2650 2385 2716 Dei,
2434 2668 2552 2722 quzc
2595 2653 2645 2706 in
2690 2653 2781 2707 illo
2815 2653 2924 2722 jam
2966 2668 3132 2708 vacua
3159 2668 3280 2708 esse
3327 2670 3431 2708 non
3480 2657 3691 2724 potest8
3734 2672 3859 2712 cum

2260 2741 2370 2811 jam
2417 2759 2511 2811 per
2552 2743 2889 2798 dilectionem
2940 2744 3077 2800 bene
3123 2746 3413 2813 operatur?
3441 2745 3592 2814 Quod
3641 2749 3684 2801 si
3734 2763 3859 2803 cum

2267 2835 2572 2901 crediderit,
2615 2852 2739 2890 mox
2769 2836 2835 2891 de
2881 2837 2979 2892 hac
3020 2838 3127 2891 vita
3156 2837 3504 2903 deccsserit‘,
3548 2839 3860 2909 justiﬁcatio

2266 2925 2389 2980 ﬁdei
2416 2936 2596 2981 manet
2622 2942 2741 2981 cum
2781 2926 2893 2993 illo,
2917 2942 3017 2982 nec
3043 2927 3465 2997 praecedentibus
3499 2928 3653 2983 bonis
3678 2930 3863 2999 operi-

2266 3018 2386 3084 bus,
2417 3019 2537 3088 quia
2570 3036 2675 3073 non
2709 3021 2901 3075 merito
2928 3021 2993 3075 ad
3019 3021 3184 3085 illam,
3232 3022 3324 3076 sed
3364 3025 3533 3093 gratia
3577 3025 3855 3093 pervenit;

2268 3127 2366 3165 nec
2391 3114 2863 3182 consequentibus,
2892 3115 3013 3183 quia
3051 3114 3101 3167 itt
3134 3113 3235 3170 hac
3274 3116 3378 3168 vita
3414 3130 3533 3171 esse
3572 3132 3675 3171 non
3718 3117 3857 3171 sini-

2267 3211 2373 3256 tur.
2405 3202 2557 3258 Unde
2586 3203 2921 3258 manil‘estum
2949 3216 3049 3270 est,
3081 3207 3221 3275 quod
3249 3207 3443 3261 Paulus
3472 3209 3745 3277 apostolus
3774 3209 3859 3264 di-

2266 3297 2357 3360 cit,
2386 3296 2703 3350 Arbitrantur
2730 3299 2860 3351 enim
2886 3299 3135 3352 hominem
3160 3300 3431 3368 iustiﬁcati
3456 3317 3544 3369 per
3567 3301 3717 3369 ﬁdem
3746 3302 3862 3356 sine

2266 3388 2499 3457 aperibus
2544 3387 2654 3457 (Id.
2706 3405 2782 3454 ιιι,
2829 3389 2945 3459 28),
2974 3406 3078 3444 non
3102 3391 3173 3444 ita
3210 3391 3604 3461 intelligendum
3632 3408 3771 3460 esse,
3798 3402 3861 3449 ut

2266 3487 2481 3547 accepta
2518 3479 2641 3545 ﬁde,
2668 3480 2712 3533 si
2737 3481 2949 3544 vixerit,
2982 3479 3221 3534 dicamus
3252 3498 3372 3536 eum
3392 3483 3616 3551 justum,
3643 3484 3858 3539 etiamsi

2266 3570 2404 3624 male
2426 3570 2641 3624 vixerit.
2672 3572 2795 3627 Ideo
2821 3572 3067 3641 exemplo
3095 3573 3323 3627 Abraha:
3344 3583 3396 3628 et
3425 3575 3697 3643 apostolus
3718 3574 3858 3631 Pau-

2267 3664 2348 3717 lus
2369 3668 2552 3728 utitur,
2576 3663 2697 3732 quia
2736 3664 2851 3717 sine
2877 3664 3126 3735 operibus
3165 3665 3315 3734 legis,
3348 3681 3507 3735 quam
3546 3683 3650 3721 non
3696 3681 3855 3722 acce-

2266 3763 2434 3822 perat,
2464 3768 2559 3823 per
2599 3753 2756 3808 ﬁdem
2806 3754 3126 3823 justilicatus
3168 3762 3281 3820 est;
3336 3764 3392 3809 et
3436 3756 3682 3821 Jacobus,
3730 3758 3855 3828 quia

2266 3847 2423 3902 ﬁdem
2468 3846 2631 3916 ipsius
2658 3847 2886 3902 Abrahte
2913 3863 3073 3917 opera
3101 3848 3239 3904 bona
3281 3862 3567 3905 consecuta
3595 3868 3714 3908 esse
3752 3852 3854 3907 de-

2263 3948 2545 4005 monstrat,
2564 3939 2851 3994 ostendens
2878 3939 3321 4009 quemadmodum
3354 3941 3755 4013 intelligendum
3784 3944 3857 3999 sit

2264 4030 2406 4101 quod
2438 4031 2634 4084 Paulus
2661 4031 2931 4101 apostolus
2958 4030 3281 4100 pra-dicavit.

2334 4122 2389 4175 2.
2415 4121 2546 4176 Nam
2570 4124 2656 4193 qui
2688 4131 2873 4192 putant
2897 4121 3053 4177 istam
3082 4122 3261 4178 Jacobi
3282 4126 3505 4193 apostoli
3535 4127 3855 4183 sententiam

2263 4217 2584 4271 contrariam
2615 4232 2735 4271 esse
2774 4216 2848 4270 illi
2875 4216 3020 4270 Pauli
3050 4217 3273 4287 apostoli
3304 4220 3599 4283 sententiae,
3630 4228 3855 4289 possunt

2265 4309 2507 4362 arbitrari
2549 4310 2707 4364 etiam
2738 4310 2909 4379 ipsum
2936 4310 3154 4365 Paulum
3201 4312 3299 4365 sibi
3348 4328 3464 4367 esse
3500 4314 3852 4381 contrarium,

2263 4401 2385 4469 quia
2417 4399 2544 4453 dicit
2573 4401 2676 4453 alio
2704 4400 2820 4455 loco
2855 4421 2867 4455 :
2920 4399 3041 4455 Non
3084 4402 3217 4455 enim
3263 4403 3515 4455 auditores
3559 4403 3681 4471 legis
3718 4406 3857 4473 justi

2264 4498 2380 4543 sunt
2415 4491 2554 4559 apud
2590 4489 2771 4555 Deum,
2795 4493 2884 4545 sed
2908 4491 3122 4561 factores
3152 4493 3273 4563 legis
3288 4494 3706 4562 justi/icabuntur
3732 4494 3851 4565 (Id.

2264 4597 2322 4646 ιι,
2354 4579 2462 4653 15).
2496 4581 2561 4635 Et
2589 4582 2691 4635 alio
2731 4582 2892 4637 loco:
2936 4582 3041 4637 Sed
3086 4582 3209 4652 ﬁdes
3247 4600 3360 4654 qua:
3400 4600 3487 4652 per
3533 4584 3853 4641 dilectionem

2265 4680 2503 4740 aper-atur
2529 4671 2725 4741 (Galat.
2757 4689 2809 4738 v,
2839 4672 2915 4744 6).
2950 4673 3014 4727 Et
3043 4675 3229 4728 iterum
3260 4691 3271 4727 :
3306 4674 3368 4729 Si
3406 4675 3535 4729 enim
3576 4679 3853 4732 secundum

2264 4779 2466 4817 carnem
2513 4764 2772 4831 vixeritis,
2832 4765 3146 4830 moriemini;
3182 4767 3226 4820 si
3268 4776 3435 4821 autem
3482 4768 3664 4838 spiritu
3713 4773 3853 4840 facta

2265 4859 2433 4912 carnis
2482 4859 2931 4926 mortiﬁcaveritis,
2972 4860 3143 4914 vinetis
3185 4859 3359 4933 (Rom.
3406 4878 3518 4926 vnt,
3567 4863 3680 4933 15).
3720 4862 3851 4930 Qua!

2264 4950 2372 5002 sint
2399 4957 2573 5001 autem
2620 4947 2755 5001 facta
2802 4951 2999 5015 carnis,
3033 4968 3153 5020 qum
3199 4954 3449 5024 operibus
3488 4948 3893 5027 spiritualibtts"

2265 5039 2627 5093 mortiﬁcanda
2650 5051 2793 5106 sunt,
2826 5042 2932 5096 alio
2959 5043 3075 5097 loco
3095 5044 3444 5110 demonstrat,
3472 5045 3656 5101 dicens
3682 5066 3695 5101 :
3727 5047 3851 5101 Ma-

2265 5130 2447 5200 nifesta
2475 5142 2639 5183 autem
2667 5141 2783 5185 sunt
2809 5150 2963 5204 opera
2982 5137 3173 5198 carnis,
3191 5151 3304 5203 qua:
3326 5144 3440 5188 sunt
3468 5138 3851 5208 fornicationes,

2263 5222 2613 5288 immunditiaz,
2647 5224 2980 5293 impudicitia,
3022 5225 3272 5279 idolorum
3318 5227 3548 5289 servitus,
3587 5231 3848 5299 veneﬁcia,

2264 5313 2562 5379 inimicitiae,
2586 5318 2934 5379 contentiones,
2960 5314 3321 5379 armttlationes,
3348 5316 3714 5387 animositates,
3745 5323 3857 5375 dis-

2264 5408 2540 5474 sensiones,
2571 5408 2802 5474 haereses,
2830 5409 3050 5475 invidiw,
3077 5410 3356 5474 ebrietates,
3387 5415 3851 5477 commessationes,

2330 5542 2345 5608 ξ
2373 5547 2597 5608 Duoatss.
2624 5554 2731 5608 cum
2753 5549 2870 5597 ttat.,
2896 5539 3054 5608 ﬁdem.
3082 5541 3183 5608 sine
3206 5541 3444 5608 operibus,
3472 5544 3693 5608 quoniam
3711 5580 3726 5605 ,
3749 5555 3849 5597 etc.

2327 5605 2347 5634 ³
2371 5603 2487 5651 Editi
2511 5617 2621 5651 eum
2634 5603 2815 5664 aliquot
2839 5603 2938 5651 uss.
2967 5604 3145 5652 addunt
3171 5605 3263 5659 hic,
3289 5603 3535 5653 bonorum.

2329 5665 2349 5695 ³
2372 5672 2465 5713 sex
2513 5672 2652 5720 Mss,
2675 5664 2760 5713 sed
2810 5665 2969 5727 gratia
3028 5664 3148 5725 Dei,
3182 5678 3293 5729 qua:
3336 5679 3508 5717 vacare
3550 5666 3603 5719 in
3630 5666 3718 5718 illo
3750 5681 3852 5723 non

2263 5730 2591 5837 “icisse...
2610 5794 2737 5851 uss,
2762 5785 3047 5840 discesserit.
