4180 6214
362 244 453 301 89

366 370 429 416 et
467 362 549 415 his
590 357 816 420 similia;
856 371 969 426 qua:
994 353 1215 424 prtedico
1242 352 1398 419 vobis,
1430 353 1558 405 sicut
1592 350 1825 419 pradici,
1855 367 1982 421 quo-

369 453 529 504 niam
555 450 644 520 qui
668 448 792 501 talia
819 454 998 516 agunt,
1022 461 1227 514 regnum
1257 442 1355 497 Dei
1379 459 1479 495 non
1510 434 1829 511 possidebunt
1856 439 1987 510 (Ga-

1812 236 2008 291 LIBER
2051 236 2255 293 UNUS.
3606 244 3677 302 90

2098 352 2252 415 citur,
2284 353 2393 421 ipsa
2442 362 2692 423 operatur
2721 355 2880 410 etiam
2936 369 3031 426 per
3079 354 3332 421 artiﬁces,
3365 365 3424 411 ut
3451 356 3679 429 pulchra

2093 454 2251 516 atque
2270 450 2612 518 congruentia
2666 450 2893 515 faciant;
2943 451 3184 520 quamvis
3216 465 3324 505 non
3367 450 3436 507 de
3482 452 3673 522 nihilo,

372 545 482 600 lat.
514 561 566 608 ν,
607 537 821 611 I921).
859 540 923 592 Et
951 538 1015 591 ad
1045 534 1349 591 Corinthios
1382 528 1468 587 ait
1511 552 1523 586 :
1572 531 1744 585 Nolite
1784 548 1986 596 errare;

374 655 552 708 neque
577 635 933 707 fornicatores,
981 646 1137 699 neque
1162 629 1311 681 idolis
1338 628 1621 691 servientes,
1651 641 1809 693 neque
1832 624 1984 678 adul-

376 731 508 795 teri,
539 744 697 797 neque
728 724 924 784 molles,
951 738 1110 792 neque
1139 718 1476 773 masculorum
1504 716 1865 780 concubitores,
1899 731 1990 769 ne-

377 838 487 890 que
518 823 675 891 fures,
709 833 866 887 neque
906 816 1064 879 avari,
1097 829 1253 882 neque
1300 810 1501 876 ebriosi,
1535 826 1692 879 neque
1734 807 1987 874 maledici,

2094 539 2187 594 sed
2219 539 2283 593 de
2309 540 2481 610 aliqua
2508 544 2726 596 materia
2744 553 3052 611 operentur,
3081 544 3401 614 velulligno,
3420 556 3515 600 aut
3532 561 3676 602 mar-

2094 646 2262 695 more,
2287 640 2376 684 aut
2405 632 2588 697 ebore,
2620 643 2674 689 et
2699 635 2742 687 si
2770 634 2908 702 quod
2944 635 3084 689 aliud
3117 636 3353 691 materiae
3375 652 3544 707 genus
3565 654 3683 694 ma-

2096 724 2252 777 nibus
2279 723 2496 778 artiﬁcis
2522 725 2785 780 subditur.
2823 727 2924 782 Sed
2958 727 3079 782 ideo
3107 729 3192 781 isti
3221 744 3325 782 non
3352 740 3576 798 possunt
3605 731 3675 787 de

2097 816 2263 870 nihilo
2289 817 2486 886 aliquid
2517 818 2771 872 labricare
2791 820 2829 882 ‘,
2857 820 2975 889 qni-i
3009 835 3102 889 per
3129 834 3324 889 corpus
3349 831 3639 889 operantur
3664 838 3679 887 ;

380 930 553 984 neque
582 929 792 982 rapaces
816 926 1026 981 regnum
1053 907 1150 962 Dei
1178 907 1522 977 possidebunt.
1557 903 1622 957 Et
1658 905 1763 957 haec
1792 904 1992 973 quidem

374 1007 603 1087 fuistis;
637 1004 727 1059 sed
763 1003 924 1056 abluti
953 1002 1092 1066 estis,
1123 999 1213 1054 sed
1236 998 1545 1067 sanctiﬁcati
1571 996 1706 1061 estis,
1734 994 1822 1049 sed
1845 996 1994 1063 iusti-

386 1097 538 1167 ﬁcati
568 1096 684 1150 estis
722 1096 776 1148 in
804 1094 1006 1148 nomine
1038 1090 1247 1145 Domini
1276 1091 1433 1142 nostri
1478 1086 1509 1140 J
1519 1104 1605 1141 esu
1630 1086 1837 1151 Christi,
1866 1096 1914 1138 et
1941 1086 1993 1139 in

391 1189 603 1260 Spiritu
631 1187 726 1240 Dei
755 1185 916 1239 nostri
948 1183 1002 1254 (l
1027 1182 1148 1239 Cor.
1179 1198 1254 1244 γι,
1287 1181 1459 1250 9-H).
1491 1179 1692 1245 Quibus
1717 1179 1993 1233 sententiis

390 1280 837 1337 manifestissime
875 1277 1033 1331 docet
1060 1290 1163 1329 non
1208 1290 1303 1329 eos
1348 1272 1616 1343 praeterito
1663 1270 1802 1325 bono
1832 1286 1995 1338 opere

393 1372 467 1427 ad
501 1371 623 1426 ﬁdei
660 1369 1096 1440 justiﬁeationem
1130 1366 1471 1435 pervenisse;
1525 1378 1623 1417 nec
1652 1363 1856 1416 meritis
1900 1378 1994 1416 eo-

394 1485 525 1525 rum
553 1470 706 1522 istam
734 1465 956 1538 gratiam
986 1466 1183 1529 datam,
1216 1463 1428 1534 quando
1457 1461 1607 1527 dicit,
1642 1460 1708 1513 Et
1736 1460 1841 1512 lucc
1878 1455 1993 1525 qui-

399 1560 525 1615 dem
556 1560 762 1631 fuistis:
789 1558 883 1612 sed
911 1573 1031 1612 cum
1076 1556 1221 1621 dicit,
1260 1554 1357 1619 Qui
1404 1555 1530 1607 talia
1570 1559 1745 1623 agunt,
1787 1563 1996 1619 regnum

397 1651 508 1706 Dei
535 1668 635 1705 non
664 1648 1026 1722 possidebunt;
1074 1647 1203 1701 satis
1244 1645 1500 1710 ostendit,
1525 1644 1634 1713 jam
1662 1658 1724 1696 cx
1756 1653 1861 1710 quo
1881 1652 1998 1692 cre-

399 1742 678 1807 diderunt,
706 1740 844 1796 bene
880 1738 1089 1809 operari
1129 1737 1345 1792 debere.
1374 1735 1526 1804 Quod
1566 1742 1621 1789 et
1647 1732 1877 1788 Jacobus
1910 1728 1992 1781 di-

400 1834 500 1897 cit,
534 1842 590 1887 et
634 1831 817 1886 multis
858 1830 1075 1884 omnino
1120 1828 1251 1883 locis
1296 1827 1437 1883 idem
1482 1825 1759 1895 apostolus
1803 1821 1998 1877 Paulus

403 1925 538 1981 satis
581 1929 872 1994 aperteque
908 1922 1198 1991 pnedicat,
1239 1930 1383 1976 recte
1427 1918 1708 1974 vivendum
1750 1914 1999 1971 omnibus

406 2015 500 2085 qui
530 2014 582 2069 in
612 2013 828 2069 Christo
856 2011 1216 2075 crediderunt,
1249 2026 1316 2066 ne
1341 2010 1407 2065 ad
1447 2024 1633 2080 pinnas
1657 2008 1996 2079 perveniant.

405 2103 561 2171 Quod
611 2113 668 2160 et
710 2105 826 2173 ipse
870 2102 1125 2157 Dominus
1169 2109 1576 2166 commemorat,
1618 2099 1839 2153 dicens:
1874 2095 1997 2151 Non

405 2197 574 2251 omnis
610 2196 698 2266 qui
747 2196 869 2248 dicit
930 2194 1071 2255 mihi,
1122 2191 1357 2256 Domine,
1408 2190 1651 2254 Domine,
1693 2187 1897 2243 intrabit
1946 2187 2001 2240 in

404 2305 622 2360 regnum
651 2288 886 2342 caelorum
908 2300 929 2350 ;
956 2285 1044 2339 sed
1082 2285 1169 2353 qui
1204 2284 1323 2355 facit
1364 2283 1668 2336 voluntatem
1696 2278 1869 2331 Patris
1902 2277 2000 2331 mei

404 2381 497 2449 qui
514 2382 569 2435 in
590 2380 726 2434 cadis
745 2387 839 2442 est,
863 2377 969 2448 ipse
991 2375 1193 2430 intrabit
1220 2375 1273 2429 in
1298 2390 1504 2443 regnum
1526 2372 1763 2425 ctelorum
1780 2366 1997 2439 (Matth.

404 2486 517 2536 vn,
555 2469 670 2541 2i).
716 2468 784 2522 Et
828 2467 996 2520 alibi:
1035 2464 1226 2535 thuid
1266 2465 1429 2517 dicitis
1462 2463 1605 2526 mihi,
1630 2459 1868 2522 Domine,
1895 2456 2000 2511 Do-

405 2563 580 2628 mine,
608 2570 655 2615 et
696 2576 796 2614 non
840 2559 1007 2631 facitis
1049 2574 1161 2627 qua:
1206 2556 1318 2610 dico
1356 2555 1492 2609 vobis
1538 2554 1687 2623 (Luc.
1739 2567 1827 2618 γι,
1868 2548 1999 2625 4b)?

409 2653 505 2718 Et,
544 2651 714 2706 Omnis
752 2651 837 2721 qui
877 2649 1018 2703 audit
1056 2648 1204 2702 verba
1247 2663 1357 2701 mea
1387 2646 1492 2700 lucc
1521 2655 1567 2699 et
1592 2644 1711 2716 facit
1738 2659 1814 2708 ea,
1858 2641 2000 2695 simi-

408 2744 531 2799 labo
568 2760 675 2798 eum
719 2744 825 2796 uiro
863 2740 1134 2812 prudenti,
1176 2738 1262 2809 qui
1301 2737 1571 2806 wdiﬁcavit
1613 2735 1815 2790 domum
1853 2747 2001 2786 suam

409 2851 575 2906 supra
614 2842 838 2901 petram,
884 2841 987 2886 etc.
1032 2828 1101 2883 Et
1146 2830 1231 2900 qui
1275 2828 1417 2882 audit
1462 2827 1609 2881 verba
1652 2841 1761 2879 mea
1804 2823 1912 2879 hazc
1954 2831 2001 2877 et

409 2942 514 2980 non
550 2927 674 2996 facit
709 2940 800 2991 ea,
836 2923 1067 2977 simitabo
1105 2937 1217 2974 eum
1260 2921 1366 2975 viro
1404 2919 1589 2981 stulto,
1619 2918 1706 2988 qui
1731 2915 2000 2985 aediﬁcavit

408 3017 617 3071 domum
652 3034 797 3072 suam
832 3032 985 3087 super
1011 3032 1247 3080 arenam,
1272 3024 1375 3070 etc.
1411 3012 1620 3086 (Matth.
1643 3028 1717 3067 vn
1734 3054 1748 3078 ,
1773 3011 1995 3082 24-27).

413 3110 749 3179 Quapropter
788 3124 891 3164 non
922 3116 1047 3163 sunt
1075 3107 1173 3161 sibi
1212 3106 1493 3161 contraria:
1530 3103 1755 3159 duorum
1786 3111 2001 3172 aposto-

410 3199 587 3255 lorum
615 3200 895 3254 sententia:
914 3240 928 3264 ,
954 3199 1099 3253 Pauli
1127 3207 1181 3253 et
1208 3196 1426 3261 Jacobi,
1456 3209 1576 3250 cum
1604 3194 1735 3249 dicit
1760 3207 1895 3247 unus
1914 3193 1995 3263 ju-

410 3292 633 3348 stiﬁcari
664 3291 931 3345 hominem
961 3305 1058 3360 per
1084 3288 1240 3344 fidem
1281 3288 1397 3342 sine
1437 3285 1720 3355 operibus,
1766 3293 1821 3339 et
1863 3284 1999 3338 alius

408 3384 543 3441 dicit
572 3387 783 3440 inanem
810 3398 929 3438 esse
967 3382 1121 3436 ﬁdem
1150 3381 1266 3435 sine
1295 3379 1581 3449 operibus:
1605 3377 1736 3455 quia.
1760 3376 1848 3430 ille
1872 3375 2001 3430 dicit

410 3476 479 3532 de
505 3477 762 3547 operibus
807 3490 923 3545 quae
961 3472 1118 3528 ﬁdem
1167 3470 1494 3541 praecedunt,
1523 3468 1622 3523 iste
1661 3467 1727 3522 de
1774 3467 1839 3521 iis
1880 3481 1999 3537 qua:

411 3566 573 3623 ﬁdem
619 3575 953 3635 sequuntur;
1009 3564 1147 3619 sicut
1198 3562 1360 3618 etiam
1414 3562 1527 3631 ipse
1579 3558 1775 3614 Paulus
1818 3558 1998 3612 multis

410 3660 545 3716 locis
575 3659 834 3715 ostendit.

628 3748 887 3807 LXXVII.
918 3749 994 3803 De
1014 3750 1209 3813 timore,
1238 3756 1406 3802 utrum
1428 3756 1687 3819 peccatum
1707 3745 1791 3799 sit.

481 3845 669 3901 Omnis
692 3843 1017 3916 perturbatio
1040 3885 1056 3909 ,
1082 3843 1294 3912 passio;
1339 3840 1513 3893 onmis
1555 3837 1846 3907 cupiditas,
1873 3849 1998 3906 per-

411 3935 647 3992 turbatio
671 3952 685 3990 :
710 3935 883 3990 omnis
900 3934 1057 4004 igitur
1075 3932 1359 4001 cupiditas,
1388 3928 1584 3999 passio.
1610 3925 1797 3982 Omnis
1820 3935 1999 3980 autem

409 4028 624 4101 passio,
653 4042 773 4083 cum
808 4036 890 4082 est
917 4026 969 4080 in
1000 4025 1184 4090 nobis,
1218 4025 1328 4093 ipsa
1368 4021 1613 4092 passione
1658 4018 1918 4087 patimur;
1948 4025 2002 4070 et

415 4120 476 4174 in
506 4129 752 4188 quantum
796 4118 974 4188 passio
1002 4126 1117 4181 est,
1151 4116 1417 4186 patimur:
1443 4111 1618 4167 omnis
1649 4110 1809 4181 igitur
1847 4110 1997 4180 cupi-

413 4209 556 4265 ditas
575 4252 591 4277 ,
616 4226 730 4264 cum
764 4221 844 4265 est
874 4210 925 4264 in
957 4208 1107 4262 nobis
1126 4247 1141 4272 ,
1188 4207 1302 4274 ipsa
1331 4203 1617 4273 cupiditate
1656 4200 1918 4270 patimur;
1948 4208 2002 4254 et

412 4302 467 4358 in
499 4311 749 4374 quantum
773 4302 1033 4372 cupiditas
1053 4308 1135 4355 est
1156 4342 1170 4365 ,
1201 4299 1451 4368 patimur.
1475 4293 1659 4349 Omnis
1675 4301 1850 4348 autem
1870 4306 1999 4360 pas-

410 4401 515 4461 sio,
546 4399 597 4450 in
625 4404 878 4465 quantum
901 4395 1012 4463 ipsa
1058 4391 1309 4462 passione
1336 4389 1583 4459 patimur,
1618 4401 1724 4440 non
1757 4392 1842 4440 est
1870 4398 1999 4453 pec—

410 4499 589 4546 catum
618 4490 734 4544 :sic
760 4489 875 4544 etsi
899 4488 1128 4558 patimur
1154 4484 1420 4546 timorem,
1451 4495 1557 4535 non
1587 4487 1671 4534 est
1698 4484 1995 4548 peccatum.

410 4580 687 4651 Tanquam
733 4578 780 4634 si
826 4578 1112 4641 diceretur,
1141 4575 1195 4631 Si
1229 4574 1378 4644 bipes
1400 4580 1482 4627 est
1503 4612 1518 4638 ,
1554 4585 1659 4625 non
1688 4576 1771 4624 est
1813 4581 1995 4637 pecus.

409 4673 471 4728 Si
501 4687 628 4743 ergo
658 4680 937 4742 propterea
960 4669 1059 4725 hoc
1086 4684 1189 4723 non
1220 4675 1302 4722 est
1326 4679 1657 4735 consequens
1675 4704 1690 4729 ,
1719 4661 1841 4732 quia
1861 4661 2000 4715 mul-

413 4774 470 4819 ta
487 4771 609 4819 sunt
626 4778 817 4834 pecora
842 4760 1088 4832 bipedia;
1120 4767 1398 4829 propterea
1425 4766 1479 4812 et
1497 4755 1623 4809 illud
1652 4767 1755 4807 non
1775 4760 1855 4807 est
1871 4765 1999 4806 con-

406 4869 677 4925 sequens,
706 4852 826 4924 quia
854 4852 1017 4907 multa
1042 4859 1164 4905 sunt
1190 4857 1404 4919 peccata
1448 4861 1566 4916 qua:
1608 4844 1854 4914 patimur.
1887 4841 1999 4899 Hoc

405 4946 553 5002 enim
578 4953 757 5000 contra
784 4944 997 5009 dicitur,
1026 4957 1133 4997 non
1162 4956 1279 4996 esse
1307 4950 1638 5008 consequens
1679 4943 1737 4989 ut
1782 4934 1826 4989 si
1859 4933 1998 5004 pati-

404 5051 531 5091 mur
556 5034 800 5089 timorem
821 5075 836 5100 ,
868 5033 989 5087 ideo
1016 5047 1121 5086 non
1151 5031 1219 5085 sit
1247 5037 1540 5100 peccatum.
1569 5025 1649 5081 'I‘u
1692 5034 1868 5081 autem
1908 5024 1995 5078 di-

404 5128 487 5183 cis
512 5142 845 5199 consequens
883 5140 1004 5181 esse
1052 5132 1109 5179 ut
1137 5124 1183 5179 si
1214 5123 1444 5194 patimur
1478 5121 1725 5175 timorem
1746 5161 1763 5187 ,
1796 5134 1903 5172 non
1931 5118 2000 5171 sit

403 5228 716 5291 peccatum;
746 5235 867 5275 cum
904 5230 1084 5274 tamen
1110 5215 1375 5273 concedas
1399 5215 1415 5247 ¹
1448 5214 1622 5283 aliqua
1647 5227 1767 5268 esse
1802 5227 2001 5282 pecca-

404 5320 460 5366 ta
488 5326 607 5383 qum
633 5311 881 5381 patimur.

584 5400 866 5457 LXXVIII.
903 5399 977 5454 De
1002 5398 1378 5471 pulchritudine
1402 5394 1809 5450 simulacrorum.

480 5495 585 5549 Ars
626 5494 714 5549 illa
755 5508 961 5548 summa
1009 5488 1393 5561 omnipotentis
1436 5486 1559 5551 Dei,
1606 5501 1701 5555 per
1744 5501 1900 5556 quam
1931 5500 1997 5541 ex

402 5586 576 5644 nihilo
600 5586 739 5643 facta
763 5596 887 5641 sunt
910 5584 1087 5641 omnia
1106 5626 1121 5652 ,
1147 5599 1267 5655 quae
1296 5581 1455 5638 etiam
1487 5577 1747 5648 sapientia
1770 5576 1885 5647 ejus
1914 5575 1996 5631 di-

473 5741 493 5774 ⁸
514 5745 613 5793 ttat.
641 5745 694 5792 et
712 5751 803 5791 sex
825 5745 957 5803 uss,
976 5749 1090 5791 cum
1107 5742 1272 5789 tamen
1292 5738 1488 5787 constet.

2097 924 2216 962 cum
2253 918 2426 961 tamen
2456 924 2550 962 eos
2596 926 2866 977 numeros,
2915 920 2968 965 et
3012 911 3453 966 lineamentorum
3485 928 3683 968 convc-

2098 1002 2350 1055 nicntiam
2368 1043 2382 1065 ,
2406 1018 2522 1071 qua:
2550 1017 2645 1071 per
2665 1019 2857 1071 corpus
2876 1005 3084 1073 corpori
3108 1004 3436 1072 imprimunt,
3464 1006 3516 1059 in
3554 1008 3678 1059 ani-

2098 1110 2186 1148 mo
2212 1096 2472 1163 accipiant
2497 1095 2563 1150 ah
2590 1096 2676 1149 illa
2717 1111 2919 1150 summa
2951 1097 3230 1165 sapientia,
3258 1113 3376 1167 qua:
3404 1098 3550 1167 ipsos
3578 1115 3676 1151 nu-

2098 1200 2274 1240 meros
2326 1195 2376 1241 et
2427 1186 2592 1255 ipsam
2646 1187 3070 1241 convenientiam
3127 1188 3280 1258 longe
3341 1189 3680 1245 artittciosius

2099 1278 2348 1332 universo
2397 1277 2579 1332 mundi
2623 1279 2832 1347 corpori
2870 1279 3158 1348 impressit,
3209 1280 3350 1350 quod
3404 1280 3471 1336 de
3514 1282 3679 1336 nihilo

2100 1367 2408 1423 fabricatum
2437 1376 2519 1422 est
2551 1386 2564 1422 :
2595 1369 2648 1422 in
2695 1385 2800 1439 quo
2842 1379 2966 1423 sunt
2993 1370 3155 1424 etiam
3200 1386 3424 1440 corpora
3471 1373 3681 1427 anima-

2099 1457 2246 1521 lium,
2275 1475 2393 1529 qua:
2414 1459 2522 1528 jam
2540 1460 2606 1514 de
2632 1460 2830 1529 aliquo,
2861 1460 2912 1514 id
2940 1468 3021 1516 est
3040 1502 3055 1526 ,
3088 1460 3157 1516 de
3182 1462 3461 1517 elementis
3494 1463 3674 1517 mundi

2099 1549 2454 1615 fabricantur;
2509 1550 2602 1605 sed
2675 1550 2832 1620 longe
2874 1552 3144 1620 potentius
3196 1551 3679 1621 excellentiusque,

2100 1655 2257 1710 quam
2278 1655 2398 1694 eum
2423 1641 2655 1696 artiﬁces
2674 1640 2918 1696 homines
2948 1642 3160 1698 easdem
3188 1641 3385 1712 ﬁguras
3398 1657 3686 1713 corpon

2101 1742 2156 1787 et
2181 1733 2376 1788 formas
2398 1734 2448 1788 in
2475 1735 2588 1789 suis
2608 1735 2858 1804 operibus
2887 1736 3179 1790 imitantur.
3200 1733 3316 1790 Non
3344 1736 3487 1791 enim
3509 1736 3687 1791 omnis

2102 1830 2459 1884 numerositas
2512 1830 2729 1884 humani
2773 1832 3015 1899 corporis
3057 1831 3324 1886 invenitur
3363 1830 3416 1885 in
3469 1839 3679 1897 statua;

2102 1922 2199 1978 sed
2226 1931 2401 1979 tamen
2422 1938 2771 1993 quaecumque
2796 1923 2866 1977 ibi
2893 1922 3159 1978 invenitur
3181 1924 3224 1989 ³,
3257 1923 3325 1977 ab
3353 1923 3440 1978 illa
3468 1923 3687 1993 sapien-

2105 2016 2174 2069 tia
2202 2031 2297 2084 per
2322 2015 2541 2071 artiﬁcis
2575 2031 2791 2071 manum
2832 2016 3090 2086 trajicitur
3119 2015 3159 2080 ³,
3196 2031 3315 2085 quas
3342 2015 3515 2086 ipsum
3560 2030 3685 2072 cor-

2103 2121 2203 2176 pus
2247 2106 2535 2161 humanum
2583 2108 2893 2163 naturaliter
2935 2107 3176 2163 fabricat.
3203 2107 3311 2163 Nec
3344 2107 3467 2165 ideo
3495 2116 3674 2166 tamen

2102 2211 2200 2265 pro
2230 2212 2420 2267 magno
2441 2197 2668 2253 habendi
2699 2207 2842 2263 sunt,
2885 2198 2973 2268 qui
3019 2198 3141 2253 talia
3178 2213 3339 2269 opera
3383 2199 3680 2264 fabricant,

2103 2297 2193 2341 aut
2224 2288 2482 2358 diligunt;
2528 2290 2648 2359 quia
2689 2290 2989 2345 minoribus
3030 2290 3191 2345 rebus
3235 2290 3436 2345 intenta
3482 2291 3678 2357 anima,

2103 2393 2237 2448 quas
2265 2394 2358 2448 per
2381 2394 2576 2449 corpus
2600 2381 2947 2451 corporaliter
2961 2379 3108 2447 facit,
3136 2380 3311 2436 minus
3333 2381 3556 2437 inhaeret
3585 2380 3687 2451 ipsi

2104 2485 2327 2525 summae
2352 2470 2645 2539 sapientiae,
2677 2470 2820 2525 unde
2868 2471 2995 2526 istas
3043 2472 3309 2540 potentias
3353 2472 3687 2541 habetzqui-

2103 2561 2203 2616 bus
2230 2562 2368 2617 male
2400 2562 2582 2629 utitur,
2623 2563 2748 2617 dum
2780 2561 2909 2617 foris
2942 2576 3035 2617 eas
3053 2569 3305 2633 exercet;
3334 2560 3422 2615 illa
3455 2562 3597 2615 enim
3630 2562 3686 2617 in

2102 2653 2295 2722 quibus
2316 2669 2409 2710 eas
2446 2663 2680 2718 exercet,
2712 2653 2956 2723 diligens,
2991 2652 3299 2707 interiorem
3350 2666 3536 2707 earum
3564 2650 3680 2707 for-

2102 2759 2243 2799 mam
2270 2746 2511 2801 stabilem
2551 2744 2798 2815 negligit,
2830 2752 2885 2800 et
2912 2744 3123 2798 inanior
3152 2743 3519 2813 infirmiorque
3560 2741 3684 2798 efﬁ-

2103 2836 2260 2892 citur.
2297 2835 2399 2904 Qui
2441 2851 2569 2891 vero
2597 2835 2720 2891 talia
2749 2850 2911 2905 opera
2944 2836 3104 2891 etiam
3130 2835 3413 2890 coluerunt
3441 2834 3483 2899 ",
3511 2849 3685 2906 quan-

2103 2937 2214 2984 tum
2236 2928 2567 2984 deviaverint
2592 2942 2624 2982 a
2648 2928 2871 2983 veritate
2890 2967 2904 2987 .
2929 2926 3053 2982 hinc
3077 2927 3294 2998 intelligi
3319 2934 3532 2997 potest,
3560 2927 3687 2998 quia

2102 3020 2147 3075 si
2177 3020 2290 3090 ipsa
2336 3019 2640 3074 animalium
2676 3032 2899 3085 corpora
2938 3002 3209 3082 colerent,
3235 3033 3357 3087 qua:
3386 3017 3556 3072 multo
3585 3031 3687 3073 ex-

2102 3112 2379 3167 cellentius
2401 3109 2652 3166 fabricata
2678 3116 2822 3173 sunt,
2869 3118 2921 3162 et
2956 3123 3181 3177 quorum
3230 3118 3351 3163 sunt
3392 3107 3483 3162 illa
3512 3107 3691 3163 imita-

2102 3211 2303 3266 menta,
2333 3201 2459 3271 quid
2489 3202 2568 3255 eis
2596 3199 2856 3255 infelicius
2881 3199 3182 3253 diceremus
3200 3199 3226 3251 ?

2104 3291 2338 3348 LXXIX.
2372 3292 2543 3359 Quare
2571 3290 2705 3362 magi
2736 3288 3023 3344 Pharaonis
3056 3292 3281 3361 fecerunt
3317 3289 3551 3360 quietiam
3581 3290 3684 3345 mi-

2173 3386 2350 3441 racula
2374 3386 2504 3440 sicut
2524 3384 2726 3455 Moyses
2752 3384 2974 3454 famulus
3002 3381 3099 3438 Dei
3121 3382 3316 3454 (Exod.
3345 3398 3438 3449 vn,
3460 3383 3616 3454 Vin)?

2176 3479 2227 3532 1.
2250 3478 2436 3533 Omnis
2480 3478 2655 3531 anima
2708 3475 2897 3546 partim
2920 3476 3110 3546 privati
3139 3475 3413 3547 cujusdam
3436 3476 3574 3545 juris
3598 3476 3683 3532 sui

2084 3578 2421 3642 potestatem
2464 3568 2633 3639 gerit,
2680 3570 2870 3637 partim
2915 3567 3274 3624 universitatis
3303 3568 3504 3639 legibus
3549 3567 3690 3623 sicut

2103 3661 2329 3733 publicis
2358 3669 2634 3716 coercetur
2680 3668 2734 3716 et
2776 3659 2995 3730 regitur.
3039 3658 3173 3727 Quia
3198 3674 3327 3729 ergo
3353 3672 3685 3729 unaquaeque

2102 3767 2191 3809 res
2216 3750 2441 3807 visibilis
2465 3750 2517 3805 in
2547 3750 2650 3805 hoe
2686 3750 2888 3806 mundo
2930 3750 3092 3805 habet
3143 3757 3458 3820 potestatem
3484 3748 3688 3818 angeli-

2102 3859 2218 3900 cam
2248 3843 2347 3898 sibi
2375 3842 2741 3913 praepositam,
2769 3842 2908 3896 sicut
2943 3840 3145 3910 aliquot
3164 3839 3299 3894 locis
3325 3839 3502 3893 divina
3539 3837 3683 3893 Scri-

2104 3942 2261 4004 ptura
2290 3940 2533 3999 testatur,
2585 3932 2655 3986 de
2696 3946 2759 3987 ea
2808 3946 2867 3985 re
2909 3931 2994 3984 cui
3041 3929 3328 4000 prmposita
3375 3937 3479 3993 est,
3533 3927 3691 3984 aliter

2103 4025 2256 4095 quasi
2285 4024 2490 4095 privato
2509 4023 2631 4091 jure
2654 4022 2780 4092 agit,
2825 4021 2980 4074 aliter
3016 4031 3267 4090 tanquam
3292 4018 3502 4088 publice
3527 4033 3690 4090 agere

2104 4086 2329 4186 cogitur.
2362 4086 2633 4170 Potentior-
2680 4086 2767 4168 est
2792 4112 2933 4167 enim
2984 4086 3142 4181 parte
3179 4086 3693 4180 universitas;quo-
3748 4086 3794 4187 il

2104 4208 2245 4263 niam
2278 4205 2403 4261 illud
2424 4204 2566 4275 quod
2587 4203 2659 4259 ibi
2679 4202 2931 4274 privatim
2968 4202 3096 4273 agit,
3126 4210 3334 4256 tantum
3375 4216 3533 4271 agere
3559 4200 3691 4255 siui-

2104 4307 2207 4361 tur,
2233 4304 2487 4367 quantum
2511 4295 2594 4350 lex
2632 4293 2992 4349 universitatis
3027 4292 3173 4347 sinit.
3214 4289 3320 4346 Sed
3359 4306 3689 4361 unaquaeque

2103 4388 2280 4444 anima
2330 4394 2477 4441 tanto
2525 4395 2608 4441 est
2657 4384 2856 4455 pietate
2899 4384 3193 4455 purgatior,
3237 4391 3437 4454 quanto
3480 4383 3690 4454 privato

2104 4494 2202 4535 suo
2228 4480 2404 4534 minus
2427 4477 2688 4533 delectata
2713 4518 2729 4543 ,
2755 4477 2929 4546 legem
2954 4474 3319 4531 universitatis
3338 4474 3592 4536 intuetur.
3619 4476 3692 4531 ci-

2104 4586 2208 4642 que
2236 4570 2428 4625 devote
2452 4584 2516 4624 ac
2542 4568 2770 4624 libenter
2798 4567 3149 4637 obtemperat.
3175 4566 3273 4621 Est
3291 4565 3431 4620 enim
3458 4565 3545 4621 lex
3570 4567 3688 4621 nni-

2104 4660 2372 4717 versitatis
2418 4659 2596 4714 divina
2647 4658 2928 4729 sapientia.
2980 4655 3190 4724 Quanto
3229 4663 3407 4710 autem
3459 4656 3690 4725 amplius

2105 4756 2310 4827 privato
2330 4767 2428 4808 suo
2453 4752 2668 4824 gaudet,
2711 4761 2766 4806 et
2810 4748 3049 4820 neglecto
3101 4748 3244 4814 Deo,
3298 4747 3387 4818 qui
3436 4747 3687 4802 omnibus

2105 4846 2297 4902 animis
2342 4845 2540 4900 utiliter
2568 4858 2632 4899 ac
2662 4841 2947 4899 salubriter
2989 4837 3267 4909 praesidet,
3315 4838 3429 4907 ipsa
3459 4837 3557 4892 sibi
3601 4839 3688 4893 vel

2105 4940 2224 4996 aliis
2250 4938 2441 5010 quibus
2466 4935 2718 5007 potuerit,
2744 4934 2858 4989 vult
2882 4946 3002 4988 esse
3032 4945 3128 5000 pro
3162 4930 3307 4995 Deo,
3334 4944 3485 4985 suam
3508 4934 3684 5000 potius

2105 5032 2160 5088 in
2181 5046 2241 5087 se
2270 5031 2353 5086 vel
2375 5030 2427 5084 in
2448 5029 2582 5084 alios
2602 5069 2616 5093 ,
2645 5041 2802 5097 quam
2842 5024 2985 5078 illius
3022 5022 3079 5077 in
3113 5036 3301 5077 omnes
3338 5021 3565 5093 diligens
3593 5039 3686 5091 pn-

2170 5168 2187 5198 ι
2212 5165 2369 5215 Multis
2389 5166 2438 5213 in
2460 5164 2596 5213 libris
2613 5160 2815 5212 verbum
2831 5158 2957 5209 istud
2980 5171 3089 5221 cum
3112 5160 3299 5221 passiva
3316 5159 3661 5221 terminatione
3675 5191 3690 5218 ,

2105 5228 2247 5278 sicuti
2265 5228 2498 5288 frequens
2518 5224 2641 5288 ξηευᾴ
2673 5223 2953 5288 Ciceronem
2970 5256 2986 5282 ,
3011 5219 3516 5288 adluheturjanquam
3537 5219 3620 5280 de;
3635 5232 3693 5268 o-

2105 5302 2233 5353 nens
2243 5304 2257 5350 ;
2270 5281 2475 5351 proime,
2496 5281 2752 5353 fabricare,
2771 5283 3034 5353 reperitur,
3051 5282 3283 5346 fabricari
3302 5296 3321 5333 .'
3338 5281 3547 5346 et'paulo
3563 5288 3692 5342 post,

2104 5343 2341 5415 fabricata
2356 5343 2586 5415 est,'pro,
2607 5343 2892 5415 fabricatum
2913 5351 3000 5415 est,
3028 5343 3121 5415 etc.
3167 5405 3197 5415 __
3232 5407 3244 5415 _
3316 5411 3326 5415 _
3374 5384 3383 5391 ,

2170 5416 2190 5445 ³
2211 5420 2283 5463 Er.
2297 5420 2349 5461 et
2362 5403 2496 5467 Lava,
2511 5403 2836 5466 inueniuntur;
2852 5415 2903 5456 et
2915 5408 3063 5469 intra,
3081 5405 3403 5469 trajiciuntur.
3421 5403 3512 5454 Sed
3525 5403 3693 5469 verius

2105 5482 2205 5525 Bat.
2232 5482 2283 5525 et
2304 5481 2431 5531 Mss.,
2468 5465 2781 5520 invenitur....
2808 5465 3066 5531 trajicitur.
3100 5465 3325 5527 subaudi,
3349 5465 3689 5516 numerositas.

2107 5538 2255 5600 Lugd.
2277 5543 2329 5585 et
2351 5543 2469 5600 ven.
2490 5540 2543 5581 ut
2565 5540 2638 5580 Er.
2665 5539 2716 5581 et
2737 5539 2845 5600 Lov.
2866 5591 2878 5600 _
2912 5538 2968 5578 Μ.

2174 5588 2202 5632 ἵ
2215 5606 2319 5647 Mss.
2339 5598 2573 5661 quinque,
2598 5607 2684 5661 per
2700 5589 2900 5661 artiﬁcis
3151 5588 3409 5653 trajicitur.
3433 5594 3555 5641 'n'es
3569 5601 3689 5642 vero

2109 5663 2185 5713 alii
2206 5698 2218 5721 ,
2242 5674 2327 5723 per
2349 5653 2549 5723 artificis
2570 5653 2855 5723 nativitatem
2873 5653 3135 5717 trajicitur.

2174 5726 2193 5756 θ
2209 5718 2383 5773 Plures
2408 5718 2530 5784 uss,
2549 5718 2724 5770 colunt.
