4134 6208
472 268 538 330 st
1200 268 1289 324 DE
1331 264 1638 320 oneusns
1676 242 2198 334 Qumsrtoatsus
2235 262 2521 336 LXXXIII,
2562 266 2620 323 s.
2664 265 3033 326 AUGUSTlNl
3687 252 3758 325 92‘

473 380 752 452 unum,
780 392 930 441 tanto
956 390 1042 441 est
1063 383 1351 449 sordidior,
1383 392 1642 454 tantoque
1669 381 1838 452 magis
1868 394 2054 451 paena-

473 473 598 531 liter
617 474 813 531 divinis
839 476 1061 547 legibus,
1089 484 1340 545 tanquam
1366 474 1590 543 publicis
1611 474 1811 528 servire
1831 473 2056 542 cegitur.

473 568 684 637 Quanto
713 570 873 640 igitur
901 570 1059 625 etiam
1090 569 1322 624 humana
1342 570 1517 625 anima
1540 571 1753 624 deserto
1780 569 1888 622 Deo
1909 610 1923 635 ,
1950 569 2062 623 suis

474 660 768 717 honoribus
793 661 874 717 vel
922 676 1017 717 sua
1069 670 1333 731 potestate
1368 661 1531 716 fuerit
1575 660 1859 726 delectata,
1912 669 2061 714 tanto

473 746 644 824 magis
660 753 905 809 subditur
924 753 1117 809 talibus
1154 754 1526 823 potestatibus,
1561 768 1684 821 quae
1723 753 1930 823 privato
1964 766 2062 806 suo

475 845 738 916 gaudent,
760 854 815 900 et
840 844 1095 900 honorari
1115 845 1183 900 ab
1210 844 1514 900 hominibus
1534 845 1670 897 sicut
1704 842 1776 897 dii
1801 843 2021 912 cupiunt
2044 858 2059 898 :

480 937 674 1008 quibus
702 937 880 992 divina
915 939 1031 1008 lege
1057 953 1200 1007 saepe
1227 937 1561 1001 conceditur,
1597 942 1654 989 ut
1682 936 1762 990 eis
1789 949 1921 1004 quos
1962 933 2062 987 sibi

475 1026 768 1082 secundum
818 1043 1001 1081 eorum
1046 1027 1233 1081 merita
1274 1026 1706 1096 subjugaverint,
1738 1026 1943 1093 privato
1974 1023 2064 1078 illo

471 1116 594 1185 jure
617 1118 776 1173 etiam
808 1119 1183 1173 miraculorum
1229 1120 1425 1187 aliquid
1469 1125 1721 1187 praestent
1740 1159 1755 1183 ,
1786 1119 1837 1171 in
1867 1117 1951 1171 his
1979 1134 2061 1170 re-

476 1208 575 1264 bus
610 1209 1057 1275 exhibendorum,
1096 1210 1289 1279 quibus
1335 1220 1460 1264 sunt
1510 1209 1713 1276 inlimo,
1749 1210 1840 1261 sed
1885 1218 2063 1261 tamen

477 1298 874 1354 ordinatissimo
906 1307 1225 1368 potestatum
1260 1301 1427 1371 gradu
1476 1301 1794 1370 prmpositte.
1836 1298 1940 1353 Sed
1972 1298 2063 1351 ubi

477 1390 655 1445 divina
681 1399 931 1459 tanquam
961 1392 1168 1461 publica
1216 1394 1297 1446 lex
1348 1392 1521 1461 jubet,
1556 1392 1720 1445 vincit
1751 1391 1931 1457 utique
1957 1389 2066 1459 pri-

477 1493 653 1539 vatam
681 1485 948 1539 licentiam
979 1504 993 1539 :
1027 1500 1328 1555 quanquam
1358 1495 1412 1539 et
1440 1486 1553 1553 ipsa
1589 1485 1787 1553 privata
1831 1483 2063 1547 licentia,

479 1576 582 1629 nisi
609 1575 924 1630 universalis
948 1578 1226 1644 potestatis
1280 1577 1472 1629 divina:
1514 1577 1887 1645 permissione,
1922 1575 2063 1630 nulla

479 1674 642 1721 esset.
672 1666 901 1734 Ideoque
925 1667 979 1719 lit
1012 1678 1067 1720 ut
1090 1668 1257 1722 sancti
1290 1668 1381 1721 Dei
1405 1668 1569 1727 servi,
1603 1667 1815 1736 quando
1842 1665 1943 1719 hoc
1972 1665 2066 1719 do-

480 1772 607 1812 num
634 1772 729 1813 eos
766 1758 963 1814 habere
1018 1760 1148 1813 utile
1193 1768 1305 1819 est,
1363 1758 1653 1813 secundum
1713 1757 1973 1827 publicam
2014 1764 2069 1811 et

484 1849 876 1921 quodammodo
897 1852 1224 1919 imperialem
1255 1854 1441 1919 legem.
1475 1854 1572 1903 hoc
1602 1858 1714 1914 est,
1749 1849 1940 1903 summi
1975 1847 2068 1901 Dei

485 1949 803 2010 potestatem
833 1941 1098 2008 imperent
1124 1941 1321 1993 inlimis
1348 1939 1699 2009 potestatibus
1726 1939 1788 1991 ad
1821 1937 2065 2008 quaedam

483 2030 711 2086 visibilia
748 2031 1001 2086 miracula
1043 2030 1282 2085 facienda
1320 2048 1333 2085 :
1367 2034 1416 2084 in
1448 2031 1552 2084 illis
1594 2031 1733 2083 enim
1778 2032 1916 2084 Deus
1953 2031 2069 2098 ipse

484 2120 734 2190 imperat,
761 2121 915 2191 cujus
947 2122 1200 2190 templqu
1249 2131 1409 2187 sunt,
1460 2130 1512 2175 et
1567 2136 1722 2189 quem
1763 2130 2069 2188 contempta

482 2226 578 2268 sua
602 2212 803 2282 privata
832 2219 1095 2281 potestate
1116 2212 1491 2266 ardentissime
1530 2211 1775 2279 diligunt.
1808 2211 1862 2263 ln
1895 2211 2067 2279 magi-

484 2303 562 2359 cis
588 2313 764 2357 antem
795 2302 1267 2372 imprecationibus
1299 2303 1339 2367 ¹,
1370 2301 1434 2355 ad
1462 2301 1765 2355 illecebram
1795 2301 2069 2368 deceptio-

484 2396 588 2459 nis,
618 2404 677 2448 ut
723 2395 823 2450 sibi
869 2395 1159 2464 subjugent
1199 2409 1292 2448 eos
1334 2394 1528 2462 quibus
1572 2392 1696 2446 talia
1747 2392 2070 2456 concedunt,

486 2494 739 2556 praestant
783 2485 1029 2540 ellectum
1074 2485 1318 2555 precibus
1375 2496 1428 2537 et
1474 2485 1816 2537 ministeriis'
1860 2496 2070 2548 eorum,

485 2581 693 2649 privato
716 2579 807 2633 illo
830 2578 951 2649 jure
980 2579 1286 2647 largientes,
1314 2577 1455 2647 quod
1482 2577 1581 2631 sibi
1607 2578 1726 2630 licet
1756 2576 1935 2644 largiri
1974 2574 2068 2626 ho-

487 2674 801 2728 norantibus
827 2688 906 2739 se,
930 2672 1135 2741 sibique
1179 2669 1553 2733 servientibus,
1596 2678 1649 2721 et
1697 2667 1937 2736 quasdam
1981 2680 2069 2719 εθ-

487 2780 607 2821 cum
626 2766 678 2819 in
704 2765 1052 2820 sacramentis
1076 2764 1187 2818 suis
1211 2771 1360 2832 pacta
1388 2762 1740 2817 servantibus.
1772 2760 1837 2812 Et
1862 2757 2076 2827 quando

487 2857 734 2911 videntur
775 2856 1079 2926 imperare'
1118 2857 1292 2925 magi,
1318 2870 1416 2926 per
1449 2855 1819 2908 sublimiorum
1856 2854 2072 2906 nomina

489 2947 766 3003 inferiores
794 2957 1032 3013 terrent;
1063 2958 1116 3003 et
1138 2949 1392 3002 nonnulla
1423 2948 1679 3010 visibilia,
1705 2963 1823 3015 quae
1859 2953 2077 3014 propter

490 3040 850 3096 inﬁrmitatem
900 3040 1075 3096 carnis
1116 3055 1305 3109 magna
1363 3039 1612 3093 videntur
1641 3037 1940 3091 hominibus
1967 3050 2073 3089 non

496 3132 794 3189 valentibus
841 3141 1039 3188 teterna
1083 3134 1343 3197 contueri,
1388 3147 1505 3200 quze
1538 3146 1633 3200 per
1680 3131 1914 3198 seipsum
1946 3143 2078 3197 ιη’ὶῐὲο

496 3234 604 3280 stat
644 3224 989 3280 dilectoribus
1033 3224 1146 3279 suis
1194 3238 1352 3278 verus
1380 3222 1544 3284 Deus,
1574 3221 1892 3275 mirantibus
1921 3218 2077 3272 exhi-

491 3317 637 3372 bent.
680 3314 806 3372 Haec
834 3326 1011 3371 autem
1043 3315 1303 3384 permittit
1352 3315 1489 3367 Deus
1515 3313 1657 3381 juste
1678 3312 1853 3364 omnia
1889 3308 2076 3363 mode-

487 3420 615 3462 rans
632 3446 649 3472 ,
678 3416 734 3461 ut
758 3421 856 3477 pro
874 3404 1253 3475 cupiditatibus
1292 3412 1348 3457 et
1387 3402 1735 3457 electionibus
1762 3401 1874 3454 suis
1899 3398 2078 3452 servi-

490 3509 635 3555 totes
669 3514 856 3553 eorum
899 3499 1281 3567 libertatesque
1322 3496 1624 3550 distribuat.
1675 3494 1738 3547 Et
1777 3494 1819 3546 si
1863 3491 2081 3561 quando

490 3590 832 3646 invocatione
855 3588 1049 3644 summi
1074 3589 1197 3653 Dei,
1230 3587 1429 3657 aliquid
1460 3602 1557 3656 pro
1584 3586 1695 3639 suis
1736 3584 1888 3638 malis
1927 3583 2083 3651 cupio

491 3683 746 3738 diuitibus
802 3683 1121 3751 impetrant,
1170 3678 1400 3735 vindicta
1444 3687 1525 3732 est
1576 3677 1684 3741 illa,
1734 3690 1839 3728 non
1884 3675 2073 3743 gratia.

489 3772 605 3829 Non
627 3774 770 3829 enim
792 3771 985 3828 frustra
1013 3772 1144 3827 dicit
1172 3771 1453 3842 Apostolus
1472 3810 1485 3835 ,
1517 3768 1751 3822 Tradidit
1775 3764 1892 3819 illos
1936 3762 2083 3818 Deus

489 3866 814 3922 indesideriu
837 3864 1005 3921 cordis
1048 3880 1222 3920 eorum
1267 3862 1438 3935 (Rom.
1475 3877 1511 3928 l,
1561 3860 1673 3930 26).
1716 3857 2077 3927 Quorumdam

490 3959 634 4013 enim
666 3968 1001 4027 peccatorum
1032 3955 1509 4027 perpetrandorum
1541 3951 1767 4006 facilitas
1799 3964 1954 4020 poena
1993 3956 2081 4003 est

492 4048 716 4103 aliorum
740 4049 1173 4118 przeeedentium.

561 4139 616 4193 8.
647 4139 797 4207 Quod
821 4148 998 4193 autem
1024 4138 1280 4192 Dominus
1322 4138 1479 4203 dicit,
1528 4135 1647 4189 Non
1676 4144 1831 4206 potest
1874 4143 2080 4189 satanas

448 4244 457 4251 ‘
496 4240 729 4285 satana":
755 4228 1021 4281 excludere
1047 4226 1237 4296 (Marc.
1261 4240 1340 4293 ιιι,
1370 4224 1462 4294 23)
1496 4243 1510 4279 ε
1538 4239 1608 4279 ne
1639 4224 1775 4278 forte
1799 4223 2078 4292 quisquam

496 4327 649 4374 utens
692 4317 993 4371 nominibus
1029 4315 1323 4385 aliquarum
1379 4314 1677 4366 inlimarum
1715 4319 2033 4381 potestatum
2058 4350 2076 4378 ,

496 4423 614 4464 cum
641 4407 960 4463 daemonium
985 4402 1291 4473 excluserit,
1336 4404 1524 4458 falsam
1561 4410 1710 4473 putet
1756 4415 1876 4456 esse
1898 4400 2079 4455 istam

498 4498 706 4557 Domini
732 4499 1085 4565 sententiam;
1137 4497 1205 4551 ad
1249 4498 1351 4551 hoc
1378 4494 1643 4565 intelligat
1687 4492 1885 4547 dictum
1912 4532 1925 4554 ,
1953 4491 2079 4561 quia

500 4598 599 4651 hoc
629 4592 787 4649 modo
806 4600 1053 4657 satanas,
1085 4589 1291 4645 etiamsi
1316 4586 1527 4657 corpori
1556 4591 1648 4640 aut
1674 4584 1914 4655 corporis
1950 4596 2081 4636 seu-

497 4686 644 4740 sibus
668 4685 856 4754 parcit,
886 4682 1008 4738 ideo
1032 4683 1225 4754 parcit,
1259 4688 1317 4736 ut
1345 4681 1512 4750 ipsius
1552 4677 1786 4733 hominis
1818 4675 2081 4732 voluntati

498 4791 593 4847 per
613 4775 896 4846 impietatis
941 4788 1178 4830 errorem
1231 4773 1499 4841 triumpho
1528 4771 1728 4840 majore
1755 4769 2081 4825 dominetur.

498 4866 611 4925 Hoc
636 4877 813 4925 autem
836 4867 995 4923 modo
1021 4882 1126 4921 non
1156 4866 1270 4921 exit
1299 4874 1508 4918 satanas
1527 4906 1541 4931 ,
1569 4862 1663 4918 sed
1693 4864 1865 4933 potius
1906 4863 1959 4916 in
1999 4865 2084 4915 in-

498 4962 625 5015 tima
666 4959 978 5030 ingreditur,
1023 4967 1082 5013 ut
1126 4957 1180 5012 in
1233 4971 1301 5012 eo
1329 4956 1406 5010 sic
1433 4965 1701 5025 eperetur,
1734 4951 2084 5022 quemadmo-

497 5050 626 5106 dum
671 5050 799 5104 dicit
838 5051 1123 5119 Apostolus
1157 5068 1169 5103 :
1202 5047 1495 5103 Secundum
1536 5045 1812 5115 principem
1862 5051 2085 5110 potesta-

504 5142 569 5196 tis
614 5140 745 5194 aeris
789 5141 961 5210 hujus,
990 5141 1075 5211 qui
1121 5155 1257 5193 nunc
1286 5146 1522 5207 operatur
1562 5137 1614 5190 in
1642 5136 1762 5205 ﬁliis
1793 5132 2087 5206 ili/ﬁdentia:

502 5230 715 5303 (Ephes.
744 5247 799 5291 n,
829 5229 910 5298 2).
938 5228 1052 5282 Non
1092 5231 1236 5284 enim
1261 5244 1449 5284 sensus
1471 5228 1714 5297 corporis
1741 5240 1924 5281 eorum
1965 5233 2079 5278 tur-

498 5323 656 5378 babat
681 5331 840 5390 atque
872 5317 1167 5388 torquebat,
1190 5328 1278 5373 aut
1309 5335 1495 5373 eorum
1521 5333 1745 5388 corpora
1772 5316 2081 5380 collidebat,

499 5413 591 5471 sed
614 5414 666 5468 in
693 5427 877 5468 eorum
908 5409 1198 5475 voluntate,
1212 5409 1295 5465 vel
1314 5410 1486 5477 potius
1502 5409 1788 5477 cupiditate
1805 5404 2081 5475 regnabat.

563 5572 579 5601 ι
606 5575 677 5633 Er.
693 5575 789 5618 nat.
806 5574 857 5617 et
872 5566 1093 5633 quinque
1108 5571 1234 5633 Mss,
1249 5562 1988 5633 imperationious.HMichaelinus
2004 5582 2087 5620 eo-

499 5630 616 5698 dejr,
642 5624 1068 5698 unpetratz‘onibtia.
1090 5654 1152 5663 —
1167 5624 1338 5698 pugili,
1360 5626 1765 5689 imperationibus.
1832 5637 1886 5676 at.

563 5695 583 5760 ξ
605 5687 885 5760 Quindecim
901 5697 1027 5760 Mss,
1052 5687 1309 5753 mysteriis.

2241 380 2294 438 5.
2325 375 2477 449 Quod
2504 394 2679 439 autem
2710 383 2840 439 dicit
2866 382 3355 456 pseudoprophetas
3396 380 3561 439 multa
3603 383 3759 455 signa

2169 482 2221 529 et
2246 475 2480 545 prodigia
2506 475 2735 530 facturos
2758 519 2774 543 ,
2799 477 2870 531 ita
2901 486 2959 532 ut
2987 476 3177 553 fallant
3218 478 3374 533 etiam
3398 520 3413 546 ,
3443 477 3488 532 si
3518 475 3629 533 fieri
3655 492 3754 548 po-

2170 574 2305 633 test,
2338 568 2537 621 clectos
2562 566 2775 634 (Matth.
2827 584 2977 629 xxrv,
3021 569 3157 640 24);
3193 570 3442 624 admonet
3481 571 3661 639 utique
3698 564 3759 623 ut

2171 658 2525 729 intelligamus
2549 658 2792 730 quaedam
2838 662 3089 717 miracula
3140 663 3298 717 etiam
3338 660 3625 715 sceleratos
3653 659 3756 715 lto-

2171 749 2341 803 mines
2364 750 2555 814 facere,
2582 751 2757 821 qualia
2788 754 2956 807 sancti
3002 752 3175 807 lacere
3214 767 3318 806 non
3363 761 3588 822 possunt
3620 760 3758 805 :nec

2171 850 2347 895 tamen
2377 842 2494 896 ideo
2522 844 2741 913 potioris
2790 844 2891 899 loci
2926 845 3066 914 apud
3099 845 3262 899 Deum
3298 860 3418 899 esse
3461 840 3757 897 arbitrandi

2172 942 2313 987 sunt.
2368 932 2479 986 Non
2538 933 2679 987 enim
2719 935 3045 1004 acceptiores
3084 944 3238 988 erant
3268 934 3401 1000 Deo,
3458 948 3615 1003 quam
3666 946 3761 1001 po-

2175 1025 2327 1094 pulus
2370 1023 2552 1087 Israel,
2589 1026 2724 1094 magi
2773 1025 3181 1096 Egyptiorum,
3230 1026 3353 1096 quia
3396 1040 3502 1079 non
3553 1030 3763 1094 poterat

2174 1117 2264 1171 ille
2292 1116 2514 1186 populus
2548 1115 2723 1171 facere
2754 1118 2892 1187 quod
2916 1118 2987 1172 illi
3014 1117 3277 1173 faciebant
3310 1137 3322 1171 :
3348 1118 3587 1187 quamvis
3616 1116 3762 1187 May-

2174 1223 2260 1262 ses
2281 1212 2332 1262 in
2357 1208 2551 1262 virtute
2578 1208 2672 1262 Dei
2701 1208 2901 1279 majora
2935 1210 3167 1278 potuerit
3187 1207 3382 1279 (Exod.
3415 1206 3631 1281 vn-xn).
3653 1205 3761 1261 Sed

2176 1299 2293 1353 ideo
2321 1315 2425 1353 non
2460 1300 2706 1353 omnibus
2736 1302 2932 1354 sanctis
2974 1301 3071 1354 ista
3113 1300 3433 1366 tribuuntur,
3468 1314 3534 1353 ne
3570 1297 3759 1369 perni-

2176 1389 2475 1443 ciosissimo
2505 1405 2688 1445 errore
2711 1390 3046 1460 decipiantur
3073 1391 3291 1456 infirmi,
3323 1388 3760 1447 existimantcsin

2179 1480 2369 1535 talibus
2392 1481 2541 1536 factis
2583 1482 2781 1553 majora
2827 1482 2966 1536 dona
3013 1498 3162 1547 esse,
3210 1498 3367 1553 quam
3414 1482 3466 1536 in
3513 1480 3763 1552 operibus

2172 1575 2411 1645 justitize,
2441 1576 2631 1646 quibus
2683 1586 2878 1631 :rtema
2918 1578 3021 1649 vita
3073 1584 3431 1645 comparatur.
3473 1574 3762 1644 Propterea

2177 1667 2436 1721 Dominus
2467 1668 2710 1736 prohibet
2741 1667 2862 1721 him:
2889 1666 3120 1736 gaudere
3144 1666 3453 1734 discipulos,
3487 1680 3610 1719 cum
3634 1662 3706 1717 ait
3741 1678 3760 1716 :

2180 1758 2355 1813 Nolite
2376 1761 2426 1814 in
2450 1760 2542 1812 hoc
2563 1760 2799 1829 gaudere,
2827 1761 3063 1831 quoniam
3090 1759 3294 1827 spiritus
3321 1758 3457 1811 vobis
3482 1756 3765 1826 subjiciun-

2178 1859 2295 1916 tur;
2333 1850 2423 1905 sed
2446 1850 2497 1903 in
2522 1853 2615 1904 hoc
2654 1852 2883 1921 gaudete,
2908 1852 3147 1921 quoniam
3190 1850 3394 1903 nomina
3432 1858 3591 1903 vestra
3636 1843 3765 1900 scri-

2180 1950 2268 2011 pta
2297 1949 2414 1993 sunt
2442 1941 2495 1993 in
2518 1941 2656 1994 castis
2686 1939 2839 2007 (Luc.
2863 1955 2917 2002 χ,
2940 1940 3052 2008 20).

2251 2033 2304 2087 4.
2334 2033 2470 2087 Cum
2499 2048 2626 2103 ergo
2650 2032 2771 2086 talia
2794 2032 3167 2103 laciuntmagi,
3194 2030 3365 2101 qualia
3388 2032 3765 2098 nonnunquam

2181 2126 2349 2180 sancti
2365 2126 2581 2189 faciunt,
2598 2123 2720 2178 talia
2732 2122 2944 2194 quidem
2958 2123 3236 2177 visihiliter
3251 2136 3366 2176 esse
3378 2130 3653 2193 apparent,
3668 2115 3766 2173 sed

2182 2226 2237 2271 et
2271 2215 2491 2271 diverso
2522 2217 2627 2271 line
2653 2225 2705 2270 ct
2730 2217 2941 2271 diverso
2952 2216 3070 2286 jure
3115 2216 3262 2270 liunt.
3294 2215 3370 2269 Illi
3396 2212 3539 2270 enim
3569 2212 3767 2267 faciunt

2183 2320 2481 2380 quaerentes
2506 2309 2723 2379 gloriam
2747 2325 2917 2375 suam,
2949 2309 3034 2363 isti
3054 2319 3352 2379 qu:erenles
3379 2306 3602 2378 gloriam
3624 2303 3723 2360 Dei
3746 2318 3761 2359 :

2184 2408 2239 2453 et
2268 2399 2341 2453 illi
2370 2398 2565 2454 faciunt
2586 2415 2681 2471 per
2705 2399 2943 2470 quaadam
2976 2399 3321 2469 potestatibus
3343 2410 3595 2453 concessa
3613 2396 3664 2450 in
3686 2402 3768 2450 or-

2186 2490 2310 2546 dine
2351 2506 2481 2555 suo,
2526 2491 2677 2561 quasi
2727 2491 2928 2560 privata
2972 2490 3288 2545 commercia
3321 2488 3404 2544 vel
3435 2485 3689 2543 veneilcia
3711 2484 3767 2551 ¹;

2188 2581 2273 2633 isti
2306 2588 2478 2633 autem
2529 2581 2740 2649 publica
2786 2581 3284 2646 administratione,
3331 2578 3482 2649 jussu
3529 2577 3644 2646 ejus
3683 2572 3772 2631 cui

2188 2682 2372 2726 cuncta
2401 2681 2640 2728 creatura
2667 2672 2904 2743 subjecta
2932 2683 3031 2728 est.
3063 2674 3229 2727 Aliter
3252 2675 3393 2728 enim
3423 2672 3629 2741 cogitur
3650 2683 3772 2740 pos-

2188 2780 2367 2819 sessor
2392 2780 2585 2835 equum
2609 2766 2737 2819 dare
2777 2766 2959 2834 militi,
2990 2766 3147 2821 aliter
3170 2782 3289 2818 eum
3324 2764 3483 2819 tradit
3518 2763 3769 2834 emptori,

2188 2857 2271 2909 vel
2301 2857 2515 2911 cuilibet
2540 2858 2703 2911 donat
2726 2866 2818 2912 aut
2847 2856 3169 2911 commodat.
3202 2856 3271 2912 Et
3316 2853 3772 2926 quemadmodum

2190 2947 2428 3018 plerique
2451 2949 2575 3003 mali
2598 2951 2792 3005 milites
2831 2965 2964 3019 quos
3004 2949 3293 3018 itnperialis
3336 2946 3611 3017 disciplina
3638 2964 3772 3004 con-

2189 3040 2423 3106 demnat,
2454 3042 2621 3112 signis
2648 3043 2981 3111 imperatoris
3004 3041 3086 3097 sui
3112 3041 3397 3096 notmullos
3434 3042 3775 3112 possessores

2191 3130 2458 3199 territant,
2478 3140 2531 3185 ct
2558 3131 2624 3185 ab
2650 3132 2728 3187 eis
2754 3132 2972 3203 aliquid,
2997 3132 3136 3204 quod
3164 3131 3374 3204 publice
3402 3147 3505 3185 non
3532 3130 3769 3201 jubetur,

2190 3233 2509 3293 extorquent
2534 3243 2546 3279 :
2575 3226 2644 3278 ita
2673 3241 3049 3296 nonnunquam
3075 3226 3513 3295 malichristiani,
3533 3226 3615 3281 vel
3636 3224 3776 3281 sebi-

2191 3314 2418 3381 smatici,
2448 3315 2529 3370 vel
2570 3316 2804 3370 haeretici
2850 3332 2944 3386 per
2975 3333 3166 3371 nomen
3232 3317 3428 3373 Christi
3477 3322 3567 3371 aut
3611 3318 3774 3373 verba

2190 3411 2283 3457 aut
2302 3414 2633 3459 sacramenta
2653 3405 2945 3460 christiana
2972 3406 3409 3479 exiguntaliquid
3463 3422 3492 3461 a
3543 3414 3779 3478 potesta-

2193 3495 2354 3563 tibus,
2379 3496 2567 3567 quibus
2593 3494 2783 3551 honori
2805 3496 2997 3551 Christi
3025 3497 3215 3554 cedere
3240 3497 3492 3553 indictum
3518 3504 3617 3552 est.
3642 3497 3778 3555 Cum

2191 3596 2368 3642 autem
2420 3588 2574 3642 malis
2613 3589 2922 3658 jubentibus
2966 3590 3193 3655 cedunt,
3250 3591 3522 3647 voluntate
3574 3590 3642 3646 ad
3692 3607 3772 3647 se-

2192 3681 2464 3736 ducendos
2491 3680 2733 3736 homines
2767 3682 2981 3749 cedunt,
3008 3700 3231 3754 quorum
3277 3701 3461 3742 errore
3504 3687 3777 3741 ltelantur.

2194 3772 2527 3841 Quapropter
2547 3772 2703 3827 aliter
2728 3775 2865 3845 magi
2903 3773 3102 3829 faciunt
3133 3777 3409 3846 miracula,
3451 3778 3609 3833 aliter
3648 3778 3781 3835 boni

2194 3863 2467 3917 christiani
2490 3907 2503 3931 ,
2530 3864 2681 3918 aliter
2709 3865 2834 3919 mali
2881 3866 3154 3921 christiani
3188 3887 3199 3922 :
3232 3869 3368 3939 magi
3406 3884 3502 3939 per
3547 3871 3781 3943 privatos

2194 3962 2519 4019 contractus,
2561 3956 2686 4011 boni
2726 3957 3001 4012 christiani
3038 3975 3133 4029 per
3178 3960 3438 4030 publicam
3475 3962 3779 4039 justitiam,

2195 4045 2320 4099 mali
2359 4045 2631 4101 christiani
2675 4062 2769 4117 per
2809 4050 2956 4119 signa
2999 4050 3223 4119 publica:
3250 4051 3491 4120 justitize.
3532 4052 3641 4110 Nec
3681 4053 3784 4110 mi-

2195 4150 2313 4188 rum
2335 4144 2416 4190 est
2436 4136 2577 4206 quod
2611 4137 2723 4191 haec
2751 4138 2897 4209 signa
2928 4140 3127 4208 valent,
3162 4156 3283 4197 cum
3309 4143 3378 4198 ab
3404 4143 3484 4198 eis
3518 4142 3785 4203 adhiben-

2194 4235 2315 4291 tur;
2352 4228 2562 4296 quando
2586 4230 2745 4283 etiam
2776 4246 2895 4284 cum
2926 4240 3246 4304 nsurpantur
3271 4234 3339 4289 ab
3364 4236 3662 4302 extraneis,
3684 4230 3779 4306 qui

2192 4318 2415 4372 omnino
2440 4334 2593 4373 suum
2621 4336 2811 4375 nomen
2829 4323 2893 4376 ad
2914 4325 3066 4379 istam
3098 4327 3333 4381 militiam
3362 4343 3465 4382 non
3492 4327 3774 4399 dederunt,

2194 4419 2416 4480 propter
2454 4410 2713 4466 honorem
2752 4420 2933 4469 tamen
2979 4416 3406 4473 excellentissimi
3438 4417 3784 4488 imperatoris

2195 4499 2396 4554 valent.
2429 4499 2509 4555 Ex
2530 4503 2719 4572 quibus
2749 4502 2849 4558 fuit
2875 4506 2961 4559 ille
2988 4550 2999 4571 ,
3030 4508 3096 4562 de
3124 4522 3229 4577 quo
3266 4507 3508 4578 discipuli
3550 4509 3784 4575 Domino

2196 4590 2603 4660 nuntiaverunt,
2635 4594 2775 4665 quod
2806 4596 2855 4649 in
2886 4597 3101 4653 nomine
3116 4599 3231 4669 ejus
3251 4598 3468 4669 ejiceret
3492 4599 3783 4672 dazmonia,

2197 4685 2438 4755 quamvis
2467 4699 2587 4741 cum
2627 4686 2706 4741 eis
2747 4702 2870 4743 eum
2909 4703 3014 4743 non
3049 4698 3362 4759 sequeretur
3392 4688 3502 4762 (ld.
3547 4708 3621 4757 ix,
3662 4692 3785 4768 49).

2198 4775 2332 4832 Cum
2362 4787 2538 4834 autem
2566 4794 2670 4836 non
2698 4781 2896 4837 cedunt
2925 4782 3005 4837 bis
3034 4784 3198 4853 signis
3220 4784 3524 4856 hujusmodi
3548 4796 3785 4858 potesta-

2201 4880 2311 4937 tes,
2344 4873 2484 4928 Deus
2510 4874 2623 4943 ipse
2654 4875 2899 4944 prohibet
2941 4875 3162 4931 occultis
3206 4877 3411 4943 modis,
3458 4894 3577 4936 cum
3608 4877 3660 4933 id
3694 4883 3785 4949 ju-

2199 4971 2340 5017 stum
2366 4973 2524 5033 atque
2546 4964 2672 5019 utile
2693 4965 2913 5035 judicat.
2939 4965 3073 5022 Nam‘
3100 4968 3244 5024 nullo
3264 4969 3427 5026 modo
3451 4970 3537 5025 ulli
3566 4968 3787 5039 spiritus

2199 5055 2395 5109 audent
2426 5055 2543 5111 hwc
2583 5057 2730 5127 signa
2765 5070 3113 5117 contemnere
3147 5063 3601 5119 :eontrcmiscunt
3642 5063 3789 5118 enim

2202 5145 2337 5213 haec,
2372 5146 2688 5219 ubicumque
2716 5151 2802 5205 illa
2832 5156 3228 5224 conspexerint.
3271 5154 3377 5210 Sed
3427 5152 3790 5212 nescientibus

2203 5237 2506 5293 hominibus
2531 5240 2670 5295 aliud
2696 5241 2912 5310 jubetur
2934 5245 3210 5311 divinitus,
3239 5247 3324 5301 vel
3355 5246 3420 5301 ad
3446 5244 3787 5304 confundens

2201 5330 2300 5385 dos
2324 5331 2511 5398 malos,
2544 5348 2663 5386 cum
2695 5351 2789 5389 eos
2808 5344 3017 5405 oportet
3047 5338 3334 5405 confundi;
3370 5340 3507 5395 sicut
3543 5338 3611 5395 de
3655 5338 3788 5395 Sce-

2201 5437 2281 5475 va:
2310 5421 2430 5475 iiliis
2460 5423 2510 5476 in
2542 5424 2760 5481 Actibus
2787 5428 3163 5496 Apostolorum
3199 5430 3453 5501 legimus,
3492 5429 3686 5501 quibus
3711 5429 3790 5486 ait

2204 5512 2508 5569 immundus
2555 5517 2802 5585 spiritus,
2856 5520 3035 5574 Iesum
3076 5523 3179 5576 scio
3207 5564 3219 5587 ,
3273 5530 3318 5573 et
3362 5520 3583 5575 Paulum
3636 5523 3796 5591 novi;

2266 5692 2499 5767 ‘MS‘icltat.
2522 5702 2573 5767 et
2591 5701 2693 5767 tres
2716 5703 2820 5767 Mss.
2845 5704 2901 5746 Αι
2923 5702 3119 5767 enim.
3142 5704 3193 5748 et
3208 5695 3291 5751 alii
3314 5696 3794 5767 codices,beneﬁda,

2202 5777 2264 5800 .-
2279 5755 2353 5808 Sic
2373 5756 2520 5813 etiam
2534 5758 2682 5820 Lugd.
2708 5762 2759 5810 et
2777 5765 2896 5811 Ven.
2958 5762 3018 5812 tu.
