4134 6208
243 456 545 513 mortem.
566 447 657 517 qui
683 444 805 500 estis
824 444 967 516 (Act.
990 456 1109 507 ιιι,
1141 438 1230 505 ιι,
1262 437 1392 509 £5)?
1422 436 1504 492 vel
1533 434 1600 491 ad
1644 433 1829 489 admo-

244 538 443 596 nendos
461 538 657 601 hostes,
690 544 753 594 ut
783 534 1064 606 proﬁciant
1091 532 1141 587 in
1184 530 1318 598 tide,
1370 540 1529 601 atque
1571 529 1670 583 ista
1719 541 1829 581 non

240 634 495 706 iactanter
524 666 541 697 ,
592 629 689 687 sed
736 629 941 685 utiliter
997 624 1241 696 possint:
1274 623 1357 679 vel
1382 621 1450 677 ad
1478 618 1830 677 discernenda

246 723 373 780 dona
421 722 797 778 membrorum
844 717 1131 781 Ecclesiae;
1176 716 1311 771 sicut
1380 712 1667 783 Apostolus
1721 711 1826 778 ait,

247 814 503 885 Nunquid
531 828 708 868 omnes
735 810 941 866 uirtutes
958 810 986 864 i‘
1010 806 1255 879 numquid
1277 822 1449 860 onum
1478 803 1661 858 habent
1696 802 1832 863 dona

246 907 554 961 curationum
584 903 630 977 (Ι
652 903 771 959 Cor.
801 918 900 969 xu,
924 900 1057 971 30)?
1086 899 1310 967 Propter
1332 897 1427 951 has
1450 896 1607 965 igitur
1642 906 1830 977 causas

248 972 684 1068 plerumque-ut
719 994 924 1049 dictum
971 999 1076 1056 est,
1121 988 1483 1045 licscientibus
1526 972 1830 1040 hominibus

245 1088 451 1158 iubetur
470 1086 748 1152 divinitus,
782 1083 834 1139 id
862 1091 965 1148 est,
988 1089 1047 1136 ut
1074 1081 1154 1136 his
1179 1079 1344 1150 signis
1375 1076 1625 1135 adhibitis
1647 1074 1831 1144 hujus-

249 1177 383 1234 modi
415 1185 715 1249 potestates
749 1174 1005 1230 voluntati
1028 1171 1303 1233 hominum
1320 1185 1425 1225 non
1440 1168 1825 1236 obtemperent.

258 1274 267 1277 ’
310 1273 361 1329 5.
392 1270 465 1327 Ut
487 1281 667 1326 autem
695 1270 820 1325 mali
851 1268 1005 1324 bonis
1026 1282 1171 1337 saepe
1197 1265 1558 1336 temporaliter
1580 1271 1827 1330 noceant,

249 1371 557 1435 potestatem
598 1362 652 1416 in
690 1376 787 1416 eos
812 1360 1111 1430 accipiunt,
1155 1346 1223 1411 ad
1268 1356 1524 1426 majorem
1566 1354 1829 1410 bonorum

249 1451 582 1515 utilitatem‘,
613 1460 830 1521 propter
863 1447 1299 1505 exercitationem
1328 1446 1616 1516 patientiae.
1648 1443 1831 1516 itaque

251 1543 419 1598 anima
450 1542 734 1598 christiana
777 1556 993 1611 semper
1036 1539 1272 1611 invigilet
1308 1539 1364 1593 in
1406 1536 1831 1593 tribulationibus

250 1633 354 1689 suis
374 1635 531 1705 sequi
563 1634 883 1689 voluntatem
914 1633 1121 1688 Domini
1147 1630 1258 1696 sui,
1287 1646 1355 1686 ne
1384 1628 1704 1685 ordinationi
1736 1628 1829 1683 Dei

252 1725 547 1781 resistendo
571 1726 811 1798 acquirat
838 1724 940 1781 sibi
966 1725 1180 1796 gravius
1203 1722 1482 1794 judicium.
1511 1720 1661 1790 Quod
1688 1721 1830 1777 enim

253 1818 358 1889 ipse
381 1819 641 1874 Dominus
660 1833 822 1890 agens
845 1818 1113 1873 hominem
1136 1817 1324 1873 Pontio
1354 1816 1522 1872 Pilato
1547 1814 1697 1882 dixit,
1730 1814 1833 1870 hoc

255 1920 301 1966 ct
324 1911 420 1966 Job
439 1912 658 1967 diabolo
686 1922 866 1982 posset
889 1911 1068 1966 dicere
1101 1928 1113 1963 :
1148 1908 1272 1965 Non
1303 1909 1508 1967 haberes
1540 1910 1594 1963 in
1622 1925 1701 1963 me
1734 1926 1831 1980 po-

258 2013 499 2068 testatem,
542 2004 642 2058 nisi
681 2004 801 2058 data
826 2011 950 2059 esset
975 2001 1063 2057 tibi
1089 1999 1517 2073 desuper(Joan.
1557 2016 1667 2065 xIx,
1698 2001 1757 2056 ll
1783 1996 1829 2072 ).

257 2097 358 2152 Non
381 2112 508 2168 ergo
537 2097 657 2166 ejus
685 2095 928 2151 voluntas
952 2094 1103 2163 cujus
1139 2094 1355 2149 malitiae
1387 2101 1620 2163 potestas
1648 2092 1702 2147 in
1738 2091 1834 2147 bo-

258 2206 344 2243 nos
369 2189 523 2244 datur
540 2230 557 2255 ,
605 2188 701 2243 sed
739 2187 857 2257 ejus
880 2187 1128 2241 voluntas
1150 2201 1180 2239 a
1206 2201 1313 2255 quo
1336 2183 1453 2239 haec
1479 2192 1711 2253 potestas
1735 2182 1831 2237 da-

258 2291 353 2343 tur,
375 2280 532 2337 debet
559 2280 716 2335 nobis
752 2293 873 2334 esse
908 2277 1244 2333 charissima.
1283 2275 1542 2343 Quoniam
1577 2272 1832 2328 tribulatio

256 2373 539 2442 patientiam
572 2378 847 2441 operatur,
902 2368 1146 2439 patientia
1193 2365 1561 2436 probationem,
1605 2363 1833 2434 probatio

254 2480 359 2518 rere
388 2479 562 2532 spem,
606 2477 723 2531 spes
766 2469 932 2514 autem
967 2474 1070 2513 non
1102 2456 1409 2528 confundit;
1453 2454 1573 2525 quia
1614 2453 1833 2509 Charitas

254 2552 341 2607 Dei
362 2552 551 2619 difusa
570 2561 643 2606 est
673 2552 725 2605 in
746 2551 979 2605 cordibus
999 2549 1185 2604 nostris
1213 2564 1304 2618 per
1324 2545 1577 2617 Spiritum
1604 2553 1833 2599 sanctum

251 2649 333 2721 qui
362 2648 512 2702 datus
538 2656 607 2701 est
633 2644 776 2699 nobis
803 2642 993 2714 (Rom.
1015 2658 1067 2705 v,
1100 2639 1252 2714 3-5).

562 2736 774 2793 LXXX.
816 2735 1066 2790 Adversus
1102 2732 1513 2805 Apollinarium.

318 2834 371 2887 ι.
394 2832 523 2886 Cum
548 2829 765 2900 quidam
797 2828 1050 2891 haeretici,
1066 2826 1155 2896 qui
1179 2824 1565 2895 Apollinaristae
1584 2836 1649 2880 ex
1672 2810 1837 2893 Apol;

254 2924 401 2979 linari
424 2923 653 2995 quodam
674 2930 890 2977 auctore
913 2935 1011 2976 suo
1042 2919 1169 2975 dicti
1195 2934 1315 2975 esse
1340 2916 1715 2988 perhibentur,
1744 2930 1833 2971 ast-

253 3026 486 3075 sererent
505 3013 788 3069 Dominum
811 3020 1048 3067 nostrum
1069 3010 1252 3066 Iesum
1275 3008 1568 3075 Christum,
1588 3007 1644 3065 in
1666 3021 1837 3078 quan-

255 3119 363 3162 tum
390 3110 547 3163 homo
568 3107 687 3162 tieri
717 3105 962 3176 dignatus
987 3112 1073 3160 est
1093 3134 1110 3169 ,
1134 3117 1241 3157 non
1270 3101 1519 3157 habuisse
1548 3100 1836 3155 humanam

253 3209 504 3265 mentem,
528 3198 851 3254 inhaerentes
874 3197 954 3252 eis
977 3193 1247 3261 nonnulli,
1271 3202 1327 3249 et
1351 3206 1445 3248 eos
1474 3191 1711 3249 studiose
1734 3206 1833 3247 au-

254 3292 487 3361 dientes,
515 3290 767 3349 delectati
790 3300 917 3347 sunt
958 3289 1172 3360 quidem
1199 3303 1262 3345 ea
1302 3287 1647 3358 perversitate
1670 3327 1686 3354 ,
1732 3300 1835 3356 qua

255 3386 336 3441 ille
362 3386 631 3441 hominem
673 3388 727 3439 in
754 3376 865 3439 Deo
901 3381 1204 3446 minuebat,
1235 3379 1419 3436 dicens
1446 3395 1568 3434 eum
1603 3393 1714 3433 non
1743 3376 1838 3433 ha-

255 3477 427 3533 buisse
465 3485 703 3533 mentem
729 3512 744 3541 ,
796 3475 901 3531 hoc
955 3481 1042 3530 est
1074 3472 1385 3529 rationalem
1426 3472 1690 3537 animam,
1732 3486 1836 3541 qua

254 3565 408 3623 homo
426 3584 454 3622 s
485 3568 772 3637 pecoribus
787 3566 1079 3623 secundum
1104 3565 1337 3620 animum
1362 3562 1557 3619 diﬁ‘ert.
1590 3561 1696 3619 Sed
1713 3576 1837 3617 cum

254 3674 430 3715 secum
454 3660 555 3730 ipsi
575 3660 907 3729 cogitarent,
936 3656 1210 3713 fatendum
1239 3670 1394 3721 esse,
1419 3655 1463 3710 si
1501 3656 1572 3710 ita
1615 3664 1698 3710 est
1719 3693 1736 3721 ,
1780 3662 1839 3708 ut

257 3750 557 3820 unigenitum
577 3750 672 3805 Dei
697 3747 887 3815 Filius,
908 3747 1176 3818 Sapientia
1200 3754 1257 3801 et
1273 3744 1506 3802 Verbum
1526 3745 1720 3812 Patris,
1744 3760 1839 3813 per

254 3840 391 3909 (ιιιεέ
421 3840 558 3896 laeta
583 3848 711 3895 sunt
745 3839 923 3895 omnia
942 3880 957 3904 ,
986 3838 1218 3894 belluam
1241 3837 1522 3907 quamdam
1552 3852 1671 3891 cum
1702 3835 1851 3907 ligno

253 3946 308 3985 ra
376 3932 594 3986 humani
651 3931 895 4001 corporis
953 3930 1255 4000 suscepisso
1309 3928 1585 3994 credatur;
1648 3928 1837 3998 displi-

250 4033 479 4080 onerum
502 4024 600 4078 sibi
619 4064 637 4090 ,
659 4039 767 4078 non
788 4032 966 4078 tamen
984 4023 1053 4077 ad
1076 4023 1463 4079 correctionem
1482 4062 1497 4087 ,
1527 4030 1583 4077 ut
1603 4022 1841 4076 redirent

251 4113 320 4168 ad
341 4115 574 4171 veritatis
600 4116 763 4182 viam,
790 4124 1066 4185 totumque
1092 4114 1364 4170 hominem
1390 4130 1420 4169 a
1446 4112 1717 4183 Sapientia
1746 4112 1839 4168 Dei

250 4213 561 4274 susceptum
582 4222 702 4263 esse
728 4206 1132 4272 conﬁterentur,
1180 4205 1323 4265 nulla
1364 4203 1715 4259 diminutione
1742 4217 1841 4257 na-

251 4304 422 4353 tura}:
451 4299 544 4353 sed
567 4299 828 4368 ampliore
858 4300 935 4357 usi
962 4298 1202 4365 audacia,
1232 4299 1397 4367 ipsam
1425 4295 1584 4353 etiam
1610 4297 1840 4351 animam

251 4397 531 4460 totumque
560 4391 693 4446 utile
720 4391 952 4446 hominis
981 4392 1269 4445 alienantes
1289 4390 1356 4444 ab
1376 4390 1495 4455 eo’,
1522 4387 1688 4443 solam
1717 4401 1841 4443 car-

251 4492 374 4533 nem
418 4478 709 4535 humanam
738 4496 860 4534 eum
892 4480 1193 4550 suscepisse
1217 4479 1496 4545 dixerunt,
1530 4477 1843 4533 adhibentes

251 4569 412 4626 etiam
444 4572 807 4627 testimonium
831 4587 897 4627 ex
939 4571 1261 4642 Evangelia;
1303 4571 1410 4626 imo
1448 4570 1588 4626 illam
1628 4576 1844 4624 senteno

252 4661 379 4717 tiam
410 4678 521 4718 non
547 4664 894 4734 intelligendo
917 4704 932 4730 ,
958 4663 1193 4734 perversi
1218 4662 1504 4732 conﬂigere
1523 4659 1720 4716 audent
1742 4658 1842 4716 ad-

250 4773 440 4815 versus
462 4756 781 4811 catholicam
809 4756 1088 4810 veritatem
1109 4794 1124 4818 ,
1152 4753 1392 4809 dicentes
1415 4753 1669 4823 scriptum
1698 4766 1841 4821 esse,

256 4849 485 4906 Verbum
502 4866 621 4904 caro
648 4850 841 4918 factum
866 4856 972 4913 est,
994 4855 1043 4901 et
1071 4845 1309 4899 habitavit
1333 4850 1386 4899 in
1413 4844 1554 4898 nobis
1584 4843 1773 4914 (Joan.
1800 4858 1841 4909 ι,

248 4944 373 5016 Η).
419 4941 540 4998 Sub
582 4941 666 4995 his
705 4940 852 4995 enim
890 4937 1065 4993 verbis
1100 4936 1171 4992 ita
1208 4935 1441 4992 Verbum
1476 4935 1662 4991 volunt
1696 4932 1848 4990 carni

243 5050 364 5089 esse
408 5033 724 5103 copulatum
753 5039 915 5100 atque
952 5036 1301 5095 concretum,
1349 5035 1408 5082 ut
1450 5026 1595 5082 nulla
1634 5026 1707 5081 ibi
1735 5039 1845 5082 non

241 5128 420 5182 solum
454 5138 631 5189 utens,
648 5123 743 5179 sed
775 5138 875 5177 nec
895 5122 1068 5176 anima
1100 5120 1329 5175 humana
1358 5120 1666 5175 intersistat.

312 5219 372 5273 2.
402 5217 619 5283 Quibus
649 5217 823 5286 primo
850 5211 1283 5283 respondendum
1325 5220 1408 5267 est
1429 5252 1445 5278 ,
1486 5212 1605 5268 ideo
1625 5213 1703 5267 sic
1728 5227 1850 5269 esse

242 5310 374 5367 illud
404 5311 462 5365 in
496 5309 790 5379 Evangelio
816 5309 1048 5378 positum
1070 5342 1087 5374 ,-
1116 5307 1239 5378 quia
1271 5320 1438 5376 usque
1480 5305 1546 5359 ad
1585 5304 1848 5360 visibilem

304 5425 321 5454 ³
343 5418 876 5491 ﬂmmeum-ta
896 5430 977 5471 ωε
995 5416 1302 5491 accipientes
1325 5413 1655 5491 admitterem
1680 5412 1737 5481 ﬁ¢
1771 5415 1852 5490 te

238 5496 418 5536 manu
764 5489 818 5544 Αι
839 5487 947 5544 μεθ.
966 5473 1137 5531 carent
1170 5473 1339 5540 verbo,
1379 5473 1434 5544 ﬁt
1453 5490 1471 5540 ;
1493 5473 1548 5528 et
1577 5473 1701 5539 loco,
1725 5479 1854 5531 acci-

236 5542 451 5611 pientes,
468 5543 686 5611 habent,
709 5541 967 5611 accipiunt.

302 5614 323 5641 ³
342 5600 845 5678 Ριεὲνίφιευιιιξεηερὶζ
873 5602 1104 5678 ampliore
1116 5601 1439 5678 ipsinauducia
1470 5600 1613 5678 etiam
1634 5600 1855 5678 animum

892 5664 1153 5738 alieumrtes
1182 5666 1246 5737 ab
1267 5679 1338 5717 eo.
1378 5666 1672 5714 Fussalensis
1697 5664 1820 5713 iiber
1837 5699 1853 5726 ,

346 5728 602 5795 mttere
615 5727 709 5795 sibi
727 5729 1099 5795 etiametiam
1115 5740 1325 5780 muniam
1337 5732 1502 5789 totam,
1518 5738 1665 5789 quam
1685 5725 1855 5782 habent

228 5732 1551 5857 ἕωαωωπιὲὺαὲωωηωωῃη

1664 317 1869 381 LIBER
1908 317 2107 377 UNUS.

1939 450 2152 491 carnem
2178 436 2472 509 assumptio
2492 432 2579 499 illa
2598 430 2845 498 humanae
2865 451 3069 500 natura:
3088 458 3118 500 a
3141 432 3376 515 Domino
3388 432 3532 518 facta
3558 432 3573 521 λ

1941 537 2056 595 est,
2089 538 2247 599 atque
2274 530 2323 585 in
2354 540 2458 586 tota
2494 532 2579 589 illa
2611 535 2813 591 unitate
2837 538 3189 609 susceptionis
3216 542 3528 614 principali-

1943 629 2024 675 ter
2067 620 2293 676 Verbum
2323 631 2436 689 est,
2465 633 2703 681 extrema
2743 635 2920 683 autem
2956 638 3113 699 atque
3156 631 3338 689 ultima
3377 647 3526 697 caro.

1944 711 2139 766 Volens
2166 714 2344 784 itaque
2374 707 2700 786 Evangelista
2729 716 3103 774 commendare
3130 736 3226 791 pro
3253 722 3403 779 nobis
3427 723 3527 780 de-

1935 804 2223 874 jectionem
2244 802 2259 836 ‘
2284 800 2596 861 humilitatis
2625 809 2715 864 Dei
2739 850 2754 877 ,
2781 811 2869 882 qui
2900 826 3018 869 sese
3060 810 3445 882 humiliaverit,
3474 826 3531 883 et

1940 911 2215 964 quousque
2247 888 2607 955 humiliaverit
2630 901 2966 970 exprimens,
3009 902 3237 959 Verbum
3279 921 3529 969 carnem-
3625 956 3632 964 .

1938 1005 2042 1055 que
2072 989 2392 1056 nominavit,
2428 992 2833 1058 praetermittens
2871 993 3061 1047 animae
3117 1005 3379 1063 naturam,
3409 1013 3530 1069 qua:

1941 1081 2116 1136 Verbo
2168 1079 2386 1136 inferior
2418 1093 2535 1149 est,
2579 1098 2738 1137 carne
2783 1101 2909 1139 vero
2959 1088 3310 1156 prcestautior.
3363 1087 3528 1162 Magis

1939 1174 2079 1228 enim
2108 1173 2446 1229 Commendat
2472 1172 2819 1229 humilitatem
2839 1218 2852 1242 ,
2880 1177 2999 1246 quia
3026 1178 3221 1233 dictum
3251 1188 3356 1246 est,
3395 1178 3525 1234 Ver-

1937 1263 2187 1318 bumcaro
2210 1267 2397 1335 factum
2424 1275 2525 1330 est;
2551 1281 2707 1335 quam
2729 1266 2771 1319 si
2789 1265 3071 1335 diceretur,
3102 1268 3332 1324 Verbum
3364 1270 3529 1327 homo

1938 1356 2130 1412 factum
2158 1368 2259 1413 est.
2289 1357 2419 1412 Nam
2448 1358 2490 1412 si
2516 1358 2707 1412 nimis!
2734 1357 2848 1414 hcec
2877 1360 3147 1415 intuentur
3179 1363 3333 1418 verba
3361 1405 3375 1430 ,
3426 1380 3525 1439 po-

1926 1458 2041 1504 test
2071 1449 2330 1503 aliusnon
2363 1451 2535 1504 minus
2563 1465 2843 1520 perversos
2869 1467 2932 1507 ex
2964 1452 3077 1506 istis
3117 1453 3292 1507 verbis
3332 1455 3400 1508 ita
3430 1470 3525 1511 ca-

1937 1544 2179 1599 lumniari
2211 1542 2331 1598 ﬁdei
2363 1552 2593 1610 nostrm,
2626 1553 2681 1599 ut
2724 1544 2865 1601 diC:li.
2910 1545 3082 1615 ipsum
3127 1543 3357 1600 Verbum
3394 1561 3527 1601 con-

1936 1651 2147 1691 versum
2178 1643 2233 1689 et
2262 1644 2641 1690 comnmtatum
2685 1651 2804 1690 esse
2831 1637 2882 1690 in
2913 1651 3125 1691 carnem
3151 1680 3165 1705 ,
3208 1644 3261 1692 et
3291 1635 3527 1693 Verbum

1936 1744 2055 1784 esse
2081 1728 2382 1793 destitisse;
2428 1729 2547 1799 quia
2594 1729 2846 1799 scriptum
2878 1738 2959 1784 est
2981 1771 2995 1795 ,
3050 1727 3264 1786 Verbum
3294 1736 3416 1787 ear.)
3440 1729 3525 1801 fa-

1936 1832 2070 1875 ctum
2098 1829 2171 1875 est
2200 1838 2217 1875 :
2256 1821 2391 1876 sicut
2422 1836 2547 1876 caro
2576 1814 2802 1875 humana
2826 1864 2841 1889 ,
2869 1837 2989 1876 cum
3027 1821 3083 1875 lit
3110 1822 3243 1877 cinis
3262 1865 3277 1887 ,
3307 1838 3411 1878 non
3443 1828 3528 1891 est

1937 1931 2060 1971 caro
2080 1927 2135 1975 et
2151 1916 2304 1987 cinis,
2326 1910 2417 1973 sed
2440 1931 2505 1970 ex
2529 1931 2687 1970 carne
2704 1912 2856 1970 cinis.
2879 1910 2946 1970 Et
2962 1915 3252 1971 secundum
3276 1915 3525 1985 loquendi

1936 2006 2154 2064 modum
2194 2004 2739 2079 consuetudinemque
2776 2004 3120 2061 celebriorem
3142 2048 3156 2071 ,
3188 2004 3441 2077 quidquid
3468 2006 3528 2071 ιιι

1935 2098 2077 2169 quod
2105 2112 2211 2154 non
2239 2107 2383 2163 erat,
2410 2096 2604 2151 desinit
2631 2112 2751 2152 esse
2777 2096 2914 2168 quod
2941 2106 3074 2153 erat.
3105 2097 3216 2152 Nec
3247 2106 3422 2153 tamen
3454 2095 3528 2154 ita

1938 2194 2054 2247 haec
2086 2190 2248 2246 verba
2280 2190 2648 2261 intelligimus;
2686 2188 2780 2244 sed
2810 2190 2968 2244 etiam
3001 2188 3102 2262 ipsi
3138 2189 3412 2244 nobiscum
3452 2184 3528 2245 ita

1937 2283 2238 2353 intelligunt
2261 2320 2276 2347 ,
2310 2290 2367 2337 ut
2403 2289 2650 2336 manente
2689 2272 2863 2337 Verbo
2892 2280 3033 2351 quod
3060 2289 3171 2348 est,
3200 2297 3262 2337 ex
3291 2296 3358 2338 eo
3386 2279 3529 2352 quod

1938 2374 2140 2443 accepit
2180 2372 2405 2431 formam
2435 2370 2577 2426 servi
2604 2413 2618 2436 ,
2664 2387 2768 2429 non
2799 2387 2865 2426 ex
2906 2386 2971 2426 eo
2997 2370 3138 2442 quod
3164 2369 3215 2425 in
3247 2371 3389 2426 illam
3419 2370 3531 2428 for-

1916 2466 2079 2520 ‘mam
2108 2465 2282 2535 aliqua
2312 2462 2603 2519 mutatione
2646 2476 2966 2517 conversum
3010 2470 3093 2517 est
3121 2503 3137 2530 ,
3179 2461 3378 2517 dictum
3419 2460 3528 2528 sit,

1948 2554 2162 2613 Verbum
2208 2570 2327 2609 caro
2364 2556 2554 2626 factum
2594 2562 2687 2608 est.
2727 2550 2929 2617 Deinde
2972 2551 3017 2607 si
3054 2552 3374 2624 ubicumque
3400 2567 3528 2613 caro

1938 2646 2095 2703 fuerit
2110 2647 2379 2709 nominata
2405 2654 2458 2705 et
2471 2645 2646 2701 anima
2665 2645 2841 2715 tacita,
2856 2638 2931 2701 sic
2947 2644 3345 2716 intelligendum
3364 2655 3445 2701 cst
3468 2648 3532 2702 ut

1936 2741 2111 2797 anima
2132 2740 2205 2799 ibi
2221 2754 2327 2796 non
2349 2753 2468 2795 esse
2482 2737 2751 2807 credatur,
2772 2753 2871 2793 nec
2888 2737 2965 2793 illi
2983 2735 3256 2794 habebunt
3274 2739 3532 2806 animam,

1937 2832 2006 2889 de
2028 2832 2219 2904 quibus
2247 2831 2446 2891 dictum
2472 2839 2555 2887 est
2578 2872 2595 2900 ,
2636 2826 2703 2887 Et
2739 2827 2921 2885 videbit
2954 2830 3115 2885 omnis
3154 2846 3273 2884 caro
3293 2831 3538 2902 salutare

1938 2923 2036 2981 Dei
2071 2922 2240 2996 (lsai.
2269 2918 2447 2993 IL,5;
2473 2916 2601 2977 Luc.
2645 2937 2724 2991 ιιι,
2756 2919 2862 2993 6);
2907 2929 2963 2978 ει
3012 2918 3140 2977 illud
3183 2922 3235 2976 in
3285 2920 3534 2990 Psalmo,

1940 3016 2146 3072 Exaudi
2188 3031 2359 3087 preces
2396 3030 2570 3085 meas;
2607 3007 2678 3077 ad
2726 3022 2774 3068 te
2808 3004 2971 3069 omnis
2999 3030 3117 3068 caro
3159 3014 3317 3068 veniet
3344 3010 3532 3087 (Psal.

1941 3125 2082 3176 thv,
2116 3108 2215 3179 3);
2241 3116 2295 3164 et
2321 3096 2448 3164 illud
2487 3106 2540 3169 in
2580 3104 2901 3177 Evangelio,
2947 3100 3092 3163 Sicut
3131 3105 3313 3161 dedisti
3348 3107 3393 3161 ei
3436 3124 3534 3178 po-

1941 3208 2167 3255 testatem
2210 3198 2372 3253 omnis
2404 3197 2606 3266 carnis,
2647 3204 2702 3251 ut
2738 3212 2885 3252 omne
2921 3196 3059 3268 quod
3091 3190 3271 3250 dedisti
3305 3194 3352 3250 ei
3374 3237 3387 3262 ,
3431 3214 3535 3252 non

1942 3299 2132 3360 pereat,
2156 3287 2246 3345 sed
2263 3286 2444 3343 habeat
2467 3286 2620 3342 vitam
2644 3295 2884 3343 cateruam
2914 3276 3107 3360 (Joan.
3140 3302 3265 3352 xvu,
3298 3285 3333 3339 2
3353 3291 3391 3355 ).
3419 3284 3535 3342 υιιε⁹

1940 3383 2009 3439 de
2030 3381 2370 3454 intelligitur,
2401 3381 2577 3437 solere
2605 3379 2850 3441 homines
2872 3394 2969 3451 per
2996 3378 3413 3436 nominationem
3442 3395 3535 3435 so-

1940 3478 2043 3534 lius
2065 3477 2243 3533 carnis
2287 3473 2597 3547 signiﬁcari,
2640 3483 2699 3532 ut
2725 3473 3013 3533 secundum
3048 3474 3185 3531 hanc
3210 3474 3534 3535 locutionem

1940 3568 2101 3623 etiam
2128 3565 2259 3622 illud
2280 3565 2446 3637 possit
2474 3563 2731 3635 intelligi;
2762 3572 2819 3621 ut
2846 3560 2987 3638 quod
3013 3550 3211 3620 dictum
3252 3575 3367 3633 est,
3410 3564 3537 3621 Ver-

1942 3658 2057 3713 bum
2084 3672 2203 3711 caro
2227 3659 2419 3728 factum
2441 3664 2545 3721 est,
2578 3654 2711 3711 nihil
2743 3655 2814 3711 sit
2852 3642 3085 3721 dictum,
3130 3656 3266 3725 nisi,
3300 3655 3536 3717 Verbum

1942 3747 2104 3804 homo
2130 3747 2324 3813 factum
2342 3754 2444 3803 est.
2470 3745 2621 3803 Sicut
2636 3745 2780 3803 enim
2801 3761 2832 3803 a
2850 3756 2999 3818 parte
3027 3758 3195 3805 totum
3220 3748 3536 3823 plerumque

1942 3840 2210 3897 nominata
2226 3839 2339 3897 sola
2368 3838 2544 3897 anima
2567 3838 2727 3897 homo
2754 3838 3083 3910 intelligitur,
3117 3840 3254 3894 sicut
3277 3850 3359 3895 est
3380 3839 3534 3910 illud,

1946 3931 2251 3987 Totanimat
2277 3928 2644 3987 descenderunt
2672 3929 2727 3984 in
2753 3926 3040 4000 JEgyptum
3066 3918 3229 4001 (Cen.
3264 3946 3410 3997 nvi,
3441 3930 3531 3999 22,

1942 4022 2049 4090 27)
2076 4039 2089 4076 :
2115 4022 2196 4078 sic
2224 4034 2413 4077 rursus
2437 4034 2466 4072 a
2496 4027 2648 4088 parte
2674 4026 2838 4075 tuum
2860 4061 2875 4086 ,
2917 4019 3075 4077 etiam
3121 4020 3391 4077 nominata
3423 4023 3535 4079 sola

1944 4127 2106 4169 carne
2126 4112 2287 4168 homo
2315 4110 2622 4181 intelligitur
2640 4150 2655 4178 ,
2674 4109 2813 4167 sicut
2832 4120 2955 4166 sunt
2977 4112 3074 4171 ista
3100 4129 3217 4183 qua:
3237 4114 3534 4185 posuimus.

2015 4208 2067 4264 5.
2118 4205 2380 4271 Proinde,
2444 4204 2891 4277 quemadmodum
2940 4222 3043 4261 nos
3087 4205 3211 4265 huic
3252 4198 3535 4277 objectioni

1945 4318 2154 4367 eorum,
2175 4317 2333 4374 quam
2359 4316 2426 4357 ex
2457 4299 2746 4372 Evangelia
2784 4310 3083 4371 pr0ponunt
3102 4342 3115 4363 ,
3146 4302 3215 4356 ita
3244 4302 3537 4371 responde-

1945 4408 2084 4460 mus,
2109 4399 2168 4448 ιιι
2189 4391 2363 4449 nullus
2388 4390 2660 4447 hominum
2680 4391 2751 4447 ita
2781 4390 3004 4461 desipiat
3025 4433 3038 4457 ,
3069 4402 3125 4446 ut
3152 4402 3296 4461 putet
3319 4409 3414 4447 nos
3444 4409 3539 4463 per

1947 4486 2062 4541 haec
2088 4484 2246 4541 verba
2275 4484 2392 4556 cogi
2431 4480 2497 4539 ad
2539 4481 2860 4539 credendum
2888 4491 2944 4539 et
2968 4483 3325 4539 conﬁtendum
3348 4526 3362 4549 ,
3396 4484 3542 4552 quod

1947 4578 2204 4635 Mediator
2223 4578 2316 4634 Dei
2341 4586 2395 4632 et
2409 4576 2683 4632 hominum
2707 4574 2866 4631 homo
2882 4574 3125 4631 Christus
3145 4576 3300 4632 Jesus
3326 4575 3375 4646 (Ι
3400 4575 3540 4630 Tim.

1946 4685 2006 4737 ιι,
2036 4669 2109 4738 5)
2138 4669 2370 4724 animam
2398 4667 2682 4723 humanam
2709 4680 2814 4722 non
2844 4654 3059 4733 habuit;
3088 4668 3164 4721 sic
3192 4682 3373 4736 quacro
3400 4683 3543 4737 quo-

1948 4761 2108 4818 modo
2134 4761 2234 4832 ipsi
2270 4759 2627 4830 respondeant
2667 4769 2772 4814 tam
2817 4759 3111 4814 manifestis
3154 4758 3545 4827 OiljeCliOIIibllS

1950 4853 2181 4920 nostris,
2220 4852 2412 4925 quibus
2436 4850 2766 4908 ostendimus
2803 4864 2901 4921 per
2937 4848 3349 4903 innumerabiles
3389 4848 3543 4905 locos

1948 4945 2267 5019 evangelicae
2310 4942 2596 5015 Scriptura:
2639 4950 2910 4999 narratum
2936 4938 3003 4993 de
3049 4938 3139 4992 illo
3166 4936 3233 4990 ab
3258 4937 3539 5008 Evangeli-

1950 5040 2067 5107 stis,
2098 5037 2239 5111 quod
2261 5039 2315 5093 in
2343 5037 2426 5093 his
2450 5033 2819 5092 aﬂ'ectionibus
2845 5030 3035 5095 fuerit,
3068 5044 3185 5100 qua:
3209 5030 3324 5085 sine
3363 5032 3539 5091 anima

1952 5152 2071 5192 esse
2089 5151 2191 5191 non
2212 5143 2451 5207 possunt.
2467 5134 2579 5191 Non
2596 5131 2738 5190 enim
2755 5146 2816 5186 ea
2838 5130 3070 5201 profero,
3090 5146 3207 5202 quae
3226 5130 3334 5201 ipse
3352 5130 3540 5186 Domi-

1953 5243 2052 5282 nus
2073 5233 2178 5281 tam
2205 5225 2370 5281 multa
2393 5229 2776 5280 commemorat
2813 5240 2826 5275 :
2870 5219 3052 5278 Tristis
3097 5232 3168 5278 est
3214 5225 3388 5277 animo
3428 5237 3544 5277 mea

1954 5336 2109 5390 usque
2131 5317 2200 5373 ad
2229 5326 2437 5372 mortem
2466 5315 2677 5391 (Matth.
2714 5331 2858 5381 xxvi,
2885 5314 2999 5387 38);
3017 5325 3091 5383 et,
3115 5315 3424 5370 Potestatem
3447 5315 3543 5368 lia-

1954 5410 2044 5467 beo
2097 5409 2313 5480 ponendi
2356 5408 2578 5463 animum
2629 5424 2812 5475 nteant,
2857 5416 2905 5462 et
2945 5408 3125 5462 iterant
3162 5404 3394 5461 sumendi
3429 5419 3543 5459 eam

1962 5502 2153 5575 (Joan.
2186 5517 2242 5568 ι,
2276 5500 2418 5573 i8);
2462 5508 2541 5567 et,
2575 5498 2827 5571 Majorem
2856 5500 3169 5555 dilectionem
3194 5513 3338 5552 nemo
3358 5494 3547 5569 habet,

2013 5668 2037 5734 ,ι
2073 5661 2262 5721 Excusi,
2299 5656 2635 5721 dilectionem;
2658 5671 2744 5723 pro
2776 5670 2875 5722 quo
2907 5653 3088 5708 melius
3123 5659 3377 5725 uastitas,
3406 5650 3553 5717 dcet

1958 5734 2174 5778 ottoimn.

2025 5790 2047 5822 ²
2069 5790 2264 5849 Septem
2285 5789 2417 5849 κει,
2435 5783 2479 5838 si
2495 5782 2652 5840 milia
3158 5846 3161 5851 λ
3294 5786 3342 5806 ""‘

2716 5864 2783 5871 ...-
