4134 6208
217 448 226 453 _
289 366 362 425 ιτ
926 424 927 427 γ
1706 366 1877 425 LlBEl

1987 366 2151 426 lNUS.
3502 378 3579 440 98

290 496 503 558 tempus
520 480 653 540 ﬁdei
674 495 856 540 rerum
879 495 980 553 pro
1002 481 1175 537 salute
1202 488 1381 539 nostra
1409 488 1676 553 gestarum
1703 490 1757 536 et
1782 496 1878 552 ge-

287 579 581 641 rendarum
604 591 730 634 cum
753 578 1005 648 aequitate
1033 574 1156 631 vita:
1185 585 1360 631 actum
1399 575 1648 645 impetrat
1670 574 1879 630 intelle-

287 685 434 733 ctum
463 670 677 729 stabilis
706 668 1016 740 sapientiae;
1041 676 1100 723 ut
1129 684 1237 723 non
1257 668 1431 723 solum
1459 666 1751 735 credendo,
1783 663 1876 725 sed

141 820 149 828 .
188 796 193 801 ο
284 767 448 823 etiam
470 760 820 834 intelligendo
844 760 1118 830 disciplina
1143 759 1400 814 firmetur.

355 857 412 912 2.
455 855 525 911 Et
553 854 677 910 ideo
705 869 767 910 ea
797 867 919 924 quae
951 866 1091 907 nunc
1116 860 1197 906 est
1224 852 1482 919 Ecclesia,
1513 850 1758 922 quamvis
1782 848 1873 907 filii

261 948 380 1011 .Dei
408 948 597 1012 simus,
640 954 765 1001 ante
788 955 964 1000 tamen
1004 959 1161 1014 quam
1196 951 1451 1014 appareat
1483 943 1609 1015 quid
1654 942 1875 1010 erimus,

256 1018 341 1095 ‘in
371 1038 647 1095 laboribus
664 1045 720 1093 et
745 1035 1117 1093 afﬂictionibus
1146 1038 1254 1107 agit
1279 1079 1292 1100 ,
1315 1046 1370 1093 et
1396 1038 1450 1091 in
1493 1051 1556 1091 ea
1595 1036 1767 1106 justus
1813 1051 1880 1091 ex

293 1128 399 1185 ﬁde
424 1128 557 1184 vivit
579 1127 759 1201 (Rom.
788 1144 827 1195 ι,
851 1128 960 1198 17).
988 1125 1105 1181 Nisi
1128 1128 1270 1182 enim
1308 1127 1639 1194 credideritis,
1689 1126 1874 1197 inquit,

287 1240 391 1278 non
416 1221 706 1293 intelligetis
727 1219 876 1292 (Isai.
905 1235 1001 1286 vn,
1028 1218 1106 1290 9).
1137 1219 1200 1273 Et
1245 1218 1346 1274 hoc
1394 1226 1476 1273 est
1519 1228 1725 1288 tempus
1771 1233 1877 1287 quo

198 1338 205 1343 π
287 1315 690 1385 ingemiscimus
702 1321 759 1369 et
778 1312 1041 1378 dolemus,
1062 1318 1433 1382 exspectantes
1458 1310 1874 1378 redemptionem

202 1430 213 1437 -
290 1406 533 1473 corporis
567 1404 735 1460 nostri
766 1403 787 1474 (
809 1386 1095 1465 Romvtu,
1117 1401 1249 1472 23),
1281 1399 1421 1470 quod
1463 1398 1874 1469 Quadragesima

289 1496 614 1550 celebratur.
646 1494 847 1550 Scimus
870 1504 1039 1548 autem
1054 1488 1288 1563 quoniam
1308 1507 1421 1545 cum
1447 1492 1771 1562 apparuerit,
1799 1490 1874 1545 si-

288 1585 444 1640 miles
484 1586 530 1638 ei
568 1586 750 1639 erimus
775 1627 788 1651 ,
835 1585 1076 1655 quoniam
1119 1582 1396 1636 videbimus
1440 1597 1553 1636 eum
1604 1581 1751 1636 sicuti
1806 1589 1877 1635 est

287 1675 335 1747 (Ι
358 1674 522 1730 Joan.
557 1692 631 1742 ut,
655 1674 715 1749 2)
733 1692 745 1728 :
764 1690 885 1730 cum
906 1674 1130 1730 addetur
1149 1674 1400 1729 denarius
1429 1672 1873 1744 quadragenario,

288 1778 345 1823 ut
376 1783 484 1823 non
518 1770 693 1824 solum
725 1768 944 1824 credere
980 1783 1098 1838 quae
1142 1766 1407 1836 pertinent
1445 1765 1509 1820 ad
1553 1764 1742 1831 fidem,
1772 1763 1869 1819 sed

216 1890 221 1893 Α
289 1862 448 1917 etiam
505 1860 840 1933 perspicuam
897 1860 1171 1914 veritatem
1215 1858 1510 1928 intelligere
1552 1872 1873 1912 mereamur.

290 1951 435 2008 Talis
459 1954 725 2020 Ecclesia,
761 1952 816 2007 in
850 1965 955 2021 qua
984 1950 1161 2005 nullus
1190 1951 1292 2005 erit
1330 1962 1549 2014 maeror,
1579 1948 1723 2002 nulla
1752 1963 1906 2017 ιδεμ,

290 2044 475 2097 minio
500 2044 764 2099 malorum
787 2041 1083 2104 hominum,
1110 2041 1250 2095 nulla
1280 2039 1544 2110 iniquitas,
1574 2038 1666 2093 sed
1698 2038 1875 2094 lmtitia

292 2142 346 2188 et
366 2150 469 2204 pax
488 2143 547 2189 et
568 2134 838 2204 gaudium,
866 2131 1329 2202 Quinquagesimze
1356 2130 1714 2186 celebratione
1742 2144 1875 2199 prie-

226 2256 229 2257 ν
294 2224 566 2295 ﬁguratur.
597 2225 911 2294 Propterea,
942 2232 1286 2293 posteaquam
1310 2223 1566 2276 Dominus
1592 2230 1775 2276 noster
1796 2237 1874 2277 re-

295 2317 518 2370 surrexit
543 2331 572 2368 a
601 2315 827 2371 mortuis
846 2356 860 2381 ,
899 2312 1242 2385 quadraginta
1282 2313 1469 2368 diebus
1497 2315 1724 2383 peractis
1754 2330 1874 2369 cum

296 2406 567 2475 discipulis
586 2407 719 2473 suis,
738 2405 924 2462 eadem
950 2406 1061 2476 ipsa
1081 2406 1282 2460 scilicet
1308 2421 1402 2474 per
1429 2405 1566 2460 hunc
1597 2421 1873 2460 numerum

298 2497 561 2552 insinuata
593 2496 870 2568 temporali
890 2496 1303 2565 diSpensatione,
1336 2511 1454 2566 quae
1478 2495 1542 2550 ad
1563 2496 1721 2550 fidem
1752 2511 1875 2567 per-

296 2589 447 2655 tinet,
470 2590 709 2645 ascendit
728 2590 781 2644 in
811 2588 1004 2645 cmlum
1036 2586 1170 2661 (Act.
1203 2603 1241 2653 ι,
1265 2587 1319 2653 ’5,
1355 2586 1443 2658 9),
1467 2596 1521 2640 et
1548 2586 1731 2642 decem
1759 2587 1874 2641 aliis

294 2681 485 2736 diebus
508 2682 735 2753 peractis
754 2681 903 2737 misit
931 2680 1185 2750 Spiritum
1214 2689 1454 2733 sanetum
1480 2678 1589 2748 (Id.
1620 2695 1686 2743 ιι,
1715 2677 1828 2749 1-4)
1857 2696 1870 2733 :

294 2772 347 2828 id
366 2784 470 2839 est,
496 2784 676 2828 utnon
700 2771 771 2828 ad
794 2771 1026 2827 humana
1046 2779 1101 2825 et
1128 2770 1453 2839 temporalia,
1494 2769 1586 2822 sed
1608 2768 1671 2821 ad
1697 2768 1872 2823 divina

224 2900 229 2903 λ
295 2874 352 2919 ct
372 2873 568 2921 aeterna
595 2862 895 2921 contuenda
924 2862 1151 2933 quodam
1179 2862 1373 2915 amoris
1396 2874 1443 2916 et
1469 2861 1743 2916 charitatis
1769 2861 1875 2929 Spi-

224 2991 233 2997 -
297 2968 539 3012 ramento
558 2968 611 3012 et
640 2956 909 3022 incendio,
933 2954 1357 3025 quadragenario
1378 2953 1626 3007 denarius
1647 2952 1874 3007 addere-

298 3057 401 3102 tur.
425 3050 491 3103 Et
517 3049 636 3104 ideo
651 3047 765 3118 jam
792 3048 895 3103 hoc
929 3054 1094 3099 totum
1117 3088 1131 3110 ,
1162 3044 1213 3099 id
1250 3053 1328 3099 est
1351 3087 1364 3112 ,
1395 3044 1875 3114 quinquagenarius

301 3155 550 3195 numerus
575 3140 809 3205 dierum,
831 3137 1028 3192 lazlitize
1049 3136 1436 3198 celebratione,
1466 3135 1752 3205 signandus
1771 3143 1871 3190 est.

367 3229 420 3284 '5.
462 3229 581 3284 Harc
594 3237 774 3283 autem
792 3226 900 3280 duo
925 3234 1180 3294 tempora,
1208 3224 1256 3278 id
1281 3233 1382 3291 est,
1409 3240 1570 3278 unum
1602 3224 1798 3278 laboris
1823 3233 1876 3279 et

292 3320 681 3385 sollicitudinis,
705 3319 933 3373 alterum
956 3316 1131 3385 gaudii
1157 3324 1210 3369 et
1231 3316 1526 3369 securitatis
1551 3358 1565 3380 ,
1595 3316 1753 3369 etiam
1782 3329 1874 3370 re-

294 3412 435 3466 tibus
476 3412 654 3465 missis
678 3411 730 3464 in
761 3422 911 3463 mare
937 3406 1189 3460 Dominus
1222 3414 1404 3460 uoster
1431 3403 1709 3476 significat.
1740 3404 1872 3459 Nam

291 3513 414 3558 ante
451 3502 749 3573 passionem
792 3498 861 3554 de
900 3497 1123 3552 reticqu
1159 3496 1352 3551 dicitur
1381 3494 1544 3550 misso
1590 3495 1645 3549 in
1687 3510 1874 3562 mare,

289 3594 414 3664 quia
446 3602 646 3646 tantum
674 3589 895 3659 piscium
920 3596 1206 3659 ceperunt,
1250 3596 1307 3642 ut
1333 3588 1418 3642 vix
1466 3587 1531 3643 ad
1576 3587 1726 3643 littus
1764 3595 1874 3643 tra-

288 3684 469 3739 bendo
494 3683 869 3753 perducerent,
897 3688 954 3736 et
981 3688 1039 3735 ut
1065 3680 1196 3736 retia
1226 3680 1636 3752 rumperentur(
1662 3680 1784 3735 Luc.
1817 3698 1873 3748 v,

286 3777 345 3838 6,
377 3774 461 3848 7).
486 3774 600 3828 Non
625 3773 769 3827 enim
794 3772 957 3827 missa
984 3779 1109 3826 sunt
1133 3772 1182 3824 in
1206 3772 1476 3826 dexteram
1518 3781 1754 3842 partem;
1778 3770 1876 3826 ha-

284 3865 383 3921 bet
408 3865 552 3921 enim
579 3864 778 3919 multos
801 3862 975 3919 malos
998 3862 1233 3919 Ecclesia
1261 3863 1416 3932 hujus
1446 3864 1700 3933 temporis
1726 3881 1738 3917 :
1779 3879 1875 3919 ne-

285 3974 397 4029 que
428 3959 483 4012 in
501 3958 803 4019 sinistram;
834 3955 993 4011 habet
1017 3955 1159 4009 enim
1200 3955 1358 4010 etiam
1387 3958 1554 4009 bonos
1580 3972 1593 4008 :
1635 3954 1728 4009 sed
1756 3970 1876 4025 pas-

281 4054 420 4116 sim,
454 4061 508 4104 ut
531 4050 942 4121 permixtionem
963 4047 1223 4103 bonorum
1266 4047 1635 4117 malorumque
1674 4047 1876 4117 signifi-

282 4153 469 4197 caret.
488 4144 632 4210 Quod
654 4152 831 4197 autem
860 4150 1014 4211 rupta
1037 4148 1163 4195 sunt
1193 4141 1328 4195 retia
1354 4182 1366 4204 ,
1398 4140 1654 4195 eharitate
1682 4140 1879 4195 violata

281 4235 499 4290 multas
514 4233 745 4288 haereses
763 4233 957 4289 exiisse
974 4231 1254 4303 significat.
1278 4231 1407 4286 Post
1430 4232 1876 4286 resurrectionem

279 4344 451 4392 vero,
484 4343 604 4382 cum
633 4327 797 4382 vellet
822 4325 1110 4381 Ecclesiam
1139 4323 1299 4379 futuri
1326 4324 1584 4393 temporis
1614 4339 1879 4393 prmmon-

278 4432 501 4488 sta-are,
541 4421 630 4475 ubi
669 4434 858 4473 omnes
897 4417 1116 4487 perfecti
1157 4425 1315 4487 atque
1342 4418 1509 4473 sancti
1539 4417 1701 4472 futuri
1730 4428 1875 4486 sunt,

274 4515 451 4585 jussit
497 4511 636 4567 mitti
677 4510 810 4564 retia
839 4510 894 4562 in
936 4508 1209 4563 dexteram
1240 4517 1480 4577 partem;
1509 4517 1565 4564 et
1590 4509 1728 4578 capti
1758 4518 1883 4565 sunt

276 4606 539 4675 ingentes
566 4601 745 4672 pisces
765 4607 976 4654 centum
1006 4599 1383 4668 quinquaginta
1413 4608 1541 4666 tres,
1566 4600 1883 4654 mirantibus

250 4693 575 4763 {discipulis
601 4689 745 4762 quod
768 4704 888 4744 cum
911 4698 1014 4742 tam
1044 4689 1217 4759 magni
1240 4698 1437 4755 essent,
1467 4691 1600 4744 retia
1627 4705 1731 4745 non
1760 4701 1883 4746 sunt

266 4788 534 4857 disrupta
553 4783 733 4855 (Joan.
759 4796 871 4846 nt,
904 4780 956 4845 6,
985 4781 1094 4850 ll).
1128 4782 1325 4836 Horum
1352 4782 1661 4852 magnitudo
1681 4784 1884 4852 magni-

268 4880 535 4934 tudinem
589 4874 865 4946 sapientize
916 4872 1234 4942 iustitiaeque
1279 4874 1573 4943 significat;
1629 4889 1882 4929 numerus

264 4986 433 5032 vero,
463 4968 646 5037 ipsam
674 4961 1005 5033 disciplinam
1032 4971 1084 5014 et
1107 4964 1381 5031 temporali
1409 4963 1805 5033 dispensatione
1830 4973 1884 5020 et

262 5075 483 5121 acterna
527 5055 934 5129 regeneratione
962 5053 1270 5123 perfectam,
1300 5070 1456 5124 quam
1479 5055 1708 5110 diximus
1737 5055 1886 5125 quin-

260 5151 620 5229 quagenario
649 5160 875 5204 numero
892 5144 1427 5212 commendari.Quia
1459 5147 1601 5200 enim
1629 5157 1753 5201 tunc
1778 5162 1882 5202 non

256 5251 370 5307 erit
396 5259 559 5317 opus
583 5237 955 5309 corporalibus
978 5231 1322 5304 adjumeutis,
1356 5242 1409 5290 et
1433 5236 1612 5290 animo
1640 5237 1882 5293 contine-

256 5342 413 5402 bitur
442 5337 600 5393 ﬁdes
626 5345 785 5403 atque
809 5326 1105 5402 sapientia;
1136 5325 1261 5397 quia
1280 5325 1461 5380 animo
1487 5326 1774 5381 ternarium
1796 5343 1886 5383 nu.

253 5449 486 5496 merum
525 5429 793 5485 tributum
823 5425 1073 5487 diximus,
1098 5420 1481 5493 quinquaginta
1510 5418 1755 5475 ducimus
1782 5428 1881 5486 ter,

252 5539 312 5590 et
351 5528 513 5586 fiunt
561 5527 783 5577 centum
828 5513 1243 5586 quinqmgiuta;
1283 5511 1367 5566 cui
1412 5523 1635 5564 numero
1681 5509 1886 5565 trinitas

252 5622 520 5685 additur,
549 5612 680 5685 quia
707 5608 885 5667 omnis
909 5607 996 5662 illa
1027 5605 1279 5676 perfectio
1310 5604 1361 5657 in
1392 5601 1604 5656 nomine
1636 5601 1807 5655 Patris
1833 5609 1887 5656 et

251 5712 381 5773 Filii
402 5720 471 5770 et
495 5697 756 5779 Spiritus
792 5699 961 5758 sancti
987 5704 1298 5755 consecrata
1337 5703 1420 5750 est
1448 5713 1460 5747 :
1490 5695 1560 5748 ita
1596 5693 1728 5746 ﬁunt
1762 5707 1888 5747 cen-

254 5819 374 5864 tum
404 5795 829 5877 quinquaginta
857 5802 990 5865 tres,
1010 5789 1104 5864 qui
1130 5803 1383 5848 numerus
1409 5786 1630 5860 piscium
1653 5783 1718 5840 ad
1759 5783 1887 5841 dex-

2001 488 2168 537 teram
2192 489 2394 553 partem
2420 491 2695 554 captorum
2725 485 3009 543 invenitur.
3446 552 3451 559 ε

1970 572 2252 630 ’LXXXll.
2294 575 2374 631 De
2391 593 2448 632 eo
2464 578 2601 649 quod
2620 579 2861 651 scriptum
2884 590 2957 636 est
2982 595 3002 636 :
3032 578 3203 648 Quem
3239 583 3382 639 enim
3405 583 3577 656 diligit

2060 666 2328 733 Dominus,
2360 668 2615 738 corripit;
2658 668 2889 740 ﬂagellat
2928 680 3107 728 autem
3146 688 3361 731 omnem
3405 676 3573 734 filium
3634 722 3643 727 .

2056 773 2215 827 quem
2244 759 2433 829 recipit
2458 759 2642 830 (Hebr.
2667 778 2762 830 xu,
2787 763 2864 834 6).
3634 764 3639 769 ’

2060 850 2109 904 1.
2150 849 2296 905 Multi
2325 861 2717 909 murmurantes
2734 854 2836 909 sub
2862 854 3141 927 disciplina
3173 857 3292 925 Dei,
3321 862 3572 931 quiestio-
3633 902 3637 906 μ

1985 956 2106 995 nem
2135 949 2371 1007 movent,
2393 957 2514 997 eum
2546 944 2725 1000 vident
2740 945 2914 1016 justos
2933 962 3074 1017 stupe
3093 963 3283 1019 graves
3304 951 3574 1009 molestias

1985 1031 2280 1086 secundum
2310 1032 2446 1088 hanc
2474 1035 2634 1090 vitam
2656 1036 2765 1105 pati
2793 1054 2808 1090 :
2844 1038 2997 1108 quasi
3024 1048 3303 1110 propterea
3333 1041 3467 1098 nihil
3490 1043 3572 1100 eis

1984 1123 2152 1192 prosit
2176 1122 2315 1192 quod
2334 1123 2442 1178 Deo
2471 1126 2725 1192 serviunt,
2743 1127 2865 1195 quia
2885 1129 2969 1184 vel
2987 1143 3302 1187 communes
3329 1133 3568 1203 labores,

1983 1221 2142 1283 atque
2163 1214 2523 1271 indifferenter
2545 1232 2827 1288 corporum
2848 1229 3006 1291 atque
3030 1222 3347 1280 damnorum
3368 1235 3423 1282 et
3445 1241 3573 1284 con-

1985 1306 2319 1359 tumeliarum
2348 1316 2770 1379 caeterorumque
2793 1311 3031 1367 omnium
3050 1352 3065 1378 ,
3092 1328 3210 1382 qua:
3240 1316 3379 1370 mala
3427 1332 3573 1372 mor-

1984 1396 2117 1451 tales
2158 1407 2360 1468 putant,
2388 1400 2474 1454 vel
2520 1400 2678 1454 etiam
2722 1403 2933 1458 caeteris
2974 1403 3262 1474 ampliores
3301 1408 3571 1477 patiuntur

1983 1500 2201 1560 propter
2241 1492 2459 1547 verbum
2517 1492 2608 1547 Dei
2658 1502 2816 1563 atque
2850 1494 3108 1565 justitiam
3132 1538 3148 1563 ,
3180 1513 3300 1567 qua:
3342 1514 3569 1555 onerosa

1983 1583 2327 1653 peccantibus
2349 1584 2401 1638 in
2430 1584 2548 1655 ejus
2574 1585 2951 1655 praedicatores
2980 1588 3329 1645 tumultuosas
3356 1590 3566 1646 seditio-

1982 1690 2078 1729 nes
2115 1684 2207 1730 aut
2232 1675 2448 1731 insidias
2473 1686 2566 1731 aut
2599 1676 2719 1731 odia
2751 1678 3001 1734 concitat.
3043 1678 3246 1748 Quibus
3271 1681 3565 1750 responde-

1983 1778 2089 1833 tur,
2114 1767 2239 1837 quia
2268 1767 2314 1822 si
2354 1768 2459 1822 vita
2486 1768 2586 1823 ista
2630 1769 2743 1823 sola
2783 1777 2928 1825 esset
2969 1768 3393 1837 hominum,'aut
3430 1772 3565 1829 nihil

1981 1856 2258 1928 prodesse,
2277 1865 2370 1912 aut
2393 1858 2555 1913 etiam
2577 1872 2772 1914 nocere
2780 1858 2921 1928 justa
2940 1860 3048 1915 vita
3064 1875 3171 1916 non
3190 1876 3570 1934 usquequaque

1981 1949 2214 2004 absurde
2242 1949 2531 2005 videretur.
2558 1950 2872 2022 Quanquam
2900 1967 3007 2008 non
3052 1952 3316 2010 defuerint
3356 1956 3447 2026 qui
3475 1956 3565 2026 ju-

1981 2040 2139 2094 stitia:
2164 2040 2477 2096 suavitatem
2500 2050 2555 2097 et
2592 2040 2859 2098 internum
2885 2042 3003 2113 ejus
3026 2043 3280 2115 gaudium
3304 2060 3425 2101 cum
3445 2061 3569 2102 cor-

1982 2131 2251 2202 poralibus
2275 2131 2523 2188 omnibus
2548 2132 2819 2190 laboribus
2840 2142 2896 2189 et
2912 2134 3175 2191 molestiis
3198 2177 3213 2203 ,
3237 2150 3371 2207 quas
3398 2151 3568 2207 genus

1981 2224 2273 2278 humanum
2311 2239 2408 2295 pro
2456 2224 2763 2281 conditione
2804 2241 2918 2282 sua:
2958 2227 3300 2283 mortalitatis
3344 2229 3560 2299 patitur,

1980 2329 2101 2369 cum
2128 2315 2376 2370 omnibus
2404 2315 2568 2370 etiam
2605 2331 2725 2386 quae
2746 2325 2964 2387 propter
2989 2317 3159 2388 ipsam
3183 2318 3487 2387 justititiam
3511 2318 3564 2375 in

1980 2421 2074 2461 eos
2109 2407 2198 2477 qui
2237 2405 2380 2476 juste
2407 2407 2621 2474 vivunt,
2665 2408 3078 2477 injuriosissime
3103 2411 3401 2482 cogitantur
3423 2412 3465 2478 ⁸.
3495 2410 3567 2467 ita

1980 2504 2412 2567 compensarent,
2438 2505 2497 2552 ut
2532 2505 2865 2568 sequestrata
2891 2510 2986 2569 spe
3013 2496 3204 2555 futura:
3232 2499 3354 2556 vita
3368 2500 3567 2571 jucun-

1978 2587 2097 2642 dius
2119 2596 2174 2643 et
2198 2588 2369 2643 lzetius
2395 2604 2503 2660 prae
2526 2603 2710 2646 amore
2727 2591 2962 2646 veritatis
2986 2598 3380 2663 torquerentur,
3402 2608 3563 2664 quam

1978 2677 2233 2733 luxuriosi
2257 2694 2366 2749 pra:
2393 2678 2688 2749 cupiditate
2708 2680 2985 2736 ebrietatis
3009 2681 3315 2753 epulentur.

2048 2769 2102 2823 2.
2147 2767 2251 2825 Sed
2272 2769 2337 2825 iis
2368 2778 2547 2826 tamen
2585 2771 2676 2842 qui
2705 2779 2893 2842 putant
2920 2772 3175 2843 injustum
3208 2774 3373 2830 Deum
3398 2815 3414 2840 ,
3445 2790 3567 2834 cum

1974 2858 2147 2928 justos
2166 2859 2217 2912 in
2247 2858 2521 2914 doloribus
2564 2868 2617 2914 et
2649 2859 2919 2917 laboribus
2955 2862 3166 2930 vident,
3204 2873 3296 2920 aut
3337 2874 3483 2922 certe
3519 2867 3566 2922 si

1980 2964 2086 3002 non
2110 2947 2577 3019 audentiujustum
2606 2950 2772 3006 Deum
2797 2951 2996 3021 dicere,
3047 2955 3131 3010 vel
3172 2969 3261 3011 res
3305 2955 3569 3014 humanas

1979 3053 2085 3092 non
2106 3053 2293 3093 curare
2319 3040 2662 3107 arbitrantur,
2694 3041 2779 3098 vel
2804 3044 2970 3099 semel
2998 3046 3249 3103 statuisse
3275 3050 3568 3105 necessita-

1980 3137 2062 3185 tes
2091 3128 2343 3198 fatorum,
2368 3142 2553 3187 contra
2573 3146 2705 3203 quas
2725 3150 2824 3189 nec
2847 3136 2961 3205 ipse
2982 3136 3180 3207 aliquid
3211 3137 3354 3203 facit,
3384 3155 3449 3195 ne
3481 3157 3569 3196 or-

1979 3220 2159 3276 dinem
2202 3236 2383 3277 rerum
2424 3237 2453 3276 a
2503 3238 2562 3277 se
2597 3223 2914 3293 dispositum
2950 3225 3302 3282 inconstantia
3353 3229 3567 3285 turbare

1978 3312 2258 3379 credatur;
2303 3320 2396 3368 aut
2428 3313 2625 3385 aliquid
2651 3314 2792 3369 aliud
2819 3316 3124 3387 epinantur,
3151 3318 3293 3388 quod
3333 3319 3474 3375 Deus
3511 3321 3566 3376 in

1977 3405 2156 3476 aliquo
2190 3404 2451 3461 invalidus
2493 3422 2602 3461 non
2641 3408 2860 3477 possita
2893 3408 3053 3478 justis
3078 3409 3179 3465 ista
3211 3410 3350 3467 mala
3381 3412 3567 3483 prohi-

1978 3493 2110 3552 bere
2140 3514 2153 3548 :
2186 3494 2471 3551 dicendum
2499 3504 2583 3552 est
2610 3496 2808 3552 nullam
2836 3494 3002 3553 fuisse
3036 3496 3267 3555 futuram
3303 3500 3566 3571 justitiam
3667 3520 3672 3525 ‘

1980 3588 2034 3642 in
2063 3587 2388 3655 hominibus,
2415 3588 2459 3643 si
2482 3603 2568 3643 res
2587 3587 2850 3644 humanas
2877 3603 2984 3644 non
3005 3598 3219 3647 curaret
3250 3591 3406 3647 Deus.
3430 3593 3563 3662 Quia

1981 3682 2157 3736 omnis
2189 3681 2289 3736 ista
2314 3680 2588 3736 hominum
2615 3680 2841 3752 justitia,
2867 3696 3027 3753 quam
3052 3691 3107 3738 et
3144 3690 3329 3739 tenere
3359 3683 3572 3741 animus

1983 3771 2247 3827 humanus
2273 3781 2415 3827 recte
2438 3771 2680 3827 faciendo
2699 3779 2894 3843 potest,
2922 3780 2977 3828 et
3001 3774 3272 3845 peccando
3299 3775 3567 3842 amittere,

1983 3879 2088 3920 non
2117 3864 2514 3934 imprimeretur
2537 3862 2751 3928 animm,
2776 3861 2877 3916 nisi
2906 3870 3050 3917 esset
3075 3862 3249 3931 aliqua
3278 3863 3574 3920 incommu-

1984 3955 2161 4009 labilis
2181 3953 2383 4024 justitia
2404 3995 2420 4020 ,
2451 3968 2569 4023 quae
2599 3953 2801 4022 integra
2831 3951 3159 4007 inveniretur
3182 3970 3211 4006 a
3234 3953 3424 4024 justis,
3447 3970 3570 4011 cum

1984 4046 2051 4101 ad
2077 4061 2196 4099 eam
2225 4052 2698 4110 converterentur;
2726 4042 2930 4113 integra
2967 4043 3357 4115 relinqueretur
3380 4062 3410 4100 a
3447 4063 3573 4118 pec-

1984 4137 2243 4201 cantibus,
2276 4151 2397 4191 etim
2428 4135 2495 4190 ab
2515 4134 2631 4205 ejus
2670 4134 2871 4191 lumine
2907 4145 3296 4193 averterentur.
3325 4136 3455 4208 Quae
3488 4140 3577 4210 ju.

1986 4229 2125 4284 stitia
2153 4227 2602 4283 incommutabilis
2632 4228 2815 4300 utique
2863 4228 2954 4283 Dei
2978 4231 3126 4301 est},
3157 4245 3258 4287 nec
3285 4246 3404 4288 eam
3442 4248 3569 4303 por-

1986 4321 2181 4391 rigeret
2209 4319 2275 4373 ad
2301 4318 2641 4374 illustrandos
2665 4319 2731 4375 ad
2759 4334 2818 4375 se
2837 4334 3150 4388 conversos,
3171 4322 3217 4376 si
3257 4336 3345 4378 res
3387 4320 3575 4380 huma-

1986 4428 2083 4469 nas
2124 4427 2226 4466 non
2263 4422 2496 4468 curaret.
2523 4412 2579 4468 Si
2636 4427 2764 4467 vero
2805 4421 3086 4483 propterea
3138 4415 3317 4484 gravia
3371 4418 3574 4486 perpeti

1982 4503 2154 4573 justos
2185 4502 2385 4558 sineret
2409 4502 2453 4570 ³,
2477 4502 2601 4572 quia
2626 4509 2811 4557 contra
2841 4503 3086 4558 ordinem
3115 4518 3293 4559 rerum
3324 4519 3353 4559 a
3382 4521 3443 4560 se
3467 4505 3577 4562 dis-

1991 4594 2220 4664 positum
2270 4594 2434 4648 nollet
2470 4593 2678 4656 venire,
2724 4607 2825 4648 nec
2868 4594 2984 4663 ipse
3019 4595 3199 4664 justus
3242 4604 3424 4661 esset;
3468 4612 3576 4651 non

1988 4685 2110 4755 quia
2135 4685 2542 4754 dispositionem
2570 4700 2721 4740 suam
2750 4698 2967 4739 servare
3009 4686 3159 4751 vult,
3197 4685 3292 4742 sed
3338 4687 3460 4756 quia
3504 4687 3575 4742 ita

1987 4776 2249 4846 disposuit
2270 4776 2439 4847 ipsum
2468 4776 2710 4831 ordinem
2732 4792 2912 4831 rerum
2938 4815 2953 4842 ,
2992 4785 3053 4832 ut
3096 4775 3377 4833 immeritis
3404 4779 3576 4849 poenis

1984 4867 2112 4939 justi
2127 4866 2447 4938 afﬂigantur.
2471 4866 2526 4921 In
2553 4867 2732 4937 aliquo
2756 4875 2932 4921 autem
2958 4867 3123 4921 Deum
3142 4882 3263 4922 esse
3285 4868 3571 4925 invalidum

1989 4959 2055 5014 ad
2072 4959 2373 5030 repellenda
2394 4959 2528 5013 mala
2546 4974 2662 5028 qua:
2675 4958 2802 5027 justi
2824 4958 3116 5027 patiuntur,
3135 4956 3374 5027 quisquis
3392 4959 3578 5030 opina-

1991 5062 2095 5119 tur,
2115 5052 2235 5108 ideo
2249 5051 2463 5121 desipit,
2481 5050 2603 5120 quia
2622 5064 2728 5104 non
2747 5048 3010 5118 intelligit,
3029 5046 3166 5103 sicut
3182 5046 3327 5105 nefas
3343 5058 3425 5106 est
3441 5050 3578 5122 inju-

1990 5154 2128 5200 stum
2148 5145 2313 5198 Deum
2330 5143 2525 5207 dicere,
2545 5142 2615 5195 ita
2633 5139 2778 5193 nefas
2792 5154 2913 5195 eSSe
2928 5142 3343 5211 omnipotentem
3359 5158 3575 5214 negare.

2061 5237 2114 5292 5.
2154 5217 2357 5303 Quibus
2385 5247 2481 5303 pro
2507 5240 2742 5301 tempore
2784 5239 3044 5303 susceptae
3072 5234 3381 5303 quaestionis
3407 5234 3577 5289 brevi.

1993 5338 2075 5384 ter
2103 5325 2425 5392 constitutis,
2453 5323 2577 5394 quia
2612 5330 2666 5378 et
2691 5322 2863 5392 ipsum
2912 5324 3076 5379 Deum
3114 5334 3164 5380 et
3188 5324 3392 5395 justum
3420 5332 3579 5394 atque

1993 5421 2412 5491 omnipotentem
2459 5430 2600 5481 esse,
2647 5413 3110 5484 perniciosissimae
3158 5413 3447 5484 iniquitatis
3497 5422 3582 5470 est

2055 5522 2071 5554 ι
2098 5528 2218 5569 Tres
2236 5524 2365 5578 Mss,
2388 5516 2705 5566 concitantur.

2053 5585 2074 5615 ³
2096 5589 2218 5631 Tres
2236 5588 2361 5638 Mss,
2390 5586 2520 5628 Deus
2541 5583 2627 5627 est.

2055 5645 2076 5676 ³
2100 5650 2173 5693 Er.
2189 5648 2241 5692 et
2256 5633 2365 5690 Lov'.
2386 5652 2481 5690 non
2500 5638 2707 5699 sineret;
2725 5645 2775 5686 et
2810 5636 2948 5698 infra,
2972 5648 3163 5699 serpere
3182 5648 3275 5686 non
3307 5633 3404 5699 cui:
3432 5637 3581 5699 :qui-

1990 5710 2085 5759 bus
2105 5706 2294 5755 duobus
2313 5701 2433 5752 locis
2453 5696 2894 5764 particula'negans
2917 5696 2944 5747 a
2968 5696 3131 5764 multis
3166 5705 3270 5747 Mss.
3296 5698 3438 5747 abest
3468 5696 3521 5748 et
3550 5711 3581 5748 a

1993 5777 2090 5819 ttat.
2124 5793 2183 5805 ——
2217 5773 2363 5826 Quam
2405 5760 2588 5815 habent
2627 5769 2700 5811 Er.
2736 5760 2843 5813 [όν.
2872 5760 3016 5826 Lugd.
3059 5766 3119 5821 et,
3148 5768 3295 5823 Ven.,
3340 5766 3395 5812 ut
3430 5766 3503 5811 Er.
3529 5765 3582 5811 et

1992 5839 2100 5884 ων.
2164 5835 2222 5880 ιι.
