4180 6214
608 336 679 397 99
1047 329 1137 389 DE
1172 327 1488 388 emensus
1523 327 2049 399 QUESTIONIBUS,
2079 328 2197 409 uti

2305 329 2364 401 ιι,
2405 330 2463 386 S.
2505 328 2875 386 AUGUSTINI
2918 328 3122 384 LIBER
3159 327 3361 386 UNUS.

605 447 887 514 dubitare;
910 446 1057 503 nulla
1091 460 1251 501 causa
1276 443 1606 516 probabilior
1641 444 1902 508 occurrit,
1938 458 2035 497 cur
2058 441 2190 513 justi

610 541 853 597 homines
889 538 1131 593 laborent
1169 535 1485 608 plerumque
1524 535 1575 588 in
1619 533 1718 589 hac
1756 534 1864 589 vita
1888 575 1903 600 ,
1936 533 2035 595 nisi
2064 534 2188 605 quia

610 632 712 687 hoc
736 630 815 685 eis
834 624 1068 698 espedit.
1098 620 1216 683 Alia
1242 634 1324 680 est
1355 625 1497 681 enim
1537 640 1655 697 quae
1699 639 1841 679 nunc
1877 622 1959 680 est
1986 623 2192 695 justitia

609 723 882 778 hominum
908 720 975 774 ad
1001 716 1362 789 recipiendam
1388 717 1765 787 sempiternam
1793 716 2019 772 salutem
2044 757 2060 781 ,
2088 715 2191 770 alia

610 822 737 869 tunc
758 814 808 868 in
828 809 1077 882 paradiso
1098 809 1371 865 constituti
1404 809 1633 863 hominis
1662 822 1781 862 esse
1810 807 1993 869 debuit
2020 807 2087 862 ad
2114 822 2194 863 re-

610 904 882 961 tinendam
914 910 971 958 et
1005 914 1111 957 non
1148 898 1493 957 amittendam
1534 900 1775 955 eamdem
1815 900 2190 972 sempiternam

607 996 850 1052 salutem.
876 995 1026 1050 Sicut
1054 992 1196 1049 enim
1222 992 1428 1064 justitla
1457 992 1551 1047 Dei
1577 1000 1658 1047 est
1685 990 1831 1046 utilia
1861 991 2151 1063 praecipere
2172 1033 2188 1057 ,

608 1096 664 1143 et
684 1085 1114 1142 inobedient'rbus
1138 1098 1343 1156 poenas,
1366 1080 1741 1141 obedientibus
1766 1092 1944 1145 autem
1973 1084 2193 1157 prarmia

608 1179 961 1242 distribuere;
986 1176 1058 1231 ita
1079 1176 1285 1247 justitla
1322 1183 1406 1231 est
1445 1175 1698 1242 hominis,
1732 1174 2015 1251 praeceptis
2046 1174 2192 1233 utili-

610 1270 708 1324 bus
731 1269 971 1325 obedire.
1000 1264 1103 1322 Sed
1133 1265 1383 1338 quoniam
1411 1266 1489 1320 sic
1515 1274 1597 1320 est
1621 1266 1673 1319 in
1695 1266 1872 1319 animo
1900 1262 2190 1329 beatitudo,

609 1373 665 1416 ut
693 1363 742 1416 in
771 1376 995 1430 corpore
1021 1360 1219 1414 sanitas
1245 1376 1259 1413 :
1282 1356 1729 1428 quemadmodmn
1756 1358 1807 1412 in
1836 1357 1951 1435 ipso
1970 1372 2195 1427 corpore

608 1456 707 1509 alia
739 1454 1044 1524 przrcipitur
1065 1450 1344 1515 medicina,
1371 1465 1439 1504 ne
1460 1449 1597 1504 bona
1625 1448 1873 1504 valetudo
1898 1449 2191 1513 amittatur,

610 1549 710 1601 alia
743 1562 871 1601 vero
895 1586 910 1613 ,
942 1554 999 1600 ut
1044 1544 1237 1598 amissa
1266 1554 1643 1613 recuperetur;
1691 1542 1768 1597 sic
1806 1542 1859 1601 in
1897 1550 2007 1596 toto
2051 1548 2194 1596 statu

613 1638 865 1702 hominis,
897 1636 1000 1689 alia
1032 1644 1156 1688 tunc
1176 1641 1442 1705 prmcepta
1469 1631 1592 1686 data
1632 1640 1758 1687 sunt
1785 1674 1798 1696 ,
1829 1647 1895 1687 ne
1924 1632 2196 1687 amitteret

612 1727 1069 1782 immortalitatem
1104 1765 1117 1792 ,
1167 1724 1266 1778 alia
1311 1738 1450 1778 nunc
1507 1723 1924 1796 praecipiuntur,
1974 1735 2031 1777 ιιι
2074 1739 2195 1781 eam

610 1820 850 1889 recipiat.
907 1818 974 1871 Et
1023 1818 1161 1871 sicut
1207 1817 1261 1870 in
1313 1814 1616 1870 valetudine
1663 1815 1942 1891 corporis,
1985 1817 2028 1870 si
2077 1815 2196 1889 quis

610 1910 889 1981 pneceptis
934 1910 1127 1963 medici
1156 1949 1170 1973 ,
1205 1904 1396 1977 quibus
1424 1904 1610 1962 eadem
1641 1906 1778 1965 bona
1825 1905 2072 1963 valetudo
2099 1922 2197 1961 cu-

610 2001 885 2057 stodienda
912 2008 1015 2067 est,
1040 2013 1146 2053 non
1169 1998 1588 2067 obtemperando
1615 1998 1664 2051 in
1695 1998 1922 2075 aliquem
1951 1997 2203 2057 morbum‘

612 2093 892 2157 inciderit,
921 2092 1114 2162 accipit
1139 2091 1240 2145 alia
1269 2097 1528 2160 praecepta
1558 2097 1615 2143 ut
1643 2090 1817 2145 sanari
1846 2088 2045 2160 possit;
2077 2104 2199 2160 quae

613 2203 758 2259 saepe
797 2202 903 2243 non
942 2186 1245 2251 sufficiunt,
1273 2186 1317 2238 sl
1354 2183 1472 2238 talis
1512 2184 1595 2237 est
1637 2181 1886 2250 morbus,
1916 2182 2015 2236 nisi
2046 2182 2199 2237 adhi-

611 2281 835 2336 heantur
855 2296 886 2336 a
903 2278 1110 2334 medico
1126 2276 1365 2348 quaedam
1384 2273 1663 2346 adjutoria,
1681 2268 1993 2357 plerumque
2008 2288 2199 2347 aSpera

607 2385 660 2431 et
688 2373 900 2429 dolores
930 2368 1268 2440 importantla
1290 2409 1305 2433 ,
1335 2381 1455 2438 quae
1486 2372 1665 2423 tamen
1692 2354 1871 2422 valent
1893 2354 1959 2421 ad
1986 2380 2201 2437 recupe-

610 2465 830 2521 randam
863 2464 1085 2518 salutem
1108 2478 1122 2523 ;
1146 2458 1286 2515 nude
1313 2456 1371 2513 fit
1399 2466 1455 2513 ut
1483 2459 1675 2527 homo,
1704 2458 1943 2533 quamvis
1967 2456 2079 2529 jam
2104 2456 2202 2512 ob-

610 2565 913 2626 temperans
960 2550 1196 2620 medico,
1247 2552 1479 2629 patiatur
1522 2557 1698 2603 tamen
1738 2546 1915 2605 adhuc
1949 2546 2196 2612 dolores,

608 2656 715 2701 non
756 2644 930 2700 solum
975 2643 1042 2698 de
1091 2643 1206 2712 ipso
1250 2636 1439 2695 morbo
1480 2638 1715 2695 nondum
1756 2643 1965 2701 sanato,
2008 2651 2199 2693 verum

608 2739 771 2791 etiam
798 2733 864 2791 de
886 2735 1149 2803 adiutorio
1177 2731 1457 2787 medicinae
1484 2750 1498 2782 :
1523 2729 1593 2784 ita
1620 2726 1782 2783 homo
1806 2742 1902 2803 per
1920 2720 2198 2803 peccatum

612 2827 795 2897 lapsus
825 2827 876 2881 in
905 2825 1063 2895 hujus
1094 2823 1216 2877 vitae
1255 2817 1553 2876 morbidam
1578 2825 1633 2874 et
1659 2818 2026 2881 calamitosam
2058 2831 2201 2874 mor-

612 2920 866 2976 talitatem
887 2961 900 2985 ,
930 2917 1053 2988 quia
1091 2915 1261 2985 primo
1300 2917 1569 2983 praecepto
1598 2909 1968 2980 obtemperare
1996 2906 2197 2974 noluit,

608 3026 715 3083 quo
743 3011 1121 3080 sempiternam
1165 3004 1458 3060 custodiret
1482 3017 1544 3057 ac
1575 3010 1781 3057 teneret
1816 3000 2041 3057 salutem
2065 3041 2082 3073 ,
2117 3014 2203 3057 se-

610 3102 785 3160 cunda
830 3108 1095 3171 praecepta
1133 3111 1274 3167 mger
1300 3094 1544 3166 accepit,
1586 3091 1780 3171 quibus
1822 3091 2202 3163 obtemperans

606 3197 717 3266 jam
765 3193 976 3264 quidem
1022 3204 1128 3246 non
1175 3187 1405 3243 absurde
1444 3184 1638 3241 dicitur
1675 3184 1817 3257 juste
1860 3182 2073 3252 vivere,
2106 3183 2204 3245 sed

611 3297 790 3342 tamen
823 3283 1094 3339 molestias
1124 3294 1256 3352 quas
1287 3279 1502 3351 patitur,
1526 3272 1608 3335 vel
1629 3276 1697 3337 de
1723 3277 1839 3355 ipso
1867 3277 2056 3341 morbo
2077 3292 2205 3341 non-

610 3379 737 3433 dum
764 3384 950 3430 sanato
977 3374 1193 3443 patitur,
1243 3370 1331 3424 vel
1370 3368 1436 3423 de
1479 3367 1744 3441 adjutorio
1776 3365 2075 3427 medicinte.
2106 3367 2203 3429 Cui

608 3468 875 3540 adjutorio
909 3466 1192 3536 deputatur
1227 3460 1367 3535 quod
1409 3460 1666 3530 scriptum
1710 3466 1822 3529 est,
1864 3456 2027 3537 Quem
2068 3460 2201 3523 enim

612 3558 778 3630 diligit
810 3557 1076 3618 Dominus,
1106 3553 1353 3621 corripit;
1374 3549 1604 3624 ﬂagellat
1631 3558 1798 3605 autem
1822 3565 2018 3613 omnem
2038 3550 2203 3623 ﬁlium

607 3665 753 3721 quem
780 3647 976 3718 recipit.
1015 3645 1116 3712 Qui
1152 3652 1281 3698 Vero
1310 3646 1414 3696 non
1456 3638 1885 3717 obtemperantes
1918 3640 2203 3719 prteceptis

608 3736 975 3796 saluberrimis
1001 3736 1179 3806 inique
1212 3735 1414 3800 vivunt,
1449 3739 1645 3804 augent
1665 3731 1826 3789 etiam
1850 3738 2012 3802 atque
2036 3726 2199 3793 etiam

608 3830 827 3887 morbos
848 3840 975 3884 suos
1000 3844 1013 3880 :
1038 3835 1093 3883 et
1120 3831 1214 3880 attt
1235 3828 1306 3901 ex.
1328 3823 1456 3895 ipsis
1482 3821 1755 3897 patiuntur
1780 3814 2202 3877 innumerabiles

608 3922 945 3980 miseriarum
982 3918 1197 3973 labores
1243 3914 1565 3986 doloresque
1605 3914 1767 3968 etiam
1819 3912 1870 3967 in
1918 3911 2018 3967 hac
2054 3911 2199 3977 vita;

609 4024 702 4071 aut
728 4014 901 4085 poenis
930 4024 1143 4083 quoque
1171 4006 1446 4072 adhibitis,
1475 4010 1535 4060 ιιι
1558 4002 1700 4077 quod
1726 4019 1915 4059 sanum
1945 4014 2052 4058 non
2083 4012 2196 4071 est,

609 4116 855 4177 tangatur
882 4111 936 4158 et
961 4101 1166 4164 doleat,
1194 4100 1247 4154 in
1289 4106 1394 4169 qtlo
1433 4098 1574 4161 malo
1614 4096 1752 4161 sint,
1782 4092 2203 4151 misericorditer

610 4197 986 4256 admonentur,
1031 4198 1089 4245 ut
1127 4187 1195 4244 ad
1227 4187 1548 4243 medicinam
1585 4186 1830 4245 conversi
1857 4202 1953 4259 per
1974 4186 2199 4263 gratiam

616 4286 713 4341 Dei
752 4284 867 4338 sani
899 4281 1045 4337 ﬂant.
1069 4278 1201 4348 Quae
1244 4277 1421 4331 omnia
1468 4277 1513 4331 si
1555 4275 2012 4347 contempserint,
2040 4273 2094 4331 id
2120 4283 2203 4331 est

611 4383 876 4448 praecepta
900 4371 1185 4427 verborum
1217 4369 1234 4400 ⁸
1264 4372 1319 4423 et
1355 4364 1627 4443 dolorum,
1644 4366 1845 4436 justam
1897 4371 2018 4435 post
2063 4364 2202 4420 hanc

609 4468 772 4534 vitam
799 4463 1180 4534 sempiternam
1207 4457 1606 4517 damnationem
1644 4456 2014 4513 merebuntur.
2045 4453 2199 4511 ideo-

611 4530 718 4629 que
743 4556 830 4611 ille
856 4530 1029 4626 potest
1055 4550 1237 4607 dicere
1262 4548 1458 4619 injuste
1490 4547 1592 4604 ista
1618 4546 1731 4603 fieri
1753 4589 1767 4613 ,
1796 4547 1887 4619 qui
1917 4545 2086 4601 solam
2115 4544 2199 4601 vl-

610 4660 720 4706 tam
751 4646 1055 4710 mortalem,
1082 4656 1242 4714 quam
1267 4654 1411 4696 nunc
1434 4639 1641 4711 agimus
1660 4681 1675 4705 ,
1706 4652 1826 4695 esse
1850 4636 2162 4695 existimans
2179 4678 2197 4705 ,

610 4757 730 4815 quae
756 4739 1007 4797 divinitus
1039 4734 1289 4810 prmdicta
1318 4742 1443 4790 sunt
1471 4730 1648 4797 futura
1689 4746 1796 4787 non
1832 4728 2037 4799 credit,
2069 4743 2201 4803 pen-

673 4856 693 4888 ί
716 4854 785 4911 Ad
798 4852 1071 4919 marginem
1094 4854 1214 4910 και,
1228 4844 1497 4905 verberum,

1193 4944 1936 5160 m

625 5199 780 5266 Vide
811 5206 857 5260 t.
886 5199 945 5273 1,
981 5197 1091 5261 lib.
1118 5195 1182 5271 2,
1215 5193 1790 5273 Retractationum,
1829 5208 1963 5273 cap.

2298 458 2459 509 suros
2482 444 2791 515 gravissima
2818 443 3073 513 supplicia
3105 444 3516 515 perseverantia
3539 454 3881 515 meum

2300 543 2460 604 atque
2491 533 2819 593 infidelitatis
2848 550 2981 591 sure.

2297 616 2582 693 LXXXIII.
2624 627 2702 689 De
2742 628 3009 699 conjugio,
3039 628 3093 682 in
3128 645 3189 687 eo
3228 627 3364 700 quad
3396 626 3645 697 Dominus
3683 631 3798 696 ea:
3823 632 3882 690 Si

2340 721 2488 790 quis
2521 720 2786 777 dimiserit
2822 734 3047 779 uxorem
3073 734 3225 779 suam
3244 761 3261 780 .
3288 730 3509 793 excepta
3534 736 3701 785 causa
3723 722 3888 781 forni-

2368 811 2611 877 cationis,
2641 820 2737 879 etc.
2770 812 2983 883 (Matth.
3013 828 3069 879 v,
3093 811 3206 883 32).

2371 902 2426 967 Si
2456 903 2716 969 Dominus
2736 903 3065 965 dimittendae
3090 902 3332 974 conjugis
3350 904 3517 965 solam
3538 920 3755 965 causam
3781 906 3890 964 for-

2301 994 2581 1063 nicationis
2626 994 2891 1061 admittit,
2934 1003 2989 1051 et
3034 1010 3297 1066 paganum
3343 997 3646 1067 coniugium
3693 997 3889 1056 dimitti

2300 1100 2405 1149 non
2435 1084 2713 1155 prohibet,
2736 1100 3069 1156 consequens
3098 1094 3181 1151 est
3206 1093 3263 1145 ut
3291 1087 3631 1156 paganismus
3654 1087 3888 1144 fornica-

2302 1177 2374 1232 tio
2417 1172 2702 1246 deputetur
2747 1178 2786 1237 ίρ
2818 1177 2998 1241 Solam
3042 1184 3219 1233 autem
3263 1176 3628 1235 fornicationis
3672 1194 3887 1235 causam

2301 1273 2576 1335 exceptam
2606 1265 2781 1322 facere
2807 1266 3087 1325 Dominum
3111 1308 3125 1333 ,
3156 1280 3277 1323 cum
3312 1265 3379 1323 de
3411 1266 3724 1327 dimittenda
3756 1284 3888 1325 eon-

2295 1354 2422 1429 juge
2469 1356 2700 1429 loquitur
2743 1358 2795 1412 in
2842 1357 3162 1428 Evangelio,
3195 1357 3535 1417 manifestum
3581 1368 3683 1415 est.
3716 1358 3887 1431 Paga-

2303 1462 2427 1509 num
2458 1462 2586 1511 vero
2627 1447 2929 1518 conjugium
2984 1448 3106 1504 hinc
3150 1464 3257 1507 non
3303 1448 3617 1519 prohibetur
3661 1450 3883 1519 dimitti,

2302 1541 2425 1612 quia
2467 1556 2587 1599 cum
2637 1542 2924 1611 Apostolus
2969 1542 3035 1597 de
3075 1542 3172 1601 hac
3214 1557 3272 1596 re
3306 1542 3583 1603 consilium
3625 1542 3802 1611 daret,
3832 1554 3891 1601 ut

2304 1633 2477 1695 fidelis
2502 1634 2766 1695 volentem
2792 1649 2977 1691 secum
3002 1649 3122 1690 esse
3151 1635 3430 1703 coniugem
3461 1634 3751 1701 infidelem,
3783 1652 3889 1693 non

2302 1725 2561 1791 dimittat,
2611 1728 2716 1793 ait,
2750 1725 2862 1798 Ego
2905 1727 3050 1791 dico,
3078 1744 3180 1783 non
3225 1725 3595 1787 Dominusmt
3637 1729 3891 1787 Dominus

2304 1818 2643 1891 intelligatur,
2676 1834 2782 1877 non
2802 1818 3014 1889 quidem
3034 1819 3223 1888 jubere
3254 1828 3310 1875 ut
3331 1818 3652 1887 dimittatur,
3677 1836 3746 1877 ne
3764 1835 3892 1877 eon-

2305 1918 2385 1971 tra
2423 1911 2629 1980 jussum
2667 1910 2782 1980 ejus
2824 1911 3105 1969 consilium
3135 1910 3261 1966 dare
3305 1910 3546 1966 videatur
3573 1912 3886 1981 Apostolus,

2303 1999 2398 2055 sed
2426 2010 2600 2055 tamen
2630 2000 2965 2070 permittere;
2992 2007 3051 2054 ut
3078 2015 3236 2057 neuio
3259 2000 3311 2059 in
3341 2015 3401 2055 ea
3429 2016 3487 2055 re
3511 2000 3765 2070 jussionis
3794 2016 3893 2059 ne-

2304 2091 2551 2147 cessitate
2578 2100 2838 2158 teneatur,
2871 2092 2964 2147 sed
2986 2092 3191 2149 consilii
3220 2091 3491 2147 voluntate
3516 2091 3686 2146 libere
3714 2090 3891 2149 faciat.

2307 2179 2681 2241 Verumtamen
2713 2183 2758 2238 si
2778 2184 3056 2253 quisquam
3078 2193 3279 2237 asserat
3302 2182 3468 2236 solam
3496 2181 3637 2237 illaut
3664 2181 3896 2239 {critica-

2306 2272 2503 2329 tionem
2550 2274 2829 2330 Dominum
2875 2274 3159 2329 admittere
3196 2273 3259 2329 ad
3289 2288 3501 2329 causam
3532 2274 3845 2344 relinquend

2306 2364 2578 2437 cenjugis,
2622 2382 2740 2435 qua:
2779 2347 2936 2435 vulgo
2979 2364 3170 2420 dicitur
3215 2366 3523 2433 fornicatio,
3554 2366 3607 2421 id
3645 2376 3728 2423 est
3775 2383 3853 2438 qu.

2307 2459 2591 2515 concubitu
2619 2458 2801 2514 illicito
2828 2465 3164 2529 perpetratur
3193 2475 3206 2511 :
3231 2458 3332 2515 hee
3356 2469 3531 2528 potest
3559 2459 3760 2526 dicere,
3786 2460 3895 2514 Do-

2306 2549 2541 2614 minum,
2566 2563 2687 2603 eum
2726 2547 2793 2603 de
2818 2547 2919 2605 hac
2957 2564 3016 2604 re
3046 2549 3375 2619 loqueretur,
3407 2549 3474 2605 de
3500 2559 3728 2621 utroque
3755 2550 3897 2611 ﬁdeli

2305 2640 2533 2705 dixisse,
2561 2649 2616 2696 et
2639 2641 2830 2697 marito
2855 2649 2912 2697 et
2939 2657 3140 2709 uxore,
3170 2651 3229 2705 ut
3268 2642 3314 2701 ei
3358 2641 3518 2701 ambo
3543 2641 3726 2698 fideles
3752 2642 3907 2713 sint,
3955 2704 3967 2716 ν

2307 2732 2484 2788 neutri
2512 2731 2670 2789 liceat
2696 2732 2923 2791 alterum
2964 2732 3299 2802 relinquere,
3329 2732 3432 2791 nisi
3470 2746 3631 2787 causa
3670 2731 3899 2791 fornica-

2310 2823 2500 2890 tionis;
2524 2824 2612 2880 ubi
2641 2839 2748 2879 non
2771 2832 2943 2893 potest
2959 2824 3302 2894 paganismus
3328 2823 3584 2893 intelligi,
3607 2824 3727 2893 quia
3750 2833 3899 2885 uter;-

2306 2931 2412 2988 que
2437 2914 2607 2973 fidelis
2629 2924 2732 2972 est.
2763 2914 2854 2973 Sic
2880 2915 3021 2970 enim
3061 2923 3115 2969 et
3144 2914 3434 2984 Apostolus
3462 2913 3669 2969 videtur
3706 2914 3899 2971 distin-

2305 3020 2471 3079 guere
2493 3047 2509 3076 ,
2538 3021 2660 3062 eum
2685 3006 2760 3060 ait
2786 3021 2800 3057 :
2827 3004 2924 3059 His
2944 3013 3110 3059 autem
3136 3006 3223 3074 qui
3261 3006 3314 3061 in
3350 3004 3587 3076 conjugio
3621 3014 3740 3061 sunt
3764 3022 3900 3076 prte-

2308 3098 2443 3170 cipio
2459 3138 2475 3166 ,
2504 3114 2606 3153 non
2633 3115 2723 3169 ego
2742 3139 2759 3165 ,
2786 3098 2875 3152 sed
2900 3096 3150 3151 Dominus
3167 3136 3183 3164 ,
3207 3113 3416 3155 mrem
3431 3114 3463 3151 α
3484 3098 3589 3152 viro
3612 3114 3714 3152 non
3733 3099 3898 3154 disce-

2309 3189 2458 3254 dere;
2479 3188 2614 3262 quod
2638 3190 2681 3246 si
2708 3189 2997 3253 recesserit,
3030 3205 3231 3243 manere
3254 3191 3521 3259 innuptam
3538 3232 3552 3255 ,
3575 3198 3666 3244 aut
3685 3190 3788 3245 viro
3807 3207 3900 3247 suo

2309 3280 2645 3339 reconciliari.
2679 3278 2778 3336 Ubi
2810 3280 2970 3336 etiam
3022 3279 3333 3350 intelligitur
3374 3280 3517 3350 quod
3566 3281 3610 3334 si
3658 3296 3763 3335 una
3808 3281 3899 3338 illa

2309 3388 2492 3443 causa,
2511 3388 2612 3444 qua
2645 3371 2756 3428 sola
2786 3372 3005 3429 relectio
3030 3371 3261 3441 conjugii
3292 3371 3634 3442 permittitur,
3659 3371 3849 3428 mulier
3866 3386 3899 3431 a

2310 3465 2428 3521 viro
2474 3463 2787 3530 recesserit,
2838 3463 3055 3533 innupta
3099 3475 3443 3532 perseverare
3497 3462 3692 3519 debet:
3720 3472 3813 3519 aut
3852 3463 3901 3520 si

2310 3573 2370 3613 se
2399 3573 2505 3615 non
2533 3556 2800 3622 continet,
2833 3554 2948 3615 viro
2972 3555 3150 3626 potius
3175 3554 3507 3611 reconciliari
3536 3555 3618 3611 vel
3653 3564 3899 3613 correcto

2309 3647 2392 3715 vel
2441 3655 2587 3705 certe
2633 3645 2939 3713 tolerando,
2970 3661 3130 3716 quam
3178 3646 3330 3705 alteri
3376 3645 3597 3702 nubere.
3647 3646 3902 3717 Sequitur

2309 3748 2487 3797 autem
2506 3778 2519 3804 ,
2549 3747 2604 3795 ct
2626 3737 2781 3805 dicit,
2813 3736 2880 3792 Et
2920 3738 2994 3792 vir
3026 3753 3237 3795 umorem
3256 3753 3358 3792 non
3382 3737 3601 3792 dimittat
3625 3753 3643 3792 :
3670 3738 3901 3795 breviter

2309 3830 2553 3891 eamdem
2587 3830 2809 3886 formam
2840 3830 3093 3889 intimans
3118 3830 3171 3887 in
3196 3831 3344 3896 viro,
3375 3845 3535 3901 quam
3557 3832 3901 3903 praecipiebat

2310 3920 2366 3977 in
2396 3919 2610 3976 femina.
2642 3920 2844 3989 Quibus
2881 3936 2946 3977 ex
2972 3929 3239 3991 praecepto
3284 3921 3492 3977 Domini
3522 3922 3802 3978 insinuatis
3825 3923 3899 3980 ita

2310 4015 2550 4091 sequitur
2579 4033 2592 4073 ε
2622 4014 2824 4071 (Σαειεώ
2863 4024 3032 4069 autem
3072 4030 3162 4084 ego
3204 4013 3351 4080 dico,
3383 4031 3483 4069 non
3525 4013 3804 4079 Dominus,
3834 4014 3901 4071 Si

2309 4106 2420 4179 quis
2440 4107 2598 4180 frater
2623 4106 2766 4161 habet
2796 4121 3003 4160 uxorem
3030 4103 3284 4173 inﬁdelem
3301 4146 3316 4171 ,
3345 4116 3391 4160 et
3412 4107 3518 4160 hac
3541 4107 3785 4169 contremit
3805 4106 3900 4159 ha-

2310 4196 2470 4251 bitare
2497 4213 2611 4251 cum
2649 4197 2738 4252 illo
2758 4238 2773 4264 ,
2802 4213 2904 4251 non
2943 4196 3162 4257 dimittat
3190 4196 3334 4255 illam
3356 4213 3373 4252 :
3395 4206 3442 4251 et
3480 4197 3663 4251 mulier
3686 4196 3899 4252 dubet

2309 4288 2473 4345 virum
2499 4287 2755 4356 inﬁdelem
2771 4328 2785 4351 ,
2811 4295 2858 4341 et
2884 4288 2964 4343 hic
2993 4288 3236 4343 consentit
3263 4287 3486 4343 habitare
3509 4303 3622 4340 eum
3644 4286 3765 4352 illa,
3792 4303 3898 4341 non

2309 4379 2529 4437 dimittat
2548 4380 2708 4435 virum
2729 4378 2774 4449 (l
2795 4378 2912 4437 Cor.
2945 4395 3045 4441 vn,
3080 4378 3287 4448 10-15).
3310 4377 3412 4434 Ubi
3438 4377 3529 4432 dat
3552 4376 3898 4447 intelligiDo-

2309 4472 2512 4529 minum
2531 4471 2602 4527 de
2624 4469 2707 4526 his
2731 4471 2963 4527 locutum
2987 4509 3000 4533 ,
3031 4479 3086 4525 ut
3125 4478 3311 4525 neuter
3335 4469 3558 4525 alterum
3578 4468 3893 4539 dimitteret,

2308 4563 2355 4622 si
2382 4563 2569 4623 fideles
2594 4563 2752 4620 ambo
2769 4571 2967 4619 essent.

2372 4656 2390 4687 ¹
2415 4655 2553 4726 ἕως,
2574 4652 2750 4726 ίξίηὶίεεί
2765 4651 3003 4726 Ρτφέιίθέετ
3023 4664 3311 4726 εοητξσυεῖιε
3325 4656 3394 4703 ⁸³⁸
3411 4658 3462 4726 ’1⁸

2306 4714 2484 4780 nicatiq
2506 4713 2624 4780 (vel,
2649 4713 2970 4780 Ῑῢηιίίξαείρηὶ)
2994 4727 3085 4765 non
3117 4718 3389 4780 deputetur.
3418 4713 3510 4780 sed
3534 4713 3727 4780 nitidirr
3761 4713 3897 4780 eddi-

2306 4772 2620 4842 cutnAalitiuot
2649 4772 2757 4842 iss.
2789 4772 2966 4842 lectio,
2994 4772 3209 4840 negante
3231 4774 3465 4839 particula
3496 4776 3652 4825 verbo
3680 4772 3897 4840 prohibet

2306 4838 2638 4905 ιιι-εῆιιίιιοιι
2658 4840 2811 4895 verbo
2824 4838 3093 4902 deputetur.

2079 5027 2087 5035 ’
2582 5026 2590 5033 ’
2989 5026 3036 5059 Ἴ
3339 5021 3427 5087 ta)

2089 5021 3352 5266 Ψυὲἕῐὲζὲοτυῼςῗὲρὲοοῐὲην
3383 5184 3674 5260 001.629.
3702 5204 3897 5269 «toto

1497 5271 1577 5334 ad
1610 5266 1817 5340 verba,
1850 5266 2299 5332 G‘ratissimam
2327 5266 2543 5347 plane,
2580 5266 2700 5329 col.
2733 5266 2874 5337 631.
2934 5266 3019 5332 Μ,

1516 5380 1585 5427 EX
1615 5384 1766 5427 ιιιιιιο
1792 5387 1859 5426 DF.
1889 5382 2386 5426 PREDESTINATIONE
2415 5383 2750 5439 SANCTOBL'I,
2782 5385 2900 5429 CAP.
2929 5383 2981 5437 ιγ

700 5496 718 5530 ι
746 5473 951 5529 Videtis
973 5464 1275 5538 certe'quid
1304 5473 1429 5520 tunc
1464 5464 1531 5519 de
1559 5465 1663 5521 fide
1689 5474 1849 5543 atque
1886 5461 2139 5541 operibus
2167 5461 2459 5527 sentiebam
2482 5503 2496 5531 ,
2542 5463 2788 5535 quamvis
2831 5464 2898 5523 de
2924 5461 3342 5519 commendanda
3370 5461 3538 5533 gratia
3569 5460 3661 5517 Dei
3684 5460 3900 5523 labora-

623 5586 736 5627 rem
764 5569 842 5639 (b)
869 5585 883 5621 :
915 5567 968 5621 in
993 5578 1095 5635 qua
1122 5559 1387 5617 sententia
1410 5557 1543 5611 istos
1570 5556 1763 5619 fratres
1798 5563 2012 5625 nostros
2035 5568 2155 5610 esse
2182 5568 2324 5619 nunc
2352 5552 2538 5621 video;
2567 5556 2690 5625 quia
2722 5570 2826 5610 non
2867 5555 3003 5609 sicut
3032 5553 3211 5624 legere
3240 5553 3403 5609 libros
3429 5567 3611 5620 meos,
3642 5552 3712 5619 ita
3736 5551 3899 5623 βιίιιῐι

681 5705 755 5768 (a)
788 5703 1118 5814 FJWlSCOpalllm
1154 5693 1359 5758 sumpsit
1395 5691 1691 5765 Augustinus
1721 5689 1921 5761 labente
1957 5700 2085 5739 anno
2104 5688 2215 5760 395.
2239 5688 2515 5738 Ambrosius
2536 5695 2699 5739 autem
2743 5687 2865 5760 obiit
2895 5688 2979 5759 die
3003 5687 3034 5735 4
3053 5685 3217 5750 aprills
3234 5689 3346 5738 anni
3368 5686 3480 5739 597.
3502 5694 3571 5738 tta

684 5782 743 5814 us
776 5778 804 5814 a
862 5761 1211 5814 Sinulicianttm
1241 5757 1468 5805 Αιιιιιι-αδιι
1503 5766 1853 5814 successorem,
1906 5766 1955 5801 tn
1981 5746 2182 5814 exordio
2220 5751 2524 5814 episcopatus
2565 5757 2810 5814 Augustnn
2856 5756 3116 5814 scriptum,
3178 5751 3394 5812 pertinet
3428 5750 3489 5811 ad
3527 5764 3571 5809 at

618 5746 754 5833 0ιῖιῖ
776 5746 1211 5833 ᾆδ’ξίἶῆἶῇξὶειιιιιιιι
1241 5746 1853 5833 A'mbrejsii'snfccssorem,
1906 5750 1955 5801 in
1981 5746 2182 5833 eisort‘lit‘)
2220 5751 2524 5833 episcopatus
2565 5750 2810 5833 Augustini
2856 5746 3116 5817 scriptum}
3178 5751 3394 5812 pertinet
3428 5750 3489 5811 ad
3527 5746 3836 5811 mm.

689 5808 845 5892 (5)17.
864 5808 1170 5884 vrfsipositioiie
1193 5816 1506 5882 quarumdam
1522 5808 1898 5875 t‘r0positionu'm
1915 5825 1980 5875 es
2002 5808 2208 5874 Epistula
2239 5808 2300 5861 id
2324 5808 2554 5860 noinanos
2570 5848 2583 5871 ,
2610 5808 2724 5861 tem.
2748 5808 2796 5859 3.

3777 334 3965 393 100'
