  <div class='ocr_page' id='page_1' title='image "/cluster/home/n/w/nwhite01/storage/ocr_20150623/40/hvd.32044096580626/058.png"; bbox 0 0 4180 6214; ppageno 0'>
   <div class='ocr_carea' id='block_1_1' title="bbox 328 340 3627 430">
    <p class='ocr_par' dir='ltr' id='par_1_1' title="bbox 328 340 3627 430">
     <span class='ocr_line' id='line_1_1' title="bbox 328 340 3627 430; baseline 0.002 -18"><span class='ocrx_word' id='word_1_1' title='bbox 328 358 435 418; x_wconf 65' lang='grc'><strong>101</strong></span> <span class='ocrx_word' id='word_1_2' title='bbox 756 340 848 413; x_wconf 69' lang='grc' dir='ltr'><strong>ΒΕ</strong></span> <span class='ocrx_word' id='word_1_3' title='bbox 885 352 1201 415; x_wconf 79' lang='lat' dir='ltr'><strong>DIVERSIS</strong></span> <span class='ocrx_word' id='word_1_4' title='bbox 1240 354 1763 425; x_wconf 70' lang='lat' dir='ltr'><strong>QUAES&#39;I’IONIBUS</strong></span> <span class='ocrx_word' id='word_1_5' title='bbox 1801 355 1891 410; x_wconf 87' lang='lat' dir='ltr'><strong>AD</strong></span> <span class='ocrx_word' id='word_1_6' title='bbox 1928 354 2433 425; x_wconf 71' lang='lat' dir='ltr'><strong>SIMPLICIANUM,</strong></span> <span class='ocrx_word' id='word_1_7' title='bbox 2473 356 2533 414; x_wconf 87' lang='lat' dir='ltr'><strong>S.</strong></span> <span class='ocrx_word' id='word_1_8' title='bbox 2573 358 2943 418; x_wconf 81' lang='lat' dir='ltr'><strong>AUGUSTINI</strong></span> <span class='ocrx_word' id='word_1_9' title='bbox 2978 362 3110 419; x_wconf 85' lang='lat' dir='ltr'><strong>LIB.</strong></span> <span class='ocrx_word' id='word_1_10' title='bbox 3151 364 3193 419; x_wconf 84' lang='grc'><strong>1.</strong></span> <span class='ocrx_word' id='word_1_11' title='bbox 3521 370 3627 430; x_wconf 63' lang='lat'><strong>{0!</strong></span> 
     </span>
    </p>
   </div>
   <div class='ocr_carea' id='block_1_2' title="bbox 330 449 3623 523">
    <p class='ocr_par' dir='ltr' id='par_1_2' title="bbox 330 449 3623 523">
     <span class='ocr_line' id='line_1_2' title="bbox 330 449 3623 523; baseline 0.004 -18"><span class='ocrx_word' id='word_1_12' title='bbox 330 451 386 505; x_wconf 91' lang='lat' dir='ltr'><strong>in</strong></span> <span class='ocrx_word' id='word_1_13' title='bbox 413 449 493 505; x_wconf 86' lang='lat' dir='ltr'><strong>eis</strong></span> <span class='ocrx_word' id='word_1_14' title='bbox 517 456 842 505; x_wconf 86' lang='lat' dir='ltr'><strong>curaverunt</strong></span> <span class='ocrx_word' id='word_1_15' title='bbox 862 449 1126 518; x_wconf 85' lang='lat' dir='ltr'><strong>prolicere</strong></span> <span class='ocrx_word' id='word_1_16' title='bbox 1141 464 1371 511; x_wconf 87' lang='lat' dir='ltr'><strong>mecum.</strong></span> <span class='ocrx_word' id='word_1_17' title='bbox 1400 449 1531 504; x_wconf 86' lang='lat' dir='ltr'><strong>Nam</strong></span> <span class='ocrx_word' id='word_1_18' title='bbox 1552 451 1596 504; x_wconf 90' lang='lat' dir='ltr'><strong>si</strong></span> <span class='ocrx_word' id='word_1_19' title='bbox 1620 457 1918 513; x_wconf 71' lang='lat' dir='ltr'><strong>curassent,</strong></span> <span class='ocrx_word' id='word_1_20' title='bbox 1948 450 2278 506; x_wconf 86' lang='lat' dir='ltr'><strong>invenissent</strong></span> <span class='ocrx_word' id='word_1_21' title='bbox 2303 452 2457 505; x_wconf 87' lang='lat' dir='ltr'><strong>istam</strong></span> <span class='ocrx_word' id='word_1_22' title='bbox 2484 456 2831 523; x_wconf 72' lang='lat' dir='ltr'><strong>quzestionem</strong></span> <span class='ocrx_word' id='word_1_23' title='bbox 2851 455 3143 513; x_wconf 87' lang='lat' dir='ltr'><strong>secundum</strong></span> <span class='ocrx_word' id='word_1_24' title='bbox 3167 458 3447 517; x_wconf 84' lang='lat' dir='ltr'><strong>veritatem</strong></span> <span class='ocrx_word' id='word_1_25' title='bbox 3476 461 3623 518; x_wconf 81' lang='lat' dir='ltr'><strong>divi-</strong></span> 
     </span>
    </p>
   </div>
   <div class='ocr_carea' id='block_1_3' title="bbox 331 540 3629 623">
    <p class='ocr_par' dir='ltr' id='par_1_3' title="bbox 331 540 3629 623">
     <span class='ocr_line' id='line_1_3' title="bbox 331 540 3629 623; baseline 0.005 -30"><span class='ocrx_word' id='word_1_26' title='bbox 331 556 525 601; x_wconf 82' lang='lat' dir='ltr'><strong>nurum</strong></span> <span class='ocrx_word' id='word_1_27' title='bbox 553 540 953 610; x_wconf 75' lang='lat' dir='ltr'><strong>Scripturarum</strong></span> <span class='ocrx_word' id='word_1_28' title='bbox 980 541 1210 597; x_wconf 82' lang='lat' dir='ltr'><strong>solutam</strong></span> <span class='ocrx_word' id='word_1_29' title='bbox 1244 541 1299 595; x_wconf 93' lang='lat' dir='ltr'><strong>in</strong></span> <span class='ocrx_word' id='word_1_30' title='bbox 1320 542 1496 613; x_wconf 91' lang='lat' dir='ltr'><strong>primo</strong></span> <span class='ocrx_word' id='word_1_31' title='bbox 1518 542 1653 596; x_wconf 85' lang='lat' dir='ltr'><strong>libre</strong></span> <span class='ocrx_word' id='word_1_32' title='bbox 1676 541 1903 596; x_wconf 87' lang='lat' dir='ltr'><strong>duorum</strong></span> <span class='ocrx_word' id='word_1_33' title='bbox 1923 584 1939 607; x_wconf 94' lang='lat'><strong>,</strong></span> <span class='ocrx_word' id='word_1_34' title='bbox 1971 558 2104 612; x_wconf 89' lang='lat' dir='ltr'><strong>quos</strong></span> <span class='ocrx_word' id='word_1_35' title='bbox 2137 544 2203 597; x_wconf 90' lang='lat' dir='ltr'><strong>ad</strong></span> <span class='ocrx_word' id='word_1_36' title='bbox 2230 544 2398 597; x_wconf 73' lang='lat' dir='ltr'><strong>beatae</strong></span> <span class='ocrx_word' id='word_1_37' title='bbox 2425 545 2694 600; x_wconf 67' lang='lat' dir='ltr'><strong>memoria:</strong></span> <span class='ocrx_word' id='word_1_38' title='bbox 2723 545 3123 616; x_wconf 85' lang='lat' dir='ltr'><strong>Simplicianum</strong></span> <span class='ocrx_word' id='word_1_39' title='bbox 3151 551 3376 622; x_wconf 86' lang='lat' dir='ltr'><strong>scripsi,</strong></span> <span class='ocrx_word' id='word_1_40' title='bbox 3415 553 3629 623; x_wconf 66' lang='lat' dir='ltr'><strong>episco~</strong></span> 
     </span>
    </p>
   </div>
   <div class='ocr_carea' id='block_1_4' title="bbox 335 632 3147 709">
    <p class='ocr_par' dir='ltr' id='par_1_4' title="bbox 335 632 3147 709">
     <span class='ocr_line' id='line_1_4' title="bbox 335 632 3147 709; baseline 0.001 -18"><span class='ocrx_word' id='word_1_41' title='bbox 335 650 462 704; x_wconf 85' lang='lat' dir='ltr'><strong>pum</strong></span> <span class='ocrx_word' id='word_1_42' title='bbox 487 632 901 690; x_wconf 73' lang='lat' dir='ltr'><strong>Mediolanensis</strong></span> <span class='ocrx_word' id='word_1_43' title='bbox 923 632 1204 699; x_wconf 82' lang='lat' dir='ltr'><strong>Ecclesiae,</strong></span> <span class='ocrx_word' id='word_1_44' title='bbox 1229 635 1397 689; x_wconf 88' lang='lat' dir='ltr'><strong>sancti</strong></span> <span class='ocrx_word' id='word_1_45' title='bbox 1426 634 1695 689; x_wconf 78' lang='lat' dir='ltr'><strong>Ambrosii</strong></span> <span class='ocrx_word' id='word_1_46' title='bbox 1718 648 2105 701; x_wconf 83' lang='lat' dir='ltr'><strong>successorem,</strong></span> <span class='ocrx_word' id='word_1_47' title='bbox 2137 637 2187 690; x_wconf 90' lang='lat' dir='ltr'><strong>iu</strong></span> <span class='ocrx_word' id='word_1_48' title='bbox 2220 638 2336 704; x_wconf 87' lang='lat' dir='ltr'><strong>ipso</strong></span> <span class='ocrx_word' id='word_1_49' title='bbox 2360 637 2584 691; x_wconf 82' lang='lat' dir='ltr'><strong>exordio</strong></span> <span class='ocrx_word' id='word_1_50' title='bbox 2607 638 2945 709; x_wconf 82' lang='lat' dir='ltr'><strong>episcOpatus</strong></span> <span class='ocrx_word' id='word_1_51' title='bbox 2968 640 3095 696; x_wconf 90' lang='lat' dir='ltr'><strong>mei.</strong></span> <span class='ocrx_word' id='word_1_52' title='bbox 3124 658 3147 694; x_wconf 70' lang='grc' dir='ltr'><strong>ι</strong></span> 
     </span>
    </p>
   </div>
   <div class='ocr_carea' id='block_1_5' title="bbox 406 725 3629 805">
    <p class='ocr_par' dir='ltr' id='par_1_5' title="bbox 406 725 3629 805">
     <span class='ocr_line' id='line_1_5' title="bbox 406 725 3629 805; baseline 0.005 -26"><span class='ocrx_word' id='word_1_53' title='bbox 406 726 546 779; x_wconf 80' lang='lat' dir='ltr'><strong>Ibid.</strong></span> <span class='ocrx_word' id='word_1_54' title='bbox 575 726 757 797; x_wconf 73' lang='lat' dir='ltr'><strong>infra:</strong></span> <span class='ocrx_word' id='word_1_55' title='bbox 780 755 856 766; x_wconf 92' lang='lat'><strong>——</strong></span> <span class='ocrx_word' id='word_1_56' title='bbox 886 743 908 776; x_wconf 74' lang='grc' dir='ltr'><strong><em>ι</em></strong></span> <span class='ocrx_word' id='word_1_57' title='bbox 936 725 1079 781; x_wconf 84' lang='lat' dir='ltr'><strong>Ecce</strong></span> <span class='ocrx_word' id='word_1_58' title='bbox 1101 740 1266 796; x_wconf 85' lang='lat' dir='ltr'><strong>quare</strong></span> <span class='ocrx_word' id='word_1_59' title='bbox 1309 725 1421 782; x_wconf 76' lang='lat' dir='ltr'><strong>dixi</strong></span> <span class='ocrx_word' id='word_1_60' title='bbox 1461 727 1741 796; x_wconf 76' lang='lat' dir='ltr'><strong>superius,</strong></span> <span class='ocrx_word' id='word_1_61' title='bbox 1788 725 1890 781; x_wconf 90' lang='lat' dir='ltr'><strong>hoc</strong></span> <span class='ocrx_word' id='word_1_62' title='bbox 1927 727 2223 796; x_wconf 82' lang='lat' dir='ltr'><strong>apostolico</strong></span> <span class='ocrx_word' id='word_1_63' title='bbox 2262 729 2528 797; x_wconf 68' lang='lat' dir='ltr'><strong>prxecipue</strong></span> <span class='ocrx_word' id='word_1_64' title='bbox 2574 729 2878 786; x_wconf 90' lang='lat' dir='ltr'><strong>testimonio</strong></span> <span class='ocrx_word' id='word_1_65' title='bbox 2911 731 2954 803; x_wconf 91' lang='lat' dir='ltr'><strong>(l</strong></span> <span class='ocrx_word' id='word_1_66' title='bbox 2978 728 3097 787; x_wconf 81' lang='lat' dir='ltr'><strong>Cor.</strong></span> <span class='ocrx_word' id='word_1_67' title='bbox 3129 747 3202 798; x_wconf 86' lang='lat' dir='ltr'><strong>tv,</strong></span> <span class='ocrx_word' id='word_1_68' title='bbox 3233 731 3290 805; x_wconf 84' lang='lat'><strong>1)</strong></span> <span class='ocrx_word' id='word_1_69' title='bbox 3334 734 3495 791; x_wconf 87' lang='lat' dir='ltr'><strong>etiam</strong></span> <span class='ocrx_word' id='word_1_70' title='bbox 3541 753 3629 794; x_wconf 89' lang='lat' dir='ltr'><strong>me</strong></span> 
     </span>
    </p>
   </div>
   <div class='ocr_carea' id='block_1_6' title="bbox 333 816 3627 892">
    <p class='ocr_par' dir='ltr' id='par_1_6' title="bbox 333 816 3627 892">
     <span class='ocr_line' id='line_1_6' title="bbox 333 816 3627 892; baseline 0.004 -19"><span class='ocrx_word' id='word_1_71' title='bbox 333 819 510 888; x_wconf 85' lang='lat' dir='ltr'><strong>ipsum</strong></span> <span class='ocrx_word' id='word_1_72' title='bbox 540 817 702 872; x_wconf 82' lang='lat' dir='ltr'><strong>fuisse</strong></span> <span class='ocrx_word' id='word_1_73' title='bbox 727 817 1055 884; x_wconf 88' lang='lat' dir='ltr'><strong>convictum,</strong></span> <span class='ocrx_word' id='word_1_74' title='bbox 1082 832 1201 873; x_wconf 86' lang='lat' dir='ltr'><strong>cum</strong></span> <span class='ocrx_word' id='word_1_75' title='bbox 1231 816 1298 873; x_wconf 90' lang='lat' dir='ltr'><strong>de</strong></span> <span class='ocrx_word' id='word_1_76' title='bbox 1324 816 1430 877; x_wconf 79' lang='lat' dir='ltr'><strong>hac</strong></span> <span class='ocrx_word' id='word_1_77' title='bbox 1452 832 1513 873; x_wconf 83' lang='lat' dir='ltr'><strong>re</strong></span> <span class='ocrx_word' id='word_1_78' title='bbox 1544 817 1701 873; x_wconf 88' lang='lat' dir='ltr'><strong>aliter</strong></span> <span class='ocrx_word' id='word_1_79' title='bbox 1727 831 2007 887; x_wconf 77' lang='lat' dir='ltr'><strong>saperem;</strong></span> <span class='ocrx_word' id='word_1_80' title='bbox 2035 832 2194 889; x_wconf 88' lang='lat' dir='ltr'><strong>quam</strong></span> <span class='ocrx_word' id='word_1_81' title='bbox 2224 819 2354 873; x_wconf 90' lang='lat' dir='ltr'><strong>mihi</strong></span> <span class='ocrx_word' id='word_1_82' title='bbox 2384 819 2530 875; x_wconf 89' lang='lat' dir='ltr'><strong>Deus</strong></span> <span class='ocrx_word' id='word_1_83' title='bbox 2554 823 2607 875; x_wconf 90' lang='lat' dir='ltr'><strong>in</strong></span> <span class='ocrx_word' id='word_1_84' title='bbox 2634 819 2733 876; x_wconf 88' lang='lat' dir='ltr'><strong>hac</strong></span> <span class='ocrx_word' id='word_1_85' title='bbox 2756 821 3053 892; x_wconf 61' lang='lat' dir='ltr'><strong>quastione</strong></span> <span class='ocrx_word' id='word_1_86' title='bbox 3078 823 3364 892; x_wconf 86' lang='lat' dir='ltr'><strong>solvenda,</strong></span> <span class='ocrx_word' id='word_1_87' title='bbox 3395 841 3517 882; x_wconf 91' lang='lat' dir='ltr'><strong>cum</strong></span> <span class='ocrx_word' id='word_1_88' title='bbox 3558 828 3627 885; x_wconf 89' lang='lat' dir='ltr'><strong>ad</strong></span> 
     </span>
    </p>
   </div>
   <div class='ocr_carea' id='block_1_7' title="bbox 335 909 2105 982">
    <p class='ocr_par' dir='ltr' id='par_1_7' title="bbox 335 909 2105 982">
     <span class='ocr_line' id='line_1_7' title="bbox 335 909 2105 982; baseline -0.001 -16"><span class='ocrx_word' id='word_1_89' title='bbox 335 913 651 982; x_wconf 78' lang='lat' dir='ltr'><strong>episcopum</strong></span> <span class='ocrx_word' id='word_1_90' title='bbox 676 909 1101 980; x_wconf 84' lang='lat' dir='ltr'><strong>Simplicianum,</strong></span> <span class='ocrx_word' id='word_1_91' title='bbox 1125 911 1264 966; x_wconf 82' lang='lat' dir='ltr'><strong>sicut</strong></span> <span class='ocrx_word' id='word_1_92' title='bbox 1282 910 1413 976; x_wconf 84' lang='lat' dir='ltr'><strong>dixi,</strong></span> <span class='ocrx_word' id='word_1_93' title='bbox 1439 911 1752 977; x_wconf 85' lang='lat' dir='ltr'><strong>scriberem,</strong></span> <span class='ocrx_word' id='word_1_94' title='bbox 1784 910 2058 966; x_wconf 84' lang='lat' dir='ltr'><strong>revelavit.</strong></span> <span class='ocrx_word' id='word_1_95' title='bbox 2083 929 2105 964; x_wconf 70' lang='grc' dir='ltr'>ι</span> 
     </span>
    </p>
   </div>
   <div class='ocr_carea' id='block_1_8' title="bbox 1346 1015 2602 1069">
    <p class='ocr_par' dir='ltr' id='par_1_8' title="bbox 1346 1015 2602 1069">
     <span class='ocr_line' id='line_1_8' title="bbox 1346 1015 2602 1069; baseline 0.001 -12"><span class='ocrx_word' id='word_1_96' title='bbox 1346 1017 1417 1057; x_wconf 73' lang='grc' dir='ltr'><strong>ΒΧ</strong></span> <span class='ocrx_word' id='word_1_97' title='bbox 1442 1015 1597 1057; x_wconf 76' lang='grc' dir='ltr'><strong>ιῐιιιιο</strong></span> <span class='ocrx_word' id='word_1_98' title='bbox 1620 1017 1690 1056; x_wconf 79' lang='lat' dir='ltr'><strong>DI</strong></span> <span class='ocrx_word' id='word_1_99' title='bbox 1713 1015 1851 1058; x_wconf 66' lang='lat' dir='ltr'><strong>PONO</strong></span> <span class='ocrx_word' id='word_1_100' title='bbox 1879 1017 2349 1069; x_wconf 67' lang='grc' dir='ltr'><strong>ΡΕΒΒΕῩΕΜΝΤΙΒ,</strong></span> <span class='ocrx_word' id='word_1_101' title='bbox 2380 1015 2500 1058; x_wconf 77' lang='lat' dir='ltr'><strong>CAP.</strong></span> <span class='ocrx_word' id='word_1_102' title='bbox 2528 1018 2602 1058; x_wconf 70' lang='lat' dir='ltr'><strong>XX</strong></span> 
     </span>
    </p>
   </div>
   <div class='ocr_carea' id='block_1_9' title="bbox 421 1094 3628 1172">
    <p class='ocr_par' dir='ltr' id='par_1_9' title="bbox 421 1094 3628 1172">
     <span class='ocr_line' id='line_1_9' title="bbox 421 1094 3628 1172; baseline 0.003 -23"><span class='ocrx_word' id='word_1_103' title='bbox 421 1114 443 1149; x_wconf 73' lang='grc' dir='ltr'>ι</span> <span class='ocrx_word' id='word_1_104' title='bbox 471 1095 690 1155; x_wconf 82' lang='lat' dir='ltr'><strong>Plenius</strong></span> <span class='ocrx_word' id='word_1_105' title='bbox 734 1109 925 1165; x_wconf 88' lang='lat' dir='ltr'><strong>sapere</strong></span> <span class='ocrx_word' id='word_1_106' title='bbox 967 1095 1106 1165; x_wconf 66' lang='lat' dir='ltr'><strong>coepi</strong></span> <span class='ocrx_word' id='word_1_107' title='bbox 1153 1095 1208 1150; x_wconf 90' lang='lat' dir='ltr'><strong>in</strong></span> <span class='ocrx_word' id='word_1_108' title='bbox 1255 1107 1321 1150; x_wconf 82' lang='lat' dir='ltr'><strong>ea</strong></span> <span class='ocrx_word' id='word_1_109' title='bbox 1361 1094 1722 1165; x_wconf 74' lang='lat' dir='ltr'><strong>disputatione</strong></span> <span class='ocrx_word' id='word_1_110' title='bbox 1760 1109 1921 1165; x_wconf 82' lang='lat' dir='ltr'><strong>quam</strong></span> <span class='ocrx_word' id='word_1_111' title='bbox 1959 1094 2149 1165; x_wconf 79' lang='lat' dir='ltr'><strong>scripsi</strong></span> <span class='ocrx_word' id='word_1_112' title='bbox 2189 1094 2259 1150; x_wconf 88' lang='lat' dir='ltr'><strong>ad</strong></span> <span class='ocrx_word' id='word_1_113' title='bbox 2302 1094 2474 1151; x_wconf 81' lang='lat' dir='ltr'><strong>beatae</strong></span> <span class='ocrx_word' id='word_1_114' title='bbox 2518 1097 2792 1152; x_wconf 75' lang='lat' dir='ltr'><strong>memoria:</strong></span> <span class='ocrx_word' id='word_1_115' title='bbox 2837 1095 3274 1169; x_wconf 85' lang='lat' dir='ltr'><strong>Simplicianum,</strong></span> <span class='ocrx_word' id='word_1_116' title='bbox 3320 1102 3628 1172; x_wconf 82' lang='lat' dir='ltr'><strong>episcopum</strong></span> 
     </span>
    </p>
   </div>
   <div class='ocr_carea' id='block_1_10' title="bbox 333 1188 3628 1267">
    <p class='ocr_par' dir='ltr' id='par_1_10' title="bbox 333 1188 3628 1267">
     <span class='ocr_line' id='line_1_10' title="bbox 333 1188 3628 1267; baseline 0.002 -20"><span class='ocrx_word' id='word_1_117' title='bbox 333 1188 749 1247; x_wconf 73' lang='lat' dir='ltr'><strong>Mediolanensis</strong></span> <span class='ocrx_word' id='word_1_118' title='bbox 784 1188 1078 1255; x_wconf 64' lang='lat' dir='ltr'><strong>Ecclesiae,</strong></span> <span class='ocrx_word' id='word_1_119' title='bbox 1124 1189 1180 1243; x_wconf 88' lang='lat' dir='ltr'><strong>in</strong></span> <span class='ocrx_word' id='word_1_120' title='bbox 1206 1189 1315 1245; x_wconf 90' lang='lat' dir='ltr'><strong>mei</strong></span> <span class='ocrx_word' id='word_1_121' title='bbox 1351 1188 1690 1259; x_wconf 85' lang='lat' dir='ltr'><strong>episc0patus</strong></span> <span class='ocrx_word' id='word_1_122' title='bbox 1729 1188 1982 1255; x_wconf 75' lang='lat' dir='ltr'><strong>exordio,</strong></span> <span class='ocrx_word' id='word_1_123' title='bbox 2027 1188 2241 1259; x_wconf 83' lang='lat' dir='ltr'><strong>quando</strong></span> <span class='ocrx_word' id='word_1_124' title='bbox 2268 1197 2324 1243; x_wconf 89' lang='lat' dir='ltr'><strong>et</strong></span> <span class='ocrx_word' id='word_1_125' title='bbox 2362 1188 2572 1244; x_wconf 90' lang='lat' dir='ltr'><strong>initium</strong></span> <span class='ocrx_word' id='word_1_126' title='bbox 2604 1188 2723 1245; x_wconf 80' lang='lat' dir='ltr'><strong>ﬁdei</strong></span> <span class='ocrx_word' id='word_1_127' title='bbox 2763 1189 2966 1246; x_wconf 91' lang='lat' dir='ltr'><strong>donum</strong></span> <span class='ocrx_word' id='word_1_128' title='bbox 3006 1192 3102 1247; x_wconf 88' lang='lat' dir='ltr'><strong>Dei</strong></span> <span class='ocrx_word' id='word_1_129' title='bbox 3142 1207 3263 1249; x_wconf 88' lang='lat' dir='ltr'><strong>esse</strong></span> <span class='ocrx_word' id='word_1_130' title='bbox 3304 1197 3525 1267; x_wconf 81' lang='lat' dir='ltr'><strong>cognovi</strong></span> <span class='ocrx_word' id='word_1_131' title='bbox 3572 1205 3628 1252; x_wconf 91' lang='lat' dir='ltr'><strong>et</strong></span> 
     </span>
    </p>
   </div>
   <div class='ocr_carea' id='block_1_11' title="bbox 330 1285 617 1341">
    <p class='ocr_par' dir='ltr' id='par_1_11' title="bbox 330 1285 617 1341">
     <span class='ocr_line' id='line_1_11' title="bbox 330 1285 617 1341; baseline -0.014 -2"><span class='ocrx_word' id='word_1_132' title='bbox 330 1285 563 1341; x_wconf 75' lang='lat' dir='ltr'><strong>asserui.</strong></span> <span class='ocrx_word' id='word_1_133' title='bbox 595 1301 617 1335; x_wconf 72' lang='grc' dir='ltr'><strong>ι</strong></span> 
     </span>
    </p>
   </div>
   <div class='ocr_carea' id='block_1_12' title="bbox 406 1371 3628 1452">
    <p class='ocr_par' dir='ltr' id='par_1_12' title="bbox 406 1371 3628 1452">
     <span class='ocr_line' id='line_1_12' title="bbox 406 1371 3628 1452; baseline 0.003 -23"><span class='ocrx_word' id='word_1_134' title='bbox 406 1373 548 1431; x_wconf 82' lang='lat' dir='ltr'><strong>Ibid.</strong></span> <span class='ocrx_word' id='word_1_135' title='bbox 579 1391 694 1444; x_wconf 81' lang='lat' dir='ltr'><strong>cap.</strong></span> <span class='ocrx_word' id='word_1_136' title='bbox 721 1372 785 1428; x_wconf 74' lang='lat' dir='ltr'><strong>2i</strong></span> <span class='ocrx_word' id='word_1_137' title='bbox 810 1392 828 1427; x_wconf 89' lang='lat'><strong>:</strong></span> <span class='ocrx_word' id='word_1_138' title='bbox 851 1401 923 1415; x_wconf 89' lang='lat'><strong><em>—</em></strong></span> <span class='ocrx_word' id='word_1_139' title='bbox 951 1389 972 1424; x_wconf 75' lang='grc' dir='ltr'>ι</span> <span class='ocrx_word' id='word_1_140' title='bbox 1001 1371 1230 1427; x_wconf 79' lang='lat' dir='ltr'><strong>Videant</strong></span> <span class='ocrx_word' id='word_1_141' title='bbox 1267 1381 1443 1429; x_wconf 83' lang='lat' dir='ltr'><strong>utrum</strong></span> <span class='ocrx_word' id='word_1_142' title='bbox 1472 1373 1523 1426; x_wconf 91' lang='lat' dir='ltr'><strong>iu</strong></span> <span class='ocrx_word' id='word_1_143' title='bbox 1562 1374 1719 1442; x_wconf 86' lang='lat' dir='ltr'><strong>primi</strong></span> <span class='ocrx_word' id='word_1_144' title='bbox 1751 1372 1868 1428; x_wconf 84' lang='lat' dir='ltr'><strong>libri</strong></span> <span class='ocrx_word' id='word_1_145' title='bbox 1913 1373 2298 1444; x_wconf 83' lang='lat' dir='ltr'><strong>posterioribus</strong></span> <span class='ocrx_word' id='word_1_146' title='bbox 2327 1373 2563 1444; x_wconf 83' lang='lat' dir='ltr'><strong>partibus</strong></span> <span class='ocrx_word' id='word_1_147' title='bbox 2582 1415 2598 1441; x_wconf 94' lang='lat'><strong>,</strong></span> <span class='ocrx_word' id='word_1_148' title='bbox 2628 1389 2816 1430; x_wconf 85' lang='lat' dir='ltr'><strong>eorum</strong></span> <span class='ocrx_word' id='word_1_149' title='bbox 2844 1375 3071 1431; x_wconf 87' lang='lat' dir='ltr'><strong>duorum</strong></span> <span class='ocrx_word' id='word_1_150' title='bbox 3115 1393 3249 1448; x_wconf 86' lang='lat' dir='ltr'><strong>quos</strong></span> <span class='ocrx_word' id='word_1_151' title='bbox 3287 1381 3395 1436; x_wconf 88' lang='lat' dir='ltr'><strong>mei</strong></span> <span class='ocrx_word' id='word_1_152' title='bbox 3420 1383 3628 1452; x_wconf 87' lang='lat' dir='ltr'><strong>episco-</strong></span> 
     </span>
    </p>
   </div>
   <div class='ocr_carea' id='block_1_13' title="bbox 332 1468 3632 1544">
    <p class='ocr_par' dir='ltr' id='par_1_13' title="bbox 332 1468 3632 1544">
     <span class='ocr_line' id='line_1_13' title="bbox 332 1468 3632 1544; baseline 0.001 -17"><span class='ocrx_word' id='word_1_153' title='bbox 332 1483 494 1544; x_wconf 84' lang='lat' dir='ltr'><strong>patus</strong></span> <span class='ocrx_word' id='word_1_154' title='bbox 523 1474 694 1538; x_wconf 88' lang='lat' dir='ltr'><strong>initio,</strong></span> <span class='ocrx_word' id='word_1_155' title='bbox 722 1481 1010 1543; x_wconf 81' lang='lat' dir='ltr'><strong>antequam</strong></span> <span class='ocrx_word' id='word_1_156' title='bbox 1051 1471 1333 1542; x_wconf 76' lang='lat' dir='ltr'><strong>Pelagiana</strong></span> <span class='ocrx_word' id='word_1_157' title='bbox 1361 1469 1582 1525; x_wconf 67' lang='lat' dir='ltr'><strong>haeresis</strong></span> <span class='ocrx_word' id='word_1_158' title='bbox 1607 1480 1907 1540; x_wconf 84' lang='lat' dir='ltr'><strong>appareret,</strong></span> <span class='ocrx_word' id='word_1_159' title='bbox 1938 1470 2007 1525; x_wconf 89' lang='lat' dir='ltr'><strong>ad</strong></span> <span class='ocrx_word' id='word_1_160' title='bbox 2035 1469 2433 1539; x_wconf 89' lang='lat' dir='ltr'><strong>Simplicianum</strong></span> <span class='ocrx_word' id='word_1_161' title='bbox 2464 1468 2917 1526; x_wconf 83' lang='lat' dir='ltr'><strong>Mediolanensem</strong></span> <span class='ocrx_word' id='word_1_162' title='bbox 2943 1471 3257 1542; x_wconf 88' lang='lat' dir='ltr'><strong>episcopum</strong></span> <span class='ocrx_word' id='word_1_163' title='bbox 3284 1475 3472 1544; x_wconf 88' lang='lat' dir='ltr'><strong>scripsi</strong></span> <span class='ocrx_word' id='word_1_164' title='bbox 3497 1519 3512 1542; x_wconf 91' lang='lat'><strong>,</strong></span> <span class='ocrx_word' id='word_1_165' title='bbox 3543 1492 3632 1531; x_wconf 86' lang='lat' dir='ltr'><strong>re-</strong></span> 
     </span>
    </p>
   </div>
   <div class='ocr_carea' id='block_1_14' title="bbox 329 1562 3629 1638">
    <p class='ocr_par' dir='ltr' id='par_1_14' title="bbox 329 1562 3629 1638">
     <span class='ocr_line' id='line_1_14' title="bbox 329 1562 3629 1638; baseline 0 -13"><span class='ocrx_word' id='word_1_166' title='bbox 329 1569 601 1625; x_wconf 84' lang='lat' dir='ltr'><strong>manserit</strong></span> <span class='ocrx_word' id='word_1_167' title='bbox 626 1567 823 1638; x_wconf 87' lang='lat' dir='ltr'><strong>aliquid</strong></span> <span class='ocrx_word' id='word_1_168' title='bbox 847 1580 956 1637; x_wconf 88' lang='lat' dir='ltr'><strong>quo</strong></span> <span class='ocrx_word' id='word_1_169' title='bbox 977 1573 1196 1620; x_wconf 75' lang='lat' dir='ltr'><strong>vocetur</strong></span> <span class='ocrx_word' id='word_1_170' title='bbox 1221 1565 1273 1619; x_wconf 93' lang='lat' dir='ltr'><strong>in</strong></span> <span class='ocrx_word' id='word_1_171' title='bbox 1302 1563 1559 1627; x_wconf 88' lang='lat' dir='ltr'><strong>dubium,</strong></span> <span class='ocrx_word' id='word_1_172' title='bbox 1605 1564 1825 1632; x_wconf 75' lang='lat' dir='ltr'><strong>gratiam</strong></span> <span class='ocrx_word' id='word_1_173' title='bbox 1876 1564 1967 1619; x_wconf 92' lang='lat' dir='ltr'><strong>Dei</strong></span> <span class='ocrx_word' id='word_1_174' title='bbox 1994 1579 2099 1619; x_wconf 91' lang='lat' dir='ltr'><strong>non</strong></span> <span class='ocrx_word' id='word_1_175' title='bbox 2138 1562 2430 1620; x_wconf 88' lang='lat' dir='ltr'><strong>secundum</strong></span> <span class='ocrx_word' id='word_1_176' title='bbox 2456 1563 2644 1618; x_wconf 87' lang='lat' dir='ltr'><strong>merita</strong></span> <span class='ocrx_word' id='word_1_177' title='bbox 2676 1572 2858 1619; x_wconf 89' lang='lat' dir='ltr'><strong>nostra</strong></span> <span class='ocrx_word' id='word_1_178' title='bbox 2900 1563 3014 1619; x_wconf 84' lang='lat' dir='ltr'><strong>dari</strong></span> <span class='ocrx_word' id='word_1_179' title='bbox 3041 1581 3056 1621; x_wconf 89' lang='lat'>:</span> <span class='ocrx_word' id='word_1_180' title='bbox 3080 1572 3137 1620; x_wconf 90' lang='lat' dir='ltr'><strong>et</strong></span> <span class='ocrx_word' id='word_1_181' title='bbox 3182 1574 3359 1622; x_wconf 88' lang='lat' dir='ltr'><strong>utrum</strong></span> <span class='ocrx_word' id='word_1_182' title='bbox 3405 1567 3474 1622; x_wconf 87' lang='lat' dir='ltr'><strong>ibi</strong></span> <span class='ocrx_word' id='word_1_183' title='bbox 3524 1582 3629 1627; x_wconf 87' lang='lat' dir='ltr'><strong>non</strong></span> 
     </span>
    </p>
   </div>
   <div class='ocr_carea' id='block_1_15' title="bbox 330 1655 3630 1731">
    <p class='ocr_par' dir='ltr' id='par_1_15' title="bbox 330 1655 3630 1731">
     <span class='ocr_line' id='line_1_15' title="bbox 330 1655 3630 1731; baseline 0.001 -15"><span class='ocrx_word' id='word_1_184' title='bbox 330 1662 470 1717; x_wconf 83' lang='lat' dir='ltr'><strong>satis</strong></span> <span class='ocrx_word' id='word_1_185' title='bbox 497 1661 713 1731; x_wconf 79' lang='lat' dir='ltr'><strong>egerim,</strong></span> <span class='ocrx_word' id='word_1_186' title='bbox 742 1660 903 1714; x_wconf 90' lang='lat' dir='ltr'><strong>etiam</strong></span> <span class='ocrx_word' id='word_1_187' title='bbox 929 1658 1136 1712; x_wconf 87' lang='lat' dir='ltr'><strong>initium</strong></span> <span class='ocrx_word' id='word_1_188' title='bbox 1169 1656 1292 1712; x_wconf 79' lang='lat' dir='ltr'><strong>fidei</strong></span> <span class='ocrx_word' id='word_1_189' title='bbox 1329 1670 1452 1711; x_wconf 88' lang='lat' dir='ltr'><strong>esse</strong></span> <span class='ocrx_word' id='word_1_190' title='bbox 1476 1656 1675 1711; x_wconf 87' lang='lat' dir='ltr'><strong>denum</strong></span> <span class='ocrx_word' id='word_1_191' title='bbox 1700 1655 1830 1721; x_wconf 89' lang='lat' dir='ltr'><strong>Dei;</strong></span> <span class='ocrx_word' id='word_1_192' title='bbox 1860 1665 1916 1711; x_wconf 93' lang='lat' dir='ltr'><strong>et</strong></span> <span class='ocrx_word' id='word_1_193' title='bbox 1945 1665 2119 1711; x_wconf 90' lang='lat' dir='ltr'><strong>utrum</strong></span> <span class='ocrx_word' id='word_1_194' title='bbox 2154 1671 2219 1709; x_wconf 83' lang='lat' dir='ltr'><strong>ex</strong></span> <span class='ocrx_word' id='word_1_195' title='bbox 2245 1655 2311 1709; x_wconf 90' lang='lat' dir='ltr'><strong>iis</strong></span> <span class='ocrx_word' id='word_1_196' title='bbox 2334 1671 2452 1725; x_wconf 76' lang='lat' dir='ltr'><strong>quae</strong></span> <span class='ocrx_word' id='word_1_197' title='bbox 2482 1655 2555 1710; x_wconf 91' lang='lat' dir='ltr'><strong>ibi</strong></span> <span class='ocrx_word' id='word_1_198' title='bbox 2589 1655 2730 1711; x_wconf 87' lang='lat' dir='ltr'><strong>dicta</strong></span> <span class='ocrx_word' id='word_1_199' title='bbox 2772 1664 2926 1723; x_wconf 88' lang='lat' dir='ltr'><strong>sunt,</strong></span> <span class='ocrx_word' id='word_1_200' title='bbox 2956 1672 3063 1713; x_wconf 92' lang='lat' dir='ltr'><strong>non</strong></span> <span class='ocrx_word' id='word_1_201' title='bbox 3091 1671 3480 1731; x_wconf 86' lang='lat' dir='ltr'><strong>consequenter</strong></span> <span class='ocrx_word' id='word_1_202' title='bbox 3511 1662 3630 1719; x_wconf 86' lang='lat' dir='ltr'><strong>clu-</strong></span> 
     </span>
    </p>
   </div>
   <div class='ocr_carea' id='block_1_16' title="bbox 330 1746 3629 1823">
    <p class='ocr_par' dir='ltr' id='par_1_16' title="bbox 330 1746 3629 1823">
     <span class='ocr_line' id='line_1_16' title="bbox 330 1746 3629 1823; baseline 0.002 -17"><span class='ocrx_word' id='word_1_203' title='bbox 330 1760 474 1817; x_wconf 83' lang='lat' dir='ltr'><strong>ceat,</strong></span> <span class='ocrx_word' id='word_1_204' title='bbox 502 1749 600 1806; x_wconf 84' lang='lat' dir='ltr'><strong>etsi</strong></span> <span class='ocrx_word' id='word_1_205' title='bbox 621 1763 728 1806; x_wconf 89' lang='lat' dir='ltr'><strong>non</strong></span> <span class='ocrx_word' id='word_1_206' title='bbox 756 1749 828 1803; x_wconf 87' lang='lat' dir='ltr'><strong>sit</strong></span> <span class='ocrx_word' id='word_1_207' title='bbox 847 1762 1184 1820; x_wconf 80' lang='lat' dir='ltr'><strong>expressum,</strong></span> <span class='ocrx_word' id='word_1_208' title='bbox 1212 1746 1373 1802; x_wconf 87' lang='lat' dir='ltr'><strong>etiam</strong></span> <span class='ocrx_word' id='word_1_209' title='bbox 1398 1761 1568 1817; x_wconf 90' lang='lat' dir='ltr'><strong>usque</strong></span> <span class='ocrx_word' id='word_1_210' title='bbox 1589 1746 1641 1800; x_wconf 90' lang='lat' dir='ltr'><strong>in</strong></span> <span class='ocrx_word' id='word_1_211' title='bbox 1669 1746 1827 1801; x_wconf 81' lang='lat' dir='ltr'><strong>linem</strong></span> <span class='ocrx_word' id='word_1_212' title='bbox 1860 1746 2310 1816; x_wconf 89' lang='lat' dir='ltr'><strong>perseverantiam</strong></span> <span class='ocrx_word' id='word_1_213' title='bbox 2334 1747 2548 1802; x_wconf 89' lang='lat' dir='ltr'><strong>nonnisi</strong></span> <span class='ocrx_word' id='word_1_214' title='bbox 2573 1747 2643 1802; x_wconf 87' lang='lat' dir='ltr'><strong>ab</strong></span> <span class='ocrx_word' id='word_1_215' title='bbox 2668 1763 2735 1803; x_wconf 91' lang='lat' dir='ltr'><strong>eo</strong></span> <span class='ocrx_word' id='word_1_216' title='bbox 2754 1748 2961 1817; x_wconf 87' lang='lat' dir='ltr'><strong>donari,</strong></span> <span class='ocrx_word' id='word_1_217' title='bbox 2983 1749 3073 1821; x_wconf 89' lang='lat' dir='ltr'><strong>qui</strong></span> <span class='ocrx_word' id='word_1_218' title='bbox 3104 1765 3206 1808; x_wconf 89' lang='lat' dir='ltr'><strong>nos</strong></span> <span class='ocrx_word' id='word_1_219' title='bbox 3225 1753 3629 1823; x_wconf 79' lang='lat' dir='ltr'><strong>praedestinavit</strong></span> 
     </span>
    </p>
   </div>
   <div class='ocr_carea' id='block_1_17' title="bbox 331 1840 1221 1913">
    <p class='ocr_par' dir='ltr' id='par_1_17' title="bbox 331 1840 1221 1913">
     <span class='ocr_line' id='line_1_17' title="bbox 331 1840 1221 1913; baseline -0.004 -16"><span class='ocrx_word' id='word_1_220' title='bbox 331 1844 388 1897; x_wconf 89' lang='lat' dir='ltr'><strong>in</strong></span> <span class='ocrx_word' id='word_1_221' title='bbox 417 1857 570 1897; x_wconf 90' lang='lat' dir='ltr'><strong>suum</strong></span> <span class='ocrx_word' id='word_1_222' title='bbox 599 1857 822 1913; x_wconf 79' lang='lat' dir='ltr'><strong>regnum</strong></span> <span class='ocrx_word' id='word_1_223' title='bbox 846 1850 901 1896; x_wconf 92' lang='lat' dir='ltr'><strong>et</strong></span> <span class='ocrx_word' id='word_1_224' title='bbox 923 1840 1166 1911; x_wconf 80' lang='lat' dir='ltr'><strong>gloriam.</strong></span> <span class='ocrx_word' id='word_1_225' title='bbox 1198 1856 1221 1893; x_wconf 70' lang='grc' dir='ltr'><strong><em>ι</em></strong></span> 
     </span>
    </p>
   </div>
   <div class='ocr_carea' id='block_1_18' title="bbox 1574 1922 2397 1967">
    <p class='ocr_par' dir='ltr' id='par_1_18' title="bbox 1574 1922 2397 1967">
     <span class='ocr_line' id='line_1_18' title="bbox 1574 1922 2397 1967; baseline 0 -2"><span class='ocrx_word' id='word_1_226' title='bbox 1574 1924 1641 1967; x_wconf 69' lang='grc' dir='ltr'><strong>εκ</strong></span> <span class='ocrx_word' id='word_1_227' title='bbox 1672 1924 1709 1963; x_wconf 82' lang='lat' dir='ltr'><strong>ll</strong></span> <span class='ocrx_word' id='word_1_228' title='bbox 1739 1923 1882 1963; x_wconf 74' lang='grc' dir='ltr'><strong>τοιιο</strong></span> <span class='ocrx_word' id='word_1_229' title='bbox 1914 1922 2169 1964; x_wconf 67' lang='grc' dir='ltr'><strong>ειηετοιι</strong></span> <span class='ocrx_word' id='word_1_230' title='bbox 2193 1923 2397 1965; x_wconf 70' lang='lat' dir='ltr'><strong>XXXVII.</strong></span> 
     </span>
    </p>
   </div>
   <div class='ocr_carea' id='block_1_19' title="bbox 337 1999 3628 2076">
    <p class='ocr_par' dir='ltr' id='par_1_19' title="bbox 337 1999 3628 2076">
     <span class='ocr_line' id='line_1_19' title="bbox 337 1999 3628 2076; baseline 0.002 -17"><span class='ocrx_word' id='word_1_231' title='bbox 337 2024 361 2059; x_wconf 71' lang='grc' dir='ltr'>ε</span> <span class='ocrx_word' id='word_1_232' title='bbox 393 2005 616 2061; x_wconf 85' lang='lat' dir='ltr'><strong>Domino</strong></span> <span class='ocrx_word' id='word_1_233' title='bbox 646 2004 953 2061; x_wconf 86' lang='lat' dir='ltr'><strong>beatissimo</strong></span> <span class='ocrx_word' id='word_1_234' title='bbox 992 2011 1045 2059; x_wconf 89' lang='lat' dir='ltr'><strong>et</strong></span> <span class='ocrx_word' id='word_1_235' title='bbox 1080 2000 1462 2059; x_wconf 83' lang='lat' dir='ltr'><strong>venerabiliter</strong></span> <span class='ocrx_word' id='word_1_236' title='bbox 1506 2002 1869 2057; x_wconf 88' lang='lat' dir='ltr'><strong>sincerissima</strong></span> <span class='ocrx_word' id='word_1_237' title='bbox 1897 2000 2159 2056; x_wconf 82' lang='lat' dir='ltr'><strong>charitate</strong></span> <span class='ocrx_word' id='word_1_238' title='bbox 2198 1999 2571 2071; x_wconf 80' lang='lat' dir='ltr'><strong>amplectendo</strong></span> <span class='ocrx_word' id='word_1_239' title='bbox 2611 2001 2751 2072; x_wconf 84' lang='lat' dir='ltr'><strong>patri</strong></span> <span class='ocrx_word' id='word_1_240' title='bbox 2779 2001 3122 2059; x_wconf 70' lang='lat' dir='ltr'><strong>SIIPLIClANO</strong></span> <span class='ocrx_word' id='word_1_241' title='bbox 3162 2004 3529 2076; x_wconf 71' lang='lat' dir='ltr'><strong>AUGUSTIIUI,</strong></span> <span class='ocrx_word' id='word_1_242' title='bbox 3569 2008 3628 2066; x_wconf 83' lang='lat' dir='ltr'><strong>in</strong></span> 
     </span>
    </p>
   </div>
   <div class='ocr_carea' id='block_1_20' title="bbox 329 2097 833 2155">
    <p class='ocr_par' dir='ltr' id='par_1_20' title="bbox 329 2097 833 2155">
     <span class='ocr_line' id='line_1_20' title="bbox 329 2097 833 2155; baseline -0.01 0"><span class='ocrx_word' id='word_1_243' title='bbox 329 2099 558 2155; x_wconf 88' lang='lat' dir='ltr'><strong>Domino</strong></span> <span class='ocrx_word' id='word_1_244' title='bbox 583 2097 833 2155; x_wconf 82' lang='lat' dir='ltr'><strong>salutem.</strong></span> 
     </span>
    </p>
   </div>
   <div class='ocr_carea' id='block_1_21' title="bbox 404 2186 3628 2261">
    <p class='ocr_par' dir='ltr' id='par_1_21' title="bbox 404 2186 3628 2261">
     <span class='ocr_line' id='line_1_21' title="bbox 404 2186 3628 2261; baseline 0 -15"><span class='ocrx_word' id='word_1_245' title='bbox 404 2193 458 2246; x_wconf 76' lang='grc'><strong>1.</strong></span> <span class='ocrx_word' id='word_1_246' title='bbox 496 2209 515 2245; x_wconf 78' lang='lat' dir='ltr'><strong>t</strong></span> <span class='ocrx_word' id='word_1_247' title='bbox 543 2191 735 2246; x_wconf 83' lang='lat' dir='ltr'><strong>Plenas</strong></span> <span class='ocrx_word' id='word_1_248' title='bbox 758 2190 1018 2244; x_wconf 82' lang='lat' dir='ltr'><strong>bonorum</strong></span> <span class='ocrx_word' id='word_1_249' title='bbox 1047 2187 1361 2259; x_wconf 74' lang='lat' dir='ltr'><strong>gaudiorum</strong></span> <span class='ocrx_word' id='word_1_250' title='bbox 1391 2188 1616 2254; x_wconf 84' lang='lat' dir='ltr'><strong>litteras,</strong></span> <span class='ocrx_word' id='word_1_251' title='bbox 1638 2187 1780 2256; x_wconf 88' lang='lat' dir='ltr'><strong>quod</strong></span> <span class='ocrx_word' id='word_1_252' title='bbox 1800 2188 1873 2241; x_wconf 85' lang='lat' dir='ltr'><strong>sis</strong></span> <span class='ocrx_word' id='word_1_253' title='bbox 1896 2201 2103 2242; x_wconf 83' lang='lat' dir='ltr'><strong>memor</strong></span> <span class='ocrx_word' id='word_1_254' title='bbox 2122 2187 2258 2251; x_wconf 90' lang='lat' dir='ltr'><strong>mei,</strong></span> <span class='ocrx_word' id='word_1_255' title='bbox 2290 2202 2504 2259; x_wconf 88' lang='lat' dir='ltr'><strong>meque,</strong></span> <span class='ocrx_word' id='word_1_256' title='bbox 2534 2196 2594 2242; x_wconf 94' lang='lat' dir='ltr'><strong>ut</strong></span> <span class='ocrx_word' id='word_1_257' title='bbox 2616 2187 2782 2254; x_wconf 87' lang='lat' dir='ltr'><strong>soles,</strong></span> <span class='ocrx_word' id='word_1_258' title='bbox 2809 2186 3028 2260; x_wconf 78' lang='lat' dir='ltr'><strong>diligas,</strong></span> <span class='ocrx_word' id='word_1_259' title='bbox 3055 2203 3366 2261; x_wconf 60' lang='lat' dir='ltr'><strong>magnaeque</strong></span> <span class='ocrx_word' id='word_1_260' title='bbox 3392 2192 3628 2261; x_wconf 80' lang='lat' dir='ltr'><strong>gratula-</strong></span> 
     </span>
    </p>
   </div>
   <div class='ocr_carea' id='block_1_22' title="bbox 328 2280 3626 2354">
    <p class='ocr_par' dir='ltr' id='par_1_22' title="bbox 328 2280 3626 2354">
     <span class='ocr_line' id='line_1_22' title="bbox 328 2280 3626 2354; baseline 0 -15"><span class='ocrx_word' id='word_1_261' title='bbox 328 2286 465 2342; x_wconf 88' lang='lat' dir='ltr'><strong>tioni</strong></span> <span class='ocrx_word' id='word_1_262' title='bbox 504 2286 595 2340; x_wconf 88' lang='lat' dir='ltr'><strong>tibi</strong></span> <span class='ocrx_word' id='word_1_263' title='bbox 641 2284 712 2340; x_wconf 88' lang='lat' dir='ltr'><strong>sit</strong></span> <span class='ocrx_word' id='word_1_264' title='bbox 752 2282 1007 2354; x_wconf 86' lang='lat' dir='ltr'><strong>quidquid</strong></span> <span class='ocrx_word' id='word_1_265' title='bbox 1038 2282 1088 2336; x_wconf 90' lang='lat' dir='ltr'><strong>iu</strong></span> <span class='ocrx_word' id='word_1_266' title='bbox 1127 2298 1213 2337; x_wconf 92' lang='lat' dir='ltr'><strong>me</strong></span> <span class='ocrx_word' id='word_1_267' title='bbox 1243 2281 1506 2336; x_wconf 88' lang='lat' dir='ltr'><strong>donorum</strong></span> <span class='ocrx_word' id='word_1_268' title='bbox 1543 2297 1763 2336; x_wconf 86' lang='lat' dir='ltr'><strong>suorum</strong></span> <span class='ocrx_word' id='word_1_269' title='bbox 1801 2281 2062 2337; x_wconf 76' lang='lat' dir='ltr'><strong>Dominus</strong></span> <span class='ocrx_word' id='word_1_270' title='bbox 2085 2280 2330 2337; x_wconf 81' lang='lat' dir='ltr'><strong>conferre</strong></span> <span class='ocrx_word' id='word_1_271' title='bbox 2354 2281 2601 2349; x_wconf 88' lang='lat' dir='ltr'><strong>dignatus</strong></span> <span class='ocrx_word' id='word_1_272' title='bbox 2628 2289 2712 2336; x_wconf 91' lang='lat' dir='ltr'><strong>est</strong></span> <span class='ocrx_word' id='word_1_273' title='bbox 2736 2281 3099 2337; x_wconf 81' lang='lat' dir='ltr'><strong>misericordia</strong></span> <span class='ocrx_word' id='word_1_274' title='bbox 3127 2297 3244 2351; x_wconf 90' lang='lat' dir='ltr'><strong>sua,</strong></span> <span class='ocrx_word' id='word_1_275' title='bbox 3274 2298 3378 2338; x_wconf 92' lang='lat' dir='ltr'><strong>non</strong></span> <span class='ocrx_word' id='word_1_276' title='bbox 3420 2284 3626 2342; x_wconf 87' lang='lat' dir='ltr'><strong>meritis</strong></span> 
     </span>
    </p>
   </div>
   <div class='ocr_carea' id='block_1_23' title="bbox 327 2373 3626 2447">
    <p class='ocr_par' dir='ltr' id='par_1_23' title="bbox 327 2373 3626 2447">
     <span class='ocr_line' id='line_1_23' title="bbox 327 2373 3626 2447; baseline 0.001 -13"><span class='ocrx_word' id='word_1_277' title='bbox 327 2379 488 2442; x_wconf 86' lang='lat' dir='ltr'><strong>meis,</strong></span> <span class='ocrx_word' id='word_1_278' title='bbox 521 2378 714 2433; x_wconf 88' lang='lat' dir='ltr'><strong>missas</strong></span> <span class='ocrx_word' id='word_1_279' title='bbox 741 2391 963 2431; x_wconf 80' lang='lat' dir='ltr'><strong>munere</strong></span> <span class='ocrx_word' id='word_1_280' title='bbox 986 2374 1294 2431; x_wconf 80' lang='lat' dir='ltr'><strong>Sanetitatis</strong></span> <span class='ocrx_word' id='word_1_281' title='bbox 1322 2385 1428 2429; x_wconf 72' lang='lat' dir='ltr'><strong>tuas</strong></span> <span class='ocrx_word' id='word_1_282' title='bbox 1450 2375 1631 2445; x_wconf 88' lang='lat' dir='ltr'><strong>accepi</strong></span> <span class='ocrx_word' id='word_1_283' title='bbox 1661 2393 1675 2429; x_wconf 89' lang='lat'><strong>:</strong></span> <span class='ocrx_word' id='word_1_284' title='bbox 1716 2375 1770 2428; x_wconf 92' lang='lat' dir='ltr'><strong>in</strong></span> <span class='ocrx_word' id='word_1_285' title='bbox 1796 2374 1990 2444; x_wconf 87' lang='lat' dir='ltr'><strong>quibus</strong></span> <span class='ocrx_word' id='word_1_286' title='bbox 2027 2373 2274 2430; x_wconf 79' lang='lat' dir='ltr'><strong>affectum</strong></span> <span class='ocrx_word' id='word_1_287' title='bbox 2314 2376 2366 2429; x_wconf 91' lang='lat' dir='ltr'><strong>in</strong></span> <span class='ocrx_word' id='word_1_288' title='bbox 2395 2391 2482 2429; x_wconf 89' lang='lat' dir='ltr'><strong>me</strong></span> <span class='ocrx_word' id='word_1_289' title='bbox 2520 2386 2798 2445; x_wconf 85' lang='lat' dir='ltr'><strong>paternum</strong></span> <span class='ocrx_word' id='word_1_290' title='bbox 2827 2375 2896 2431; x_wconf 91' lang='lat' dir='ltr'><strong>de</strong></span> <span class='ocrx_word' id='word_1_291' title='bbox 2932 2385 3025 2430; x_wconf 92' lang='lat' dir='ltr'><strong>tuo</strong></span> <span class='ocrx_word' id='word_1_292' title='bbox 3049 2377 3435 2447; x_wconf 81' lang='lat' dir='ltr'><strong>benignissimo</strong></span> <span class='ocrx_word' id='word_1_293' title='bbox 3462 2381 3626 2437; x_wconf 87' lang='lat' dir='ltr'><strong>corde</strong></span> 
     </span>
    </p>
   </div>
   <div class='ocr_carea' id='block_1_24' title="bbox 327 2465 3627 2540">
    <p class='ocr_par' dir='ltr' id='par_1_24' title="bbox 327 2465 3627 2540">
     <span class='ocr_line' id='line_1_24' title="bbox 327 2465 3627 2540; baseline 0 -14"><span class='ocrx_word' id='word_1_294' title='bbox 327 2485 440 2526; x_wconf 81' lang='lat' dir='ltr'><strong>non</strong></span> <span class='ocrx_word' id='word_1_295' title='bbox 463 2471 797 2540; x_wconf 89' lang='lat' dir='ltr'><strong>repentinum</strong></span> <span class='ocrx_word' id='word_1_296' title='bbox 824 2477 878 2523; x_wconf 91' lang='lat' dir='ltr'><strong>et</strong></span> <span class='ocrx_word' id='word_1_297' title='bbox 900 2483 1096 2522; x_wconf 86' lang='lat' dir='ltr'><strong>novum</strong></span> <span class='ocrx_word' id='word_1_298' title='bbox 1125 2465 1299 2529; x_wconf 83' lang='lat' dir='ltr'><strong>hausi,</strong></span> <span class='ocrx_word' id='word_1_299' title='bbox 1328 2466 1422 2523; x_wconf 86' lang='lat' dir='ltr'><strong>sed</strong></span> <span class='ocrx_word' id='word_1_300' title='bbox 1447 2478 1724 2536; x_wconf 72' lang='lat' dir='ltr'><strong>expertum</strong></span> <span class='ocrx_word' id='word_1_301' title='bbox 1755 2470 1910 2536; x_wconf 87' lang='lat' dir='ltr'><strong>plane</strong></span> <span class='ocrx_word' id='word_1_302' title='bbox 1934 2467 2313 2536; x_wconf 80' lang='lat' dir='ltr'><strong>cognitumque</strong></span> <span class='ocrx_word' id='word_1_303' title='bbox 2336 2467 2579 2536; x_wconf 85' lang='lat' dir='ltr'><strong>repetivi,</strong></span> <span class='ocrx_word' id='word_1_304' title='bbox 2604 2469 2818 2522; x_wconf 85' lang='lat' dir='ltr'><strong>domine</strong></span> <span class='ocrx_word' id='word_1_305' title='bbox 2839 2467 3146 2523; x_wconf 85' lang='lat' dir='ltr'><strong>beatissime</strong></span> <span class='ocrx_word' id='word_1_306' title='bbox 3172 2478 3227 2523; x_wconf 89' lang='lat' dir='ltr'><strong>et</strong></span> <span class='ocrx_word' id='word_1_307' title='bbox 3246 2469 3627 2527; x_wconf 77' lang='lat' dir='ltr'><strong>venerabiliter</strong></span> 
     </span>
    </p>
   </div>
   <div class='ocr_carea' id='block_1_25' title="bbox 326 2556 1394 2628">
    <p class='ocr_par' dir='ltr' id='par_1_25' title="bbox 326 2556 1394 2628">
     <span class='ocr_line' id='line_1_25' title="bbox 326 2556 1394 2628; baseline -0.003 -14"><span class='ocrx_word' id='word_1_308' title='bbox 326 2561 691 2616; x_wconf 85' lang='lat' dir='ltr'><strong>sincerissima</strong></span> <span class='ocrx_word' id='word_1_309' title='bbox 717 2559 978 2614; x_wconf 87' lang='lat' dir='ltr'><strong>charitate</strong></span> <span class='ocrx_word' id='word_1_310' title='bbox 1001 2556 1394 2628; x_wconf 82' lang='lat' dir='ltr'><strong>amplectende.</strong></span> 
     </span>
    </p>
   </div>
   <div class='ocr_carea' id='block_1_26' title="bbox 397 2647 3621 2719">
    <p class='ocr_par' dir='ltr' id='par_1_26' title="bbox 397 2647 3621 2719">
     <span class='ocr_line' id='line_1_26' title="bbox 397 2647 3621 2719; baseline 0.001 -13"><span class='ocrx_word' id='word_1_311' title='bbox 397 2653 457 2706; x_wconf 61' lang='lat' dir='ltr'><strong>ﬁ.</strong></span> <span class='ocrx_word' id='word_1_312' title='bbox 494 2671 514 2705; x_wconf 69' lang='grc' dir='ltr'><strong><em>ι</em></strong></span> <span class='ocrx_word' id='word_1_313' title='bbox 541 2651 692 2709; x_wconf 86' lang='lat' dir='ltr'><strong>Unde</strong></span> <span class='ocrx_word' id='word_1_314' title='bbox 719 2659 899 2706; x_wconf 90' lang='lat' dir='ltr'><strong>autem</strong></span> <span class='ocrx_word' id='word_1_315' title='bbox 926 2659 1072 2705; x_wconf 85' lang='lat' dir='ltr'><strong>tanta</strong></span> <span class='ocrx_word' id='word_1_316' title='bbox 1097 2658 1280 2704; x_wconf 78' lang='lat' dir='ltr'><strong>exorta</strong></span> <span class='ocrx_word' id='word_1_317' title='bbox 1309 2659 1392 2704; x_wconf 87' lang='lat' dir='ltr'><strong>est</strong></span> <span class='ocrx_word' id='word_1_318' title='bbox 1435 2647 1658 2704; x_wconf 80' lang='lat' dir='ltr'><strong>felicitas</strong></span> <span class='ocrx_word' id='word_1_319' title='bbox 1702 2647 1961 2703; x_wconf 83' lang='lat' dir='ltr'><strong>litterario</strong></span> <span class='ocrx_word' id='word_1_320' title='bbox 1999 2648 2170 2703; x_wconf 87' lang='lat' dir='ltr'><strong>labori</strong></span> <span class='ocrx_word' id='word_1_321' title='bbox 2215 2655 2434 2706; x_wconf 89' lang='lat' dir='ltr'><strong>nostro.</strong></span> <span class='ocrx_word' id='word_1_322' title='bbox 2464 2662 2571 2719; x_wconf 87' lang='lat' dir='ltr'><strong>quo</strong></span> <span class='ocrx_word' id='word_1_323' title='bbox 2599 2649 2654 2703; x_wconf 89' lang='lat' dir='ltr'><strong>in</strong></span> <span class='ocrx_word' id='word_1_324' title='bbox 2684 2649 2940 2704; x_wconf 90' lang='lat' dir='ltr'><strong>librorum</strong></span> <span class='ocrx_word' id='word_1_325' title='bbox 2983 2648 3339 2719; x_wconf 87' lang='lat' dir='ltr'><strong>quorumdam</strong></span> <span class='ocrx_word' id='word_1_326' title='bbox 3379 2652 3621 2708; x_wconf 78' lang='lat' dir='ltr'><strong>conscri-</strong></span> 
     </span>
    </p>
   </div>
   <div class='ocr_carea' id='block_1_27' title="bbox 324 2740 3621 2816">
    <p class='ocr_par' dir='ltr' id='par_1_27' title="bbox 324 2740 3621 2816">
     <span class='ocr_line' id='line_1_27' title="bbox 324 2740 3621 2816; baseline -0 -16"><span class='ocrx_word' id='word_1_327' title='bbox 324 2746 516 2816; x_wconf 86' lang='lat' dir='ltr'><strong>ptione</strong></span> <span class='ocrx_word' id='word_1_328' title='bbox 556 2743 861 2799; x_wconf 77' lang='lat' dir='ltr'><strong>sudavimus</strong></span> <span class='ocrx_word' id='word_1_329' title='bbox 880 2785 896 2807; x_wconf 92' lang='lat'><strong>,</strong></span> <span class='ocrx_word' id='word_1_330' title='bbox 927 2752 1039 2796; x_wconf 91' lang='lat' dir='ltr'><strong>uta</strong></span> <span class='ocrx_word' id='word_1_331' title='bbox 1067 2751 1157 2798; x_wconf 84' lang='lat' dir='ltr'><strong>tua</strong></span> <span class='ocrx_word' id='word_1_332' title='bbox 1190 2742 1504 2812; x_wconf 85' lang='lat' dir='ltr'><strong>Dignatioue</strong></span> <span class='ocrx_word' id='word_1_333' title='bbox 1531 2740 1871 2809; x_wconf 74' lang='lat' dir='ltr'><strong>legerentur?</strong></span> <span class='ocrx_word' id='word_1_334' title='bbox 1902 2740 2001 2793; x_wconf 89' lang='lat' dir='ltr'><strong>nisi</strong></span> <span class='ocrx_word' id='word_1_335' title='bbox 2030 2744 2151 2808; x_wconf 85' lang='lat' dir='ltr'><strong>quia</strong></span> <span class='ocrx_word' id='word_1_336' title='bbox 2191 2741 2444 2794; x_wconf 77' lang='lat' dir='ltr'><strong>Dominus</strong></span> <span class='ocrx_word' id='word_1_337' title='bbox 2466 2783 2479 2805; x_wconf 94' lang='lat'><strong>,</strong></span> <span class='ocrx_word' id='word_1_338' title='bbox 2512 2742 2597 2795; x_wconf 87' lang='lat' dir='ltr'><strong>cui</strong></span> <span class='ocrx_word' id='word_1_339' title='bbox 2627 2741 2838 2796; x_wconf 82' lang='lat' dir='ltr'><strong>subdita</strong></span> <span class='ocrx_word' id='word_1_340' title='bbox 2867 2750 2951 2796; x_wconf 82' lang='lat' dir='ltr'><strong>est</strong></span> <span class='ocrx_word' id='word_1_341' title='bbox 2975 2742 3152 2796; x_wconf 83' lang='lat' dir='ltr'><strong>anima</strong></span> <span class='ocrx_word' id='word_1_342' title='bbox 3181 2756 3318 2808; x_wconf 75' lang='lat' dir='ltr'><strong>mea,</strong></span> <span class='ocrx_word' id='word_1_343' title='bbox 3351 2745 3621 2801; x_wconf 84' lang='lat' dir='ltr'><strong>consolari</strong></span> 
     </span>
    </p>
   </div>
   <div class='ocr_carea' id='block_1_28' title="bbox 329 2831 3623 2903">
    <p class='ocr_par' dir='ltr' id='par_1_28' title="bbox 329 2831 3623 2903">
     <span class='ocr_line' id='line_1_28' title="bbox 329 2831 3623 2903; baseline -0 -9"><span class='ocrx_word' id='word_1_344' title='bbox 329 2838 501 2894; x_wconf 87' lang='lat' dir='ltr'><strong>voluit</strong></span> <span class='ocrx_word' id='word_1_345' title='bbox 534 2851 692 2891; x_wconf 87' lang='lat' dir='ltr'><strong>curas</strong></span> <span class='ocrx_word' id='word_1_346' title='bbox 721 2850 898 2901; x_wconf 85' lang='lat' dir='ltr'><strong>meas,</strong></span> <span class='ocrx_word' id='word_1_347' title='bbox 929 2844 983 2889; x_wconf 84' lang='lat' dir='ltr'><strong>et</strong></span> <span class='ocrx_word' id='word_1_348' title='bbox 1006 2851 1037 2889; x_wconf 91' lang='lat' dir='ltr'><strong>a</strong></span> <span class='ocrx_word' id='word_1_349' title='bbox 1079 2836 1271 2890; x_wconf 89' lang='lat' dir='ltr'><strong>timore</strong></span> <span class='ocrx_word' id='word_1_350' title='bbox 1299 2848 1547 2889; x_wconf 86' lang='lat' dir='ltr'><strong>recreare</strong></span> <span class='ocrx_word' id='word_1_351' title='bbox 1567 2875 1581 2898; x_wconf 93' lang='lat'><strong>,</strong></span> <span class='ocrx_word' id='word_1_352' title='bbox 1610 2849 1717 2903; x_wconf 89' lang='lat' dir='ltr'><strong>quo</strong></span> <span class='ocrx_word' id='word_1_353' title='bbox 1746 2849 1831 2887; x_wconf 87' lang='lat' dir='ltr'><strong>me</strong></span> <span class='ocrx_word' id='word_1_354' title='bbox 1859 2832 1911 2886; x_wconf 91' lang='lat' dir='ltr'><strong>in</strong></span> <span class='ocrx_word' id='word_1_355' title='bbox 1946 2831 2138 2886; x_wconf 83' lang='lat' dir='ltr'><strong>talibus</strong></span> <span class='ocrx_word' id='word_1_356' title='bbox 2163 2833 2412 2901; x_wconf 85' lang='lat' dir='ltr'><strong>cperibus</strong></span> <span class='ocrx_word' id='word_1_357' title='bbox 2436 2846 2656 2888; x_wconf 87' lang='lat' dir='ltr'><strong>necesse</strong></span> <span class='ocrx_word' id='word_1_358' title='bbox 2680 2843 2761 2888; x_wconf 91' lang='lat' dir='ltr'><strong>est</strong></span> <span class='ocrx_word' id='word_1_359' title='bbox 2785 2848 2906 2888; x_wconf 87' lang='lat' dir='ltr'><strong>esse</strong></span> <span class='ocrx_word' id='word_1_360' title='bbox 2932 2834 3241 2902; x_wconf 87' lang='lat' dir='ltr'><strong>sollicitum,</strong></span> <span class='ocrx_word' id='word_1_361' title='bbox 3266 2835 3455 2890; x_wconf 89' lang='lat' dir='ltr'><strong>necubi</strong></span> <span class='ocrx_word' id='word_1_362' title='bbox 3484 2836 3623 2894; x_wconf 78' lang='lat' dir='ltr'><strong>forte</strong></span> 
     </span>
    </p>
   </div>
   <div class='ocr_carea' id='block_1_29' title="bbox 322 2922 3609 2999">
    <p class='ocr_par' dir='ltr' id='par_1_29' title="bbox 322 2922 3609 2999">
     <span class='ocr_line' id='line_1_29' title="bbox 322 2922 3609 2999; baseline -0.002 -11"><span class='ocrx_word' id='word_1_363' title='bbox 322 2931 595 2989; x_wconf 83' lang='lat' dir='ltr'><strong>indoctior</strong></span> <span class='ocrx_word' id='word_1_364' title='bbox 614 2931 695 2986; x_wconf 84' lang='lat' dir='ltr'><strong>vel</strong></span> <span class='ocrx_word' id='word_1_365' title='bbox 729 2930 1009 2995; x_wconf 88' lang='lat' dir='ltr'><strong>incautior,</strong></span> <span class='ocrx_word' id='word_1_366' title='bbox 1036 2928 1277 2999; x_wconf 79' lang='lat' dir='ltr'><strong>quamvis</strong></span> <span class='ocrx_word' id='word_1_367' title='bbox 1305 2928 1359 2982; x_wconf 93' lang='lat' dir='ltr'><strong>in</strong></span> <span class='ocrx_word' id='word_1_368' title='bbox 1393 2926 1703 2997; x_wconf 86' lang='lat' dir='ltr'><strong>planissimo</strong></span> <span class='ocrx_word' id='word_1_369' title='bbox 1732 2940 1922 2993; x_wconf 86' lang='lat' dir='ltr'><strong>campo</strong></span> <span class='ocrx_word' id='word_1_370' title='bbox 1951 2925 2223 2990; x_wconf 84' lang='lat' dir='ltr'><strong>veritatis,</strong></span> <span class='ocrx_word' id='word_1_371' title='bbox 2258 2923 2544 2978; x_wconf 64' lang='lat' dir='ltr'><strong>emendem.</strong></span> <span class='ocrx_word' id='word_1_372' title='bbox 2583 2922 2713 2978; x_wconf 75' lang='lat' dir='ltr'><strong>Cum</strong></span> <span class='ocrx_word' id='word_1_373' title='bbox 2744 2925 2885 2979; x_wconf 90' lang='lat' dir='ltr'><strong>enim</strong></span> <span class='ocrx_word' id='word_1_374' title='bbox 2913 2924 3005 2980; x_wconf 89' lang='lat' dir='ltr'><strong>tibi</strong></span> <span class='ocrx_word' id='word_1_375' title='bbox 3033 2926 3207 2995; x_wconf 85' lang='lat' dir='ltr'><strong>placet</strong></span> <span class='ocrx_word' id='word_1_376' title='bbox 3233 2926 3379 2998; x_wconf 90' lang='lat' dir='ltr'><strong>quod</strong></span> <span class='ocrx_word' id='word_1_377' title='bbox 3406 2928 3609 2996; x_wconf 89' lang='lat' dir='ltr'><strong>scrlbo,</strong></span> 
     </span>
    </p>
   </div>
   <div class='ocr_carea' id='block_1_30' title="bbox 322 3015 3618 3091">
    <p class='ocr_par' dir='ltr' id='par_1_30' title="bbox 322 3015 3618 3091">
     <span class='ocr_line' id='line_1_30' title="bbox 322 3015 3618 3091; baseline 0 -14"><span class='ocrx_word' id='word_1_378' title='bbox 322 3022 450 3077; x_wconf 85' lang='lat' dir='ltr'><strong>novi</strong></span> <span class='ocrx_word' id='word_1_379' title='bbox 470 3020 554 3075; x_wconf 90' lang='lat' dir='ltr'><strong>cui</strong></span> <span class='ocrx_word' id='word_1_380' title='bbox 578 3020 814 3088; x_wconf 85' lang='lat' dir='ltr'><strong>placeat;</strong></span> <span class='ocrx_word' id='word_1_381' title='bbox 845 3019 1096 3090; x_wconf 87' lang='lat' dir='ltr'><strong>quoniam</strong></span> <span class='ocrx_word' id='word_1_382' title='bbox 1119 3018 1237 3087; x_wconf 87' lang='lat' dir='ltr'><strong>quis</strong></span> <span class='ocrx_word' id='word_1_383' title='bbox 1261 3027 1311 3072; x_wconf 89' lang='lat' dir='ltr'><strong>te</strong></span> <span class='ocrx_word' id='word_1_384' title='bbox 1333 3017 1592 3071; x_wconf 86' lang='lat' dir='ltr'><strong>inhabitet</strong></span> <span class='ocrx_word' id='word_1_385' title='bbox 1610 3016 1753 3071; x_wconf 88' lang='lat' dir='ltr'><strong>novi.</strong></span> <span class='ocrx_word' id='word_1_386' title='bbox 1778 3016 1921 3071; x_wconf 85' lang='lat' dir='ltr'><strong>idem</strong></span> <span class='ocrx_word' id='word_1_387' title='bbox 1943 3016 2139 3086; x_wconf 88' lang='lat' dir='ltr'><strong>quippe</strong></span> <span class='ocrx_word' id='word_1_388' title='bbox 2170 3017 2407 3069; x_wconf 90' lang='lat' dir='ltr'><strong>omnium</strong></span> <span class='ocrx_word' id='word_1_389' title='bbox 2440 3030 2718 3070; x_wconf 86' lang='lat' dir='ltr'><strong>munerum</strong></span> <span class='ocrx_word' id='word_1_390' title='bbox 2740 3015 3090 3085; x_wconf 88' lang='lat' dir='ltr'><strong>spiritualium</strong></span> <span class='ocrx_word' id='word_1_391' title='bbox 3113 3017 3430 3075; x_wconf 86' lang='lat' dir='ltr'><strong>distributor</strong></span> <span class='ocrx_word' id='word_1_392' title='bbox 3454 3028 3618 3091; x_wconf 71' lang='lat' dir='ltr'><strong>atque</strong></span> 
     </span>
    </p>
   </div>
   <div class='ocr_carea' id='block_1_31' title="bbox 321 3106 3617 3184">
    <p class='ocr_par' dir='ltr' id='par_1_31' title="bbox 321 3106 3617 3184">
     <span class='ocr_line' id='line_1_31' title="bbox 321 3106 3617 3184; baseline 0.001 -16"><span class='ocrx_word' id='word_1_393' title='bbox 321 3114 544 3184; x_wconf 87' lang='lat' dir='ltr'><strong>largitor</strong></span> <span class='ocrx_word' id='word_1_394' title='bbox 564 3127 661 3183; x_wconf 89' lang='lat' dir='ltr'><strong>per</strong></span> <span class='ocrx_word' id='word_1_395' title='bbox 681 3119 828 3166; x_wconf 85' lang='lat' dir='ltr'><strong>tuam</strong></span> <span class='ocrx_word' id='word_1_396' title='bbox 847 3110 1166 3166; x_wconf 88' lang='lat' dir='ltr'><strong>sententiam</strong></span> <span class='ocrx_word' id='word_1_397' title='bbox 1187 3109 1525 3165; x_wconf 81' lang='lat' dir='ltr'><strong>conﬁrmabit</strong></span> <span class='ocrx_word' id='word_1_398' title='bbox 1544 3108 1899 3163; x_wconf 81' lang='lat' dir='ltr'><strong>obedientiam</strong></span> <span class='ocrx_word' id='word_1_399' title='bbox 1922 3122 2117 3162; x_wconf 86' lang='lat' dir='ltr'><strong>meam.</strong></span> <span class='ocrx_word' id='word_1_400' title='bbox 2142 3107 2405 3177; x_wconf 82' lang='lat' dir='ltr'><strong>Quidquid</strong></span> <span class='ocrx_word' id='word_1_401' title='bbox 2428 3109 2569 3161; x_wconf 90' lang='lat' dir='ltr'><strong>enim</strong></span> <span class='ocrx_word' id='word_1_402' title='bbox 2592 3106 2787 3163; x_wconf 85' lang='lat' dir='ltr'><strong>habent</strong></span> <span class='ocrx_word' id='word_1_403' title='bbox 2812 3109 2897 3162; x_wconf 87' lang='lat' dir='ltr'><strong>illa</strong></span> <span class='ocrx_word' id='word_1_404' title='bbox 2924 3111 3120 3180; x_wconf 90' lang='lat' dir='ltr'><strong>scripta</strong></span> <span class='ocrx_word' id='word_1_405' title='bbox 3145 3110 3499 3168; x_wconf 85' lang='lat' dir='ltr'><strong>delectatione</strong></span> <span class='ocrx_word' id='word_1_406' title='bbox 3527 3122 3617 3170; x_wconf 84' lang='lat' dir='ltr'><strong>tua</strong></span> 
     </span>
    </p>
   </div>
   <div class='ocr_carea' id='block_1_32' title="bbox 323 3197 3606 3272">
    <p class='ocr_par' dir='ltr' id='par_1_32' title="bbox 323 3197 3606 3272">
     <span class='ocr_line' id='line_1_32' title="bbox 323 3197 3606 3272; baseline 0.001 -15"><span class='ocrx_word' id='word_1_407' title='bbox 323 3202 568 3272; x_wconf 87' lang='lat' dir='ltr'><strong>dignum,</strong></span> <span class='ocrx_word' id='word_1_408' title='bbox 594 3202 649 3256; x_wconf 87' lang='lat' dir='ltr'><strong>in</strong></span> <span class='ocrx_word' id='word_1_409' title='bbox 678 3215 801 3256; x_wconf 89' lang='lat' dir='ltr'><strong>meo</strong></span> <span class='ocrx_word' id='word_1_410' title='bbox 825 3200 1127 3257; x_wconf 85' lang='lat' dir='ltr'><strong>ministerio</strong></span> <span class='ocrx_word' id='word_1_411' title='bbox 1147 3199 1282 3255; x_wconf 75' lang='lat' dir='ltr'><strong>dixit</strong></span> <span class='ocrx_word' id='word_1_412' title='bbox 1301 3201 1460 3265; x_wconf 86' lang='lat' dir='ltr'><strong>Deus,</strong></span> <span class='ocrx_word' id='word_1_413' title='bbox 1486 3199 1618 3263; x_wconf 82' lang='lat' dir='ltr'><strong>Fiat,</strong></span> <span class='ocrx_word' id='word_1_414' title='bbox 1643 3208 1698 3253; x_wconf 90' lang='lat' dir='ltr'><strong>et</strong></span> <span class='ocrx_word' id='word_1_415' title='bbox 1716 3197 1914 3253; x_wconf 82' lang='lat' dir='ltr'><strong>factum</strong></span> <span class='ocrx_word' id='word_1_416' title='bbox 1940 3206 2050 3261; x_wconf 88' lang='lat' dir='ltr'><strong>est;</strong></span> <span class='ocrx_word' id='word_1_417' title='bbox 2070 3199 2122 3251; x_wconf 90' lang='lat' dir='ltr'><strong>in</strong></span> <span class='ocrx_word' id='word_1_418' title='bbox 2151 3206 2238 3252; x_wconf 87' lang='lat' dir='ltr'><strong>tua</strong></span> <span class='ocrx_word' id='word_1_419' title='bbox 2267 3211 2395 3253; x_wconf 86' lang='lat' dir='ltr'><strong>vero</strong></span> <span class='ocrx_word' id='word_1_420' title='bbox 2424 3198 2806 3267; x_wconf 85' lang='lat' dir='ltr'><strong>approbatione</strong></span> <span class='ocrx_word' id='word_1_421' title='bbox 2824 3198 2956 3253; x_wconf 84' lang='lat' dir='ltr'><strong>vidit</strong></span> <span class='ocrx_word' id='word_1_422' title='bbox 2976 3200 3116 3256; x_wconf 88' lang='lat' dir='ltr'><strong>Deus</strong></span> <span class='ocrx_word' id='word_1_423' title='bbox 3135 3201 3258 3271; x_wconf 91' lang='lat' dir='ltr'><strong>quia</strong></span> <span class='ocrx_word' id='word_1_424' title='bbox 3280 3200 3479 3257; x_wconf 89' lang='lat' dir='ltr'><strong>bonum</strong></span> <span class='ocrx_word' id='word_1_425' title='bbox 3500 3213 3606 3263; x_wconf 86' lang='lat' dir='ltr'><strong>est.</strong></span> 
     </span>
    </p>
   </div>
   <div class='ocr_carea' id='block_1_33' title="bbox 392 3290 3619 3363">
    <p class='ocr_par' dir='ltr' id='par_1_33' title="bbox 392 3290 3619 3363">
     <span class='ocr_line' id='line_1_33' title="bbox 392 3290 3619 3363; baseline 0.002 -17"><span class='ocrx_word' id='word_1_426' title='bbox 392 3294 448 3355; x_wconf 75' lang='lat'><strong>5.</strong></span> <span class='ocrx_word' id='word_1_427' title='bbox 485 3312 507 3347; x_wconf 69' lang='grc' dir='ltr'>ι</span> <span class='ocrx_word' id='word_1_428' title='bbox 533 3293 960 3361; x_wconf 82' lang='lat' dir='ltr'><strong>Quaestiunculas</strong></span> <span class='ocrx_word' id='word_1_429' title='bbox 989 3307 1140 3359; x_wconf 85' lang='lat' dir='ltr'><strong>sane,</strong></span> <span class='ocrx_word' id='word_1_430' title='bbox 1170 3308 1301 3363; x_wconf 88' lang='lat' dir='ltr'><strong>quas</strong></span> <span class='ocrx_word' id='word_1_431' title='bbox 1327 3292 1459 3347; x_wconf 87' lang='lat' dir='ltr'><strong>mihi</strong></span> <span class='ocrx_word' id='word_1_432' title='bbox 1484 3291 1793 3349; x_wconf 87' lang='lat' dir='ltr'><strong>enodandas</strong></span> <span class='ocrx_word' id='word_1_433' title='bbox 1816 3292 2007 3362; x_wconf 79' lang='lat' dir='ltr'><strong>jubere</strong></span> <span class='ocrx_word' id='word_1_434' title='bbox 2034 3290 2281 3361; x_wconf 86' lang='lat' dir='ltr'><strong>dignatus</strong></span> <span class='ocrx_word' id='word_1_435' title='bbox 2300 3305 2389 3356; x_wconf 89' lang='lat' dir='ltr'><strong>es,</strong></span> <span class='ocrx_word' id='word_1_436' title='bbox 2413 3292 2512 3345; x_wconf 90' lang='lat' dir='ltr'><strong>etsi</strong></span> <span class='ocrx_word' id='word_1_437' title='bbox 2537 3305 2653 3345; x_wconf 80' lang='lat' dir='ltr'><strong>mea</strong></span> <span class='ocrx_word' id='word_1_438' title='bbox 2682 3290 2930 3347; x_wconf 82' lang='lat' dir='ltr'><strong>tarditate</strong></span> <span class='ocrx_word' id='word_1_439' title='bbox 2954 3293 3256 3363; x_wconf 84' lang='lat' dir='ltr'><strong>implicatus</strong></span> <span class='ocrx_word' id='word_1_440' title='bbox 3282 3309 3386 3350; x_wconf 86' lang='lat' dir='ltr'><strong>non</strong></span> <span class='ocrx_word' id='word_1_441' title='bbox 3412 3295 3619 3352; x_wconf 83' lang='lat' dir='ltr'><strong>intelli-</strong></span> 
     </span>
    </p>
   </div>
   <div class='ocr_carea' id='block_1_34' title="bbox 306 3382 3613 3463">
    <p class='ocr_par' dir='ltr' id='par_1_34' title="bbox 306 3382 3613 3463">
     <span class='ocr_line' id='line_1_34' title="bbox 306 3382 3613 3463; baseline 0 -19"><span class='ocrx_word' id='word_1_442' title='bbox 306 3401 525 3463; x_wconf 62' lang='lat' dir='ltr'><strong>get-em,</strong></span> <span class='ocrx_word' id='word_1_443' title='bbox 545 3386 650 3442; x_wconf 84' lang='lat' dir='ltr'><strong>tuis</strong></span> <span class='ocrx_word' id='word_1_444' title='bbox 669 3387 875 3442; x_wconf 87' lang='lat' dir='ltr'><strong>meritis</strong></span> <span class='ocrx_word' id='word_1_445' title='bbox 894 3386 1109 3456; x_wconf 88' lang='lat' dir='ltr'><strong>adjutus</strong></span> <span class='ocrx_word' id='word_1_446' title='bbox 1127 3386 1412 3456; x_wconf 83' lang='lat' dir='ltr'><strong>aperirem.</strong></span> <span class='ocrx_word' id='word_1_447' title='bbox 1432 3385 1657 3440; x_wconf 90' lang='lat' dir='ltr'><strong>Tantum</strong></span> <span class='ocrx_word' id='word_1_448' title='bbox 1680 3385 1810 3440; x_wconf 88' lang='lat' dir='ltr'><strong>illud</strong></span> <span class='ocrx_word' id='word_1_449' title='bbox 1832 3399 2035 3455; x_wconf 64' lang='lat' dir='ltr'><strong>quaeso,</strong></span> <span class='ocrx_word' id='word_1_450' title='bbox 2060 3395 2118 3438; x_wconf 93' lang='lat' dir='ltr'><strong>ut</strong></span> <span class='ocrx_word' id='word_1_451' title='bbox 2139 3399 2234 3453; x_wconf 90' lang='lat' dir='ltr'><strong>pro</strong></span> <span class='ocrx_word' id='word_1_452' title='bbox 2255 3398 2371 3439; x_wconf 85' lang='lat' dir='ltr'><strong>mea</strong></span> <span class='ocrx_word' id='word_1_453' title='bbox 2395 3382 2698 3439; x_wconf 83' lang='lat' dir='ltr'><strong>inﬁrmitate</strong></span> <span class='ocrx_word' id='word_1_454' title='bbox 2717 3384 3021 3454; x_wconf 87' lang='lat' dir='ltr'><strong>depreceris</strong></span> <span class='ocrx_word' id='word_1_455' title='bbox 3037 3386 3236 3453; x_wconf 90' lang='lat' dir='ltr'><strong>Deum;</strong></span> <span class='ocrx_word' id='word_1_456' title='bbox 3258 3396 3314 3444; x_wconf 90' lang='lat' dir='ltr'><strong>et</strong></span> <span class='ocrx_word' id='word_1_457' title='bbox 3335 3388 3448 3444; x_wconf 86' lang='lat' dir='ltr'><strong>sive</strong></span> <span class='ocrx_word' id='word_1_458' title='bbox 3469 3388 3520 3444; x_wconf 90' lang='lat' dir='ltr'><strong>in</strong></span> <span class='ocrx_word' id='word_1_459' title='bbox 3544 3390 3613 3446; x_wconf 87' lang='lat' dir='ltr'><strong>iis</strong></span> 
     </span>
    </p>
   </div>
   <div class='ocr_carea' id='block_1_35' title="bbox 319 3477 3612 3551">
    <p class='ocr_par' dir='ltr' id='par_1_35' title="bbox 319 3477 3612 3551">
     <span class='ocr_line' id='line_1_35' title="bbox 319 3477 3612 3551; baseline 0.002 -16"><span class='ocrx_word' id='word_1_460' title='bbox 319 3480 515 3551; x_wconf 80' lang='lat' dir='ltr'><strong>quibus</strong></span> <span class='ocrx_word' id='word_1_461' title='bbox 544 3495 633 3535; x_wconf 84' lang='lat' dir='ltr'><strong>me</strong></span> <span class='ocrx_word' id='word_1_462' title='bbox 652 3494 913 3536; x_wconf 75' lang='lat' dir='ltr'><strong>exercere</strong></span> <span class='ocrx_word' id='word_1_463' title='bbox 933 3480 1162 3551; x_wconf 81' lang='lat' dir='ltr'><strong>benigne</strong></span> <span class='ocrx_word' id='word_1_464' title='bbox 1190 3486 1517 3551; x_wconf 87' lang='lat' dir='ltr'><strong>paterneque</strong></span> <span class='ocrx_word' id='word_1_465' title='bbox 1535 3479 1780 3542; x_wconf 84' lang='lat' dir='ltr'><strong>voluisti,</strong></span> <span class='ocrx_word' id='word_1_466' title='bbox 1812 3478 1925 3532; x_wconf 92' lang='lat' dir='ltr'><strong>sive</strong></span> <span class='ocrx_word' id='word_1_467' title='bbox 1964 3477 2017 3531; x_wconf 90' lang='lat' dir='ltr'><strong>in</strong></span> <span class='ocrx_word' id='word_1_468' title='bbox 2054 3478 2171 3531; x_wconf 87' lang='lat' dir='ltr'><strong>aliis</strong></span> <span class='ocrx_word' id='word_1_469' title='bbox 2210 3490 2561 3547; x_wconf 65' lang='lat' dir='ltr'><strong>quascumque</strong></span> <span class='ocrx_word' id='word_1_470' title='bbox 2585 3484 2764 3535; x_wconf 84' lang='lat' dir='ltr'><strong>nostra</strong></span> <span class='ocrx_word' id='word_1_471' title='bbox 2796 3478 2850 3532; x_wconf 92' lang='lat' dir='ltr'><strong>in</strong></span> <span class='ocrx_word' id='word_1_472' title='bbox 2875 3486 2994 3533; x_wconf 85' lang='lat' dir='ltr'><strong>tuas</strong></span> <span class='ocrx_word' id='word_1_473' title='bbox 3018 3486 3231 3535; x_wconf 88' lang='lat' dir='ltr'><strong>sanctas</strong></span> <span class='ocrx_word' id='word_1_474' title='bbox 3257 3494 3445 3537; x_wconf 89' lang='lat' dir='ltr'><strong>manus</strong></span> <span class='ocrx_word' id='word_1_475' title='bbox 3473 3480 3612 3541; x_wconf 77' lang='lat' dir='ltr'><strong>forte</strong></span> 
     </span>
    </p>
   </div>
   <div class='ocr_carea' id='block_1_36' title="bbox 322 3570 3615 3645">
    <p class='ocr_par' dir='ltr' id='par_1_36' title="bbox 322 3570 3615 3645">
     <span class='ocr_line' id='line_1_36' title="bbox 322 3570 3615 3645; baseline 0.001 -16"><span class='ocrx_word' id='word_1_476' title='bbox 322 3573 693 3645; x_wconf 84' lang='lat' dir='ltr'><strong>pervenerint,</strong></span> <span class='ocrx_word' id='word_1_477' title='bbox 723 3573 850 3644; x_wconf 83' lang='lat' dir='ltr'><strong>quia</strong></span> <span class='ocrx_word' id='word_1_478' title='bbox 874 3573 1012 3630; x_wconf 79' lang='lat' dir='ltr'><strong>sicut</strong></span> <span class='ocrx_word' id='word_1_479' title='bbox 1050 3573 1143 3628; x_wconf 91' lang='lat' dir='ltr'><strong>Dei</strong></span> <span class='ocrx_word' id='word_1_480' title='bbox 1171 3572 1328 3640; x_wconf 85' lang='lat' dir='ltr'><strong>data,</strong></span> <span class='ocrx_word' id='word_1_481' title='bbox 1357 3572 1437 3627; x_wconf 87' lang='lat' dir='ltr'><strong>sic</strong></span> <span class='ocrx_word' id='word_1_482' title='bbox 1459 3570 1623 3627; x_wconf 89' lang='lat' dir='ltr'><strong>etiam</strong></span> <span class='ocrx_word' id='word_1_483' title='bbox 1649 3586 1766 3627; x_wconf 86' lang='lat' dir='ltr'><strong>mea</strong></span> <span class='ocrx_word' id='word_1_484' title='bbox 1792 3579 1969 3627; x_wconf 81' lang='lat' dir='ltr'><strong>errata</strong></span> <span class='ocrx_word' id='word_1_485' title='bbox 1998 3584 2295 3641; x_wconf 86' lang='lat' dir='ltr'><strong>cognosco,</strong></span> <span class='ocrx_word' id='word_1_486' title='bbox 2327 3585 2435 3625; x_wconf 90' lang='lat' dir='ltr'><strong>non</strong></span> <span class='ocrx_word' id='word_1_487' title='bbox 2474 3570 2647 3626; x_wconf 86' lang='lat' dir='ltr'><strong>solum</strong></span> <span class='ocrx_word' id='word_1_488' title='bbox 2690 3584 2873 3626; x_wconf 87' lang='lat' dir='ltr'><strong>curam</strong></span> <span class='ocrx_word' id='word_1_489' title='bbox 2912 3572 3138 3644; x_wconf 78' lang='lat' dir='ltr'><strong>legentis</strong></span> <span class='ocrx_word' id='word_1_490' title='bbox 3176 3572 3488 3644; x_wconf 88' lang='lat' dir='ltr'><strong>impendas,</strong></span> <span class='ocrx_word' id='word_1_491' title='bbox 3517 3575 3615 3633; x_wconf 83' lang='lat' dir='ltr'><strong>sed</strong></span> 
     </span>
    </p>
   </div>
   <div class='ocr_carea' id='block_1_37' title="bbox 324 3663 2397 3735">
    <p class='ocr_par' dir='ltr' id='par_1_37' title="bbox 324 3663 2397 3735">
     <span class='ocr_line' id='line_1_37' title="bbox 324 3663 2397 3735; baseline -0.003 -14"><span class='ocrx_word' id='word_1_492' title='bbox 324 3667 485 3721; x_wconf 83' lang='lat' dir='ltr'><strong>etiam</strong></span> <span class='ocrx_word' id='word_1_493' title='bbox 515 3680 802 3721; x_wconf 77' lang='lat' dir='ltr'><strong>censuram</strong></span> <span class='ocrx_word' id='word_1_494' title='bbox 825 3665 1139 3735; x_wconf 82' lang='lat' dir='ltr'><strong>corrigentis</strong></span> <span class='ocrx_word' id='word_1_495' title='bbox 1162 3679 1427 3721; x_wconf 86' lang='lat' dir='ltr'><strong>assumas.</strong></span> <span class='ocrx_word' id='word_1_496' title='bbox 1450 3663 1602 3719; x_wconf 72' lang='lat' dir='ltr'><strong>Vale.</strong></span> <span class='ocrx_word' id='word_1_497' title='bbox 1634 3683 1653 3716; x_wconf 79' lang='grc' dir='ltr'><strong><em>ι</em></strong></span> <span class='ocrx_word' id='word_1_498' title='bbox 2390 3670 2397 3675; x_wconf 80' lang='lat'><strong>‘</strong></span> 
     </span>
    </p>
   </div>
   <div class='ocr_carea' id='block_1_38' title="bbox 1317 4049 2657 4135">
    <p class='ocr_par' dir='ltr' id='par_1_38' title="bbox 1317 4049 2657 4135">
     <span class='ocr_line' id='line_1_38' title="bbox 1317 4049 2657 4135; baseline -0.003 -1"><span class='ocrx_word' id='word_1_499' title='bbox 1317 4050 2075 4135; x_wconf 86' lang='lat' dir='ltr'><strong>HIPPONENSIS</strong></span> <span class='ocrx_word' id='word_1_500' title='bbox 2129 4049 2657 4131; x_wconf 85' lang='lat' dir='ltr'><strong>EPISCOPI</strong></span> 
     </span>
    </p>
   </div>
   <div class='ocr_carea' id='block_1_39' title="bbox 1042 4155 2882 4303">
    <p class='ocr_par' dir='ltr' id='par_1_39' title="bbox 1042 4155 2882 4303">
     <span class='ocr_line' id='line_1_39' title="bbox 1042 4155 2882 4303; baseline 0.001 -2"><span class='ocrx_word' id='word_1_501' title='bbox 1042 4168 1244 4301; x_wconf 68' lang='lat' dir='ltr'><strong>lis</strong></span> <span class='ocrx_word' id='word_1_502' title='bbox 1291 4156 1867 4303; x_wconf 56' lang='lat' dir='ltr'><strong>Hibericis</strong></span> <span class='ocrx_word' id='word_1_503' title='bbox 1913 4155 2882 4303; x_wconf 53' lang='lat' dir='ltr'><strong>aitasticnibus</strong></span> 
     </span>
    </p>
   </div>
   <div class='ocr_carea' id='block_1_40' title="bbox 704 4368 2355 4551">
    <p class='ocr_par' dir='ltr' id='par_1_40' title="bbox 704 4370 2316 4544">
     <span class='ocr_line' id='line_1_40' title="bbox 704 4370 2316 4544; baseline -0.009 1"><span class='ocrx_word' id='word_1_504' title='bbox 704 4378 1051 4544; x_wconf 83' lang='lat' dir='ltr'><strong>AD</strong></span> <span class='ocrx_word' id='word_1_505' title='bbox 1210 4370 2316 4537; x_wconf 82' lang='lat' dir='ltr'><strong>SIMPLIC</strong></span> 
     </span>
    </p>
   </div>
   <div class='ocr_carea' id='block_1_41' title="bbox 1577 4368 3228 4551">
    <p class='ocr_par' dir='ltr' id='par_1_41' title="bbox 1577 4368 3228 4551">
     <span class='ocr_line' id='line_1_41' title="bbox 1577 4368 3228 4551; baseline 0.004 -22"><span class='ocrx_word' id='word_1_506' title='bbox 1577 4368 3228 4551; x_wconf 58' lang='lat' dir='ltr'><strong>“IPLICIANUM</strong></span> 
     </span>
    </p>
   </div>
   <div class='ocr_carea' id='block_1_42' title="bbox 1337 4595 2584 4727">
    <p class='ocr_par' dir='ltr' id='par_1_42' title="bbox 1337 4595 2584 4727">
     <span class='ocr_line' id='line_1_42' title="bbox 1337 4595 2584 4727; baseline -0.005 -1"><span class='ocrx_word' id='word_1_507' title='bbox 1337 4612 1857 4727; x_wconf 73' lang='lat' dir='ltr'><strong>LIBRI</strong></span> <span class='ocrx_word' id='word_1_508' title='bbox 1915 4613 2287 4726; x_wconf 76' lang='grc' dir='ltr'><strong>Ι)πο</strong></span> <span class='ocrx_word' id='word_1_509' title='bbox 2366 4596 2400 4656; x_wconf 83' lang='grc'>¹</span> <span class='ocrx_word' id='word_1_510' title='bbox 2444 4595 2584 4720; x_wconf 70' lang='grc' dir='ltr'><strong>(α).</strong></span> 
     </span>
    </p>
   </div>
   <div class='ocr_carea' id='block_1_43' title="bbox 1756 4762 2181 4819">
    <p class='ocr_par' dir='ltr' id='par_1_43' title="bbox 1756 4762 2181 4819">
     <span class='ocr_line' id='line_1_43' title="bbox 1756 4762 2181 4819; baseline 0.002 -3"><span class='ocrx_word' id='word_1_511' title='bbox 1756 4762 2181 4819; x_wconf 49' lang='grc' dir='ltr'><strong>θθςκξοαξῖσθθ</strong></span> 
     </span>
    </p>
   </div>
   <div class='ocr_carea' id='block_1_44' title="bbox 1367 4816 2645 4954">
    <p class='ocr_par' dir='ltr' id='par_1_44' title="bbox 1367 4816 2645 4954">
     <span class='ocr_line' id='line_1_44' title="bbox 1367 4816 2645 4954; baseline -0.003 0"><span class='ocrx_word' id='word_1_512' title='bbox 1367 4816 1915 4954; x_wconf 63' lang='lat' dir='ltr'><strong>LIBER&quot;</strong></span> <span class='ocrx_word' id='word_1_513' title='bbox 1940 4816 2601 4950; x_wconf 82' lang='lat' dir='ltr'><strong>PRIMUS.</strong></span> <span class='ocrx_word' id='word_1_514' title='bbox 2632 4816 2645 4833; x_wconf 86' lang='lat'>&#39;</span> 
     </span>
    </p>
   </div>
   <div class='ocr_carea' id='block_1_45' title="bbox 942 5002 2974 5081">
    <p class='ocr_par' dir='ltr' id='par_1_45' title="bbox 942 5002 2974 5081">
     <span class='ocr_line' id='line_1_45' title="bbox 942 5002 2974 5081; baseline -0.005 -15"><span class='ocrx_word' id='word_1_515' title='bbox 942 5022 995 5071; x_wconf 78' lang='lat' dir='ltr'><strong>In</strong></span> <span class='ocrx_word' id='word_1_516' title='bbox 1015 5026 1115 5081; x_wconf 84' lang='lat' dir='ltr'><strong>quo</strong></span> <span class='ocrx_word' id='word_1_517' title='bbox 1128 5011 1411 5076; x_wconf 83' lang='lat' dir='ltr'><strong>Simpliciani</strong></span> <span class='ocrx_word' id='word_1_518' title='bbox 1435 5010 1735 5074; x_wconf 78' lang='lat' dir='ltr'><strong>quaestiones</strong></span> <span class='ocrx_word' id='word_1_519' title='bbox 1758 5019 1823 5055; x_wconf 83' lang='lat' dir='ltr'><strong>ex</strong></span> <span class='ocrx_word' id='word_1_520' title='bbox 1847 5002 2054 5067; x_wconf 76' lang='lat' dir='ltr'><strong>Epistola</strong></span> <span class='ocrx_word' id='word_1_521' title='bbox 2074 5003 2206 5055; x_wconf 87' lang='lat' dir='ltr'><strong>Pauli</strong></span> <span class='ocrx_word' id='word_1_522' title='bbox 2228 5003 2289 5054; x_wconf 86' lang='lat' dir='ltr'><strong>ad</strong></span> <span class='ocrx_word' id='word_1_523' title='bbox 2310 5004 2670 5057; x_wconf 68' lang='lat' dir='ltr'><strong>liomanosdlm</strong></span> <span class='ocrx_word' id='word_1_524' title='bbox 2688 5010 2974 5059; x_wconf 58' lang='lat' dir='ltr'><strong>vectantur.</strong></span> 
     </span>
    </p>
   </div>
   <div class='ocr_carea' id='block_1_46' title="bbox 390 5110 3604 5190">
    <p class='ocr_par' dir='ltr' id='par_1_46' title="bbox 390 5110 3604 5190">
     <span class='ocr_line' id='line_1_46' title="bbox 390 5110 3604 5190; baseline -0.007 -1"><span class='ocrx_word' id='word_1_525' title='bbox 390 5123 1161 5189; x_wconf 56' lang='lat' dir='ltr'><strong>Pnasrmo.-—Gratissimam</strong></span> <span class='ocrx_word' id='word_1_526' title='bbox 1183 5120 1339 5190; x_wconf 87' lang='lat' dir='ltr'><strong>plane</strong></span> <span class='ocrx_word' id='word_1_527' title='bbox 1354 5128 1512 5187; x_wconf 84' lang='lat' dir='ltr'><strong>atque</strong></span> <span class='ocrx_word' id='word_1_528' title='bbox 1532 5114 1901 5173; x_wconf 81' lang='lat' dir='ltr'><strong>suavissimam</strong></span> <span class='ocrx_word' id='word_1_529' title='bbox 2011 5110 2480 5178; x_wconf 84' lang='lat' dir='ltr'><strong>interrogationum</strong></span> <span class='ocrx_word' id='word_1_530' title='bbox 2512 5120 2718 5166; x_wconf 89' lang='lat' dir='ltr'><strong>tuarum</strong></span> <span class='ocrx_word' id='word_1_531' title='bbox 2748 5110 3106 5181; x_wconf 85' lang='lat' dir='ltr'><strong>dignationem</strong></span> <span class='ocrx_word' id='word_1_532' title='bbox 3134 5114 3441 5188; x_wconf 89' lang='lat' dir='ltr'><strong>mihl,pater</strong></span> <span class='ocrx_word' id='word_1_533' title='bbox 3463 5121 3604 5180; x_wconf 84' lang='lat' dir='ltr'><strong>Sim-</strong></span> 
     </span>
    </p>
   </div>
   <div class='ocr_carea' id='block_1_47' title="bbox 381 5200 2032 5302">
    <p class='ocr_par' dir='ltr' id='par_1_47' title="bbox 381 5216 2032 5302">
     <span class='ocr_line' id='line_1_47' title="bbox 381 5216 2032 5302; baseline -0.015 -7"><span class='ocrx_word' id='word_1_534' title='bbox 381 5249 398 5279; x_wconf 76' lang='grc' dir='ltr'>ι</span> <span class='ocrx_word' id='word_1_535' title='bbox 423 5242 611 5294; x_wconf 73' lang='lat' dir='ltr'><strong>11mins</strong></span> <span class='ocrx_word' id='word_1_536' title='bbox 638 5243 692 5292; x_wconf 86' lang='lat' dir='ltr'><strong>iu</strong></span> <span class='ocrx_word' id='word_1_537' title='bbox 715 5238 1066 5302; x_wconf 73' lang='lat' dir='ltr'><strong>antiquissimo</strong></span> <span class='ocrx_word' id='word_1_538' title='bbox 1419 5231 1546 5283; x_wconf 80' lang='lat' dir='ltr'><strong>libro</strong></span> <span class='ocrx_word' id='word_1_539' title='bbox 1583 5234 1662 5280; x_wconf 85' lang='lat' dir='ltr'><strong>est</strong></span> <span class='ocrx_word' id='word_1_540' title='bbox 1685 5244 1698 5280; x_wconf 89' lang='lat'><strong>:</strong></span> <span class='ocrx_word' id='word_1_541' title='bbox 1724 5226 1908 5280; x_wconf 63' lang='lat' dir='ltr'><strong>Aurelii</strong></span> <span class='ocrx_word' id='word_1_542' title='bbox 2013 5216 2032 5271; x_wconf 79' lang='grc' dir='ltr'>ι</span> 
     </span>
    </p>
   </div>
   <div class='ocr_carea' id='block_1_48' title="bbox 1947 5200 3598 5302">
    <p class='ocr_par' dir='ltr' id='par_1_48' title="bbox 2013 5200 3598 5277">
     <span class='ocr_line' id='line_1_48' title="bbox 2013 5200 3598 5277; baseline 0.009 -23"><span class='ocrx_word' id='word_1_543' title='bbox 2013 5202 2262 5271; x_wconf 86' lang='lat' dir='ltr'><strong>plicianc,</strong></span> <span class='ocrx_word' id='word_1_544' title='bbox 2282 5201 2474 5255; x_wconf 88' lang='lat' dir='ltr'><strong>misisti</strong></span> <span class='ocrx_word' id='word_1_545' title='bbox 2502 5200 2731 5271; x_wconf 89' lang='lat' dir='ltr'><strong>:quibus</strong></span> <span class='ocrx_word' id='word_1_546' title='bbox 2749 5200 2854 5255; x_wconf 87' lang='lat' dir='ltr'><strong>nisi</strong></span> <span class='ocrx_word' id='word_1_547' title='bbox 2874 5204 3197 5272; x_wconf 88' lang='lat' dir='ltr'><strong>respondere</strong></span> <span class='ocrx_word' id='word_1_548' title='bbox 3221 5221 3466 5277; x_wconf 87' lang='lat' dir='ltr'><strong>conarer,</strong></span> <span class='ocrx_word' id='word_1_549' title='bbox 3494 5228 3598 5269; x_wconf 91' lang='lat' dir='ltr'><strong>non</strong></span> 
     </span>
    </p>
   </div>
   <div class='ocr_carea' id='block_1_49' title="bbox 320 5290 1971 5369">
    <p class='ocr_par' dir='ltr' id='par_1_49' title="bbox 320 5290 1334 5369">
     <span class='ocr_line' id='line_1_49' title="bbox 320 5290 1334 5369; baseline -0.009 -13"><span class='ocrx_word' id='word_1_550' title='bbox 320 5290 671 5369; x_wconf 60' lang='grc' dir='ltr'><strong>ηαάἆὶἦῗαᾶ</strong></span> <span class='ocrx_word' id='word_1_551' title='bbox 704 5290 996 5365; x_wconf 54' lang='lat' dir='ltr'><strong>interrogata</strong></span> <span class='ocrx_word' id='word_1_552' title='bbox 1018 5292 1334 5362; x_wconf 67' lang='lat' dir='ltr'><strong>simplicitati.</strong></span> 
     </span>
    </p>
   </div>
   <div class='ocr_carea' id='block_1_50' title="bbox 1953 5290 3604 5369">
    <p class='ocr_par' dir='ltr' id='par_1_50' title="bbox 2014 5290 3604 5366">
     <span class='ocr_line' id='line_1_50' title="bbox 2014 5290 3604 5366; baseline 0.008 -21"><span class='ocrx_word' id='word_1_553' title='bbox 2014 5290 2186 5345; x_wconf 89' lang='lat' dir='ltr'><strong>solum</strong></span> <span class='ocrx_word' id='word_1_554' title='bbox 2206 5297 2511 5358; x_wconf 77' lang='lat' dir='ltr'><strong>contumax,</strong></span> <span class='ocrx_word' id='word_1_555' title='bbox 2540 5304 2726 5347; x_wconf 88' lang='lat' dir='ltr'><strong>verum</strong></span> <span class='ocrx_word' id='word_1_556' title='bbox 2751 5292 2912 5347; x_wconf 86' lang='lat' dir='ltr'><strong>etiam</strong></span> <span class='ocrx_word' id='word_1_557' title='bbox 2937 5292 3173 5366; x_wconf 85' lang='lat' dir='ltr'><strong>ingratus</strong></span> <span class='ocrx_word' id='word_1_558' title='bbox 3197 5299 3500 5355; x_wconf 78' lang='lat' dir='ltr'><strong>existerent.</strong></span> <span class='ocrx_word' id='word_1_559' title='bbox 3534 5303 3604 5359; x_wconf 79' lang='lat' dir='ltr'><strong>Et</strong></span> 
     </span>
    </p>
   </div>
   <div class='ocr_carea' id='block_1_51' title="bbox 379 5379 1150 5453">
    <p class='ocr_par' dir='ltr' id='par_1_51' title="bbox 379 5379 1150 5453">
     <span class='ocr_line' id='line_1_51' title="bbox 379 5379 1150 5453; baseline -0.014 -14"><span class='ocrx_word' id='word_1_560' title='bbox 379 5389 453 5453; x_wconf 78' lang='grc' dir='ltr'><strong>(α)</strong></span> <span class='ocrx_word' id='word_1_561' title='bbox 485 5386 654 5450; x_wconf 86' lang='lat' dir='ltr'><strong>Scripti</strong></span> <span class='ocrx_word' id='word_1_562' title='bbox 675 5384 870 5434; x_wconf 82' lang='lat' dir='ltr'><strong>circiter</strong></span> <span class='ocrx_word' id='word_1_563' title='bbox 890 5393 1018 5432; x_wconf 87' lang='lat' dir='ltr'><strong>anno</strong></span> <span class='ocrx_word' id='word_1_564' title='bbox 1037 5379 1150 5431; x_wconf 78' lang='lat'><strong>597.</strong></span> 
     </span>
    </p>
   </div>
   <div class='ocr_carea' id='block_1_52' title="bbox 314 3759 3589 3825">
    <p class='ocr_par' dir='ltr' id='par_1_52' title="bbox 339 3769 3574 3812">
     <span class='ocr_line' id='line_1_52' title="bbox 339 3769 3558 3782; baseline 0 -4"><span class='ocrx_word' id='word_1_565' title='bbox 339 3776 356 3779; x_wconf 59' lang='grc' dir='ltr'>ν</span> <span class='ocrx_word' id='word_1_566' title='bbox 367 3775 396 3779; x_wconf 59' lang='grc' dir='ltr'><em>ο</em></span> <span class='ocrx_word' id='word_1_567' title='bbox 457 3775 502 3780; x_wconf 75' lang='lat'><strong>_-</strong></span> <span class='ocrx_word' id='word_1_568' title='bbox 523 3775 696 3780; x_wconf 72' lang='lat'><strong>_______.-</strong></span> <span class='ocrx_word' id='word_1_569' title='bbox 769 3771 1364 3779; x_wconf 59' lang='lat'><strong>.._--__.__._~__.~-_.._.___</strong></span> <span class='ocrx_word' id='word_1_570' title='bbox 1467 3769 1830 3778; x_wconf 72' lang='lat'><strong>—.————~——-———-</strong></span> <span class='ocrx_word' id='word_1_571' title='bbox 1841 3770 2246 3778; x_wconf 70' lang='lat'><strong>.——-——.-—-——</strong></span> <span class='ocrx_word' id='word_1_572' title='bbox 2461 3770 2612 3779; x_wconf 61' lang='grc' dir='ltr'><strong>’.α-,-</strong></span> <span class='ocrx_word' id='word_1_573' title='bbox 2627 3769 3004 3780; x_wconf 48' lang='grc' dir='ltr'><strong>-υ-Α-α-...ο-</strong></span> <span class='ocrx_word' id='word_1_574' title='bbox 3015 3773 3094 3780; x_wconf 77' lang='lat'><strong>_...__</strong></span> <span class='ocrx_word' id='word_1_575' title='bbox 3107 3772 3404 3781; x_wconf 61' lang='lat'><strong>--__._________</strong></span> <span class='ocrx_word' id='word_1_576' title='bbox 3417 3775 3468 3781; x_wconf 57' lang='lat'><strong>-</strong></span> <span class='ocrx_word' id='word_1_577' title='bbox 3505 3773 3520 3782; x_wconf 52' lang='grc' dir='ltr'><strong>Α</strong></span> <span class='ocrx_word' id='word_1_578' title='bbox 3537 3778 3558 3781; x_wconf 85' lang='lat'>__</span> 
     </span>
     <span class='ocr_line' id='line_1_53' title="bbox 369 3798 3574 3812; baseline 0.001 -4"><span class='ocrx_word' id='word_1_579' title='bbox 369 3803 442 3807; x_wconf 50' lang='lat'><strong>——-~</strong></span> <span class='ocrx_word' id='word_1_580' title='bbox 465 3804 494 3807; x_wconf 83' lang='grc'><strong>-.</strong></span> <span class='ocrx_word' id='word_1_581' title='bbox 523 3804 550 3807; x_wconf 61' lang='grc'><strong>--</strong></span> <span class='ocrx_word' id='word_1_582' title='bbox 581 3802 626 3807; x_wconf 80' lang='grc'><strong><em>--</em></strong></span> <span class='ocrx_word' id='word_1_583' title='bbox 693 3802 718 3808; x_wconf 81' lang='grc'><strong><em>.-</em></strong></span> <span class='ocrx_word' id='word_1_584' title='bbox 751 3802 800 3807; x_wconf 66' lang='grc' dir='ltr'><strong>-σ</strong></span> <span class='ocrx_word' id='word_1_585' title='bbox 823 3800 1354 3808; x_wconf 52' lang='grc' dir='ltr'><strong>-τ--ο---ιοι---νλ-υ--</strong></span> <span class='ocrx_word' id='word_1_586' title='bbox 1381 3799 1462 3807; x_wconf 71' lang='lat'><strong>_-.</strong></span> <span class='ocrx_word' id='word_1_587' title='bbox 1505 3798 1868 3805; x_wconf 69' lang='lat'><strong>-——_—_—---——-—-.---.</strong></span> <span class='ocrx_word' id='word_1_588' title='bbox 2112 3802 2321 3810; x_wconf 48' lang='lat'><strong>___-___‘_</strong></span> <span class='ocrx_word' id='word_1_589' title='bbox 2620 3805 2683 3812; x_wconf 82' lang='lat'><em>__</em></span> <span class='ocrx_word' id='word_1_590' title='bbox 2772 3799 3094 3809; x_wconf 73' lang='lat'><strong>-——————.</strong></span> <span class='ocrx_word' id='word_1_591' title='bbox 3455 3808 3459 3811; x_wconf 52' lang='grc' dir='ltr'><strong>ν</strong></span> <span class='ocrx_word' id='word_1_592' title='bbox 3527 3803 3574 3810; x_wconf 61' lang='lat'><strong>~—</strong></span> 
     </span>
    </p>
   </div>
   <div class='ocr_carea' id='block_1_53' title="bbox 1496 5466 2426 5515">
    <p class='ocr_par' dir='ltr' id='par_1_53' title="bbox 1496 5466 2426 5515">
     <span class='ocr_line' id='line_1_54' title="bbox 1496 5466 2426 5515; baseline -0.003 -1"><span class='ocrx_word' id='word_1_593' title='bbox 1496 5472 1783 5515; x_wconf 72' lang='lat' dir='ltr'><strong>ADIONITIO</strong></span> <span class='ocrx_word' id='word_1_594' title='bbox 1820 5472 1903 5511; x_wconf 87' lang='lat' dir='ltr'><strong>PP.</strong></span> <span class='ocrx_word' id='word_1_595' title='bbox 1943 5466 2426 5514; x_wconf 68' lang='lat' dir='ltr'><strong>BENEDICTINORUI.</strong></span> 
     </span>
    </p>
   </div>
   <div class='ocr_carea' id='block_1_54' title="bbox 376 5546 3605 5625">
    <p class='ocr_par' dir='ltr' id='par_1_54' title="bbox 376 5546 3605 5625">
     <span class='ocr_line' id='line_1_55' title="bbox 376 5546 3605 5625; baseline 0 0"><span class='ocrx_word' id='word_1_596' title='bbox 376 5560 609 5625; x_wconf 64' lang='grc' dir='ltr'><strong>αεῑίεθιὶ</strong></span> <span class='ocrx_word' id='word_1_597' title='bbox 634 5564 748 5609; x_wconf 68' lang='lat' dir='ltr'><strong>sum</strong></span> <span class='ocrx_word' id='word_1_598' title='bbox 771 5556 847 5625; x_wconf 69' lang='grc' dir='ltr'><strong>(ω</strong></span> <span class='ocrx_word' id='word_1_599' title='bbox 867 5556 964 5607; x_wconf 66' lang='grc' dir='ltr'><strong>δυο</strong></span> <span class='ocrx_word' id='word_1_600' title='bbox 984 5553 1119 5625; x_wconf 54' lang='lat' dir='ltr'><strong>milii)</strong></span> <span class='ocrx_word' id='word_1_601' title='bbox 1144 5555 1204 5606; x_wconf 66' lang='lat' dir='ltr'><strong>ad</strong></span> <span class='ocrx_word' id='word_1_602' title='bbox 1226 5554 1573 5625; x_wconf 61' lang='grc' dir='ltr'><strong>βοΐδθίθηὲθω</strong></span> <span class='ocrx_word' id='word_1_603' title='bbox 1855 5563 2098 5625; x_wconf 53' lang='grc' dir='ltr'><strong>Ρῒξίηωηῖ</strong></span> <span class='ocrx_word' id='word_1_604' title='bbox 2122 5547 2383 5625; x_wconf 52' lang='grc' dir='ltr'><strong>θΰεεῗῐὲιῖἓ</strong></span> <span class='ocrx_word' id='word_1_605' title='bbox 2416 5546 3242 5625; x_wconf 25' lang='grc' dir='ltr'><strong>ερξθμιξιὲιιεειιμοείάεθφριιιφν</strong></span> <span class='ocrx_word' id='word_1_606' title='bbox 3276 5550 3340 5625; x_wconf 57' lang='lat' dir='ltr'><strong>id</strong></span> <span class='ocrx_word' id='word_1_607' title='bbox 3376 5557 3605 5625; x_wconf 61' lang='grc' dir='ltr'><strong>γθεαμω</strong></span> 
     </span>
    </p>
   </div>
   <div class='ocr_carea' id='block_1_55' title="bbox 305 5564 3604 5687">
    <p class='ocr_par' dir='ltr' id='par_1_55' title="bbox 305 5564 3604 5687">
     <span class='ocr_line' id='line_1_56' title="bbox 376 5564 3604 5630; baseline -0.002 -17"><span class='ocrx_word' id='word_1_608' title='bbox 376 5564 603 5625; x_wconf 66' lang='lat' dir='ltr'><strong>(xstigatl</strong></span> <span class='ocrx_word' id='word_1_609' title='bbox 634 5564 748 5609; x_wconf 85' lang='lat' dir='ltr'><strong>sunt</strong></span> <span class='ocrx_word' id='word_1_610' title='bbox 771 5564 846 5620; x_wconf 80' lang='lat' dir='ltr'><strong>(hi</strong></span> <span class='ocrx_word' id='word_1_611' title='bbox 867 5564 964 5607; x_wconf 80' lang='lat' dir='ltr'><strong>duo</strong></span> <span class='ocrx_word' id='word_1_612' title='bbox 987 5564 1119 5630; x_wconf 76' lang='lat' dir='ltr'><strong>libri)</strong></span> <span class='ocrx_word' id='word_1_613' title='bbox 1144 5564 1204 5606; x_wconf 86' lang='lat' dir='ltr'><strong>ad</strong></span> <span class='ocrx_word' id='word_1_614' title='bbox 1226 5564 1573 5605; x_wconf 81' lang='lat' dir='ltr'><strong>corbeiensem</strong></span> <span class='ocrx_word' id='word_1_615' title='bbox 1607 5564 1823 5624; x_wconf 72' lang='lat' dir='ltr'><strong>codicem</strong></span> <span class='ocrx_word' id='word_1_616' title='bbox 1855 5564 2090 5625; x_wconf 73' lang='lat' dir='ltr'><strong>perquam</strong></span> <span class='ocrx_word' id='word_1_617' title='bbox 2122 5564 2152 5599; x_wconf 90' lang='lat' dir='ltr'><strong>e</strong></span> <span class='ocrx_word' id='word_1_618' title='bbox 2216 5564 2383 5623; x_wconf 75' lang='lat' dir='ltr'><strong>egrum</strong></span> <span class='ocrx_word' id='word_1_619' title='bbox 2416 5564 2531 5598; x_wconf 77' lang='lat' dir='ltr'><strong>ante</strong></span> <span class='ocrx_word' id='word_1_620' title='bbox 2568 5564 2705 5599; x_wconf 83' lang='lat' dir='ltr'><strong>nune</strong></span> <span class='ocrx_word' id='word_1_621' title='bbox 2730 5564 2887 5601; x_wconf 82' lang='lat' dir='ltr'><strong>annos</strong></span> <span class='ocrx_word' id='word_1_622' title='bbox 2918 5564 3078 5600; x_wconf 68' lang='lat' dir='ltr'><strong>uestri</strong></span> <span class='ocrx_word' id='word_1_623' title='bbox 3112 5564 3242 5610; x_wconf 79' lang='lat' dir='ltr'><strong>tum,</strong></span> <span class='ocrx_word' id='word_1_624' title='bbox 3277 5564 3340 5603; x_wconf 80' lang='lat' dir='ltr'><strong>an</strong></span> <span class='ocrx_word' id='word_1_625' title='bbox 3376 5564 3604 5607; x_wconf 57' lang='lat' dir='ltr'><strong>vetera</strong></span> 
     </span>
     <span class='ocr_line' id='line_1_57' title="bbox 305 5564 3604 5687; baseline -0.002 -15"><span class='ocrx_word' id='word_1_626' title='bbox 305 5624 497 5687; x_wconf 62' lang='lat' dir='ltr'><strong>utrum</strong></span> <span class='ocrx_word' id='word_1_627' title='bbox 517 5619 1150 5687; x_wconf 71' lang='lat' dir='ltr'><strong>Apdegaveusisacclesue,</strong></span> <span class='ocrx_word' id='word_1_628' title='bbox 1185 5618 1245 5687; x_wconf 76' lang='lat' dir='ltr'><strong>ad</strong></span> <span class='ocrx_word' id='word_1_629' title='bbox 1274 5615 1701 5687; x_wconf 67' lang='lat' dir='ltr'><strong>Genovefaeauum,</strong></span> <span class='ocrx_word' id='word_1_630' title='bbox 1735 5618 2053 5687; x_wconf 62' lang='lat' dir='ltr'><strong>VlctOl&#39;lllllnl,</strong></span> <span class='ocrx_word' id='word_1_631' title='bbox 2076 5564 2403 5687; x_wconf 60' lang='lat' dir='ltr'><strong>Sorg&#39;omcum,</strong></span> <span class='ocrx_word' id='word_1_632' title='bbox 2421 5609 2634 5687; x_wconf 66' lang='lat' dir='ltr'><strong>tres</strong></span> <span class='ocrx_word' id='word_1_633' title='bbox 2667 5613 2957 5687; x_wconf 54' lang='lat' dir='ltr'><strong>yatlcanos.</strong></span> <span class='ocrx_word' id='word_1_634' title='bbox 3079 5564 3323 5687; x_wconf 58' lang='lat' dir='ltr'><strong>rectiones</strong></span> 
     </span>
    </p>
   </div>
   <div class='ocr_carea' id='block_1_56' title="bbox 306 5671 3604 5748">
    <p class='ocr_par' dir='ltr' id='par_1_56' title="bbox 306 5671 3604 5748">
     <span class='ocr_line' id='line_1_58' title="bbox 306 5671 3604 5748; baseline 0 -20"><span class='ocrx_word' id='word_1_635' title='bbox 306 5671 473 5739; x_wconf 54' lang='lat' dir='ltr'><strong>ﬁni</strong></span> <span class='ocrx_word' id='word_1_636' title='bbox 485 5671 791 5748; x_wconf 62' lang='lat' dir='ltr'><strong>velqiﬁtuor</strong></span> <span class='ocrx_word' id='word_1_637' title='bbox 812 5671 1365 5748; x_wconf 30' lang='lat' dir='ltr'><strong>Belgicorumjcollectas</strong></span> <span class='ocrx_word' id='word_1_638' title='bbox 1402 5691 1491 5748; x_wconf 77' lang='lat' dir='ltr'><strong>per</strong></span> <span class='ocrx_word' id='word_1_639' title='bbox 1522 5677 1845 5748; x_wconf 63' lang='lat' dir='ltr'><strong>bovanieuses</strong></span> <span class='ocrx_word' id='word_1_640' title='bbox 1860 5671 2177 5748; x_wconf 42' lang='lat' dir='ltr'><strong>.&#39;rhe&lt;_)l_(ign‘s:</strong></span> <span class='ocrx_word' id='word_1_641' title='bbox 2206 5684 2394 5748; x_wconf 82' lang='lat' dir='ltr'><strong>necnon</strong></span> <span class='ocrx_word' id='word_1_642' title='bbox 2495 5672 2797 5748; x_wconf 68' lang='lat' dir='ltr'><strong>antiquiores</strong></span> <span class='ocrx_word' id='word_1_643' title='bbox 2820 5674 3198 5748; x_wconf 42' lang='lat' dir='ltr'><strong>editionegam.</strong></span> <span class='ocrx_word' id='word_1_644' title='bbox 3226 5679 3298 5721; x_wconf 79' lang='lat' dir='ltr'><strong>Er.</strong></span> <span class='ocrx_word' id='word_1_645' title='bbox 3325 5679 3380 5723; x_wconf 90' lang='lat' dir='ltr'><strong>et</strong></span> <span class='ocrx_word' id='word_1_646' title='bbox 3398 5681 3533 5736; x_wconf 77' lang='grc' dir='ltr'><strong>ων..</strong></span> <span class='ocrx_word' id='word_1_647' title='bbox 3550 5676 3604 5729; x_wconf 79' lang='lat' dir='ltr'><strong>id</strong></span> 
     </span>
    </p>
   </div>
   <div class='ocr_carea' id='block_1_57' title="bbox 308 5735 3137 5803">
    <p class='ocr_par' dir='ltr' id='par_1_57' title="bbox 308 5735 3137 5803">
     <span class='ocr_line' id='line_1_59' title="bbox 308 5735 3137 5803; baseline -0.006 -4"><span class='ocrx_word' id='word_1_648' title='bbox 308 5735 390 5800; x_wconf 65' lang='lat' dir='ltr'><strong>Esi</strong></span> <span class='ocrx_word' id='word_1_649' title='bbox 411 5735 615 5796; x_wconf 67' lang='lat' dir='ltr'><strong>Joannis</strong></span> <span class='ocrx_word' id='word_1_650' title='bbox 630 5735 957 5803; x_wconf 78' lang='lat' dir='ltr'><strong>Amerbachii,</strong></span> <span class='ocrx_word' id='word_1_651' title='bbox 991 5742 1223 5791; x_wconf 76' lang='lat' dir='ltr'><strong>Desiderii</strong></span> <span class='ocrx_word' id='word_1_652' title='bbox 1270 5735 1444 5789; x_wconf 61' lang='lat' dir='ltr'><strong>mssa</strong></span> <span class='ocrx_word' id='word_1_653' title='bbox 1464 5774 1477 5797; x_wconf 91' lang='lat'><strong>,</strong></span> <span class='ocrx_word' id='word_1_654' title='bbox 1509 5746 1560 5787; x_wconf 87' lang='lat' dir='ltr'><strong>et</strong></span> <span class='ocrx_word' id='word_1_655' title='bbox 1593 5737 1958 5785; x_wconf 85' lang='lat' dir='ltr'><strong>Lovaniensium</strong></span> <span class='ocrx_word' id='word_1_656' title='bbox 1984 5735 2336 5795; x_wconf 78' lang='lat' dir='ltr'><strong>Theologorum</strong></span> <span class='ocrx_word' id='word_1_657' title='bbox 2368 5746 2518 5796; x_wconf 89' lang='lat' dir='ltr'><strong>opera</strong></span> <span class='ocrx_word' id='word_1_658' title='bbox 2539 5736 2794 5797; x_wconf 88' lang='lat' dir='ltr'><strong>studioque</strong></span> <span class='ocrx_word' id='word_1_659' title='bbox 2816 5736 3137 5783; x_wconf 75' lang='lat' dir='ltr'><strong>concinuatas.</strong></span> 
     </span>
    </p>
   </div>
   <div class='ocr_carea' id='block_1_58' title="bbox 392 5817 3554 5906">
    <p class='ocr_par' dir='ltr' id='par_1_58' title="bbox 392 5817 3554 5906">
     <span class='ocr_line' id='line_1_60' title="bbox 392 5817 3554 5906; baseline -0.004 -13"><span class='ocrx_word' id='word_1_660' title='bbox 392 5829 912 5906; x_wconf 77' lang='lat' dir='ltr'><strong>Comparam&#39;mus</strong></span> <span class='ocrx_word' id='word_1_661' title='bbox 940 5835 1240 5904; x_wconf 71' lang='lat' dir='ltr'><strong>prwtcrea</strong></span> <span class='ocrx_word' id='word_1_662' title='bbox 1268 5844 1365 5885; x_wconf 84' lang='lat' dir='ltr'><strong>eas</strong></span> <span class='ocrx_word' id='word_1_663' title='bbox 1396 5841 1597 5883; x_wconf 82' lang='lat' dir='ltr'><strong>omnes</strong></span> <span class='ocrx_word' id='word_1_664' title='bbox 1628 5819 1930 5879; x_wconf 76' lang='lat' dir='ltr'><strong>editiones</strong></span> <span class='ocrx_word' id='word_1_665' title='bbox 1953 5817 2141 5878; x_wconf 73' lang='lat' dir='ltr'><strong>initio</strong></span> <span class='ocrx_word' id='word_1_666' title='bbox 2173 5817 2743 5888; x_wconf 77' lang='lat' dir='ltr'><strong>Retractationum,</strong></span> <span class='ocrx_word' id='word_1_667' title='bbox 2775 5825 2920 5878; x_wconf 81' lang='lat' dir='ltr'><strong>tam.</strong></span> <span class='ocrx_word' id='word_1_668' title='bbox 2952 5818 3009 5890; x_wconf 83' lang='lat'><strong>1,</strong></span> <span class='ocrx_word' id='word_1_669' title='bbox 3037 5827 3423 5880; x_wconf 75' lang='lat' dir='ltr'><strong>memoratas.</strong></span> <span class='ocrx_word' id='word_1_670' title='bbox 3465 5818 3554 5880; x_wconf 69' lang='lat' dir='ltr'><strong>Ma</strong></span> 
     </span>
    </p>
   </div>
  </div>
