4134 6208
530 306 637 366 103

526 425 619 483 illa
637 423 850 498 quidem
877 437 997 494 quze
1028 422 1094 477 de
1116 421 1279 477 Paulo
1299 420 1542 490 apostolo
1561 417 1902 474 dissolvenda
1925 432 2121 487 propo-

524 519 709 585 suisti,
730 519 838 587 jam
868 530 899 569 a
927 515 1080 572 nobis
1116 522 1269 567 erant
1312 520 1598 580 utcumque
1638 509 1873 563 discussa
1905 508 2123 563 litteris-

526 624 631 681 que
664 607 910 662 mandata
938 607 977 659 ¹.
1004 603 1107 660 Sed
1137 611 1313 659 tamen
1347 602 1534 658 eadem
1578 600 1692 670 ipsa
1720 599 1880 655 verba
1909 608 2123 669 aposto-

528 702 628 758 lica
649 713 997 767 tenoremqne
1020 695 1439 757 sententiarum,
1474 707 1579 746 non
1623 699 1910 747 contentus
1939 690 2118 761 inqui-

525 791 718 846 sitione
762 797 922 858 atque
945 785 1298 855 explicatione
1341 783 1642 853 praeterita,
1688 797 1757 837 ne
1792 781 1918 851 quid
1967 782 2021 836 in
2056 795 2120 836 ea

528 880 881 954 negligentius
924 877 1278 949 praeterissem
1300 916 1315 939 ,
1343 876 1550 930 cautius
1574 876 1934 945 attentiusque
1954 874 2119 929 rima-

528 985 611 1031 tus
651 990 790 1031 suin.
832 972 948 1029 Non
979 972 1120 1027 enim
1151 980 1204 1023 tu
1245 984 1308 1024 ea
1354 968 1713 1038 percontanda
1762 980 2045 1035 censeres,
2073 965 2119 1021 si

527 1082 710 1122 eorum
742 1063 1040 1120 intellectus
1067 1060 1238 1116 facilis
1262 1067 1420 1130 atque
1448 1057 1729 1129 expeditus
1756 1059 1912 1113 foret.

598 1156 867 1228 QUIEST.
911 1154 1143 1209 PRIMA.
1184 1182 1258 1193 --
1283 1154 1333 1207 i.
1375 1151 1483 1206 Lex
1507 1151 1576 1205 ad
1600 1151 1722 1223 quid
1748 1151 1887 1205 data.
1918 1150 2116 1206 Concu-

528 1251 771 1323 piscentia
799 1258 950 1302 aucta
972 1264 1061 1318 per
1082 1247 1259 1319 legem.
1290 1244 1565 1300 Peccatum
1590 1245 1839 1315 quomodo
1861 1252 2117 1296 mortuum

525 1352 633 1399 erat
657 1343 767 1398 sine
786 1342 910 1413 lege.
952 1340 1218 1408 Quomodo
1255 1339 1452 1393 revixit.
1482 1337 1615 1409 Lege
1641 1338 1752 1407 quis
1782 1338 1913 1391 male
1938 1337 2115 1390 utitur.

527 1437 637 1492 Lex
652 1436 854 1490 nonnisi
874 1452 906 1488 tt
931 1431 1279 1504 spiritualibus
1303 1431 1558 1501 impletur.
1583 1428 1822 1483 Carnales
1851 1428 2120 1497 dupliciter

530 1529 671 1583 dicti.
702 1525 979 1598 Originalis
1016 1523 1206 1592 peccati
1246 1537 1410 1592 paena.
1444 1519 1552 1574 Lex
1589 1519 1777 1589 peccati
1808 1520 1859 1571 in
1887 1517 2119 1572 membris

526 1620 668 1691 quid.
710 1617 833 1671 Loci
854 1618 905 1670 in
933 1614 1112 1684 quibus
1143 1612 1223 1665 lex
1259 1611 1415 1664 videri
1441 1611 1596 1680 possit
1625 1610 1724 1662 dici
1749 1609 1903 1661 mala.
1936 1607 2120 1678 Legem

524 1730 630 1768 esse
662 1712 864 1766 bonam.
900 1706 1299 1762 Manichaeorum
1326 1720 1465 1758 error
1503 1702 1566 1755 de
1594 1702 1743 1755 veteri
1773 1702 1895 1770 lege.
1928 1699 2112 1769 Expli-

526 1813 707 1858 cantur
744 1799 1062 1863 teslimonia,
1088 1797 1268 1867 quibus
1312 1796 1393 1848 lex
1432 1793 1588 1847 videri
1617 1793 1772 1862 possit
1818 1808 1918 1845 non
1967 1793 2118 1847 bona.

526 1895 657 1950 Nam
683 1910 747 1949 ex
777 1908 843 1947 eo
863 1891 982 1946 loco
1012 1889 1098 1942 ubi
1120 1887 1374 1955 scriptum
1403 1892 1485 1938 est
1503 1926 1516 1948 ,
1549 1884 1684 1949 Quid
1710 1900 1828 1953 ergo
1855 1883 2119 1936 dicemus?

527 1985 638 2041 Lex
678 1992 937 2054 peccatum
976 1979 1084 2034 est?
1113 1977 1288 2040 Absit;
1315 1990 1483 2044 usque
1526 1973 1590 2027 ad
1623 1990 1743 2028 cum
1791 1974 1999 2039 locum,
2030 1972 2118 2026 ubi

528 2079 635 2143 ait,
682 2074 850 2146 Igitur
894 2072 976 2127 lex
1018 2070 1203 2124 volenti
1249 2068 1372 2121 milii
1419 2066 1599 2121 bonum
1650 2075 1833 2128 est;et
1890 2074 2115 2131 caetera,

527 2165 691 2223 credo
717 2179 885 2234 usque
908 2161 977 2216 ad
1001 2159 1126 2216 illud
1143 2201 1159 2224 ,
1193 2158 1349 2212 Miser
1374 2174 1464 2226 ego
1492 2157 1640 2210 homo
1662 2198 1675 2220 ,
1698 2156 1808 2225 quis
1837 2173 1916 2209 me
1940 2156 2122 2209 libera-

527 2257 595 2311 bit
616 2255 680 2312 de
702 2270 910 2326 corpore
934 2251 1107 2307 mortis
1127 2251 1321 2319 hujus?
1342 2247 1517 2302 Gratia
1537 2246 1629 2300 Dei
1657 2264 1745 2314 per
1769 2247 1944 2301 Iesum
1967 2245 2120 2300 Citri-

525 2357 658 2403 stum
684 2345 961 2400 Dominum
980 2352 1207 2396 nostrum
1235 2340 1408 2410 (Rom.
1434 2354 1526 2402 vn,
1557 2337 1703 2407 7-35)
1733 2355 1746 2389 :
1770 2337 1994 2407 primam
2022 2352 2119 2391 nos

525 2439 743 2497 voluisti
780 2436 1018 2494 enodare
1055 2432 1426 2503 quaestionem.
1453 2429 1571 2496 Quo
1601 2430 1718 2482 loco
1744 2427 1955 2483 videtur
1987 2427 2120 2482 mihi

524 2530 813 2603 Apostolus
863 2526 1273 2595 transligurasse
1322 2522 1374 2575 in
1424 2536 1484 2574 se
1532 2521 1801 2573 hominem
1850 2518 1951 2573 sub
2000 2519 2119 2588 lege

526 2624 789 2695 positum,
819 2618 969 2689 cujus
1004 2615 1180 2672 verbis
1221 2628 1289 2668 ex
1335 2625 1561 2682 persona
1608 2624 1703 2664 sua
1747 2609 2001 2678 loquitur.
2054 2608 2122 2663 Et

526 2714 657 2785 quia
685 2711 843 2782 paulo
881 2715 1006 2763 ante
1044 2705 1283 2767 dixerat,
1318 2700 1567 2756 Evacnati
1593 2715 1765 2753 sumus
1793 2715 1824 2751 a
1854 2699 1960 2769 lege
1986 2714 2122 2751 mor-

526 2805 621 2870 tis,
652 2804 706 2857 in
733 2817 834 2873 qua
877 2795 1242 2860 detinebamur,
1282 2792 1356 2845 ita
1395 2800 1450 2843 ut
1495 2789 1769 2843 serviamus
1810 2789 1864 2841 in
1907 2788 2122 2842 novitate

525 2896 734 2967 spiritus
751 2934 767 2961 ,
793 2902 841 2947 et
868 2907 971 2946 non
999 2890 1053 2943 in
1082 2894 1321 2941 vetustate
1347 2884 1528 2938 littera:
1545 2924 1559 2947 ,
1585 2891 1744 2951 atque
1783 2880 1851 2934 ita
1890 2895 1984 2949 per
2007 2878 2122 2934 hate

526 2988 687 3044 verba
714 2984 867 3057 quasi
892 2978 1298 3051 reprehendisse
1337 2976 1512 3046 legem
1560 2982 1741 3044 posset
1766 2972 1963 3039 videri;
1996 2973 2123 3027 sub-

524 3082 655 3153 iecit
679 3079 887 3144 statim,
927 3074 1065 3142 Quid
1105 3088 1223 3144 ergo
1266 3068 1529 3124 dicemus?
1552 3065 1661 3121 Lex
1703 3074 1962 3136 peccatum
2008 3064 2123 3119 est?

528 3173 691 3229 Absit.
723 3170 829 3227 Sed
850 3177 1109 3239 peccatum
1138 3180 1239 3218 non
1281 3160 1491 3232 cognovi
1519 3158 1615 3213 nisi
1656 3174 1748 3227 per
1773 3158 1952 3227 legem.
1986 3156 2124 3208 Nam

529 3263 985 3334 concupiscentiam
1012 3254 1292 3312 nesciebam
1317 3294 1333 3320 ,
1362 3253 1457 3308 nisi
1487 3250 1569 3305 lex
1611 3249 1825 3313 diceret,
1854 3246 1975 3301 Non
2001 3263 2123 3301 con-

530 3360 775 3430 cupisces.

600 3450 655 3503 2.
699 3447 796 3502 llic
818 3457 1004 3499 rursus
1030 3446 1237 3505 movet,
1267 3436 1322 3493 Si
1348 3437 1430 3491 lex
1460 3451 1564 3489 non
1594 3443 1677 3489 est
1706 3441 1999 3503 peceatum,
2028 3431 2123 3486 sed

531 3537 846 3598 insinuatrix
869 3536 889 3566 ³
918 3531 1141 3604 peccati,
1165 3527 1510 3585 nihilominus
1528 3525 1611 3580 his
1630 3524 1807 3580 verbis
1834 3524 2125 3593 reprehen-

533 3632 697 3687 ditur.
726 3628 901 3695 Quare
929 3619 1330 3692 intelligendum
1368 3627 1477 3681 est,
1509 3617 1679 3687 legem
1718 3616 1784 3670 ad
1822 3616 1922 3671 hoc
1945 3615 2122 3670 datam

533 3738 676 3788 esse,
696 3736 801 3776 non
829 3726 887 3772 ut
912 3723 1187 3785 peccatum
1206 3712 1549 3773 insererelur,
1578 3722 1751 3776 neque
1777 3716 1834 3761 nt
1859 3707 2123 3775 exstirpa-

533 3823 706 3879 retur,
735 3810 828 3866 sed
879 3818 1083 3864 tantum
1117 3815 1174 3858 ut
1221 3803 1697 3863 demonstraretur,
1744 3816 1849 3868 quo
1893 3799 2123 3852 animam

536 3906 821 3961 humanam
848 3899 1000 3971 quasi
1045 3897 1113 3951 de
1152 3893 1453 3949 innocentia
1497 3906 1739 3946 securam
1785 3891 1896 3960 ipsa
1926 3888 2124 3959 peccati

534 3993 987 4052 demonstratione
1015 4003 1161 4043 ream
1187 3986 1387 4039 faceret
1416 3999 1428 4035 :
1458 3995 1515 4037 ut
1543 3983 1664 4052 quia
1705 3989 1980 4051 peccatum
2011 3982 2127 4035 sine

533 4090 702 4159 gratia
737 4085 828 4138 Dei
857 4081 995 4135 vinei
1023 4096 1125 4134 non
1156 4086 1366 4146 posset,
1397 4076 1506 4143 ipsa
1544 4082 1725 4128 reatus
1771 4070 2127 4127 sollicitudine

537 4179 603 4233 ad
634 4170 1025 4246 percipiendam
1075 4166 1295 4236 gratiam
1339 4173 1760 4218 converteretur.
1811 4162 1989 4231 Itaque
2019 4175 2127 4215 non

539 4270 648 4333 ait,
683 4267 961 4319 Peccatum
991 4275 1095 4311 non
1129 4256 1226 4310 feci
1249 4296 1263 4319 ,
1293 4254 1390 4307 nisi
1424 4267 1517 4321 per
1547 4252 1752 4320 legem;
1781 4251 1874 4305 sed
1894 4291 1909 4315 ,
1937 4250 2127 4304 Pecca-

539 4371 645 4415 tum
689 4374 786 4410 non
816 4350 1054 4423 cognovi,
1096 4348 1189 4401 nisi
1224 4362 1314 4417 per
1355 4344 1532 4415 legem.
1569 4343 1755 4412 Neque
1790 4356 1977 4397 rursus
2016 4341 2124 4408 ait,

540 4452 672 4510 Nam
701 4442 1180 4515 concupiscentiam
1209 4453 1315 4493 non
1344 4434 1599 4492 habebam
1620 4476 1634 4499 ,
1667 4434 1767 4488 nisi
1799 4434 1885 4489 lex
1905 4431 2127 4498 diceret,

542 4544 658 4601 Non
685 4540 1064 4607 concupisces;
1094 4530 1187 4586 sed
1216 4530 1317 4592 ait,
1350 4526 1813 4597 Concupiscentiam
1854 4523 2129 4577 nesciebam

545 4638 643 4692 nisi
669 4637 749 4690 lex
777 4632 995 4694 diceret,
1043 4624 1161 4679 Non
1190 4621 1528 4691 concupisces.
1566 4618 1712 4691 Upde
1754 4628 1973 4689 apparet
2001 4632 2130 4670 con-

543 4725 923 4800 cupiscentiam
975 4735 1069 4790 per
1117 4717 1288 4787 legem
1337 4729 1443 4769 non
1494 4712 1741 4777 insitam,
1769 4711 1863 4767 sed
1911 4709 2132 4765 demon—

544 4798 787 4878 stratam.
1477 4798 1487 4810 ’
1696 4821 1703 4827 ‘

616 4913 668 4967 5.
711 4909 1055 4975 Consequens
1080 4908 1256 4954 autem
1284 4903 1399 4951 erat
1420 4901 1477 4948 ut
1500 4892 1751 4963 quoniam
1782 4889 2015 4944 nondum
2037 4904 2130 4944 ae-

546 5012 699 5073 cepta
727 5000 894 5071 gratia
937 4989 1382 5064 concupiscentiae
1421 4985 1595 5041 resisti
1634 5000 1737 5038 non
1767 4990 2007 5052 poterat,
2033 4995 2131 5034 au-

545 5101 761 5166 geretur
779 5089 968 5151 etiam;
991 5087 1113 5156 quia
1140 5083 1371 5152 majores
1397 5078 1537 5133 vires
1562 5075 1723 5131 habet
1749 5073 2133 5142 concupiscen-

548 5164 620 5240 tia
670 5177 894 5236 crimine
946 5171 1393 5243 praevaricationis
1458 5168 1750 5237 adjuncto,
1802 5181 1920 5219 cum
1972 5164 2131 5218 etiam

552 5284 737 5333 contra
782 5269 952 5339 legem
981 5264 1103 5319 facit
1123 5305 1149 5327 ,
1168 5278 1324 5332 quam
1353 5263 1396 5316 si
1424 5261 1563 5315 nulla
1595 5260 1710 5328 lege
1739 5256 2129 5327 prohiberetur.

547 5369 947 5437 Consequenter
978 5350 1155 5426 itaque
1201 5354 1503 5423 snbjungit,
1539 5351 1813 5406 Occasione
1840 5358 2005 5401 autem
2041 5361 2130 5397 ac-

613 5486 631 5517 ι
656 5487 790 5539 Post,
816 5471 1078 5539 litterisque
1105 5466 1358 5539 mandata,
1386 5466 1649 5539 victoriam
1683 5457 2008 5539 eodeu'fol‘us'
2028 5457 2135 5539 haec

548 5517 796 5599 ιωιὶῖῖιὶ
810 5517 1215 5604 ﬂexasde
1236 5517 1464 5604 me
1483 5517 2133 5604 81""..etsfﬁt_i‘9€‘f.‘_!fiti2‘

547 5585 902 5667 Wfﬁn
913 5597 1021 5662 jam
1034 5597 1209 5667 paratu
1230 5585 1391 5667 erdﬂntj
1400 5586 1509 5667 misi
1524 5624 1538 5645 ,
1560 5585 1911 5667 consideranda
1926 5585 2136 5645 pruden-

549 5648 1273 5724 m'p-roszaqznmrs
1301 5648 1391 5724 se!
1410 5655 1587 5724 turea
1789 5709 1799 5718 .
1926 5703 2104 5724 .

617 5709 767 5776 δλῖιῖί
789 5709 942 5773 tit—ir:
959 5709 1310 5776 inseniimtﬁx.
1338 5717 1488 5776 favet
1523 5709 1830 5759 Corbeiensis
1861 5709 2134 5758 vetustissi-

552 5771 858 5848 ωιιίῦὰὸέ,
882 5771 969 5849 qui
988 5780 1155 5836 habet.
1176 5771 1525 5826 insemiratrix.

1119 303 1209 363 DE
1246 302 1560 359 DIVERSIS
1595 300 2119 372 QUESTIONIBUS
2153 302 2248 358 AD
2285 302 2782 372 SIMPLICIANUM,
2824 306 2883 363 S.
2923 305 3288 364 AUGUSTINI

3709 308 3815 368 ιοι

2230 431 2407 489 cepta,
2459 431 2717 490 peccatum
2764 440 2853 492 per
2890 423 3188 478 mandatum
3229 431 3494 494 operatum
3533 432 3608 480 est
3647 425 3703 480 in
3731 441 3814 482 tlte

2230 528 2425 567 omnem
2450 514 2929 586 concupiscentiam.
2956 516 3240 570 Eratenim
3271 525 3326 569 et
3347 525 3472 570 ante
3500 515 3694 586 legem,
3719 515 3818 573 sed

2230 619 2337 660 non
2353 606 2526 660 omnis
2549 616 2684 672 erat,
2703 606 2917 676 quando
2939 607 3142 662 crimen
3167 606 3616 675 prtevarieationis
3642 608 3818 665 adhuc

2229 695 2438 753 deerat.
2470 698 2624 754 Unde
2650 699 2755 756 alio
2800 701 2916 755 loco
2952 700 3120 755 dicit:
3151 698 3250 755 Ubi
3275 700 3411 755 enim
3453 715 3557 755 non
3597 709 3669 755 est
3696 700 3815 769 lex,

2228 803 2320 842 nec
2339 789 2687 857 praevaricatio
2711 788 2890 862 (Rom.
2922 807 2999 857 Iv,
3033 790 3137 860 l5).

2298 879 2352 934 4.
2392 878 2547 947 Quod
2589 888 2765 936 autem
2810 881 3076 951 adjungit,
3110 881 3235 936 Sine
3255 882 3363 952 lege
3386 883 3519 936 enim
3554 890 3811 953 peccatum

2227 979 2481 1024 mortuum
2500 979 2608 1034 est;
2634 986 2729 1041 pro
2751 986 2816 1026 eo
2839 972 3064 1042 positum
3096 980 3208 1035 est,
3237 987 3300 1028 ac
3326 973 3369 1027 si
3394 972 3613 1037 diceret,
3638 972 3812 1037 Latet,

2226 1061 2331 1117 hoc
2355 1070 2466 1128 est,
2501 1072 2769 1118 mortuum
2801 1072 3014 1133 putatur
3042 1083 3054 1117 :
3083 1064 3224 1133 quod
3266 1064 3419 1133 paulo
3452 1074 3571 1134 post
3594 1064 3816 1119 eviden-

2227 1154 2333 1210 tius
2380 1153 2619 1209 dicturus
2664 1164 2766 1211 est.
2812 1154 2926 1228 Ego
2964 1166 3165 1223 autem,
3198 1157 3398 1226 inquit,
3430 1156 3651 1211 vivebam
3703 1158 3815 1212 sine

2229 1248 2336 1318 lege
2362 1248 2639 1317 aliquando
2662 1264 2680 1301 :
2704 1247 2753 1302 id
2782 1258 2863 1302 est
2881 1290 2896 1315 ,
2925 1249 3066 1304 nulla
3095 1266 3160 1304 ex
3184 1260 3400 1321 peccato
3434 1259 3606 1307 morte
3636 1260 3812 1308 terre-

2227 1337 2325 1393 bar
2355 1340 2402 1404 ¹;
2434 1338 2555 1408 quia
2583 1354 2689 1394 non
2726 1339 3043 1409 apparebat,
3075 1355 3196 1395 cum
3235 1341 3321 1395 lex
3351 1355 3457 1396 non
3495 1351 3671 1408 esset,
3704 1341 3815 1395 Ad-

2226 1433 2451 1486 veniente
2489 1442 2656 1485 autem
2705 1432 2942 1486 mandato
2960 1474 2975 1497 ,
3020 1443 3281 1501 peccatum
3320 1433 3537 1498 revixit;
3562 1433 3665 1488 hoc
3692 1442 3809 1502 est,

2226 1522 2487 1593 apparuit.
2519 1521 2631 1592 Ego
2674 1534 2840 1576 autem
2882 1533 3106 1578 mortuus
3142 1540 3251 1578 sum
3274 1540 3294 1579 :
3316 1524 3369 1578 id
3397 1532 3513 1592 est,
3546 1534 3812 1581 mortuum

2226 1630 2314 1669 me
2358 1630 2479 1670 esse
2527 1615 2785 1685 cognovi;
2818 1614 2905 1670 vel
2955 1615 3077 1684 quia
3129 1626 3310 1671 reatus
3358 1616 3811 1686 praevaricationis

2227 1714 2432 1763 certum
2481 1707 2669 1763 mortis
2708 1708 3024 1777 supplicium
3065 1708 3443 1764 comminatur.
3489 1708 3631 1765 Sane
3669 1709 3815 1780 quod

2226 1799 2335 1865 ait,
2367 1798 2639 1854 Peccatum
2667 1798 2844 1853 revixit
2872 1798 3162 1852 adveniente
3189 1798 3433 1852 mandato
3449 1840 3465 1866 ,
3488 1799 3621 1855 satis
3644 1800 3811 1871 signi-

2226 1890 2401 1945 ficavit
2440 1890 2542 1946 hoc
2568 1890 2728 1945 modo
2766 1889 3049 1958 aliquando
3075 1890 3268 1944 vixisse
3307 1899 3619 1961 peccatum,
3652 1890 3704 1946 id
3731 1898 3816 1947 est

2226 1992 2412 2038 notum
2428 1981 2650 2050 fuisse”,
2674 1982 2812 2037 sicut
2840 1981 3088 2045 arbitror,
3117 1981 3169 2035 in
3197 1981 3635 2051 praevaricatione
3655 1981 3813 2053 primi

2227 2073 2488 2137 hominis,
2519 2072 2642 2143 quia
2669 2079 2724 2126 et
2759 2071 2873 2140 ipse
2901 2070 3206 2125 mandatum
3246 2080 3526 2141 acceperat
3548 2070 3705 2141 (Gen.
3739 2088 3812 2141 ιι,

2230 2167 2341 2236 l7).
2371 2165 2504 2220 Nam
2533 2174 2589 2219 et
2610 2164 2716 2218 alio
2759 2163 2879 2218 loco
2906 2161 3067 2224 dicit,
3101 2160 3287 2216 Mulier
3319 2172 3490 2215 autem
3523 2162 3734 2217 seducta
3761 2164 3818 2220 in

2228 2257 2639 2329 prmicatione
2665 2258 2798 2327 facta
2817 2265 2889 2309 est
2910 2254 2931 2285 ³
2961 2252 3009 2321 (ι
3027 2252 3162 2307 Tim.
3187 2269 3252 2319 ιι,
3283 2252 3373 2325 14)
3393 2269 3406 2305 :
3426 2262 3481 2309 et
3509 2254 3719 2321 iterum,
3743 2252 3818 2310 In

2226 2348 2555 2405 similitudine
2577 2345 3003 2418 praevaricationis
3043 2344 3197 2412 Adte,
3220 2348 3305 2415 qui
3344 2354 3413 2399 est
3445 2348 3612 2416 [arma
3654 2345 3820 2414 futuri

2228 2443 2403 2514 (Rom.
2435 2458 2489 2505 v,
2515 2443 2624 2511 14).
2651 2440 2765 2495 Non
2792 2439 2934 2494 enim
2957 2446 3131 2507 potest
3158 2437 3511 2502 reviviscere,
3543 2436 3645 2492 nisi
3671 2435 3818 2508 quod

2226 2532 2685 2604 vixitaliquando.
2718 2529 2826 2586 Sed
2862 2538 3129 2585 mortuum
3159 2528 3357 2593 fuerat,
3391 2527 3444 2583 id
3472 2537 3556 2582 est
3580 2528 3820 2584 occulta-

2227 2634 2338 2680 tum
2359 2666 2375 2691 ,
2403 2638 2524 2679 cum
2554 2622 2806 2678 mortales
2842 2620 2952 2675 nati
2978 2620 3093 2675 sine
3130 2617 3382 2674 mandato
3414 2618 3547 2688 legis
3574 2617 3820 2676 homines

2227 2716 2498 2782 viverent,
2529 2722 2815 2784 sequentes
2852 2709 3315 2780 concupiscentias
3357 2709 3533 2763 carnis
3562 2708 3676 2763 sine
3705 2707 3815 2765 ulla

2229 2809 2530 2879 cognitione
2553 2848 2568 2873 ,
2599 2805 2723 2877 quia
2758 2805 2877 2858 sine
2906 2802 3012 2859 ulla
3056 2799 3436 2872 prohibitione.
3468 2800 3638 2870 Ergo,
3668 2798 3815 2871 Ego,

2228 2900 2428 2971 inquit,
2457 2898 2682 2952 vivebam
2708 2896 2817 2950 sine
2848 2895 2958 2966 lege
2975 2892 3272 2963 aliquando.
3303 2890 3459 2948 Unde
3477 2889 3815 2959 manifestat,

2230 3007 2339 3048 non
2374 3007 2439 3047 ex
2470 3004 2697 3061 persona
2731 3004 2826 3044 sua
2854 2990 3096 3058 proprie,
3126 2985 3222 3040 sed
3256 2984 3580 3055 generaliter
3601 2999 3670 3039 ex
3696 2999 3820 3055 per-

2230 3099 2360 3140 sona
2413 3082 2610 3138 veteris
2639 3080 2660 3112 δ
2693 3079 2930 3135 hominis
2979 3092 3040 3133 se
3082 3076 3250 3147 loqui.
3299 3075 3603 3130 Adveniente
3650 3085 3820 3131 autem

2230 3175 2473 3230 mandato
2496 3181 2757 3244 peccatum
2783 3171 2981 3225 revixit.
3010 3169 3123 3240 Ego
3146 3178 3315 3222 autem
3351 3177 3576 3222 mortuus
3594 3184 3707 3222 sum
3720 3183 3743 3234 ;
3770 3178 3821 3224 et

2229 3270 2487 3323 inventum
2525 3274 2595 3319 est
2624 3265 2747 3317 milii
2775 3262 3071 3316 mandatum
3104 3261 3239 3330 quod
3270 3271 3379 3316 erat
3417 3262 3472 3315 in
3509 3262 3687 3327 vitam,
3721 3262 3821 3317 hoc

2231 3377 2337 3415 esse
2380 3359 2433 3413 in
2474 3367 2704 3412 mortem.
2747 3353 2994 3409 Mandato
3035 3354 3178 3408 enim
3222 3353 3267 3407 si
3308 3352 3608 3417 obediatur,
3634 3352 3823 3423 utique

2230 3452 2339 3505 vita
2374 3458 2476 3505 est.
2516 3448 2625 3502 Sed
2667 3447 2937 3501 inventum
2965 3453 3050 3498 est
3083 3457 3204 3499 esse
3232 3444 3286 3498 in
3312 3454 3576 3507 mortem,
3602 3443 3729 3498 dum
3758 3444 3823 3500 fit

2232 3549 2417 3597 contra
2441 3539 2783 3601 mandatum,
2816 3546 2870 3590 ut
2896 3550 3001 3589 non
3028 3534 3201 3589 solum
3227 3542 3505 3603 peccatum
3529 3532 3640 3598 fiat,
3675 3532 3823 3604 quod

2233 3637 2394 3690 etiam
2443 3642 2567 3687 ante
2609 3630 2916 3685 mandatum
2967 3627 3156 3693 fiebat,
3185 3626 3283 3681 sed
3326 3627 3429 3682 hoc
3462 3626 3822 3683 abundantius

2232 3738 2288 3785 et
2312 3725 2664 3797 perniciosius
2677 3764 2692 3790 ,
2722 3730 2783 3777 ut
2800 3721 2909 3791 jam
2938 3735 2971 3774 a
2991 3721 3196 3775 sciente
3213 3726 3269 3774 et
3287 3717 3674 3788 praevaricante
3692 3731 3822 3788 pec-

2233 3830 2403 3877 Cewt'.

2304 3912 2360 3965 5.
2403 3907 2679 3963 Peccatum
2722 3906 2885 3970 enim,
2932 3903 3131 3973 inquit,
3173 3901 3436 3957 occasione
3482 3910 3687 3973 accepta
3728 3918 3825 3974 per

2234 4002 2559 4066 mandatum,
2593 3996 2774 4070 fefellit
2794 4012 2872 4050 me
2891 4036 2907 4061 ,
2936 4004 2981 4049 et
3020 4010 3109 4065 per
3140 3991 3273 4047 illud
3306 3991 3505 4047 occidit.
3537 3992 3824 4048 Peccatum

2235 4112 2342 4149 non
2389 4094 2625 4163 legitime
2669 4098 2820 4144 utens
2849 4085 2927 4156 (a)
2963 4086 3110 4157 lege,
3158 4099 3231 4140 ex
3270 4083 3626 4154 prohibitione
3663 4091 3825 4139 aucto

2235 4184 2536 4249 desiderio,
2561 4181 2765 4236 dulcius
2798 4178 2993 4233 factum
3024 4184 3136 4239 est,
3164 4182 3219 4229 et
3252 4172 3371 4229 ideo
3406 4172 3609 4228 fefellit.
3638 4171 3826 4229 Fallax

2236 4277 2377 4330 enim
2408 4272 2638 4328 dulcedo
2665 4279 2786 4334 est,
2818 4282 2977 4338 quam
3006 4264 3186 4334 plures
3228 4273 3388 4334 atque
3432 4262 3661 4332 majores
3700 4276 3825 4332 pa;-

2238 4383 2425 4423 narum
2456 4362 2845 4420 amaritudines
2871 4365 3285 4427 consequuntur.
3317 4354 3449 4422 Quia
3477 4369 3606 4425 ergo
3629 4353 3696 4409 ab
3721 4353 3827 4410 ho-

2237 4459 2468 4515 minibus
2509 4456 2741 4509 nondum
2772 4450 3102 4522 spiritualem
3140 4447 3359 4520 gratiam
3405 4445 3826 4519 percipientibus

2238 4552 2453 4608 suavius
2478 4546 2775 4602 admittitur
2798 4542 2941 4612 quod
2965 4550 3195 4606 vetetur,
3224 4538 3357 4593 fallit
3381 4546 3656 4608 peccatum
3688 4537 3828 4596 falsa

2237 4641 2543 4698 dulcedine.
2569 4638 2701 4704 Quia
2731 4648 2861 4689 vero
2885 4632 3046 4689 etiam
3071 4629 3276 4687 accedit
3297 4640 3478 4685 reatus
3505 4628 3826 4700 prevarica-

2238 4735 2398 4793 tionis
2417 4775 2431 4799 ,
2464 4729 2680 4787 occidit.

2310 4827 2363 4882 6.
2407 4824 2586 4891 Itaque
2611 4820 2692 4874 lex
2709 4816 2912 4889 quidem
2931 4823 3106 4870 sancta
3124 4855 3139 4880 ,
3162 4821 3210 4867 et
3239 4812 3537 4866 mandatum
3559 4819 3790 4867 sanctum
3806 4853 3825 4877 ,

2238 4931 2283 4976 et
2300 4923 2498 4993 justum
2518 4957 2532 4980 ,
2560 4924 2606 4969 et
2637 4914 2841 4967 bonum.
2879 4907 3122 4965 Jubenda
3154 4907 3297 4961 enim
3337 4906 3525 4977 jubet,
3557 4913 3613 4963 et
3635 4904 3829 4977 probi-

2241 5012 2413 5068 henda
2441 5007 2704 5079 prohibet.
2742 5004 2890 5071 Quod
2904 5018 3023 5073 ergo
3043 5002 3229 5055 bonum
3254 5008 3359 5065 est,
3388 4999 3515 5053 mihi
3544 5002 3733 5070 factum
3753 5008 3832 5053 est

2240 5103 2417 5159 mors?
2446 5100 2602 5155 Absit.
2637 5100 2692 5154 In
2720 5099 2858 5153 male
2896 5105 3079 5151 ntente
3119 5094 3317 5164 quippe
3352 5092 3685 5160 vitiumest,
3716 5106 3832 5148 non

2242 5202 2295 5255 in
2322 5197 2571 5254 mandato
2600 5195 2716 5265 ipso
2733 5235 2748 5261 ,
2776 5190 2922 5261 quod
2948 5189 3146 5244 bonum
3166 5193 3270 5242 est.
3293 5184 3557 5254 Quoniam
3577 5183 3718 5241 bona
3742 5193 3836 5240 est

2308 5389 2324 5419 ί
2350 5393 2447 5448 Sex
2469 5378 2837 5448 ttss.,gtenebar.
2873 5445 2880 5448 _
2996 5439 3015 5448 _
3048 5436 3061 5448 ⁸

2306 5452 2325 5481 ί
2349 5439 2653 5495 (‘orbeienisis
2676 5451 2778 5501 δίδη
2800 5445 2967 5491 natum
2986 5439 3153 5502 misse.

2308 5512 2328 5543 ³
2351 5494 2416 5558 na
2452 5517 2556 5555 Mss.
2592 5507 2728 5567 juxta
2766 5494 2998 5567 graeng
3034 5506 3092 5551 At
3112 5498 3250 5560 editi,
3269 5494 3847 5561 Mulierautemsaproo

2244 5569 2528 5623 varicatione
2550 5564 2749 5618 seducta
2769 5564 2876 5623 fuit.

2310 5619 2341 5665 δ’
2354 5633 2515 5689 Abest,
2540 5625 2739 5686 veteris,
2762 5619 2791 5676 ἐι
2814 5624 3055 5674 Victorino
3087 5621 3259 5674 codice
3296 5627 3351 5673 et
3370 5619 3844 5681 vetustissimum:-

2245 5694 2455 5745 heiensi.

2312 5757 2383 5818 (a)
2406 5760 2565 5813 Forte,
2589 5746 2750 5802 tuenti.
