4134 6208
235 236 335 295 105

233 353 352 418 lex,
374 349 421 407 si
450 349 572 421 quis
591 363 657 405 ea
680 347 919 420 legitime
937 352 1116 402 utatur
1147 344 1190 419 (Ι
1216 342 1350 400 Tim.
1378 360 1430 411 ι,
1457 342 1538 417 8).
1567 344 1702 400 Male
1729 360 1823 399 au-

234 452 343 499 tem
364 442 531 497 utitur
557 441 699 512 lege,
722 442 815 511 qui
834 453 944 495 non
966 452 1025 493 se
1047 436 1228 493 subdit
1252 436 1364 492 Deo
1390 435 1474 506 pia
1502 435 1819 501 humilitate,

235 546 293 591 ut
315 550 413 607 per
428 535 654 606 gratiam
678 532 767 588 lex
792 532 959 603 possit
990 529 1215 602 impleri.
1238 529 1416 600 ltaque
1433 528 1499 583 ad
1526 514 1657 582 nihil
1680 527 1823 582 aliud

234 628 428 697 accipit
473 627 680 697 legem,
713 624 803 695 qui
848 638 955 678 non
1003 638 1065 678 ea
1111 622 1343 692 legitime
1390 623 1573 688 utitur,
1620 619 1722 673 nisi
1767 628 1826 673 ut

233 725 515 789 peccatum
544 716 663 786 ejus
690 714 835 785 quod
864 713 1065 768 latebat
1090 723 1215 767 ante
1241 712 1659 782 prohibitionem
1682 751 1697 776 ,
1726 724 1823 780 ap-

232 823 425 879 parere
469 808 689 877 incipiat
730 821 824 876 per
865 804 1376 875 praevaricationem.
1417 802 1485 856 Et
1530 801 1632 857 hoc
1668 818 1826 870 supra

234 902 480 964 modum;
509 900 635 970 quia
657 898 766 968 jam
788 913 892 952 non
918 897 1088 953 solum
1118 904 1394 965 peccatum
1425 893 1484 948 tit
1502 936 1516 958 ,
1545 893 1638 948 sed
1665 893 1822 948 etiam

234 1002 418 1047 contra
468 990 798 1044 mandatum.
839 988 1091 1059 Sequitur
1127 1002 1291 1057 ergo,
1318 996 1372 1041 et
1415 984 1652 1055 adjungit
1677 1002 1690 1038 :
1720 983 1826 1039 Sed

235 1093 528 1154 peccatum,
556 1092 610 1137 ut
638 1090 885 1151 appareat
910 1091 1190 1152 peccatum,
1216 1094 1305 1149 per
1331 1077 1515 1132 bonum
1543 1076 1669 1129 mihi
1706 1092 1824 1146 ape-

234 1184 401 1229 mtum
446 1183 518 1228 est
557 1182 802 1238 nwrtem,
831 1180 886 1225 ut
923 1172 1011 1240 fiat
1047 1185 1205 1241 supra
1246 1168 1451 1223 modum
1480 1177 1711 1239 peccator
1738 1175 1824 1220 aut

235 1277 497 1337 peccatum
538 1282 627 1336 per
654 1264 972 1319 mandatum.
998 1261 1150 1318 Unde
1194 1260 1502 1316 manifestat
1528 1275 1633 1329 quo
1661 1273 1823 1314 sensu

236 1357 430 1412 dixerit
458 1358 707 1427 superius
729 1397 743 1423 ,
773 1356 902 1411 Sine
942 1355 1049 1426 lege
1090 1354 1225 1409 enim
1272 1363 1531 1424 peccatum
1574 1361 1825 1405 mortuum

237 1458 339 1515 est;
372 1464 481 1503 nou
506 1449 631 1518 quia
673 1463 777 1503 non
827 1458 972 1514 erat,
1000 1445 1095 1502 sed
1123 1446 1245 1516 quia
1278 1461 1383 1501 non
1412 1444 1702 1515 apparebat
1729 1463 1742 1498 :
1771 1454 1826 1499 et

237 1539 511 1610 quomodo
534 1539 733 1593 dictum
764 1539 866 1603 sit,
900 1536 1175 1592 Peccatum
1213 1535 1425 1599 revixit;
1455 1549 1559 1589 nou
1594 1544 1651 1588 ut
1683 1542 1827 1589 esset

238 1630 376 1700 quod
401 1639 523 1685 erat
547 1638 600 1684 et
631 1639 759 1683 ante
786 1629 962 1698 legem
980 1668 994 1693 ,
1023 1625 1118 1681 sed
1149 1634 1209 1680 ut
1234 1632 1547 1697 appareret,
1576 1625 1823 1694 quoniam

239 1724 392 1778 ﬁebat
419 1730 610 1777 contra
638 1721 812 1791 legem
837 1738 850 1774 :
876 1716 1309 1790 quandoquidem
1338 1716 1442 1772 hoc
1459 1717 1577 1771 loco
1601 1717 1694 1783 ait,
1720 1716 1826 1770 Sed

241 1823 531 1886 peccatum,
560 1823 617 1866 ut
642 1822 885 1883 appareat
910 1820 1207 1882 peccatum,
1234 1827 1324 1880 per
1349 1811 1531 1865 bonum
1556 1809 1681 1863 mihi
1702 1826 1821 1880 ope-

242 1916 394 1962 ratum
420 1917 495 1960 est
515 1915 746 1960 mortem.
771 1903 888 1960 Non
909 1904 1053 1959 enim
1074 1904 1179 1970 ait,
1206 1912 1265 1957 ut
1282 1902 1351 1957 sit
1374 1911 1683 1974 peccatum;
1706 1900 1822 1969 sed,

245 2009 290 2053 at
307 2007 561 2070 appareat
584 2007 869 2068 peccatum.

300 2091 352 2145 7.
387 2088 596 2143 Deinde
642 2086 913 2157 subjungit
953 2100 1205 2152 causam,
1231 2099 1331 2140 cur
1371 2085 1445 2140 ita
1485 2086 1596 2140 sit:
1623 2085 1827 2140 Scimus

246 2182 385 2248 anim,
413 2181 611 2250 inquit,
638 2180 759 2245 quia
785 2180 868 2234 lea:
892 2179 1173 2248 spiritualis
1197 2185 1308 2243 est;
1332 2194 1424 2249 ego
1451 2188 1615 2231 autem
1639 2194 1825 2231 carna-

245 2273 301 2328 lis
327 2289 461 2327 sum.
487 2270 547 2325 ln
569 2286 676 2342 quo
695 2270 826 2325 satis
846 2269 1079 2325 ostendit
1107 2284 1212 2324 non
1239 2283 1397 2340 posse
1426 2268 1633 2339 impleri
1656 2269 1827 2339 legem

246 2364 339 2419 nisi
368 2380 396 2416 a
423 2362 797 2433 spiritualibus
820 2404 837 2430 ,
865 2362 954 2433 qui
984 2377 1092 2417 non
1122 2362 1257 2417 liunt
1299 2362 1401 2416 nisi
1441 2375 1538 2431 per
1580 2361 1822 2431 gratiam.

242 2455 508 2528 Spirituali
536 2458 682 2512 enim
710 2456 816 2527 legi
856 2463 1056 2526 quanto
1100 2454 1160 2509 llt
1194 2454 1420 2525 quisque
1462 2453 1725 2519 similior,
1772 2452 1826 2508 id

244 2559 355 2616 est,
404 2558 609 2619 quanto
658 2548 828 2619 magis
882 2556 938 2603 et
987 2548 1101 2617 ipse
1156 2546 1209 2600 in
1275 2545 1603 2616 spiritualcm
1658 2545 1826 2615 surgit

239 2640 526 2707 aﬂectum,
553 2647 698 2695 tanto
731 2654 850 2694 eam
886 2640 1055 2708 magis
1090 2636 1312 2706 implet;
1352 2637 1474 2707 quia
1528 2645 1677 2690 tanto
1714 2650 1828 2690 ma~

240 2732 319 2803 gis
353 2748 419 2787 ea
470 2731 796 2796 delectatur,
824 2730 934 2800 jam
962 2745 1067 2784 non
1093 2729 1194 2784 sub
1229 2729 1346 2799 ejus
1371 2744 1534 2784 onere
1561 2724 1822 2798 afﬂictus,

241 2822 333 2878 sed
386 2822 503 2891 ejus
556 2821 758 2876 lumine
812 2828 1127 2890 vegetatus:
1163 2819 1286 2890 quia
1340 2827 1665 2890 przeceptum
1716 2818 1824 2873 Do-

241 2915 368 2970 nini
393 2913 629 2969 lucidum
646 2921 731 2968 est
752 2912 1054 2967 illuminans
1076 2912 1287 2980 oculos,
1311 2921 1365 2967 et
1385 2912 1469 2967 lex
1500 2911 1708 2966 Domini
1724 2912 1824 2965 im-

242 3006 505 3061 maculata
552 3012 872 3059 convertens
894 3004 1099 3059 animas
1125 3002 1293 3074 (Psal.
1318 3019 1470 3067 xvut,
1498 3002 1532 3058 8
1554 3044 1569 3068 ,
1592 3004 1684 3073 9);
1709 3017 1828 3073 gra-
1879 3068 1881 3072 Α

241 3098 317 3151 tia
337 3098 569 3151 donante
595 3104 811 3165 peccata
837 3138 852 3163 ,
882 3104 936 3151 et
973 3092 1283 3150 infundente
1310 3094 1556 3164 Spiritum
1593 3093 1823 3148 Charita-

243 3188 345 3253 tis,
375 3203 481 3257 quo
501 3196 557 3241 et
597 3202 702 3241 non
725 3187 796 3242 sit
822 3187 1045 3242 molesta
1068 3228 1084 3253 ,
1112 3196 1165 3241 et
1189 3186 1260 3241 sit
1299 3186 1457 3241 etiam
1488 3184 1723 3255 jucunda
1743 3185 1829 3255 ju-

243 3282 402 3335 stitia.
448 3280 594 3335 Sane
634 3295 757 3334 cum
782 3278 1040 3343 dixisset,
1078 3276 1191 3349 Ego
1219 3286 1388 3330 autem
1416 3276 1637 3331 carnalis
1674 3291 1828 3342 sum;

244 3372 514 3427 contexuit
543 3370 706 3426 etiam
748 3369 920 3439 qualis
947 3368 1193 3423 carnalis.
1230 3366 1490 3437 Appellati
1534 3376 1659 3421 sunt
1682 3367 1826 3421 enim

242 3463 310 3516 ad
334 3460 619 3533 quemdam
651 3458 867 3515 modum
897 3459 1160 3520 carnales,
1192 3458 1301 3527 jam
1332 3458 1493 3513 etiam
1533 3457 1632 3513 sub
1656 3458 1826 3528 gratia

242 3553 535 3618 constituti,
572 3552 685 3622 jam
715 3550 973 3620 redempti
1006 3550 1265 3620 sanguine
1307 3549 1510 3604 Domini
1538 3590 1552 3615 ,
1574 3560 1627 3605 et
1656 3550 1827 3605 renati

241 3658 337 3713 per
361 3644 542 3709 fidem,
570 3642 764 3713 quibus
792 3640 931 3696 idem
961 3640 1233 3710 apostolus
1259 3639 1389 3694 dicit
1421 3657 1434 3693 :
1465 3639 1529 3693 Et
1555 3657 1677 3712 ego,
1711 3644 1824 3710 fra-

243 3746 365 3803 tres,
392 3754 494 3790 non
519 3737 668 3805 potui
696 3734 831 3805 loqui
858 3734 993 3788 vobis
1014 3733 1160 3803 quasi
1179 3732 1551 3802 spiritualibus,
1574 3732 1663 3787 sed
1681 3735 1826 3805 quasi

238 3827 529 3882 carnalibus
550 3844 572 3891 ;
595 3836 835 3898 tanquam
863 3826 1090 3897 parvulis
1127 3826 1181 3880 in
1210 3824 1409 3881 Christo
1450 3827 1530 3880 lac
1572 3826 1708 3881 vobis
1735 3843 1826 3897 po-

242 3928 349 3971 tum
376 3918 517 3982 dedi,
557 3933 659 3970 non
684 3932 851 3969 escam
880 3915 921 3985 (1
950 3914 1067 3969 Cor.
1095 3930 1184 3981 ιιι,
1227 3915 1253 3968 1
1278 3955 1293 3981 ,
1320 3914 1401 3984 2).
1433 3914 1585 3983 Quod
1609 3916 1822 3985 dicens,

236 4010 426 4079 utique
450 4007 685 4063 ostendit
707 4007 819 4076 jam
848 4014 1063 4061 renatos
1091 4005 1252 4061 luisse
1295 4020 1388 4074 per
1426 4005 1645 4076 gratiam
1672 4048 1688 4074 ,
1735 4008 1826 4079 qui

237 4108 400 4155 erant
428 4099 631 4169 parvuli
678 4099 729 4152 in
770 4096 984 4151 Christo
1011 4105 1066 4152 et
1105 4096 1239 4151 lacte
1270 4096 1525 4166 potandi,
1570 4106 1626 4152 et
1649 4105 1823 4154 tamen

232 4207 340 4248 eos
364 4192 536 4248 adhuc
561 4191 802 4246 carnales
832 4198 1002 4245 vocat.
1031 4189 1133 4257 Qui
1152 4198 1329 4244 autem
1358 4189 1590 4244 n0ndum
1622 4198 1705 4246 est
1726 4191 1827 4246 sub

234 4284 410 4353 gratia
429 4326 445 4350 ,
472 4282 571 4339 sed
594 4282 695 4337 sub
724 4282 840 4352 lege
861 4322 877 4346 ,
913 4281 983 4334 ita
1009 4280 1239 4335 carnalis
1264 4289 1385 4346 est,
1415 4290 1471 4334 ut
1497 4281 1730 4337 nondum
1756 4284 1827 4338 sit

232 4386 460 4432 renatus
494 4392 525 4431 a
558 4384 776 4446 peccato
797 4416 812 4440 ,
864 4372 958 4428 sed
995 4373 1345 4428 venumdatus
1387 4374 1487 4429 sub
1525 4384 1743 4444 peccato
1765 4376 1821 4442 ¹;

232 4469 493 4538 quioniam
547 4467 780 4536 pretium
823 4465 1113 4520 mortiferae
1153 4465 1438 4535 voluptatis
1488 4467 1822 4538 amplectitur

230 4561 581 4617 dulcedinem
627 4560 771 4614 illam
816 4573 919 4630 qua
965 4557 1187 4626 fallitur,
1235 4567 1289 4613 et
1330 4558 1623 4615 delectatur
1664 4561 1823 4615 etiam

226 4661 428 4709 contra
453 4653 624 4722 legem
656 4649 853 4712 facere,
882 4665 1000 4705 cum
1046 4656 1194 4703 tanto
1224 4650 1391 4719 magis
1428 4648 1593 4716 libet,
1626 4659 1825 4720 quanto

224 4746 421 4802 minus
448 4744 594 4798 licet.
634 4742 749 4809 Qua
776 4740 1038 4795 suavitate
1066 4741 1165 4794 l‘rui
1193 4755 1298 4794 non
1327 4749 1499 4809 potest
1522 4742 1673 4809 quasi
1701 4755 1824 4810 pre-

224 4838 307 4891 tio
351 4833 682 4890 Conditionis
725 4847 876 4896 suae,
919 4831 1022 4887 nisi
1061 4839 1282 4900 cogatur
1313 4839 1559 4900 tanquam
1589 4842 1825 4900 emptum

222 4922 802 4995 mancipiumservire
844 4920 1071 4977 libidini.
1115 4920 1290 4975 Sentit
1327 4920 1468 4976 enim
1511 4936 1571 4977 se
1612 4935 1825 4977 servum

216 5016 574 5077 dominantis
612 5013 938 5086 cupiditatis,
980 5013 1068 5084 qui
1098 5012 1447 5084 prohibetur,
1489 5021 1544 5069 et
1581 5027 1640 5069 se
1684 5022 1829 5069 recte

215 5110 512 5185 prohiberi
540 5104 837 5176 cognoscit,
865 5114 919 5160 et
947 5113 1121 5159 tamen
1152 5103 1298 5160 facit.

292 5204 360 5258 8-
415 5199 571 5268 Quod
598 5199 730 5252 enim
760 5213 941 5267 operor
964 5238 977 5259 ,
1010 5196 1083 5249 ait
1102 5238 1116 5261 ,
1147 5196 1344 5266 ignoro.
1376 5193 1492 5249 Non
1532 5194 1604 5248 ita
1631 5193 1720 5249 hic
1745 5193 1829 5248 di-

1610 225 1811 286 LlBER
1848 225 2119 287 PRIMUS.

3408 235 3517 298 £06

1935 343 2028 398 lud
2056 343 2328 413 superius,
2362 343 2467 399 Sed
2494 351 2752 417 peccatum
2774 360 2876 400 non
2899 345 3107 417 cognovi
3126 385 3141 412 ,
3187 347 3286 402 nisi
3322 364 3412 419 per
3439 350 3512 404 le-

1929 452 2060 505 gem.
2090 434 2366 503 Quomodo
2404 435 2543 491 enim
2579 444 2815 506 apparet,
2855 444 2948 491 aut
2973 435 3241 507 quomodo
3263 441 3515 508 cognovit

1930 528 2072 599 quod
2100 528 2349 599 ignorat?
2375 528 2481 585 Sed
2509 532 2578 584 ita
2609 531 2805 586 dictum
2833 542 2943 596 est,
2973 532 3240 601 quomodo
3269 533 3513 590 dicturus

1929 629 2013 676 est
2041 622 2296 677 Dominus
2326 624 2499 693 impiis
2523 665 2537 690 ,
2573 623 2692 678 Non
2719 626 2833 679 novi
2859 641 2943 679 vos
2970 624 3179 697 (Matth.
3207 644 3311 682 xxv
3336 668 3350 693 ,
3393 626 3511 701 12).

1929 709 2112 781 Neque
2137 713 2277 766 enim
2304 712 2500 783 aliquid
2538 714 2703 768 Deum
2737 715 2863 768 latet
2890 756 2903 778 ,
2944 717 3155 784 quando
3195 719 3362 772 vultus
3395 718 3506 771 Do-

1928 803 2054 856 mini
2075 820 2228 874 super
2252 805 2488 876 facientes
2510 806 2667 872 mala,
2697 816 2753 860 ut
2775 808 2951 877 perdat
2974 807 3036 861 de
3060 816 3191 861 terra
3216 810 3513 863 memoriam

1876 918 1889 939 ι
1929 909 2103 949 eorum
2129 893 2299 967 (Psal.
2328 912 2518 960 xxxut,
2544 895 2651 967 l7).
2682 896 2788 953 Sed
2814 899 3039 953 dicimur
3058 900 3340 970 aliquando
3360 903 3513 972 igno-

1928 1002 2049 1043 rare
2087 988 2226 1058 quod
2254 1005 2358 1043 non
2395 989 2769 1059 approbamus.
2799 991 2870 1045 lla
2898 1008 3024 1062 ergo
3050 994 3155 1055 ait,
3192 993 3340 1062 Quod
3377 996 3511 1049 enim

1928 1093 2129 1147 operor,
2152 1079 2361 1150 ignoro;
2392 1080 2441 1133 id
2466 1092 2567 1147 est,
2597 1098 2698 1135 non
2721 1084 2977 1151 approbo.
3003 1083 3152 1151 Quod
3179 1100 3515 1155 consequen-

1930 1175 2011 1223 ter
2051 1171 2317 1236 ostendit,
2350 1171 2566 1239 dicens,
2620 1173 2740 1228 Non
2768 1175 2899 1228 enim
2933 1178 3066 1245 quod
3090 1177 3221 1241 volo,
3255 1179 3351 1231 hoc
3376 1194 3514 1246 ago;

1927 1262 2015 1316 sed
2042 1264 2176 1332 quod
2204 1264 2308 1329 odi,
2341 1265 2471 1318 illud
2500 1266 2652 1334 facio.
2684 1266 2834 1333 Quod
2867 1282 2994 1336 ergo
3021 1268 3113 1332 ait,
3137 1269 3250 1332 odi,
3285 1269 3384 1323 hoc
3411 1271 3509 1337 ait,

1927 1352 2103 1423 ignoro
2133 1369 2150 1407 :
2176 1355 2294 1423 quia
2340 1364 2392 1410 et
2435 1357 2629 1425 quibus
2658 1356 2893 1411 dicturus
2930 1367 3010 1412 est
3052 1359 3342 1424 Dominus,
3388 1358 3515 1415 Non-

1928 1444 2043 1497 novi
2067 1460 2153 1498 vos
2169 1460 2189 1508 ;
2214 1445 2280 1499 de
2308 1444 2391 1499 his
2422 1446 2495 1499 illi
2522 1446 2719 1500 dicitur
2740 1488 2753 1509 ,
2801 1446 3000 1515 Odisti,
3048 1447 3263 1503 Domine
3285 1492 3300 1514 ,
3339 1467 3516 1504 omnes

1928 1536 2013 1604 qui
2042 1547 2315 1607 operantur
2341 1538 2657 1605 iniquitatem
2688 1539 2857 1610 (Psal.
2887 1556 2940 1606 ν,
2975 1539 3048 1613 7).

2000 1628 2052 1683 9.
2083 1628 2144 1683 Si
2180 1639 2345 1682 autem
2384 1631 2519 1700 quod
2559 1633 2705 1698 nolo,
2746 1637 2840 1686 ltoc
2874 1634 3040 1704 facio;
3079 1635 3330 1689 consentio
3375 1635 3513 1705 legi,

1928 1719 2165 1787 quoniam
2194 1720 2324 1773 bona
2351 1730 2441 1774 est.
2476 1722 2587 1777 Hoc
2613 1722 2753 1777 enim
2792 1738 2897 1777 non
2929 1726 3070 1789 vult,
3100 1724 3239 1794 quod
3278 1734 3332 1780 et
3372 1726 3457 1779 lex
3493 1744 3512 1779 :

1928 1822 2050 1862 nam
2083 1807 2184 1863 hoc
2206 1819 2348 1863 vetat
2373 1810 2479 1865 lex.
2505 1810 2783 1867 Consentit
2809 1828 2933 1880 ergo
2962 1815 3097 1882 legi,
3126 1830 3229 1868 non
3258 1816 3308 1868 in
3336 1831 3511 1885 quan-

1929 1906 2041 1955 tum
2069 1901 2189 1955 facit
2215 1901 2355 1972 quod
2377 1903 2463 1957 illa
2488 1903 2755 1972 prohibet,
2785 1904 2879 1959 sed
2907 1904 2958 1958 in
2989 1916 3242 1974 quantum
3272 1922 3376 1960 non
3400 1907 3513 1961 vult

1927 1992 2068 2064 quod
2098 1992 2242 2048 facit.
2274 1995 2512 2050 Vincitur
2549 1997 2691 2051 enim
2733 1998 2967 2052 nondum
2996 2014 3091 2069 per
3116 1999 3336 2069 gratiam
3377 1999 3512 2055 libc~

1928 2092 2095 2149 ratus,
2136 2085 2376 2154 quamvis
2397 2085 2505 2155 jam
2533 2102 2628 2157 per
2656 2088 2826 2158 legem
2863 2100 2916 2143 et
2943 2091 3149 2143 noverit
3174 2105 3232 2143 se
3261 2090 3399 2145 male
3427 2091 3509 2146 l'a-

1928 2189 2072 2241 cere,
2100 2184 2151 2230 et
2179 2177 2330 2231 nolit.
2360 2176 2509 2244 Quod
2539 2193 2669 2233 vero
2694 2179 2953 2249 sequitur,
2984 2189 3039 2234 et
3064 2179 3212 2245 dicit,
3242 2179 3397 2234 Nunc
3415 2198 3511 2236 au-

1930 2274 2029 2320 tem
2046 2267 2160 2336 jam
2188 2283 2287 2321 non
2313 2283 2404 2339 ego
2430 2285 2612 2339 operor
2635 2268 2784 2335 illud,
2813 2269 2902 2323 sed
2931 2270 2985 2323 id
3008 2269 3144 2338 quod
3170 2270 3222 2323 in
3252 2288 3331 2324 me
3359 2272 3477 2325 habi
3493 2303 3512 2313 -

1930 2364 2001 2410 tat
2031 2343 2308 2427 peccatum;
2326 2374 2431 2413 non
2462 2359 2581 2415 ideo
2608 2359 2753 2426 dicit,
2773 2361 2893 2429 quia
2917 2376 3020 2414 non
3046 2361 3310 2416 consentit
3335 2362 3401 2417 ad
3428 2361 3516 2418 fa-

1929 2448 2175 2503 ciendum
2206 2457 2502 2519 peccatum,
2550 2452 2792 2519 quamvis
2832 2453 2930 2522 legi
2976 2455 3274 2508 consentiat
3310 2454 3375 2509 ad
3406 2455 3510 2511 hoc

1928 2536 2356 2609 improbandum.
2389 2540 2644 2611 Loquitur
2684 2542 2827 2596 enim
2855 2541 3028 2597 adhuc
3054 2557 3119 2598 ex
3146 2558 3373 2613 persona
3409 2546 3511 2601 ho-

1928 2627 2088 2683 minis
2113 2628 2213 2684 sub
2234 2629 2347 2699 lege
2369 2630 2639 2685 constituti
2671 2628 2781 2702 (a),
2813 2631 3048 2686 nondum
3079 2633 3179 2688 sub
3201 2634 3391 2703 gratia,
3420 2636 3513 2706 qui

1928 2721 2167 2792 profecto
2196 2722 2424 2777 trahitur
2456 2722 2523 2777 ad
2553 2723 2691 2778 male
2718 2723 3045 2793 Operandum
3083 2726 3513 2795 concupiscentia

1929 2813 2239 2870 dominante
2258 2822 2416 2884 atque
2436 2813 2652 2870 fallente
2674 2815 2955 2871 dulcedine
2981 2817 3185 2887 peccati
3216 2817 3464 2888 prohibiti
3490 2860 3507 2888 ,

1927 2907 2170 2978 quamvis
2213 2924 2281 2962 ex
2325 2916 2477 2977 parte
2515 2908 2717 2963 notitia:
2755 2909 2884 2979 legis
2927 2908 3030 2965 hoc
3078 2910 3359 2981 improbet.
3405 2913 3515 2970 Sed

1927 3008 2207 3069 propterea
2232 2998 2382 3063 dicit,
2408 2998 2530 3053 Non
2551 3016 2640 3070 ego
2664 3016 2844 3070 operor
2866 3000 3016 3067 illud,
3040 3002 3162 3072 quia
3188 3003 3361 3059 victus
3380 3020 3513 3076 ope-

1929 3097 2097 3144 ratur.
2126 3087 2400 3156 Cupiditas
2419 3090 2613 3159 quippe
2640 3089 2691 3143 id
2716 3098 2985 3158 operatur,
3016 3092 3099 3145 cui
3129 3095 3399 3162 superanti
3420 3110 3512 3150 ce-

1929 3178 2091 3235 ditur.
2122 3178 2194 3235 Ut
2220 3187 2394 3234 autem
2434 3195 2539 3233 non
2571 3178 2826 3247 cedatur,
2871 3180 3042 3249 sitque
3087 3197 3239 3238 mens
3278 3182 3512 3240 hominis

1929 3270 2186 3326 adversus
2210 3269 2555 3341 cupiditatem
2583 3270 2853 3327 robustior
2873 3312 2888 3339 ,
2916 3272 3086 3343 gratia
3115 3273 3273 3341 facit,
3302 3275 3370 3331 de
3406 3291 3511 3348 qua

1927 3371 2051 3435 post
2072 3363 2309 3419 dicturus
2330 3371 2437 3443 est.

2000 3453 2089 3508 10.
2124 3452 2245 3508 Scio
2269 3454 2399 3508 enim
2417 3494 2433 3521 ,
2462 3453 2670 3526 inquit,
2698 3455 2818 3524 quia
2850 3472 2952 3512 non
2977 3456 3168 3515 habitat
3193 3462 3248 3516 in
3276 3478 3386 3530 me,
3417 3466 3511 3522 hoc

1929 3553 2001 3599 est
2024 3547 2078 3598 in
2103 3561 2252 3599 carne
2276 3561 2387 3600 mea
2405 3586 2420 3612 ,
2448 3544 2653 3599 bonum.
2696 3544 2776 3600 Ex
2806 3561 2872 3603 eo
2897 3548 3039 3619 quod
3066 3550 3200 3618 scit,
3243 3558 3512 3612 consentit

1929 3634 2032 3705 legi
2066 3654 2079 3689 :
2109 3650 2173 3690 ex
2204 3649 2270 3690 eo
2302 3644 2478 3691 autem
2504 3634 2645 3706 quod
2669 3634 2796 3691 facit
2814 3677 2829 3702 ,
2854 3638 2992 3693 cedit
3019 3652 3256 3710 peccato.
3286 3644 3439 3713 Quod
3465 3648 3516 3702 si

1928 3728 2120 3799 quaerit
2144 3728 2332 3799 aliquis
2361 3728 2501 3784 unde
2528 3728 2631 3784 hoc
2657 3730 2795 3795 scit,
2825 3732 2965 3801 quod
3009 3732 3136 3788 dicit
3176 3735 3414 3793 habitare
3455 3740 3511 3794 in

1928 3834 2090 3875 carne
2113 3834 2209 3875 sua
2234 3834 2340 3875 non
2372 3819 2553 3890 utique
2577 3821 2796 3887 bonum,
2824 3822 2877 3875 id
2898 3831 2981 3877 est
2999 3834 3274 3892 peccatum
3302 3845 3315 3879 :
3345 3829 3508 3897 unde,

1928 3909 2031 3964 nisi
2053 3926 2117 3965 ex
2145 3909 2363 3964 traduce
2387 3910 2721 3964 mortalitatis
2739 3919 2794 3964 et
2812 3911 3119 3967 assiduitate
3139 3915 3421 3984 voluptatis
3443 3918 3461 3949 ¹
3486 3919 3512 3973 ?

1927 4000 2063 4056 illud
2090 4009 2172 4057 est
2196 4016 2259 4056 ex
2290 4016 2446 4071 poena
2470 4000 2742 4071 originalis
2768 4002 2990 4072 peccati,
3023 4003 3124 4062 hoc
3151 4015 3236 4062 est
3261 4023 3327 4063 ex
3352 4024 3511 4080 pmna

1928 4091 2246 4163 frequentati
2276 4092 2500 4162 peccati.
2530 4089 2661 4147 Cum
2686 4092 2776 4148 illo
2803 4093 2854 4148 in
2880 4093 3017 4151 hanc
3036 4096 3195 4153 vitam
3219 4102 3507 4175 nascimur,

1930 4182 2033 4240 hoc
2061 4183 2285 4239 vivendo
2310 4182 2575 4239 addimus.
2602 4182 2733 4252 Quae
2770 4184 2876 4240 duo
2898 4226 2916 4253 ,
2944 4187 3183 4259 scilicet,
3218 4200 3465 4264 tanquam
3485 4199 3508 4229 ³

1930 4284 2116 4332 natura
2144 4284 2198 4331 et
2224 4275 2576 4344 consuetudo,
2603 4276 2884 4346 conjuncta
2910 4318 2926 4345 ,
2968 4280 3391 4341 robustissimam
3426 4287 3511 4344 fa-

1928 4369 2072 4425 ciunt
2103 4378 2156 4424 et
2191 4368 2591 4424 invictissimam
2617 4370 2958 4440 cupiditatem
2979 4415 2993 4441 ,
3025 4377 3168 4447 quod
3203 4390 3359 4436 vocat
3383 4398 3509 4453 pec-

1928 4469 2127 4529 catum,
2149 4470 2203 4517 et
2226 4461 2354 4517 dicit
2376 4460 2616 4516 habitare
2640 4462 2692 4516 in
2723 4477 2883 4519 carne
2906 4479 3022 4533 sua,
3051 4468 3103 4523 id
3128 4478 3230 4537 est,
3258 4472 3508 4529 domina-

1931 4567 2041 4612 tum
2073 4555 2357 4627 quemdam
2386 4563 2441 4611 et
2482 4554 2630 4624 quasi
2676 4571 2896 4626 regnum
2933 4559 3195 4617 obtinere.
3233 4564 3385 4621 Unde
3426 4579 3510 4624 est

1931 4648 2061 4703 illud
2101 4648 2152 4702 in
2183 4647 2394 4702 Psalmo
2418 4687 2434 4712 ,
2466 4645 2614 4716 Elegi
2647 4645 2800 4719 abjici
2834 4649 2887 4703 in
2912 4650 3063 4706 domo
3101 4652 3308 4711 Domini
3345 4663 3509 4732 magis

1929 4755 2081 4811 quam
2098 4737 2324 4792 habitare
2340 4737 2394 4791 in
2407 4737 2740 4792 tabernaculis
2757 4748 3069 4808 peccatorum
3093 4740 3262 4814 (Psal.
3286 4763 3511 4818 Lxxxut,

1933 4831 2053 4903 tl);
2081 4829 2232 4901 quasi
2260 4842 2367 4884 non
2396 4828 2629 4893 habitet,
2658 4830 2899 4898 quamvis
2930 4829 3000 4884 ibi
3031 4832 3121 4899 sit,
3153 4835 3242 4903 qui
3269 4836 3513 4907 abjectus

1933 4921 2004 4978 ibi
2031 4920 2053 4953 ³
2081 4928 2163 4976 est
2182 4961 2196 4985 ,
2228 4919 2544 4989 ubicumque
2571 4916 2641 4972 sit
2669 4935 2684 4972 :
2710 4917 2853 4972 unde
2878 4919 3107 4975 insinuat
3127 4922 3509 4987 habitationem

1932 5027 2056 5069 cum
2085 5010 2312 5083 quodam
2340 5007 2635 5079 principatu
2661 5007 3080 5078 intelligendam.
3111 5012 3166 5069 Si
3194 5026 3370 5074 autem
3412 5038 3514 5093 per

1933 5103 2154 5176 gratiam
2187 5102 2278 5155 ﬁat
2303 5101 2357 5154 in
2386 5100 2539 5154 nobis
2563 5098 2705 5168 quod
2733 5098 2837 5153 alio
2866 5099 2985 5155 loco
3007 5101 3166 5172 dicit,
3199 5105 3267 5162 Ut
3295 5125 3395 5165 non
3422 5131 3511 5167 re-

1933 5174 2048 5267 gnet
2074 5200 2330 5263 peccatum
2354 5190 2408 5243 in
2434 5198 2604 5243 nostra
2626 5188 2829 5242 mortali
2852 5206 3060 5262 corpore
3085 5197 3154 5250 ad
3178 5174 3509 5258 obediendum

210 5306 384 5351 ctum
413 5304 517 5358 est,
548 5292 748 5363 ignoro,
778 5288 926 5360 quasi
947 5303 1170 5360 peccare
1195 5303 1253 5343 se
1281 5288 1500 5343 nesciat.
1531 5285 1662 5340 Nam
1700 5301 1830 5341 con-
1936 5284 2196 5341 desideriis
2219 5282 2326 5355 ejus
2352 5278 2524 5354 (Rom.
2549 5294 2625 5346 γι,
2651 5277 2762 5353 η),
2781 5280 2889 5351 jam
2912 5300 3010 5340 nec
3031 5286 3267 5347 habitare
3297 5293 3515 5363 proprie

210 5388 466 5443 uariunt
492 5386 597 5439 erit
622 5382 767 5454 quod
806 5382 973 5449 dixit,
1020 5380 1127 5439 Sed
1167 5390 1426 5450 peccatum
1450 5422 1466 5448 ,
1502 5391 1556 5433 ut
1589 5390 1832 5451 appareat

208 5487 526 5549 manu,
556 5490 646 5544 per
671 5474 856 5527 bonum
880 5473 1005 5526 mihi
1033 5481 1295 5542 apemtum
1319 5480 1391 5525 est
1415 5479 1664 5535 mortem;
1689 5477 1744 5524 et
1771 5470 1835 5524 il-

277 5607 1093 5673 'mnbbgeapeccata.“
1118 5601 1840 5671 Itss.,subpeccato;vel,sub

491 5753 736 5818 8m.
774 5753 1056 5814 Ancon.
1096 5752 1207 5813 VI.

2001 5481 2022 5514 ι
2043 5486 2153 5530 uss.
2173 5478 2458 5528 Sorbonicus
2479 5482 2532 5526 et
2550 5477 2871 5542 Corbeiensis,
2895 5480 3155 5536 volurzmtis.
3216 5500 3224 5507 ”

2001 5542 2026 5574 ⁸
2053 5548 2132 5590 Er.
2163 5542 2355 5599 omittit,
2386 5544 2630 5600 tauquam.

2004 5605 2030 5667 ξ
2058 5611 2179 5667 ξιτεδ
2205 5601 2413 5650 γειῆωὶ
2444 5601 2642 5667 codices
2666 5606 3098 5667 carentjarlicula,
3130 5606 3217 5657 ibt.

2067 5639 2179 5652 ..νυ
2217 5639 2413 5650 ........._.
2445 5639 2642 5651 mw.
2666 5639 3098 5667 ........,...........,
3131 5639 3217 5657 ιν..
3432 5639 3457 5671 ,ι
3494 5652 3509 5674 δ

2005 5664 2083 5728 (a)
2112 5669 2359 5714 tltetxact.
2380 5674 2489 5724 cap.
2517 5663 2567 5711 ί.
3402 5680 3441 5737 .3:
3510 5714 3522 5735 τ
3554 5716 3565 5740 κ

2908 5748 3239 5833 (Quam)
3523 5770 3554 5840 χ
3645 5780 3653 5791 ε
