  <div class='ocr_page' id='page_1' title='image "/cluster/home/n/w/nwhite01/storage/ocr_20150623/40/hvd.32044096580626/061.png"; bbox 0 0 4180 6214; ppageno 0'>
   <div class='ocr_carea' id='block_1_1' title="bbox 580 234 682 294">
    <p class='ocr_par' dir='ltr' id='par_1_1' title="bbox 580 234 682 294">
     <span class='ocr_line' id='line_1_1' title="bbox 580 234 682 294; baseline -0.049 0"><span class='ocrx_word' id='word_1_1' title='bbox 580 234 682 294; x_wconf 80' lang='grc'><strong>107</strong></span> 
     </span>
    </p>
   </div>
   <div class='ocr_carea' id='block_1_2' title="bbox 580 351 795 410">
    <p class='ocr_par' dir='ltr' id='par_1_2' title="bbox 580 351 795 410">
     <span class='ocr_line' id='line_1_2' title="bbox 580 351 795 410; baseline -0.019 0"><span class='ocrx_word' id='word_1_2' title='bbox 580 351 795 410; x_wconf 80' lang='lat' dir='ltr'><strong>dicitur.</strong></span> 
     </span>
    </p>
   </div>
   <div class='ocr_carea' id='block_1_3' title="bbox 655 437 2158 513">
    <p class='ocr_par' dir='ltr' id='par_1_3' title="bbox 655 437 2158 513">
     <span class='ocr_line' id='line_1_3' title="bbox 655 437 2158 513; baseline -0.009 -9"><span class='ocrx_word' id='word_1_3' title='bbox 655 449 743 504; x_wconf 83' lang='grc'><strong>11.</strong></span> <span class='ocrx_word' id='word_1_4' title='bbox 785 444 920 501; x_wconf 80' lang='lat' dir='ltr'><strong>Velle</strong></span> <span class='ocrx_word' id='word_1_5' title='bbox 949 444 1099 512; x_wconf 81' lang='lat' dir='ltr'><strong>enim,</strong></span> <span class='ocrx_word' id='word_1_6' title='bbox 1133 441 1318 513; x_wconf 88' lang='lat' dir='ltr'><strong>inquit,</strong></span> <span class='ocrx_word' id='word_1_7' title='bbox 1347 440 1545 512; x_wconf 79' lang='lat' dir='ltr'><strong>adjacet</strong></span> <span class='ocrx_word' id='word_1_8' title='bbox 1567 438 1710 502; x_wconf 75' lang='lat' dir='ltr'><strong>mihi,</strong></span> <span class='ocrx_word' id='word_1_9' title='bbox 1736 437 1974 509; x_wconf 69' lang='lat' dir='ltr'><strong>perﬁcere</strong></span> <span class='ocrx_word' id='word_1_10' title='bbox 1994 445 2158 491; x_wconf 80' lang='lat' dir='ltr'><strong>autent</strong></span> 
     </span>
    </p>
   </div>
   <div class='ocr_carea' id='block_1_4' title="bbox 581 530 2165 597">
    <p class='ocr_par' dir='ltr' id='par_1_4' title="bbox 581 530 2165 597">
     <span class='ocr_line' id='line_1_4' title="bbox 581 530 2165 597; baseline -0.008 -2"><span class='ocrx_word' id='word_1_11' title='bbox 581 539 765 597; x_wconf 86' lang='lat' dir='ltr'><strong>bonum</strong></span> <span class='ocrx_word' id='word_1_12' title='bbox 798 557 894 593; x_wconf 81' lang='lat' dir='ltr'><strong>non</strong></span> <span class='ocrx_word' id='word_1_13' title='bbox 922 537 1115 592; x_wconf 75' lang='lat' dir='ltr'><strong>invenio</strong></span> <span class='ocrx_word' id='word_1_14' title='bbox 1149 537 1184 589; x_wconf 75' lang='grc'><strong>³.</strong></span> <span class='ocrx_word' id='word_1_15' title='bbox 1218 533 1311 590; x_wconf 85' lang='lat' dir='ltr'><strong>llis</strong></span> <span class='ocrx_word' id='word_1_16' title='bbox 1339 535 1514 589; x_wconf 78' lang='lat' dir='ltr'><strong>verbis</strong></span> <span class='ocrx_word' id='word_1_17' title='bbox 1544 533 1750 588; x_wconf 88' lang='lat' dir='ltr'><strong>videtur</strong></span> <span class='ocrx_word' id='word_1_18' title='bbox 1780 545 1884 586; x_wconf 89' lang='lat' dir='ltr'><strong>non</strong></span> <span class='ocrx_word' id='word_1_19' title='bbox 1912 538 2057 585; x_wconf 89' lang='lat' dir='ltr'><strong>recte</strong></span> <span class='ocrx_word' id='word_1_20' title='bbox 2081 530 2165 582; x_wconf 84' lang='lat' dir='ltr'><strong>in-</strong></span> 
     </span>
    </p>
   </div>
   <div class='ocr_carea' id='block_1_5' title="bbox 584 623 2160 703">
    <p class='ocr_par' dir='ltr' id='par_1_5' title="bbox 584 623 2160 703">
     <span class='ocr_line' id='line_1_5' title="bbox 584 623 2160 703; baseline -0.008 -13"><span class='ocrx_word' id='word_1_21' title='bbox 584 635 941 703; x_wconf 76' lang='lat' dir='ltr'><strong>telligentihus</strong></span> <span class='ocrx_word' id='word_1_22' title='bbox 989 631 1129 685; x_wconf 84' lang='lat' dir='ltr'><strong>velut</strong></span> <span class='ocrx_word' id='word_1_23' title='bbox 1185 628 1396 683; x_wconf 85' lang='lat' dir='ltr'><strong>auferre</strong></span> <span class='ocrx_word' id='word_1_24' title='bbox 1443 628 1666 682; x_wconf 82' lang='lat' dir='ltr'><strong>liberum</strong></span> <span class='ocrx_word' id='word_1_25' title='bbox 1721 625 2020 680; x_wconf 77' lang='lat' dir='ltr'><strong>arbitrium.</strong></span> <span class='ocrx_word' id='word_1_26' title='bbox 2054 623 2160 678; x_wconf 85' lang='lat' dir='ltr'><strong>Sed</strong></span> 
     </span>
    </p>
   </div>
   <div class='ocr_carea' id='block_1_6' title="bbox 583 716 2168 797">
    <p class='ocr_par' dir='ltr' id='par_1_6' title="bbox 583 716 2168 797">
     <span class='ocr_line' id='line_1_6' title="bbox 583 716 2168 797; baseline -0.005 -20"><span class='ocrx_word' id='word_1_27' title='bbox 583 725 853 797; x_wconf 85' lang='lat' dir='ltr'><strong>quomodo</strong></span> <span class='ocrx_word' id='word_1_28' title='bbox 882 724 1075 789; x_wconf 84' lang='lat' dir='ltr'><strong>aufert,</strong></span> <span class='ocrx_word' id='word_1_29' title='bbox 1099 738 1219 775; x_wconf 87' lang='lat' dir='ltr'><strong>cum</strong></span> <span class='ocrx_word' id='word_1_30' title='bbox 1250 722 1411 784; x_wconf 83' lang='lat' dir='ltr'><strong>dicat,</strong></span> <span class='ocrx_word' id='word_1_31' title='bbox 1445 718 1584 772; x_wconf 81' lang='lat' dir='ltr'><strong>Velle</strong></span> <span class='ocrx_word' id='word_1_32' title='bbox 1601 718 1800 788; x_wconf 86' lang='lat' dir='ltr'><strong>adjacct</strong></span> <span class='ocrx_word' id='word_1_33' title='bbox 1826 717 1948 770; x_wconf 83' lang='lat' dir='ltr'><strong>mihi</strong></span> <span class='ocrx_word' id='word_1_34' title='bbox 1966 717 1988 769; x_wconf 86' lang='lat'><strong><em>?</em></strong></span> <span class='ocrx_word' id='word_1_35' title='bbox 2009 716 2168 770; x_wconf 69' lang='lat' dir='ltr'><strong>Certe</strong></span> 
     </span>
    </p>
   </div>
   <div class='ocr_carea' id='block_1_7' title="bbox 585 807 2169 885">
    <p class='ocr_par' dir='ltr' id='par_1_7' title="bbox 585 807 2169 885">
     <span class='ocr_line' id='line_1_7' title="bbox 585 807 2169 885; baseline -0.009 -11"><span class='ocrx_word' id='word_1_36' title='bbox 585 820 724 874; x_wconf 88' lang='lat' dir='ltr'><strong>enim</strong></span> <span class='ocrx_word' id='word_1_37' title='bbox 769 817 940 885; x_wconf 89' lang='lat' dir='ltr'><strong>ipsum</strong></span> <span class='ocrx_word' id='word_1_38' title='bbox 968 814 1108 868; x_wconf 81' lang='lat' dir='ltr'><strong>velle</strong></span> <span class='ocrx_word' id='word_1_39' title='bbox 1149 814 1199 866; x_wconf 91' lang='lat' dir='ltr'><strong>in</strong></span> <span class='ocrx_word' id='word_1_40' title='bbox 1235 819 1496 880; x_wconf 92' lang='lat' dir='ltr'><strong>potestate</strong></span> <span class='ocrx_word' id='word_1_41' title='bbox 1523 820 1636 874; x_wconf 86' lang='lat' dir='ltr'><strong>est,</strong></span> <span class='ocrx_word' id='word_1_42' title='bbox 1684 809 1935 878; x_wconf 83' lang='lat' dir='ltr'><strong>quoniam</strong></span> <span class='ocrx_word' id='word_1_43' title='bbox 1963 807 2169 876; x_wconf 85' lang='lat' dir='ltr'><strong>adjacet</strong></span> 
     </span>
    </p>
   </div>
   <div class='ocr_carea' id='block_1_8' title="bbox 585 900 2168 976">
    <p class='ocr_par' dir='ltr' id='par_1_8' title="bbox 585 900 2168 976">
     <span class='ocr_line' id='line_1_8' title="bbox 585 900 2168 976; baseline -0.009 -9"><span class='ocrx_word' id='word_1_44' title='bbox 585 911 742 967; x_wconf 75' lang='lat' dir='ltr'><strong>nolns</strong></span> <span class='ocrx_word' id='word_1_45' title='bbox 774 928 784 962; x_wconf 90' lang='lat'><strong>:</strong></span> <span class='ocrx_word' id='word_1_46' title='bbox 819 908 910 962; x_wconf 72' lang='lat' dir='ltr'><strong>sed</strong></span> <span class='ocrx_word' id='word_1_47' title='bbox 940 906 1077 976; x_wconf 86' lang='lat' dir='ltr'><strong>quod</strong></span> <span class='ocrx_word' id='word_1_48' title='bbox 1112 903 1368 975; x_wconf 76' lang='lat' dir='ltr'><strong>perlicere</strong></span> <span class='ocrx_word' id='word_1_49' title='bbox 1385 904 1594 957; x_wconf 82' lang='lat' dir='ltr'><strong>bonum</strong></span> <span class='ocrx_word' id='word_1_50' title='bbox 1639 917 1743 955; x_wconf 89' lang='lat' dir='ltr'><strong>non</strong></span> <span class='ocrx_word' id='word_1_51' title='bbox 1789 909 1871 955; x_wconf 81' lang='lat' dir='ltr'><strong>est</strong></span> <span class='ocrx_word' id='word_1_52' title='bbox 1909 900 1964 954; x_wconf 90' lang='lat' dir='ltr'><strong>in</strong></span> <span class='ocrx_word' id='word_1_53' title='bbox 2014 908 2168 969; x_wconf 83' lang='lat' dir='ltr'><strong>pote-</strong></span> 
     </span>
    </p>
   </div>
   <div class='ocr_carea' id='block_1_9' title="bbox 584 990 2167 1066">
    <p class='ocr_par' dir='ltr' id='par_1_9' title="bbox 584 990 2167 1066">
     <span class='ocr_line' id='line_1_9' title="bbox 584 990 2167 1066; baseline -0.011 -6"><span class='ocrx_word' id='word_1_54' title='bbox 584 1012 758 1064; x_wconf 85' lang='lat' dir='ltr'><strong>state,</strong></span> <span class='ocrx_word' id='word_1_55' title='bbox 805 1000 868 1054; x_wconf 87' lang='lat' dir='ltr'><strong>ad</strong></span> <span class='ocrx_word' id='word_1_56' title='bbox 916 999 1158 1053; x_wconf 83' lang='lat' dir='ltr'><strong>meritum</strong></span> <span class='ocrx_word' id='word_1_57' title='bbox 1199 995 1428 1066; x_wconf 87' lang='lat' dir='ltr'><strong>pertinet</strong></span> <span class='ocrx_word' id='word_1_58' title='bbox 1466 993 1740 1064; x_wconf 76' lang='lat' dir='ltr'><strong>originalis</strong></span> <span class='ocrx_word' id='word_1_59' title='bbox 1784 991 2006 1062; x_wconf 78' lang='lat' dir='ltr'><strong>peccati.</strong></span> <span class='ocrx_word' id='word_1_60' title='bbox 2055 990 2167 1044; x_wconf 82' lang='lat' dir='ltr'><strong>Non</strong></span> 
     </span>
    </p>
   </div>
   <div class='ocr_carea' id='block_1_10' title="bbox 585 1084 2165 1160">
    <p class='ocr_par' dir='ltr' id='par_1_10' title="bbox 585 1084 2165 1160">
     <span class='ocr_line' id='line_1_10' title="bbox 585 1084 2165 1160; baseline -0.01 -9"><span class='ocrx_word' id='word_1_61' title='bbox 585 1095 726 1151; x_wconf 89' lang='lat' dir='ltr'><strong>enim</strong></span> <span class='ocrx_word' id='word_1_62' title='bbox 757 1101 837 1148; x_wconf 71' lang='lat' dir='ltr'><strong>est.</strong></span> <span class='ocrx_word' id='word_1_63' title='bbox 859 1092 972 1145; x_wconf 74' lang='lat' dir='ltr'><strong>hrec</strong></span> <span class='ocrx_word' id='word_1_64' title='bbox 1000 1091 1166 1160; x_wconf 88' lang='lat' dir='ltr'><strong>prima</strong></span> <span class='ocrx_word' id='word_1_65' title='bbox 1189 1101 1371 1142; x_wconf 86' lang='lat' dir='ltr'><strong>natura</strong></span> <span class='ocrx_word' id='word_1_66' title='bbox 1397 1086 1649 1150; x_wconf 84' lang='lat' dir='ltr'><strong>hominis,</strong></span> <span class='ocrx_word' id='word_1_67' title='bbox 1671 1085 1762 1139; x_wconf 85' lang='lat' dir='ltr'><strong>sed</strong></span> <span class='ocrx_word' id='word_1_68' title='bbox 1786 1084 1969 1138; x_wconf 85' lang='lat' dir='ltr'><strong>delicti</strong></span> <span class='ocrx_word' id='word_1_69' title='bbox 1987 1096 2165 1151; x_wconf 66' lang='lat' dir='ltr'><strong>paena,</strong></span> 
     </span>
    </p>
   </div>
   <div class='ocr_carea' id='block_1_11' title="bbox 584 1164 2170 1257">
    <p class='ocr_par' dir='ltr' id='par_1_11' title="bbox 584 1164 2170 1257">
     <span class='ocr_line' id='line_1_11' title="bbox 584 1164 2170 1257; baseline -0.011 -15"><span class='ocrx_word' id='word_1_70' title='bbox 584 1202 682 1257; x_wconf 85' lang='lat' dir='ltr'><strong>per</strong></span> <span class='ocrx_word' id='word_1_71' title='bbox 711 1200 865 1254; x_wconf 89' lang='lat' dir='ltr'><strong>quam</strong></span> <span class='ocrx_word' id='word_1_72' title='bbox 899 1183 1034 1236; x_wconf 87' lang='lat' dir='ltr'><strong>facta</strong></span> <span class='ocrx_word' id='word_1_73' title='bbox 1065 1191 1146 1235; x_wconf 87' lang='lat' dir='ltr'><strong>est</strong></span> <span class='ocrx_word' id='word_1_74' title='bbox 1171 1164 1282 1248; x_wconf 88' lang='lat' dir='ltr'><strong>ipsa</strong></span> <span class='ocrx_word' id='word_1_75' title='bbox 1311 1178 1623 1239; x_wconf 82' lang='lat' dir='ltr'><strong>mortalitas,</strong></span> <span class='ocrx_word' id='word_1_76' title='bbox 1646 1175 1795 1245; x_wconf 89' lang='lat' dir='ltr'><strong>quasi</strong></span> <span class='ocrx_word' id='word_1_77' title='bbox 1820 1173 2049 1228; x_wconf 88' lang='lat' dir='ltr'><strong>secunda</strong></span> <span class='ocrx_word' id='word_1_78' title='bbox 2073 1188 2170 1226; x_wconf 77' lang='lat' dir='ltr'><strong>na-</strong></span> 
     </span>
    </p>
   </div>
   <div class='ocr_carea' id='block_1_12' title="bbox 585 1262 2169 1339">
    <p class='ocr_par' dir='ltr' id='par_1_12' title="bbox 585 1262 2169 1339">
     <span class='ocr_line' id='line_1_12' title="bbox 585 1262 2169 1339; baseline -0.009 -9"><span class='ocrx_word' id='word_1_79' title='bbox 585 1286 700 1330; x_wconf 88' lang='lat' dir='ltr'><strong>tura</strong></span> <span class='ocrx_word' id='word_1_80' title='bbox 721 1318 734 1338; x_wconf 94' lang='lat'><strong>,</strong></span> <span class='ocrx_word' id='word_1_81' title='bbox 770 1273 907 1327; x_wconf 86' lang='lat' dir='ltr'><strong>unde</strong></span> <span class='ocrx_word' id='word_1_82' title='bbox 939 1287 1032 1325; x_wconf 89' lang='lat' dir='ltr'><strong>nos</strong></span> <span class='ocrx_word' id='word_1_83' title='bbox 1056 1270 1224 1339; x_wconf 86' lang='lat' dir='ltr'><strong>gratia</strong></span> <span class='ocrx_word' id='word_1_84' title='bbox 1254 1269 1443 1322; x_wconf 73' lang='lat' dir='ltr'><strong>liberat</strong></span> <span class='ocrx_word' id='word_1_85' title='bbox 1472 1265 1774 1320; x_wconf 84' lang='lat' dir='ltr'><strong>Conditoris</strong></span> <span class='ocrx_word' id='word_1_86' title='bbox 1799 1264 2039 1318; x_wconf 84' lang='lat' dir='ltr'><strong>subditos</strong></span> <span class='ocrx_word' id='word_1_87' title='bbox 2069 1262 2169 1315; x_wconf 80' lang='lat' dir='ltr'><strong>sibi</strong></span> 
     </span>
    </p>
   </div>
   <div class='ocr_carea' id='block_1_13' title="bbox 585 1354 2170 1436">
    <p class='ocr_par' dir='ltr' id='par_1_13' title="bbox 585 1354 2170 1436">
     <span class='ocr_line' id='line_1_13' title="bbox 585 1354 2170 1436; baseline -0.009 -16"><span class='ocrx_word' id='word_1_88' title='bbox 585 1382 680 1436; x_wconf 83' lang='lat' dir='ltr'><strong>per</strong></span> <span class='ocrx_word' id='word_1_89' title='bbox 709 1365 884 1418; x_wconf 83' lang='lat' dir='ltr'><strong>fidem.</strong></span> <span class='ocrx_word' id='word_1_90' title='bbox 913 1362 1015 1417; x_wconf 77' lang='lat' dir='ltr'><strong>Sed</strong></span> <span class='ocrx_word' id='word_1_91' title='bbox 1047 1363 1158 1414; x_wconf 74' lang='lat' dir='ltr'><strong>ista:</strong></span> <span class='ocrx_word' id='word_1_92' title='bbox 1190 1374 1327 1412; x_wconf 90' lang='lat' dir='ltr'><strong>nunc</strong></span> <span class='ocrx_word' id='word_1_93' title='bbox 1360 1372 1517 1412; x_wconf 80' lang='lat' dir='ltr'><strong>voces</strong></span> <span class='ocrx_word' id='word_1_94' title='bbox 1545 1366 1669 1411; x_wconf 90' lang='lat' dir='ltr'><strong>sunt</strong></span> <span class='ocrx_word' id='word_1_95' title='bbox 1697 1355 1797 1408; x_wconf 90' lang='lat' dir='ltr'><strong>sub</strong></span> <span class='ocrx_word' id='word_1_96' title='bbox 1840 1355 1954 1424; x_wconf 82' lang='lat' dir='ltr'><strong>lege</strong></span> <span class='ocrx_word' id='word_1_97' title='bbox 1999 1354 2170 1406; x_wconf 83' lang='lat' dir='ltr'><strong>homi-</strong></span> 
     </span>
    </p>
   </div>
   <div class='ocr_carea' id='block_1_14' title="bbox 585 1445 2168 1518">
    <p class='ocr_par' dir='ltr' id='par_1_14' title="bbox 585 1445 2168 1518">
     <span class='ocr_line' id='line_1_14' title="bbox 585 1445 2168 1518; baseline -0.009 -5"><span class='ocrx_word' id='word_1_98' title='bbox 585 1459 669 1513; x_wconf 87' lang='lat' dir='ltr'><strong>nis</strong></span> <span class='ocrx_word' id='word_1_99' title='bbox 696 1454 1006 1517; x_wconf 83' lang='lat' dir='ltr'><strong>constituti,</strong></span> <span class='ocrx_word' id='word_1_100' title='bbox 1055 1451 1287 1505; x_wconf 89' lang='lat' dir='ltr'><strong>nondum</strong></span> <span class='ocrx_word' id='word_1_101' title='bbox 1335 1449 1434 1504; x_wconf 85' lang='lat' dir='ltr'><strong>sub</strong></span> <span class='ocrx_word' id='word_1_102' title='bbox 1472 1449 1658 1518; x_wconf 84' lang='lat' dir='ltr'><strong>gratia.</strong></span> <span class='ocrx_word' id='word_1_103' title='bbox 1705 1447 1820 1501; x_wconf 83' lang='lat' dir='ltr'><strong>Non</strong></span> <span class='ocrx_word' id='word_1_104' title='bbox 1861 1447 2002 1500; x_wconf 88' lang='lat' dir='ltr'><strong>enim</strong></span> <span class='ocrx_word' id='word_1_105' title='bbox 2030 1445 2168 1514; x_wconf 81' lang='lat' dir='ltr'><strong>quod</strong></span> 
     </span>
    </p>
   </div>
   <div class='ocr_carea' id='block_1_15' title="bbox 586 1537 2170 1614">
    <p class='ocr_par' dir='ltr' id='par_1_15' title="bbox 586 1537 2170 1614">
     <span class='ocr_line' id='line_1_15' title="bbox 586 1537 2170 1614; baseline -0.008 -10"><span class='ocrx_word' id='word_1_106' title='bbox 586 1551 699 1604; x_wconf 89' lang='lat' dir='ltr'><strong>vult</strong></span> <span class='ocrx_word' id='word_1_107' title='bbox 747 1550 867 1602; x_wconf 84' lang='lat' dir='ltr'><strong>facit</strong></span> <span class='ocrx_word' id='word_1_108' title='bbox 905 1548 1140 1612; x_wconf 84' lang='lat' dir='ltr'><strong>bonum,</strong></span> <span class='ocrx_word' id='word_1_109' title='bbox 1175 1545 1263 1614; x_wconf 89' lang='lat' dir='ltr'><strong>qui</strong></span> <span class='ocrx_word' id='word_1_110' title='bbox 1303 1541 1536 1596; x_wconf 87' lang='lat' dir='ltr'><strong>nondum</strong></span> <span class='ocrx_word' id='word_1_111' title='bbox 1571 1550 1653 1596; x_wconf 89' lang='lat' dir='ltr'><strong>est</strong></span> <span class='ocrx_word' id='word_1_112' title='bbox 1691 1541 1790 1594; x_wconf 86' lang='lat' dir='ltr'><strong>sub</strong></span> <span class='ocrx_word' id='word_1_113' title='bbox 1825 1539 2026 1609; x_wconf 87' lang='lat' dir='ltr'><strong>gratia;</strong></span> <span class='ocrx_word' id='word_1_114' title='bbox 2075 1537 2170 1592; x_wconf 88' lang='lat' dir='ltr'><strong>sed</strong></span> 
     </span>
    </p>
   </div>
   <div class='ocr_carea' id='block_1_16' title="bbox 587 1629 2168 1711">
    <p class='ocr_par' dir='ltr' id='par_1_16' title="bbox 587 1629 2168 1711">
     <span class='ocr_line' id='line_1_16' title="bbox 587 1629 2168 1711; baseline -0.008 -17"><span class='ocrx_word' id='word_1_115' title='bbox 587 1641 728 1711; x_wconf 87' lang='lat' dir='ltr'><strong>quod</strong></span> <span class='ocrx_word' id='word_1_116' title='bbox 756 1656 860 1693; x_wconf 83' lang='lat' dir='ltr'><strong>non</strong></span> <span class='ocrx_word' id='word_1_117' title='bbox 895 1639 1004 1692; x_wconf 84' lang='lat' dir='ltr'><strong>vult</strong></span> <span class='ocrx_word' id='word_1_118' title='bbox 1035 1637 1227 1690; x_wconf 84' lang='lat' dir='ltr'><strong>malum</strong></span> <span class='ocrx_word' id='word_1_119' title='bbox 1252 1679 1264 1696; x_wconf 84' lang='lat'><strong>,</strong></span> <span class='ocrx_word' id='word_1_120' title='bbox 1292 1634 1394 1688; x_wconf 88' lang='lat' dir='ltr'><strong>hoc</strong></span> <span class='ocrx_word' id='word_1_121' title='bbox 1418 1633 1556 1703; x_wconf 88' lang='lat' dir='ltr'><strong>agit,</strong></span> <span class='ocrx_word' id='word_1_122' title='bbox 1590 1642 1872 1701; x_wconf 88' lang='lat' dir='ltr'><strong>superante</strong></span> <span class='ocrx_word' id='word_1_123' title='bbox 1914 1629 2168 1698; x_wconf 86' lang='lat' dir='ltr'><strong>concupi-</strong></span> 
     </span>
    </p>
   </div>
   <div class='ocr_carea' id='block_1_17' title="bbox 589 1721 2171 1793">
    <p class='ocr_par' dir='ltr' id='par_1_17' title="bbox 589 1721 2171 1793">
     <span class='ocr_line' id='line_1_17' title="bbox 589 1721 2171 1793; baseline -0.006 -7"><span class='ocrx_word' id='word_1_124' title='bbox 589 1732 809 1793; x_wconf 87' lang='lat' dir='ltr'><strong>scentia,</strong></span> <span class='ocrx_word' id='word_1_125' title='bbox 857 1745 961 1783; x_wconf 89' lang='lat' dir='ltr'><strong>non</strong></span> <span class='ocrx_word' id='word_1_126' title='bbox 1010 1728 1180 1781; x_wconf 91' lang='lat' dir='ltr'><strong>solum</strong></span> <span class='ocrx_word' id='word_1_127' title='bbox 1228 1725 1438 1779; x_wconf 85' lang='lat' dir='ltr'><strong>vinculo</strong></span> <span class='ocrx_word' id='word_1_128' title='bbox 1485 1723 1843 1789; x_wconf 83' lang='lat' dir='ltr'><strong>mortalitatis,</strong></span> <span class='ocrx_word' id='word_1_129' title='bbox 1893 1722 1985 1776; x_wconf 88' lang='lat' dir='ltr'><strong>sed</strong></span> <span class='ocrx_word' id='word_1_130' title='bbox 2032 1721 2171 1776; x_wconf 88' lang='lat' dir='ltr'><strong>mole</strong></span> 
     </span>
    </p>
   </div>
   <div class='ocr_carea' id='block_1_18' title="bbox 586 1812 2167 1882">
    <p class='ocr_par' dir='ltr' id='par_1_18' title="bbox 586 1812 2167 1882">
     <span class='ocr_line' id='line_1_18' title="bbox 586 1812 2167 1882; baseline -0.008 -5"><span class='ocrx_word' id='word_1_131' title='bbox 586 1820 983 1878; x_wconf 86' lang='lat' dir='ltr'><strong>consuetudinis</strong></span> <span class='ocrx_word' id='word_1_132' title='bbox 1013 1822 1032 1849; x_wconf 81' lang='grc'>²</span> <span class='ocrx_word' id='word_1_133' title='bbox 1079 1818 1343 1872; x_wconf 86' lang='lat' dir='ltr'><strong>roborata.</strong></span> <span class='ocrx_word' id='word_1_134' title='bbox 1373 1816 1426 1871; x_wconf 88' lang='lat' dir='ltr'><strong>Si</strong></span> <span class='ocrx_word' id='word_1_135' title='bbox 1475 1825 1652 1868; x_wconf 88' lang='lat' dir='ltr'><strong>autem</strong></span> <span class='ocrx_word' id='word_1_136' title='bbox 1691 1814 1831 1882; x_wconf 88' lang='lat' dir='ltr'><strong>quod</strong></span> <span class='ocrx_word' id='word_1_137' title='bbox 1872 1827 1976 1866; x_wconf 90' lang='lat' dir='ltr'><strong>non</strong></span> <span class='ocrx_word' id='word_1_138' title='bbox 2021 1812 2167 1878; x_wconf 84' lang='lat' dir='ltr'><strong>vult,</strong></span> 
     </span>
    </p>
   </div>
   <div class='ocr_carea' id='block_1_19' title="bbox 587 1901 2169 1980">
    <p class='ocr_par' dir='ltr' id='par_1_19' title="bbox 587 1901 2169 1980">
     <span class='ocr_line' id='line_1_19' title="bbox 587 1901 2169 1980; baseline -0.009 -11"><span class='ocrx_word' id='word_1_139' title='bbox 587 1915 690 1969; x_wconf 86' lang='lat' dir='ltr'><strong>hoc</strong></span> <span class='ocrx_word' id='word_1_140' title='bbox 717 1912 838 1966; x_wconf 88' lang='lat' dir='ltr'><strong>facit</strong></span> <span class='ocrx_word' id='word_1_141' title='bbox 859 1929 874 1976; x_wconf 87' lang='lat'><strong>;</strong></span> <span class='ocrx_word' id='word_1_142' title='bbox 899 1912 1004 1980; x_wconf 88' lang='lat' dir='ltr'><strong>jam</strong></span> <span class='ocrx_word' id='word_1_143' title='bbox 1038 1924 1142 1963; x_wconf 86' lang='lat' dir='ltr'><strong>non</strong></span> <span class='ocrx_word' id='word_1_144' title='bbox 1171 1910 1285 1976; x_wconf 87' lang='lat' dir='ltr'><strong>ipse</strong></span> <span class='ocrx_word' id='word_1_145' title='bbox 1314 1914 1564 1975; x_wconf 84' lang='lat' dir='ltr'><strong>operatur</strong></span> <span class='ocrx_word' id='word_1_146' title='bbox 1591 1904 1740 1969; x_wconf 91' lang='lat' dir='ltr'><strong>illud,</strong></span> <span class='ocrx_word' id='word_1_147' title='bbox 1771 1902 1864 1956; x_wconf 88' lang='lat' dir='ltr'><strong>sed</strong></span> <span class='ocrx_word' id='word_1_148' title='bbox 1903 1901 2040 1971; x_wconf 88' lang='lat' dir='ltr'><strong>quod</strong></span> <span class='ocrx_word' id='word_1_149' title='bbox 2073 1902 2169 1955; x_wconf 89' lang='lat' dir='ltr'><strong>ha-</strong></span> 
     </span>
    </p>
   </div>
   <div class='ocr_carea' id='block_1_20' title="bbox 585 1994 2171 2071">
    <p class='ocr_par' dir='ltr' id='par_1_20' title="bbox 585 1994 2171 2071">
     <span class='ocr_line' id='line_1_20' title="bbox 585 1994 2171 2071; baseline -0.007 -12"><span class='ocrx_word' id='word_1_150' title='bbox 585 2005 720 2060; x_wconf 87' lang='lat' dir='ltr'><strong>bitat</strong></span> <span class='ocrx_word' id='word_1_151' title='bbox 764 2005 815 2057; x_wconf 89' lang='lat' dir='ltr'><strong>in</strong></span> <span class='ocrx_word' id='word_1_152' title='bbox 852 2018 918 2056; x_wconf 87' lang='lat' dir='ltr'><strong>eo</strong></span> <span class='ocrx_word' id='word_1_153' title='bbox 959 2009 1232 2071; x_wconf 86' lang='lat' dir='ltr'><strong>peccatum</strong></span> <span class='ocrx_word' id='word_1_154' title='bbox 1267 1998 1442 2052; x_wconf 89' lang='lat' dir='ltr'><strong>:sieut</strong></span> <span class='ocrx_word' id='word_1_155' title='bbox 1484 1996 1728 2065; x_wconf 86' lang='lat' dir='ltr'><strong>superius</strong></span> <span class='ocrx_word' id='word_1_156' title='bbox 1769 1994 1966 2048; x_wconf 84' lang='lat' dir='ltr'><strong>dictum</strong></span> <span class='ocrx_word' id='word_1_157' title='bbox 2011 2001 2171 2048; x_wconf 85' lang='lat' dir='ltr'><strong>estet</strong></span> 
     </span>
    </p>
   </div>
   <div class='ocr_carea' id='block_1_21' title="bbox 587 2095 910 2163">
    <p class='ocr_par' dir='ltr' id='par_1_21' title="bbox 587 2095 910 2163">
     <span class='ocr_line' id='line_1_21' title="bbox 587 2095 910 2163; baseline -0.012 -13"><span class='ocrx_word' id='word_1_158' title='bbox 587 2095 910 2163; x_wconf 67' lang='lat' dir='ltr'><strong>estpositum.</strong></span> 
     </span>
    </p>
   </div>
   <div class='ocr_carea' id='block_1_22' title="bbox 659 2178 2171 2254">
    <p class='ocr_par' dir='ltr' id='par_1_22' title="bbox 659 2178 2171 2254">
     <span class='ocr_line' id='line_1_22' title="bbox 659 2178 2171 2254; baseline -0.005 -14"><span class='ocrx_word' id='word_1_159' title='bbox 659 2186 745 2240; x_wconf 70' lang='grc'><strong>12.</strong></span> <span class='ocrx_word' id='word_1_160' title='bbox 781 2185 987 2238; x_wconf 80' lang='lat' dir='ltr'><strong>Invenio</strong></span> <span class='ocrx_word' id='word_1_161' title='bbox 1013 2200 1128 2254; x_wconf 86' lang='lat' dir='ltr'><strong>ergo</strong></span> <span class='ocrx_word' id='word_1_162' title='bbox 1150 2224 1164 2248; x_wconf 97' lang='lat'><strong>,</strong></span> <span class='ocrx_word' id='word_1_163' title='bbox 1195 2181 1397 2250; x_wconf 90' lang='lat' dir='ltr'><strong>inquit,</strong></span> <span class='ocrx_word' id='word_1_164' title='bbox 1437 2180 1595 2250; x_wconf 85' lang='lat' dir='ltr'><strong>legent</strong></span> <span class='ocrx_word' id='word_1_165' title='bbox 1632 2178 1755 2232; x_wconf 88' lang='lat' dir='ltr'><strong>mihi</strong></span> <span class='ocrx_word' id='word_1_166' title='bbox 1786 2178 1971 2232; x_wconf 86' lang='lat' dir='ltr'><strong>volenti</strong></span> <span class='ocrx_word' id='word_1_167' title='bbox 2002 2181 2171 2248; x_wconf 76' lang='lat' dir='ltr'><strong>facere</strong></span> 
     </span>
    </p>
   </div>
   <div class='ocr_carea' id='block_1_23' title="bbox 587 2268 2170 2344">
    <p class='ocr_par' dir='ltr' id='par_1_23' title="bbox 587 2268 2170 2344">
     <span class='ocr_line' id='line_1_23' title="bbox 587 2268 2170 2344; baseline -0.006 -12"><span class='ocrx_word' id='word_1_168' title='bbox 587 2279 790 2342; x_wconf 83' lang='lat' dir='ltr'><strong>bonum,</strong></span> <span class='ocrx_word' id='word_1_169' title='bbox 821 2276 1055 2344; x_wconf 80' lang='lat' dir='ltr'><strong>quoniam</strong></span> <span class='ocrx_word' id='word_1_170' title='bbox 1083 2273 1205 2325; x_wconf 77' lang='lat' dir='ltr'><strong>milii</strong></span> <span class='ocrx_word' id='word_1_171' title='bbox 1229 2270 1417 2323; x_wconf 82' lang='lat' dir='ltr'><strong>malum</strong></span> <span class='ocrx_word' id='word_1_172' title='bbox 1443 2269 1642 2338; x_wconf 85' lang='lat' dir='ltr'><strong>adjacel</strong></span> <span class='ocrx_word' id='word_1_173' title='bbox 1671 2285 1687 2320; x_wconf 88' lang='lat'><strong><em>:</em></strong></span> <span class='ocrx_word' id='word_1_174' title='bbox 1720 2268 1770 2321; x_wconf 88' lang='lat' dir='ltr'><strong>id</strong></span> <span class='ocrx_word' id='word_1_175' title='bbox 1809 2278 1894 2322; x_wconf 83' lang='lat' dir='ltr'><strong>est</strong></span> <span class='ocrx_word' id='word_1_176' title='bbox 1914 2310 1928 2333; x_wconf 92' lang='lat'><strong>,</strong></span> <span class='ocrx_word' id='word_1_177' title='bbox 1960 2268 2170 2322; x_wconf 85' lang='lat' dir='ltr'><strong>invenio</strong></span> 
     </span>
    </p>
   </div>
   <div class='ocr_carea' id='block_1_24' title="bbox 585 2358 2170 2438">
    <p class='ocr_par' dir='ltr' id='par_1_24' title="bbox 585 2358 2170 2438">
     <span class='ocr_line' id='line_1_24' title="bbox 585 2358 2170 2438; baseline -0.007 -15"><span class='ocrx_word' id='word_1_178' title='bbox 585 2369 756 2438; x_wconf 82' lang='lat' dir='ltr'><strong>legem</strong></span> <span class='ocrx_word' id='word_1_179' title='bbox 789 2368 982 2420; x_wconf 90' lang='lat' dir='ltr'><strong>bonum</strong></span> <span class='ocrx_word' id='word_1_180' title='bbox 1012 2363 1138 2418; x_wconf 89' lang='lat' dir='ltr'><strong>mihi</strong></span> <span class='ocrx_word' id='word_1_181' title='bbox 1186 2377 1306 2417; x_wconf 66' lang='lat' dir='ltr'><strong>esse</strong></span> <span class='ocrx_word' id='word_1_182' title='bbox 1332 2403 1344 2424; x_wconf 89' lang='lat'><strong>,</strong></span> <span class='ocrx_word' id='word_1_183' title='bbox 1386 2376 1506 2414; x_wconf 89' lang='lat' dir='ltr'><strong>cum</strong></span> <span class='ocrx_word' id='word_1_184' title='bbox 1548 2359 1670 2413; x_wconf 90' lang='lat' dir='ltr'><strong>volo</strong></span> <span class='ocrx_word' id='word_1_185' title='bbox 1713 2359 1886 2414; x_wconf 88' lang='lat' dir='ltr'><strong>facere</strong></span> <span class='ocrx_word' id='word_1_186' title='bbox 1915 2358 2056 2428; x_wconf 90' lang='lat' dir='ltr'><strong>quod</strong></span> <span class='ocrx_word' id='word_1_187' title='bbox 2087 2360 2170 2413; x_wconf 79' lang='lat' dir='ltr'><strong>lex</strong></span> 
     </span>
    </p>
   </div>
   <div class='ocr_carea' id='block_1_25' title="bbox 585 2449 2168 2528">
    <p class='ocr_par' dir='ltr' id='par_1_25' title="bbox 585 2449 2168 2528">
     <span class='ocr_line' id='line_1_25' title="bbox 585 2449 2168 2528; baseline -0.007 -15"><span class='ocrx_word' id='word_1_188' title='bbox 585 2461 746 2514; x_wconf 82' lang='lat' dir='ltr'><strong>habet</strong></span> <span class='ocrx_word' id='word_1_189' title='bbox 779 2457 853 2528; x_wconf 78' lang='grc' dir='ltr'><strong>(ιι)</strong></span> <span class='ocrx_word' id='word_1_190' title='bbox 874 2499 886 2519; x_wconf 82' lang='grc'><em>,</em></span> <span class='ocrx_word' id='word_1_191' title='bbox 915 2456 1164 2525; x_wconf 86' lang='lat' dir='ltr'><strong>quoniam</strong></span> <span class='ocrx_word' id='word_1_192' title='bbox 1193 2453 1320 2506; x_wconf 91' lang='lat' dir='ltr'><strong>mihi</strong></span> <span class='ocrx_word' id='word_1_193' title='bbox 1349 2452 1543 2505; x_wconf 90' lang='lat' dir='ltr'><strong>malum</strong></span> <span class='ocrx_word' id='word_1_194' title='bbox 1569 2451 1794 2520; x_wconf 72' lang='lat' dir='ltr'><strong>adiacet,</strong></span> <span class='ocrx_word' id='word_1_195' title='bbox 1817 2450 1884 2504; x_wconf 86' lang='lat' dir='ltr'><strong>ad</strong></span> <span class='ocrx_word' id='word_1_196' title='bbox 1915 2450 2065 2504; x_wconf 75' lang='lat' dir='ltr'><strong>facile</strong></span> <span class='ocrx_word' id='word_1_197' title='bbox 2088 2449 2168 2503; x_wconf 88' lang='lat' dir='ltr'><strong>fa-</strong></span> 
     </span>
    </p>
   </div>
   <div class='ocr_carea' id='block_1_26' title="bbox 584 2542 2167 2616">
    <p class='ocr_par' dir='ltr' id='par_1_26' title="bbox 584 2542 2167 2616">
     <span class='ocr_line' id='line_1_26' title="bbox 584 2542 2167 2616; baseline -0.005 -11"><span class='ocrx_word' id='word_1_198' title='bbox 584 2551 852 2606; x_wconf 86' lang='lat' dir='ltr'><strong>ciendum.</strong></span> <span class='ocrx_word' id='word_1_199' title='bbox 872 2547 1250 2616; x_wconf 86' lang='lat' dir='ltr'><strong>Quiasnperius</strong></span> <span class='ocrx_word' id='word_1_200' title='bbox 1275 2544 1414 2614; x_wconf 89' lang='lat' dir='ltr'><strong>quod</strong></span> <span class='ocrx_word' id='word_1_201' title='bbox 1445 2546 1536 2608; x_wconf 86' lang='lat' dir='ltr'><strong>ait,</strong></span> <span class='ocrx_word' id='word_1_202' title='bbox 1555 2542 1690 2598; x_wconf 88' lang='lat' dir='ltr'><strong>Velle</strong></span> <span class='ocrx_word' id='word_1_203' title='bbox 1713 2544 1910 2613; x_wconf 86' lang='lat' dir='ltr'><strong>adjacet</strong></span> <span class='ocrx_word' id='word_1_204' title='bbox 1939 2543 2084 2606; x_wconf 74' lang='lat' dir='ltr'><strong>milii,</strong></span> <span class='ocrx_word' id='word_1_205' title='bbox 2101 2543 2167 2597; x_wconf 90' lang='lat' dir='ltr'><strong>ad</strong></span> 
     </span>
    </p>
   </div>
   <div class='ocr_carea' id='block_1_27' title="bbox 584 2634 2166 2704">
    <p class='ocr_par' dir='ltr' id='par_1_27' title="bbox 584 2634 2166 2704">
     <span class='ocr_line' id='line_1_27' title="bbox 584 2634 2166 2704; baseline -0.005 -7"><span class='ocrx_word' id='word_1_206' title='bbox 584 2643 889 2697; x_wconf 72' lang='lat' dir='ltr'><strong>facilitatem</strong></span> <span class='ocrx_word' id='word_1_207' title='bbox 917 2637 1067 2693; x_wconf 74' lang='lat' dir='ltr'><strong>dixit.</strong></span> <span class='ocrx_word' id='word_1_208' title='bbox 1111 2637 1249 2704; x_wconf 79' lang='lat' dir='ltr'><strong>Quid</strong></span> <span class='ocrx_word' id='word_1_209' title='bbox 1280 2636 1419 2688; x_wconf 87' lang='lat' dir='ltr'><strong>enim</strong></span> <span class='ocrx_word' id='word_1_210' title='bbox 1452 2634 1658 2689; x_wconf 76' lang='lat' dir='ltr'><strong>facilius</strong></span> <span class='ocrx_word' id='word_1_211' title='bbox 1687 2634 1884 2687; x_wconf 83' lang='lat' dir='ltr'><strong>homini</strong></span> <span class='ocrx_word' id='word_1_212' title='bbox 1924 2635 2024 2688; x_wconf 88' lang='lat' dir='ltr'><strong>sub</strong></span> <span class='ocrx_word' id='word_1_213' title='bbox 2051 2636 2166 2704; x_wconf 83' lang='lat' dir='ltr'><strong>lege</strong></span> 
     </span>
    </p>
   </div>
   <div class='ocr_carea' id='block_1_28' title="bbox 585 2724 2164 2797">
    <p class='ocr_par' dir='ltr' id='par_1_28' title="bbox 585 2724 2164 2797">
     <span class='ocr_line' id='line_1_28' title="bbox 585 2724 2164 2797; baseline -0.004 -12"><span class='ocrx_word' id='word_1_214' title='bbox 585 2733 894 2795; x_wconf 82' lang='lat' dir='ltr'><strong>constituto,</strong></span> <span class='ocrx_word' id='word_1_215' title='bbox 927 2744 1083 2797; x_wconf 88' lang='lat' dir='ltr'><strong>quam</strong></span> <span class='ocrx_word' id='word_1_216' title='bbox 1112 2727 1246 2780; x_wconf 89' lang='lat' dir='ltr'><strong>velle</strong></span> <span class='ocrx_word' id='word_1_217' title='bbox 1270 2726 1464 2778; x_wconf 87' lang='lat' dir='ltr'><strong>bonum</strong></span> <span class='ocrx_word' id='word_1_218' title='bbox 1491 2734 1542 2779; x_wconf 91' lang='lat' dir='ltr'><strong>et</strong></span> <span class='ocrx_word' id='word_1_219' title='bbox 1570 2724 1744 2778; x_wconf 83' lang='lat' dir='ltr'><strong>facere</strong></span> <span class='ocrx_word' id='word_1_220' title='bbox 1767 2726 2006 2778; x_wconf 82' lang='lat' dir='ltr'><strong>malum?</strong></span> <span class='ocrx_word' id='word_1_221' title='bbox 2032 2725 2164 2780; x_wconf 74' lang='lat' dir='ltr'><strong>Nam</strong></span> 
     </span>
    </p>
   </div>
   <div class='ocr_carea' id='block_1_29' title="bbox 583 2814 2168 2885">
    <p class='ocr_par' dir='ltr' id='par_1_29' title="bbox 583 2814 2168 2885">
     <span class='ocr_line' id='line_1_29' title="bbox 583 2814 2168 2885; baseline -0.004 -8"><span class='ocrx_word' id='word_1_222' title='bbox 583 2830 640 2877; x_wconf 90' lang='lat' dir='ltr'><strong>et</strong></span> <span class='ocrx_word' id='word_1_223' title='bbox 667 2821 793 2874; x_wconf 84' lang='lat' dir='ltr'><strong>illud</strong></span> <span class='ocrx_word' id='word_1_224' title='bbox 823 2821 938 2874; x_wconf 88' lang='lat' dir='ltr'><strong>sine</strong></span> <span class='ocrx_word' id='word_1_225' title='bbox 967 2818 1276 2872; x_wconf 74' lang='lat' dir='ltr'><strong>difficultate</strong></span> <span class='ocrx_word' id='word_1_226' title='bbox 1305 2816 1436 2880; x_wconf 84' lang='lat' dir='ltr'><strong>vult,</strong></span> <span class='ocrx_word' id='word_1_227' title='bbox 1467 2816 1709 2885; x_wconf 81' lang='lat' dir='ltr'><strong>quamvis</strong></span> <span class='ocrx_word' id='word_1_228' title='bbox 1737 2831 1843 2868; x_wconf 86' lang='lat' dir='ltr'><strong>non</strong></span> <span class='ocrx_word' id='word_1_229' title='bbox 1877 2824 1982 2869; x_wconf 90' lang='lat' dir='ltr'><strong>tam</strong></span> <span class='ocrx_word' id='word_1_230' title='bbox 2009 2814 2168 2871; x_wconf 83' lang='lat' dir='ltr'><strong>facile</strong></span> 
     </span>
    </p>
   </div>
   <div class='ocr_carea' id='block_1_30' title="bbox 581 2907 2163 2982">
    <p class='ocr_par' dir='ltr' id='par_1_30' title="bbox 581 2907 2163 2982">
     <span class='ocr_line' id='line_1_30' title="bbox 581 2907 2163 2982; baseline -0.004 -14"><span class='ocrx_word' id='word_1_231' title='bbox 581 2911 771 2979; x_wconf 83' lang='lat' dir='ltr'><strong>faciat,</strong></span> <span class='ocrx_word' id='word_1_232' title='bbox 800 2928 956 2982; x_wconf 88' lang='lat' dir='ltr'><strong>quam</strong></span> <span class='ocrx_word' id='word_1_233' title='bbox 989 2911 1140 2964; x_wconf 80' lang='lat' dir='ltr'><strong>facile</strong></span> <span class='ocrx_word' id='word_1_234' title='bbox 1180 2909 1329 2974; x_wconf 85' lang='lat' dir='ltr'><strong>vult;</strong></span> <span class='ocrx_word' id='word_1_235' title='bbox 1361 2917 1412 2962; x_wconf 93' lang='lat' dir='ltr'><strong>ct</strong></span> <span class='ocrx_word' id='word_1_236' title='bbox 1439 2908 1541 2962; x_wconf 85' lang='lat' dir='ltr'><strong>hoc</strong></span> <span class='ocrx_word' id='word_1_237' title='bbox 1570 2907 1708 2977; x_wconf 90' lang='lat' dir='ltr'><strong>quod</strong></span> <span class='ocrx_word' id='word_1_238' title='bbox 1747 2907 1858 2962; x_wconf 87' lang='lat' dir='ltr'><strong>odit</strong></span> <span class='ocrx_word' id='word_1_239' title='bbox 1888 2907 2040 2962; x_wconf 86' lang='lat' dir='ltr'><strong>facile</strong></span> <span class='ocrx_word' id='word_1_240' title='bbox 2069 2908 2163 2962; x_wconf 86' lang='lat' dir='ltr'><strong>ha-</strong></span> 
     </span>
    </p>
   </div>
   <div class='ocr_carea' id='block_1_31' title="bbox 581 2999 2166 3072">
    <p class='ocr_par' dir='ltr' id='par_1_31' title="bbox 581 2999 2166 3072">
     <span class='ocr_line' id='line_1_31' title="bbox 581 2999 2166 3072; baseline -0.003 -14"><span class='ocrx_word' id='word_1_241' title='bbox 581 3003 672 3059; x_wconf 88' lang='lat' dir='ltr'><strong>bet</strong></span> <span class='ocrx_word' id='word_1_242' title='bbox 697 3046 709 3067; x_wconf 90' lang='lat'><strong>,</strong></span> <span class='ocrx_word' id='word_1_243' title='bbox 738 3003 980 3072; x_wconf 88' lang='lat' dir='ltr'><strong>quamvis</strong></span> <span class='ocrx_word' id='word_1_244' title='bbox 1019 3001 1070 3056; x_wconf 87' lang='lat' dir='ltr'><strong>id</strong></span> <span class='ocrx_word' id='word_1_245' title='bbox 1109 3001 1238 3054; x_wconf 89' lang='lat' dir='ltr'><strong>nolit</strong></span> <span class='ocrx_word' id='word_1_246' title='bbox 1274 3015 1286 3051; x_wconf 92' lang='lat'><strong>:</strong></span> <span class='ocrx_word' id='word_1_247' title='bbox 1329 2999 1465 3054; x_wconf 91' lang='lat' dir='ltr'><strong>sicut</strong></span> <span class='ocrx_word' id='word_1_248' title='bbox 1491 2999 1854 3067; x_wconf 71' lang='lat' dir='ltr'><strong>prmcipitatus</strong></span> <span class='ocrx_word' id='word_1_249' title='bbox 1885 3000 2000 3054; x_wconf 87' lang='lat' dir='ltr'><strong>sine</strong></span> <span class='ocrx_word' id='word_1_250' title='bbox 2024 2999 2166 3054; x_wconf 76' lang='lat' dir='ltr'><strong>diffi-</strong></span> 
     </span>
    </p>
   </div>
   <div class='ocr_carea' id='block_1_32' title="bbox 581 3089 2166 3161">
    <p class='ocr_par' dir='ltr' id='par_1_32' title="bbox 581 3089 2166 3161">
     <span class='ocr_line' id='line_1_32' title="bbox 581 3089 2166 3161; baseline -0.002 -11"><span class='ocrx_word' id='word_1_251' title='bbox 581 3097 777 3150; x_wconf 88' lang='lat' dir='ltr'><strong>cultate</strong></span> <span class='ocrx_word' id='word_1_252' title='bbox 805 3094 949 3148; x_wconf 85' lang='lat' dir='ltr'><strong>venit</strong></span> <span class='ocrx_word' id='word_1_253' title='bbox 979 3093 1029 3146; x_wconf 85' lang='lat' dir='ltr'><strong>in</strong></span> <span class='ocrx_word' id='word_1_254' title='bbox 1072 3090 1387 3161; x_wconf 88' lang='lat' dir='ltr'><strong>profundum</strong></span> <span class='ocrx_word' id='word_1_255' title='bbox 1416 3131 1429 3156; x_wconf 95' lang='lat'><strong>,</strong></span> <span class='ocrx_word' id='word_1_256' title='bbox 1471 3089 1711 3158; x_wconf 79' lang='lat' dir='ltr'><strong>quamvis</strong></span> <span class='ocrx_word' id='word_1_257' title='bbox 1750 3090 1803 3143; x_wconf 88' lang='lat' dir='ltr'><strong>id</strong></span> <span class='ocrx_word' id='word_1_258' title='bbox 1849 3091 1980 3145; x_wconf 87' lang='lat' dir='ltr'><strong>nolit</strong></span> <span class='ocrx_word' id='word_1_259' title='bbox 2008 3101 2166 3161; x_wconf 82' lang='lat' dir='ltr'><strong>atque</strong></span> 
     </span>
    </p>
   </div>
   <div class='ocr_carea' id='block_1_33' title="bbox 581 3181 2161 3253">
    <p class='ocr_par' dir='ltr' id='par_1_33' title="bbox 581 3181 2161 3253">
     <span class='ocr_line' id='line_1_33' title="bbox 581 3181 2161 3253; baseline -0.002 -12"><span class='ocrx_word' id='word_1_260' title='bbox 581 3185 775 3241; x_wconf 87' lang='lat' dir='ltr'><strong>oderit.</strong></span> <span class='ocrx_word' id='word_1_261' title='bbox 809 3185 918 3239; x_wconf 91' lang='lat' dir='ltr'><strong>lloc</strong></span> <span class='ocrx_word' id='word_1_262' title='bbox 959 3183 1066 3237; x_wconf 81' lang='lat' dir='ltr'><strong>dixi</strong></span> <span class='ocrx_word' id='word_1_263' title='bbox 1099 3192 1316 3253; x_wconf 85' lang='lat' dir='ltr'><strong>propter</strong></span> <span class='ocrx_word' id='word_1_264' title='bbox 1347 3181 1564 3235; x_wconf 87' lang='lat' dir='ltr'><strong>verbum</strong></span> <span class='ocrx_word' id='word_1_265' title='bbox 1597 3181 1738 3250; x_wconf 88' lang='lat' dir='ltr'><strong>quod</strong></span> <span class='ocrx_word' id='word_1_266' title='bbox 1781 3183 1892 3248; x_wconf 82' lang='lat' dir='ltr'><strong>ait,</strong></span> <span class='ocrx_word' id='word_1_267' title='bbox 1941 3182 2161 3252; x_wconf 80' lang='lat' dir='ltr'><strong>adjacet.</strong></span> 
     </span>
    </p>
   </div>
   <div class='ocr_carea' id='block_1_34' title="bbox 579 3273 2164 3346">
    <p class='ocr_par' dir='ltr' id='par_1_34' title="bbox 579 3273 2164 3346">
     <span class='ocr_line' id='line_1_34' title="bbox 579 3273 2164 3346; baseline -0.001 -13"><span class='ocrx_word' id='word_1_268' title='bbox 579 3277 829 3333; x_wconf 85' lang='lat' dir='ltr'><strong>Perhith</strong></span> <span class='ocrx_word' id='word_1_269' title='bbox 858 3277 1016 3346; x_wconf 80' lang='lat' dir='ltr'><strong>igitur</strong></span> <span class='ocrx_word' id='word_1_270' title='bbox 1033 3275 1395 3330; x_wconf 88' lang='lat' dir='ltr'><strong>testimonium</strong></span> <span class='ocrx_word' id='word_1_271' title='bbox 1418 3273 1538 3344; x_wconf 88' lang='lat' dir='ltr'><strong>legi,</strong></span> <span class='ocrx_word' id='word_1_272' title='bbox 1562 3274 1701 3343; x_wconf 86' lang='lat' dir='ltr'><strong>quod</strong></span> <span class='ocrx_word' id='word_1_273' title='bbox 1728 3274 1865 3328; x_wconf 81' lang='lat' dir='ltr'><strong>bona</strong></span> <span class='ocrx_word' id='word_1_274' title='bbox 1887 3275 1975 3340; x_wconf 87' lang='lat' dir='ltr'><strong>sit,</strong></span> <span class='ocrx_word' id='word_1_275' title='bbox 2003 3277 2164 3332; x_wconf 83' lang='lat' dir='ltr'><strong>homo</strong></span> 
     </span>
    </p>
   </div>
   <div class='ocr_carea' id='block_1_35' title="bbox 579 3365 2164 3436">
    <p class='ocr_par' dir='ltr' id='par_1_35' title="bbox 579 3365 2164 3436">
     <span class='ocr_line' id='line_1_35' title="bbox 579 3365 2164 3436; baseline 0.001 -14"><span class='ocrx_word' id='word_1_276' title='bbox 579 3368 681 3423; x_wconf 86' lang='lat' dir='ltr'><strong>sub</strong></span> <span class='ocrx_word' id='word_1_277' title='bbox 710 3383 771 3422; x_wconf 91' lang='lat' dir='ltr'><strong>ca</strong></span> <span class='ocrx_word' id='word_1_278' title='bbox 802 3368 1004 3435; x_wconf 85' lang='lat' dir='ltr'><strong>positus</strong></span> <span class='ocrx_word' id='word_1_279' title='bbox 1030 3375 1082 3420; x_wconf 90' lang='lat' dir='ltr'><strong>et</strong></span> <span class='ocrx_word' id='word_1_280' title='bbox 1110 3365 1340 3418; x_wconf 90' lang='lat' dir='ltr'><strong>nondum</strong></span> <span class='ocrx_word' id='word_1_281' title='bbox 1369 3365 1535 3434; x_wconf 90' lang='lat' dir='ltr'><strong>gratia</strong></span> <span class='ocrx_word' id='word_1_282' title='bbox 1583 3365 1871 3432; x_wconf 89' lang='lat' dir='ltr'><strong>liberatus;</strong></span> <span class='ocrx_word' id='word_1_283' title='bbox 1921 3369 2164 3436; x_wconf 80' lang='lat' dir='ltr'><strong>perbibet</strong></span> 
     </span>
    </p>
   </div>
   <div class='ocr_carea' id='block_1_36' title="bbox 579 3455 2160 3526">
    <p class='ocr_par' dir='ltr' id='par_1_36' title="bbox 579 3455 2160 3526">
     <span class='ocr_line' id='line_1_36' title="bbox 579 3455 2160 3526; baseline -0.001 -12"><span class='ocrx_word' id='word_1_284' title='bbox 579 3459 799 3514; x_wconf 76' lang='lat' dir='ltr'><strong>cluniuo</strong></span> <span class='ocrx_word' id='word_1_285' title='bbox 819 3473 884 3512; x_wconf 89' lang='lat' dir='ltr'><strong>eo</strong></span> <span class='ocrx_word' id='word_1_286' title='bbox 912 3458 1026 3526; x_wconf 90' lang='lat' dir='ltr'><strong>ipso</strong></span> <span class='ocrx_word' id='word_1_287' title='bbox 1049 3456 1190 3526; x_wconf 90' lang='lat' dir='ltr'><strong>quod</strong></span> <span class='ocrx_word' id='word_1_288' title='bbox 1220 3471 1278 3510; x_wconf 91' lang='lat' dir='ltr'><strong>se</strong></span> <span class='ocrx_word' id='word_1_289' title='bbox 1307 3455 1647 3524; x_wconf 85' lang='lat' dir='ltr'><strong>reprehendit</strong></span> <span class='ocrx_word' id='word_1_290' title='bbox 1677 3456 1848 3512; x_wconf 85' lang='lat' dir='ltr'><strong>facere</strong></span> <span class='ocrx_word' id='word_1_291' title='bbox 1867 3468 2052 3512; x_wconf 86' lang='lat' dir='ltr'><strong>contra</strong></span> <span class='ocrx_word' id='word_1_292' title='bbox 2080 3459 2160 3514; x_wconf 83' lang='lat' dir='ltr'><strong>lc-</strong></span> 
     </span>
    </p>
   </div>
   <div class='ocr_carea' id='block_1_37' title="bbox 578 3548 2161 3622">
    <p class='ocr_par' dir='ltr' id='par_1_37' title="bbox 578 3548 2161 3622">
     <span class='ocr_line' id='line_1_37' title="bbox 578 3548 2161 3622; baseline 0 -16"><span class='ocrx_word' id='word_1_293' title='bbox 578 3567 701 3622; x_wconf 87' lang='lat' dir='ltr'><strong>gem</strong></span> <span class='ocrx_word' id='word_1_294' title='bbox 732 3569 743 3602; x_wconf 89' lang='lat'><strong>:</strong></span> <span class='ocrx_word' id='word_1_295' title='bbox 778 3561 830 3604; x_wconf 91' lang='lat' dir='ltr'><strong>et</strong></span> <span class='ocrx_word' id='word_1_296' title='bbox 858 3549 1059 3603; x_wconf 86' lang='lat' dir='ltr'><strong>invenit</strong></span> <span class='ocrx_word' id='word_1_297' title='bbox 1095 3563 1211 3602; x_wconf 88' lang='lat' dir='ltr'><strong>eam</strong></span> <span class='ocrx_word' id='word_1_298' title='bbox 1253 3548 1450 3601; x_wconf 84' lang='lat' dir='ltr'><strong>bonum</strong></span> <span class='ocrx_word' id='word_1_299' title='bbox 1481 3548 1582 3602; x_wconf 89' lang='lat' dir='ltr'><strong>sibi</strong></span> <span class='ocrx_word' id='word_1_300' title='bbox 1613 3564 1733 3602; x_wconf 84' lang='lat' dir='ltr'><strong>esse</strong></span> <span class='ocrx_word' id='word_1_301' title='bbox 1759 3548 1778 3578; x_wconf 81' lang='grc'><strong>³</strong></span> <span class='ocrx_word' id='word_1_302' title='bbox 1801 3589 1818 3616; x_wconf 86' lang='grc'><strong><em>,</em></strong></span> <span class='ocrx_word' id='word_1_303' title='bbox 1860 3551 2044 3605; x_wconf 81' lang='lat' dir='ltr'><strong>volens</strong></span> <span class='ocrx_word' id='word_1_304' title='bbox 2087 3553 2161 3606; x_wconf 53' lang='lat' dir='ltr'><strong>luo</strong></span> 
     </span>
    </p>
   </div>
   <div class='ocr_carea' id='block_1_38' title="bbox 577 3639 2160 3710">
    <p class='ocr_par' dir='ltr' id='par_1_38' title="bbox 577 3639 2160 3710">
     <span class='ocr_line' id='line_1_38' title="bbox 577 3639 2160 3710; baseline 0.002 -15"><span class='ocrx_word' id='word_1_305' title='bbox 577 3657 699 3696; x_wconf 88' lang='lat' dir='ltr'><strong>cere</strong></span> <span class='ocrx_word' id='word_1_306' title='bbox 747 3640 888 3709; x_wconf 87' lang='lat' dir='ltr'><strong>quod</strong></span> <span class='ocrx_word' id='word_1_307' title='bbox 937 3641 1023 3694; x_wconf 90' lang='lat' dir='ltr'><strong>illa</strong></span> <span class='ocrx_word' id='word_1_308' title='bbox 1070 3639 1259 3708; x_wconf 86' lang='lat' dir='ltr'><strong>jubet,</strong></span> <span class='ocrx_word' id='word_1_309' title='bbox 1305 3647 1358 3692; x_wconf 88' lang='lat' dir='ltr'><strong>et</strong></span> <span class='ocrx_word' id='word_1_310' title='bbox 1400 3639 1827 3707; x_wconf 75' lang='lat' dir='ltr'><strong>concupiscentia</strong></span> <span class='ocrx_word' id='word_1_311' title='bbox 1875 3652 2160 3710; x_wconf 75' lang='lat' dir='ltr'><strong>superante</strong></span> 
     </span>
    </p>
   </div>
   <div class='ocr_carea' id='block_1_39' title="bbox 575 3729 2159 3800">
    <p class='ocr_par' dir='ltr' id='par_1_39' title="bbox 575 3729 2159 3800">
     <span class='ocr_line' id='line_1_39' title="bbox 575 3729 2159 3800; baseline -0.001 -12"><span class='ocrx_word' id='word_1_312' title='bbox 575 3749 684 3788; x_wconf 86' lang='lat' dir='ltr'><strong>non</strong></span> <span class='ocrx_word' id='word_1_313' title='bbox 725 3731 939 3797; x_wconf 82' lang='lat' dir='ltr'><strong>valens;</strong></span> <span class='ocrx_word' id='word_1_314' title='bbox 980 3739 1135 3800; x_wconf 88' lang='lat' dir='ltr'><strong>atque</strong></span> <span class='ocrx_word' id='word_1_315' title='bbox 1180 3731 1250 3783; x_wconf 89' lang='lat' dir='ltr'><strong>ita</strong></span> <span class='ocrx_word' id='word_1_316' title='bbox 1291 3744 1347 3783; x_wconf 89' lang='lat' dir='ltr'><strong>se</strong></span> <span class='ocrx_word' id='word_1_317' title='bbox 1389 3729 1838 3799; x_wconf 58' lang='lat' dir='ltr'><strong>praevaricationis</strong></span> <span class='ocrx_word' id='word_1_318' title='bbox 1879 3741 2024 3786; x_wconf 87' lang='lat' dir='ltr'><strong>reatu</strong></span> <span class='ocrx_word' id='word_1_319' title='bbox 2056 3735 2159 3787; x_wconf 87' lang='lat' dir='ltr'><strong>im-</strong></span> 
     </span>
    </p>
   </div>
   <div class='ocr_carea' id='block_1_40' title="bbox 576 3821 2158 3897">
    <p class='ocr_par' dir='ltr' id='par_1_40' title="bbox 576 3821 2158 3897">
     <span class='ocr_line' id='line_1_40' title="bbox 576 3821 2158 3897; baseline -0.001 -17"><span class='ocrx_word' id='word_1_320' title='bbox 576 3824 828 3897; x_wconf 86' lang='lat' dir='ltr'><strong>plicatum</strong></span> <span class='ocrx_word' id='word_1_321' title='bbox 870 3823 1051 3892; x_wconf 82' lang='lat' dir='ltr'><strong>videt,</strong></span> <span class='ocrx_word' id='word_1_322' title='bbox 1095 3821 1161 3877; x_wconf 88' lang='lat' dir='ltr'><strong>ad</strong></span> <span class='ocrx_word' id='word_1_323' title='bbox 1207 3822 1308 3876; x_wconf 83' lang='lat' dir='ltr'><strong>hoc</strong></span> <span class='ocrx_word' id='word_1_324' title='bbox 1353 3830 1408 3875; x_wconf 93' lang='lat' dir='ltr'><strong>ut</strong></span> <span class='ocrx_word' id='word_1_325' title='bbox 1437 3823 1672 3891; x_wconf 84' lang='lat' dir='ltr'><strong>gratiam</strong></span> <span class='ocrx_word' id='word_1_326' title='bbox 1719 3821 2018 3879; x_wconf 74' lang='lat' dir='ltr'><strong>liberatoris</strong></span> <span class='ocrx_word' id='word_1_327' title='bbox 2058 3825 2158 3878; x_wconf 87' lang='lat' dir='ltr'><strong>im-</strong></span> 
     </span>
    </p>
   </div>
   <div class='ocr_carea' id='block_1_41' title="bbox 576 3919 770 3992">
    <p class='ocr_par' dir='ltr' id='par_1_41' title="bbox 576 3919 770 3992">
     <span class='ocr_line' id='line_1_41' title="bbox 576 3919 770 3992; baseline -0.01 -18"><span class='ocrx_word' id='word_1_328' title='bbox 576 3919 770 3992; x_wconf 86' lang='lat' dir='ltr'><strong>ploret.</strong></span> 
     </span>
    </p>
   </div>
   <div class='ocr_carea' id='block_1_42' title="bbox 649 4006 2154 4078">
    <p class='ocr_par' dir='ltr' id='par_1_42' title="bbox 649 4006 2154 4078">
     <span class='ocr_line' id='line_1_42' title="bbox 649 4006 2154 4078; baseline -0.004 -9"><span class='ocrx_word' id='word_1_329' title='bbox 649 4015 736 4069; x_wconf 80' lang='grc'><strong>15.</strong></span> <span class='ocrx_word' id='word_1_330' title='bbox 764 4011 1090 4067; x_wconf 87' lang='lat' dir='ltr'><strong>Condelector</strong></span> <span class='ocrx_word' id='word_1_331' title='bbox 1116 4009 1268 4072; x_wconf 73' lang='lat' dir='ltr'><strong>citinz,</strong></span> <span class='ocrx_word' id='word_1_332' title='bbox 1299 4007 1486 4078; x_wconf 86' lang='lat' dir='ltr'><strong>inquit,</strong></span> <span class='ocrx_word' id='word_1_333' title='bbox 1515 4007 1614 4078; x_wconf 76' lang='lat' dir='ltr'><strong>legi</strong></span> <span class='ocrx_word' id='word_1_334' title='bbox 1645 4006 1736 4060; x_wconf 88' lang='lat' dir='ltr'><strong>Dei</strong></span> <span class='ocrx_word' id='word_1_335' title='bbox 1765 4009 2042 4062; x_wconf 75' lang='lat' dir='ltr'><strong>secundum</strong></span> <span class='ocrx_word' id='word_1_336' title='bbox 2071 4009 2154 4064; x_wconf 89' lang='lat' dir='ltr'><strong>in-</strong></span> 
     </span>
    </p>
   </div>
   <div class='ocr_carea' id='block_1_43' title="bbox 577 4099 2158 4169">
    <p class='ocr_par' dir='ltr' id='par_1_43' title="bbox 577 4099 2158 4169">
     <span class='ocr_line' id='line_1_43' title="bbox 577 4099 2158 4169; baseline -0.003 -9"><span class='ocrx_word' id='word_1_337' title='bbox 577 4107 806 4160; x_wconf 87' lang='lat' dir='ltr'><strong>teriorem</strong></span> <span class='ocrx_word' id='word_1_338' title='bbox 837 4103 1088 4156; x_wconf 83' lang='lat' dir='ltr'><strong>hominem</strong></span> <span class='ocrx_word' id='word_1_339' title='bbox 1121 4119 1136 4153; x_wconf 94' lang='lat'><em>:</em></span> <span class='ocrx_word' id='word_1_340' title='bbox 1163 4100 1210 4154; x_wconf 91' lang='lat' dir='ltr'><strong>ei</strong></span> <span class='ocrx_word' id='word_1_341' title='bbox 1240 4101 1418 4168; x_wconf 87' lang='lat' dir='ltr'><strong>utique</strong></span> <span class='ocrx_word' id='word_1_342' title='bbox 1445 4099 1712 4169; x_wconf 42' lang='lat' dir='ltr'><strong>legipqua:</strong></span> <span class='ocrx_word' id='word_1_343' title='bbox 1731 4099 1881 4166; x_wconf 86' lang='lat' dir='ltr'><strong>dicit,</strong></span> <span class='ocrx_word' id='word_1_344' title='bbox 1910 4099 2026 4154; x_wconf 82' lang='lat' dir='ltr'><strong>Non</strong></span> <span class='ocrx_word' id='word_1_345' title='bbox 2041 4118 2158 4156; x_wconf 86' lang='lat' dir='ltr'><strong>con-</strong></span> 
     </span>
    </p>
   </div>
   <div class='ocr_carea' id='block_1_44' title="bbox 576 4189 2156 4264">
    <p class='ocr_par' dir='ltr' id='par_1_44' title="bbox 576 4189 2156 4264">
     <span class='ocr_line' id='line_1_44' title="bbox 576 4189 2156 4264; baseline -0.003 -14"><span class='ocrx_word' id='word_1_346' title='bbox 576 4196 819 4264; x_wconf 83' lang='lat' dir='ltr'><strong>cupisces.</strong></span> <span class='ocrx_word' id='word_1_347' title='bbox 861 4191 1017 4244; x_wconf 84' lang='lat' dir='ltr'><strong>Video</strong></span> <span class='ocrx_word' id='word_1_348' title='bbox 1038 4199 1224 4255; x_wconf 84' lang='lat' dir='ltr'><strong>autem,</strong></span> <span class='ocrx_word' id='word_1_349' title='bbox 1257 4189 1453 4257; x_wconf 89' lang='lat' dir='ltr'><strong>inquit,</strong></span> <span class='ocrx_word' id='word_1_350' title='bbox 1481 4189 1640 4257; x_wconf 84' lang='lat' dir='ltr'><strong>legem</strong></span> <span class='ocrx_word' id='word_1_351' title='bbox 1669 4189 1823 4243; x_wconf 81' lang='lat' dir='ltr'><strong>altam</strong></span> <span class='ocrx_word' id='word_1_352' title='bbox 1845 4191 1897 4244; x_wconf 85' lang='lat' dir='ltr'><strong>in</strong></span> <span class='ocrx_word' id='word_1_353' title='bbox 1910 4193 2156 4246; x_wconf 80' lang='lat' dir='ltr'><strong>&#39;membris</strong></span> 
     </span>
    </p>
   </div>
   <div class='ocr_carea' id='block_1_45' title="bbox 574 4280 2156 4353">
    <p class='ocr_par' dir='ltr' id='par_1_45' title="bbox 574 4280 2156 4353">
     <span class='ocr_line' id='line_1_45' title="bbox 574 4280 2156 4353; baseline 0.008 -28"><span class='ocrx_word' id='word_1_354' title='bbox 574 4287 719 4350; x_wconf 64' lang='lat' dir='ltr'><strong>meis,</strong></span> <span class='ocrx_word' id='word_1_355' title='bbox 748 4290 1109 4353; x_wconf 80' lang='lat' dir='ltr'><strong>repugnantem</strong></span> <span class='ocrx_word' id='word_1_356' title='bbox 1139 4281 1233 4349; x_wconf 86' lang='lat' dir='ltr'><strong>legi</strong></span> <span class='ocrx_word' id='word_1_357' title='bbox 1265 4280 1441 4332; x_wconf 83' lang='lat' dir='ltr'><strong>mentis</strong></span> <span class='ocrx_word' id='word_1_358' title='bbox 1475 4295 1617 4344; x_wconf 66' lang='lat' dir='ltr'><strong>mea,</strong></span> <span class='ocrx_word' id='word_1_359' title='bbox 1649 4289 1696 4332; x_wconf 89' lang='lat' dir='ltr'><strong>et</strong></span> <span class='ocrx_word' id='word_1_360' title='bbox 1711 4281 2050 4349; x_wconf 76' lang='lat' dir='ltr'><strong>captivantem</strong></span> <span class='ocrx_word' id='word_1_361' title='bbox 2078 4300 2156 4338; x_wconf 83' lang='lat' dir='ltr'><strong>me</strong></span> 
     </span>
    </p>
   </div>
   <div class='ocr_carea' id='block_1_46' title="bbox 572 4371 2156 4444">
    <p class='ocr_par' dir='ltr' id='par_1_46' title="bbox 572 4371 2156 4444">
     <span class='ocr_line' id='line_1_46' title="bbox 572 4371 2156 4444; baseline -0.002 -13"><span class='ocrx_word' id='word_1_362' title='bbox 572 4376 665 4433; x_wconf 85' lang='lat' dir='ltr'><strong>sub</strong></span> <span class='ocrx_word' id='word_1_363' title='bbox 693 4377 798 4444; x_wconf 82' lang='lat' dir='ltr'><strong>lege</strong></span> <span class='ocrx_word' id='word_1_364' title='bbox 822 4373 1045 4444; x_wconf 82' lang='lat' dir='ltr'><strong>peccati,</strong></span> <span class='ocrx_word' id='word_1_365' title='bbox 1088 4387 1200 4443; x_wconf 74' lang='lat' dir='ltr'><strong>qua:</strong></span> <span class='ocrx_word' id='word_1_366' title='bbox 1237 4380 1308 4423; x_wconf 85' lang='lat' dir='ltr'><strong>est</strong></span> <span class='ocrx_word' id='word_1_367' title='bbox 1333 4372 1384 4423; x_wconf 76' lang='lat' dir='ltr'><strong>in</strong></span> <span class='ocrx_word' id='word_1_368' title='bbox 1411 4371 1642 4424; x_wconf 80' lang='lat' dir='ltr'><strong>membris</strong></span> <span class='ocrx_word' id='word_1_369' title='bbox 1662 4373 2034 4443; x_wconf 52' lang='lat' dir='ltr'><strong>mum-Legem</strong></span> <span class='ocrx_word' id='word_1_370' title='bbox 2055 4389 2156 4444; x_wconf 73' lang='lat' dir='ltr'><strong>ap-</strong></span> 
     </span>
    </p>
   </div>
   <div class='ocr_carea' id='block_1_47' title="bbox 573 4462 2151 4540">
    <p class='ocr_par' dir='ltr' id='par_1_47' title="bbox 573 4462 2151 4540">
     <span class='ocr_line' id='line_1_47' title="bbox 573 4462 2151 4540; baseline -0.001 -17"><span class='ocrx_word' id='word_1_371' title='bbox 573 4467 738 4540; x_wconf 91' lang='lat' dir='ltr'><strong>pellat</strong></span> <span class='ocrx_word' id='word_1_372' title='bbox 763 4465 814 4520; x_wconf 88' lang='lat' dir='ltr'><strong>in</strong></span> <span class='ocrx_word' id='word_1_373' title='bbox 843 4463 1098 4520; x_wconf 88' lang='lat' dir='ltr'><strong>membris</strong></span> <span class='ocrx_word' id='word_1_374' title='bbox 1126 4463 1276 4529; x_wconf 74' lang='lat' dir='ltr'><strong>suis,</strong></span> <span class='ocrx_word' id='word_1_375' title='bbox 1309 4477 1444 4516; x_wconf 89' lang='lat' dir='ltr'><strong>onus</strong></span> <span class='ocrx_word' id='word_1_376' title='bbox 1469 4462 1658 4532; x_wconf 78' lang='lat' dir='ltr'><strong>ipsum</strong></span> <span class='ocrx_word' id='word_1_377' title='bbox 1691 4466 2028 4520; x_wconf 76' lang='lat' dir='ltr'><strong>mortalitatis</strong></span> <span class='ocrx_word' id='word_1_378' title='bbox 2050 4506 2065 4533; x_wconf 94' lang='lat'><strong>,</strong></span> <span class='ocrx_word' id='word_1_379' title='bbox 2097 4467 2151 4522; x_wconf 89' lang='lat' dir='ltr'><strong>in</strong></span> 
     </span>
    </p>
   </div>
   <div class='ocr_carea' id='block_1_48' title="bbox 572 4554 2150 4632">
    <p class='ocr_par' dir='ltr' id='par_1_48' title="bbox 572 4554 2150 4632">
     <span class='ocr_line' id='line_1_48' title="bbox 572 4554 2150 4632; baseline -0.001 -16"><span class='ocrx_word' id='word_1_380' title='bbox 572 4576 680 4632; x_wconf 82' lang='lat' dir='ltr'><strong>quo</strong></span> <span class='ocrx_word' id='word_1_381' title='bbox 708 4558 1099 4631; x_wconf 84' lang='lat' dir='ltr'><strong>ingcmiscimus</strong></span> <span class='ocrx_word' id='word_1_382' title='bbox 1121 4557 1322 4626; x_wconf 76' lang='lat' dir='ltr'><strong>gravati</strong></span> <span class='ocrx_word' id='word_1_383' title='bbox 1351 4554 1419 4624; x_wconf 89' lang='lat' dir='ltr'><strong>(ll</strong></span> <span class='ocrx_word' id='word_1_384' title='bbox 1447 4555 1564 4610; x_wconf 87' lang='lat' dir='ltr'><strong>Cor.</strong></span> <span class='ocrx_word' id='word_1_385' title='bbox 1590 4573 1641 4623; x_wconf 89' lang='lat' dir='ltr'><strong>v,</strong></span> <span class='ocrx_word' id='word_1_386' title='bbox 1670 4558 1746 4626; x_wconf 74' lang='grc'><strong>4).</strong></span> <span class='ocrx_word' id='word_1_387' title='bbox 1777 4557 1984 4628; x_wconf 83' lang='lat' dir='ltr'><strong>Corpus</strong></span> <span class='ocrx_word' id='word_1_388' title='bbox 2007 4561 2150 4615; x_wconf 85' lang='lat' dir='ltr'><strong>enim</strong></span> 
     </span>
    </p>
   </div>
   <div class='ocr_carea' id='block_1_49' title="bbox 571 4650 2148 4724">
    <p class='ocr_par' dir='ltr' id='par_1_49' title="bbox 571 4650 2148 4724">
     <span class='ocr_line' id='line_1_49' title="bbox 571 4650 2148 4724; baseline 0.001 -18"><span class='ocrx_word' id='word_1_389' title='bbox 571 4653 716 4724; x_wconf 90' lang='lat' dir='ltr'><strong>quod</strong></span> <span class='ocrx_word' id='word_1_390' title='bbox 759 4651 1116 4719; x_wconf 82' lang='lat' dir='ltr'><strong>corrumpitur</strong></span> <span class='ocrx_word' id='word_1_391' title='bbox 1155 4659 1403 4719; x_wconf 84' lang='lat' dir='ltr'><strong>aggravat</strong></span> <span class='ocrx_word' id='word_1_392' title='bbox 1447 4650 1677 4704; x_wconf 85' lang='lat' dir='ltr'><strong>animam</strong></span> <span class='ocrx_word' id='word_1_393' title='bbox 1713 4651 1866 4723; x_wconf 83' lang='lat' dir='ltr'><strong>(Sap.</strong></span> <span class='ocrx_word' id='word_1_394' title='bbox 1910 4669 1960 4707; x_wconf 80' lang='lat' dir='ltr'><strong>rx</strong></span> <span class='ocrx_word' id='word_1_395' title='bbox 1989 4694 2003 4719; x_wconf 93' lang='lat'><strong>,</strong></span> <span class='ocrx_word' id='word_1_396' title='bbox 2038 4655 2148 4724; x_wconf 78' lang='lat' dir='ltr'><strong>l5).</strong></span> 
     </span>
    </p>
   </div>
   <div class='ocr_carea' id='block_1_50' title="bbox 567 4741 2150 4815">
    <p class='ocr_par' dir='ltr' id='par_1_50' title="bbox 567 4741 2150 4815">
     <span class='ocr_line' id='line_1_50' title="bbox 567 4741 2150 4815; baseline 0.004 -19"><span class='ocrx_word' id='word_1_397' title='bbox 567 4742 674 4799; x_wconf 85' lang='lat' dir='ltr'><strong>Per</strong></span> <span class='ocrx_word' id='word_1_398' title='bbox 699 4742 838 4815; x_wconf 90' lang='lat' dir='ltr'><strong>quod</strong></span> <span class='ocrx_word' id='word_1_399' title='bbox 872 4743 926 4796; x_wconf 85' lang='lat' dir='ltr'><strong>fit</strong></span> <span class='ocrx_word' id='word_1_400' title='bbox 950 4741 1108 4797; x_wconf 85' lang='lat' dir='ltr'><strong>etiam</strong></span> <span class='ocrx_word' id='word_1_401' title='bbox 1137 4755 1277 4810; x_wconf 78' lang='lat' dir='ltr'><strong>saepe</strong></span> <span class='ocrx_word' id='word_1_402' title='bbox 1303 4749 1360 4794; x_wconf 90' lang='lat' dir='ltr'><strong>ut</strong></span> <span class='ocrx_word' id='word_1_403' title='bbox 1390 4741 1582 4796; x_wconf 86' lang='lat' dir='ltr'><strong>invicte</strong></span> <span class='ocrx_word' id='word_1_404' title='bbox 1607 4742 2003 4814; x_wconf 76' lang='lat' dir='ltr'><strong>delectetquod</strong></span> <span class='ocrx_word' id='word_1_405' title='bbox 2044 4761 2150 4802; x_wconf 88' lang='lat' dir='ltr'><strong>non</strong></span> 
     </span>
    </p>
   </div>
   <div class='ocr_carea' id='block_1_51' title="bbox 572 4833 2151 4905">
    <p class='ocr_par' dir='ltr' id='par_1_51' title="bbox 572 4833 2151 4905">
     <span class='ocr_line' id='line_1_51' title="bbox 572 4833 2151 4905; baseline 0.001 -14"><span class='ocrx_word' id='word_1_406' title='bbox 572 4836 694 4892; x_wconf 84' lang='lat' dir='ltr'><strong>licet</strong></span> <span class='ocrx_word' id='word_1_407' title='bbox 719 4836 759 4889; x_wconf 66' lang='lat'><strong>‘.</strong></span> <span class='ocrx_word' id='word_1_408' title='bbox 789 4833 956 4903; x_wconf 84' lang='lat' dir='ltr'><strong>Quam</strong></span> <span class='ocrx_word' id='word_1_409' title='bbox 987 4833 1609 4902; x_wconf 13' lang='lat' dir='ltr'><strong>sarcinamlprementem</strong></span> <span class='ocrx_word' id='word_1_410' title='bbox 1649 4838 2151 4905; x_wconf 79' lang='lat' dir='ltr'><strong>et-urgentemideo</strong></span> 
     </span>
    </p>
   </div>
   <div class='ocr_carea' id='block_1_52' title="bbox 567 4923 2149 5001">
    <p class='ocr_par' dir='ltr' id='par_1_52' title="bbox 567 4923 2149 5001">
     <span class='ocr_line' id='line_1_52' title="bbox 567 4923 2149 5001; baseline 0.002 -21"><span class='ocrx_word' id='word_1_411' title='bbox 567 4925 747 4996; x_wconf 82' lang='lat' dir='ltr'><strong>legem</strong></span> <span class='ocrx_word' id='word_1_412' title='bbox 774 4926 1022 4995; x_wconf 84' lang='lat' dir='ltr'><strong>appellat,</strong></span> <span class='ocrx_word' id='word_1_413' title='bbox 1051 4924 1172 4993; x_wconf 85' lang='lat' dir='ltr'><strong>quia</strong></span> <span class='ocrx_word' id='word_1_414' title='bbox 1199 4923 1318 4992; x_wconf 82' lang='lat' dir='ltr'><strong>jure</strong></span> <span class='ocrx_word' id='word_1_415' title='bbox 1345 4923 1590 4992; x_wconf 81' lang='lat' dir='ltr'><strong>supplicii</strong></span> <span class='ocrx_word' id='word_1_416' title='bbox 1619 4925 2025 5001; x_wconf 64' lang='lat' dir='ltr'><strong>divinojndieio</strong></span> <span class='ocrx_word' id='word_1_417' title='bbox 2051 4930 2149 4984; x_wconf 84' lang='lat' dir='ltr'><strong>tri-</strong></span> 
     </span>
    </p>
   </div>
   <div class='ocr_carea' id='block_1_53' title="bbox 577 5014 2144 5090">
    <p class='ocr_par' dir='ltr' id='par_1_53' title="bbox 577 5014 2144 5090">
     <span class='ocr_line' id='line_1_53' title="bbox 577 5014 2144 5090; baseline 0.001 -15"><span class='ocrx_word' id='word_1_418' title='bbox 577 5014 701 5075; x_wconf 89' lang='lat' dir='ltr'><strong>buta</strong></span> <span class='ocrx_word' id='word_1_419' title='bbox 723 5028 775 5072; x_wconf 90' lang='lat' dir='ltr'><strong>et</strong></span> <span class='ocrx_word' id='word_1_420' title='bbox 801 5019 1044 5087; x_wconf 85' lang='lat' dir='ltr'><strong>imposita</strong></span> <span class='ocrx_word' id='word_1_421' title='bbox 1080 5025 1164 5071; x_wconf 90' lang='lat' dir='ltr'><strong>est</strong></span> <span class='ocrx_word' id='word_1_422' title='bbox 1187 5016 1349 5071; x_wconf 85' lang='lat' dir='ltr'><strong>abeo</strong></span> <span class='ocrx_word' id='word_1_423' title='bbox 1365 5017 1454 5086; x_wconf 84' lang='lat' dir='ltr'><strong>qui</strong></span> <span class='ocrx_word' id='word_1_424' title='bbox 1481 5020 1801 5086; x_wconf 58' lang='lat' dir='ltr'><strong>prsimonuit</strong></span> <span class='ocrx_word' id='word_1_425' title='bbox 1835 5019 2104 5078; x_wconf 71' lang='lat' dir='ltr'><strong>hominem</strong></span> <span class='ocrx_word' id='word_1_426' title='bbox 2129 5063 2144 5090; x_wconf 93' lang='lat'><strong>,</strong></span> 
     </span>
    </p>
   </div>
   <div class='ocr_carea' id='block_1_54' title="bbox 570 5110 2144 5188">
    <p class='ocr_par' dir='ltr' id='par_1_54' title="bbox 570 5110 2144 5188">
     <span class='ocr_line' id='line_1_54' title="bbox 570 5110 2144 5188; baseline 0.003 -22"><span class='ocrx_word' id='word_1_427' title='bbox 570 5110 751 5166; x_wconf 86' lang='lat' dir='ltr'><strong>dicens</strong></span> <span class='ocrx_word' id='word_1_428' title='bbox 775 5129 787 5164; x_wconf 90' lang='lat'>:</span> <span class='ocrx_word' id='word_1_429' title='bbox 815 5111 926 5176; x_wconf 81' lang='lat' dir='ltr'><strong>Qua</strong></span> <span class='ocrx_word' id='word_1_430' title='bbox 950 5111 1030 5164; x_wconf 86' lang='lat' dir='ltr'><strong>die</strong></span> <span class='ocrx_word' id='word_1_431' title='bbox 1050 5110 1490 5174; x_wconf 71' lang='lat' dir='ltr'><strong>manducavcritis,</strong></span> <span class='ocrx_word' id='word_1_432' title='bbox 1513 5121 1670 5165; x_wconf 79' lang='lat' dir='ltr'><strong>morte</strong></span> <span class='ocrx_word' id='word_1_433' title='bbox 1687 5115 1971 5170; x_wconf 69' lang='grc' dir='ltr'><strong>ιιηονίεικόιὶ</strong></span> <span class='ocrx_word' id='word_1_434' title='bbox 1995 5116 2144 5188; x_wconf 72' lang='grc' dir='ltr'><strong>(ϐαι.</strong></span> 
     </span>
    </p>
   </div>
   <div class='ocr_carea' id='block_1_55' title="bbox 630 5279 1526 5340">
    <p class='ocr_par' dir='ltr' id='par_1_55' title="bbox 630 5279 1526 5340">
     <span class='ocr_line' id='line_1_55' title="bbox 630 5279 1526 5340; baseline 0.003 -12"><span class='ocrx_word' id='word_1_435' title='bbox 630 5285 647 5316; x_wconf 77' lang='grc' dir='ltr'>ί</span> <span class='ocrx_word' id='word_1_436' title='bbox 683 5283 920 5340; x_wconf 75' lang='lat' dir='ltr'><strong>Verbum,</strong></span> <span class='ocrx_word' id='word_1_437' title='bbox 952 5279 1160 5340; x_wconf 82' lang='lat' dir='ltr'><strong>invenio,</strong></span> <span class='ocrx_word' id='word_1_438' title='bbox 1187 5281 1328 5330; x_wconf 83' lang='lat' dir='ltr'><strong>abest</strong></span> <span class='ocrx_word' id='word_1_439' title='bbox 1358 5296 1386 5331; x_wconf 89' lang='lat' dir='ltr'><strong>a</strong></span> <span class='ocrx_word' id='word_1_440' title='bbox 1417 5289 1526 5331; x_wconf 73' lang='lat' dir='ltr'><strong>Mss.</strong></span> 
     </span>
    </p>
   </div>
   <div class='ocr_carea' id='block_1_56' title="bbox 626 5343 2139 5413">
    <p class='ocr_par' dir='ltr' id='par_1_56' title="bbox 626 5343 2139 5413">
     <span class='ocr_line' id='line_1_56' title="bbox 626 5343 2139 5413; baseline 0.013 -31"><span class='ocrx_word' id='word_1_441' title='bbox 626 5348 648 5413; x_wconf 60' lang='grc' dir='ltr'><strong>ξ</strong></span> <span class='ocrx_word' id='word_1_442' title='bbox 681 5346 752 5393; x_wconf 71' lang='lat' dir='ltr'><strong>sic</strong></span> <span class='ocrx_word' id='word_1_443' title='bbox 785 5350 864 5413; x_wconf 45' lang='grc' dir='ltr'><strong>ετ..</strong></span> <span class='ocrx_word' id='word_1_444' title='bbox 893 5351 944 5392; x_wconf 83' lang='lat' dir='ltr'><strong>et</strong></span> <span class='ocrx_word' id='word_1_445' title='bbox 978 5343 1191 5413; x_wconf 72' lang='lat' dir='ltr'><strong>potiores</strong></span> <span class='ocrx_word' id='word_1_446' title='bbox 1220 5349 1323 5390; x_wconf 78' lang='lat' dir='ltr'><strong>Mss.</strong></span> <span class='ocrx_word' id='word_1_447' title='bbox 1362 5344 1740 5413; x_wconf 39' lang='lat' dir='ltr'><strong>atlpovqnmla:</strong></span> <span class='ocrx_word' id='word_1_448' title='bbox 1767 5348 2139 5401; x_wconf 81' lang='lat' dir='ltr'><strong>consuetudinis.</strong></span> 
     </span>
    </p>
   </div>
   <div class='ocr_carea' id='block_1_57' title="bbox 626 5401 2141 5475">
    <p class='ocr_par' dir='ltr' id='par_1_57' title="bbox 626 5401 2141 5475">
     <span class='ocr_line' id='line_1_57' title="bbox 626 5401 2141 5475; baseline 0.005 -22"><span class='ocrx_word' id='word_1_449' title='bbox 626 5409 647 5439; x_wconf 83' lang='grc'>³</span> <span class='ocrx_word' id='word_1_450' title='bbox 681 5413 809 5475; x_wconf 80' lang='lat' dir='ltr'><strong>Lov.,</strong></span> <span class='ocrx_word' id='word_1_451' title='bbox 847 5401 1020 5475; x_wconf 58' lang='lat' dir='ltr'><strong>inuenit</strong></span> <span class='ocrx_word' id='word_1_452' title='bbox 1053 5401 1343 5475; x_wconf 45' lang='lat' dir='ltr'><strong>emn‘bonam</strong></span> <span class='ocrx_word' id='word_1_453' title='bbox 1376 5403 1465 5454; x_wconf 70' lang='lat' dir='ltr'><strong>sibi</strong></span> <span class='ocrx_word' id='word_1_454' title='bbox 1495 5401 1612 5456; x_wconf 79' lang='lat' dir='ltr'><strong>esse.</strong></span> <span class='ocrx_word' id='word_1_455' title='bbox 1635 5414 1689 5455; x_wconf 80' lang='lat' dir='ltr'><strong>At</strong></span> <span class='ocrx_word' id='word_1_456' title='bbox 1714 5417 1810 5456; x_wconf 79' lang='lat' dir='ltr'><strong>Am.</strong></span> <span class='ocrx_word' id='word_1_457' title='bbox 1830 5417 1902 5458; x_wconf 77' lang='lat' dir='ltr'><strong>Er.</strong></span> <span class='ocrx_word' id='word_1_458' title='bbox 1933 5419 1983 5460; x_wconf 84' lang='lat' dir='ltr'><strong>ct</strong></span> <span class='ocrx_word' id='word_1_459' title='bbox 2016 5418 2141 5475; x_wconf 66' lang='lat' dir='ltr'><strong>Mss,</strong></span> 
     </span>
    </p>
   </div>
   <div class='ocr_carea' id='block_1_58' title="bbox 565 5463 1430 5534">
    <p class='ocr_par' dir='ltr' id='par_1_58' title="bbox 565 5463 1430 5534">
     <span class='ocr_line' id='line_1_58' title="bbox 565 5463 1430 5534; baseline 0.005 -4"><span class='ocrx_word' id='word_1_460' title='bbox 565 5468 737 5534; x_wconf 73' lang='lat' dir='ltr'><strong>im‘enil</strong></span> <span class='ocrx_word' id='word_1_461' title='bbox 770 5463 875 5534; x_wconf 73' lang='grc' dir='ltr'><strong>εαηι</strong></span> <span class='ocrx_word' id='word_1_462' title='bbox 910 5465 1086 5534; x_wconf 65' lang='grc' dir='ltr'><strong>’20ηαῖθέ</strong></span> <span class='ocrx_word' id='word_1_463' title='bbox 1111 5463 1203 5534; x_wconf 66' lang='grc' dir='ltr'><strong>δέ,θὶ</strong></span> <span class='ocrx_word' id='word_1_464' title='bbox 1232 5477 1361 5534; x_wconf 70' lang='grc' dir='ltr'><strong>εδδεο.</strong></span> <span class='ocrx_word' id='word_1_465' title='bbox 1400 5523 1430 5534; x_wconf 93' lang='grc'>..</span> 
     </span>
    </p>
   </div>
   <div class='ocr_carea' id='block_1_59' title="bbox 625 5523 2145 5593">
    <p class='ocr_par' dir='ltr' id='par_1_59' title="bbox 625 5523 2145 5593">
     <span class='ocr_line' id='line_1_59' title="bbox 625 5523 2145 5593; baseline 0.017 -31"><span class='ocrx_word' id='word_1_466' title='bbox 625 5532 646 5562; x_wconf 67' lang='grc' dir='ltr'>δ</span> <span class='ocrx_word' id='word_1_467' title='bbox 681 5537 806 5588; x_wconf 40' lang='lat' dir='ltr'><strong>Low,</strong></span> <span class='ocrx_word' id='word_1_468' title='bbox 833 5524 974 5593; x_wconf 69' lang='lat' dir='ltr'><strong>invite</strong></span> <span class='ocrx_word' id='word_1_469' title='bbox 1007 5525 1204 5593; x_wconf 70' lang='lat' dir='ltr'><strong>delectet</strong></span> <span class='ocrx_word' id='word_1_470' title='bbox 1235 5524 1361 5593; x_wconf 80' lang='lat' dir='ltr'><strong>quod</strong></span> <span class='ocrx_word' id='word_1_471' title='bbox 1394 5523 1528 5593; x_wconf 68' lang='lat' dir='ltr'><strong>licet.</strong></span> <span class='ocrx_word' id='word_1_472' title='bbox 1556 5535 1726 5580; x_wconf 85' lang='lat' dir='ltr'><strong>Locum</strong></span> <span class='ocrx_word' id='word_1_473' title='bbox 1750 5532 1991 5593; x_wconf 75' lang='lat' dir='ltr'><strong>partimad</strong></span> <span class='ocrx_word' id='word_1_474' title='bbox 2025 5535 2145 5589; x_wconf 75' lang='lat' dir='ltr'><strong>alias</strong></span> 
     </span>
    </p>
   </div>
   <div class='ocr_carea' id='block_1_60' title="bbox 563 5585 1596 5650">
    <p class='ocr_par' dir='ltr' id='par_1_60' title="bbox 563 5585 1596 5650">
     <span class='ocr_line' id='line_1_60' title="bbox 563 5585 1596 5650; baseline -0.012 -6"><span class='ocrx_word' id='word_1_475' title='bbox 563 5585 804 5644; x_wconf 82' lang='lat' dir='ltr'><strong>editiones</strong></span> <span class='ocrx_word' id='word_1_476' title='bbox 825 5590 1162 5650; x_wconf 70' lang='lat' dir='ltr'><strong>restinximus,</strong></span> <span class='ocrx_word' id='word_1_477' title='bbox 1194 5585 1366 5650; x_wconf 73' lang='lat' dir='ltr'><strong>partim</strong></span> <span class='ocrx_word' id='word_1_478' title='bbox 1397 5585 1456 5634; x_wconf 82' lang='lat' dir='ltr'><strong>ad</strong></span> <span class='ocrx_word' id='word_1_479' title='bbox 1488 5591 1596 5638; x_wconf 72' lang='grc' dir='ltr'><strong>κει,</strong></span> 
     </span>
    </p>
   </div>
   <div class='ocr_carea' id='block_1_61' title="bbox 619 5649 1059 5716">
    <p class='ocr_par' dir='ltr' id='par_1_61' title="bbox 619 5649 1059 5716">
     <span class='ocr_line' id='line_1_61' title="bbox 619 5649 1059 5716; baseline -0.007 -14"><span class='ocrx_word' id='word_1_480' title='bbox 619 5651 697 5716; x_wconf 79' lang='grc' dir='ltr'><strong>(ο)</strong></span> <span class='ocrx_word' id='word_1_481' title='bbox 725 5655 882 5712; x_wconf 73' lang='lat' dir='ltr'><strong>vorte,</strong></span> <span class='ocrx_word' id='word_1_482' title='bbox 907 5649 1059 5710; x_wconf 63' lang='lat' dir='ltr'><strong>hut.</strong></span> 
     </span>
    </p>
   </div>
   <div class='ocr_carea' id='block_1_62' title="bbox 1108 223 3264 297">
    <p class='ocr_par' dir='ltr' id='par_1_62' title="bbox 1108 223 3264 297">
     <span class='ocr_line' id='line_1_62' title="bbox 1108 223 3264 297; baseline 0.002 -12"><span class='ocrx_word' id='word_1_483' title='bbox 1108 229 1192 286; x_wconf 85' lang='lat' dir='ltr'><strong>DE</strong></span> <span class='ocrx_word' id='word_1_484' title='bbox 1235 225 1539 286; x_wconf 80' lang='lat' dir='ltr'><strong>DlVERSIS</strong></span> <span class='ocrx_word' id='word_1_485' title='bbox 1574 225 2094 297; x_wconf 67' lang='lat' dir='ltr'><strong>QUIESTIONIBUS</strong></span> <span class='ocrx_word' id='word_1_486' title='bbox 2131 225 2222 282; x_wconf 73' lang='lat' dir='ltr'><strong>AD</strong></span> <span class='ocrx_word' id='word_1_487' title='bbox 2261 223 2760 297; x_wconf 69' lang='lat' dir='ltr'><strong>SIMPLICIANUM,</strong></span> <span class='ocrx_word' id='word_1_488' title='bbox 2802 228 2858 286; x_wconf 93' lang='lat' dir='ltr'><strong>S.</strong></span> <span class='ocrx_word' id='word_1_489' title='bbox 2899 230 3264 289; x_wconf 82' lang='lat' dir='ltr'><strong>AUGUSTINI</strong></span> 
     </span>
    </p>
   </div>
   <div class='ocr_carea' id='block_1_63' title="bbox 3753 235 3857 295">
    <p class='ocr_par' dir='ltr' id='par_1_63' title="bbox 3753 235 3857 295">
     <span class='ocr_line' id='line_1_63' title="bbox 3753 235 3857 295; baseline 0.029 -3"><span class='ocrx_word' id='word_1_490' title='bbox 3753 235 3857 295; x_wconf 79' lang='grc'><strong>108</strong></span> 
     </span>
    </p>
   </div>
   <div class='ocr_carea' id='block_1_64' title="bbox 2277 345 3858 422">
    <p class='ocr_par' dir='ltr' id='par_1_64' title="bbox 2277 345 3858 422">
     <span class='ocr_line' id='line_1_64' title="bbox 2277 345 3858 422; baseline 0.01 -25"><span class='ocrx_word' id='word_1_491' title='bbox 2277 357 2311 398; x_wconf 88' lang='lat' dir='ltr'><strong>n</strong></span> <span class='ocrx_word' id='word_1_492' title='bbox 2337 385 2350 411; x_wconf 92' lang='lat'><strong>,</strong></span> <span class='ocrx_word' id='word_1_493' title='bbox 2395 345 2502 416; x_wconf 88' lang='lat' dir='ltr'><strong>l7).</strong></span> <span class='ocrx_word' id='word_1_494' title='bbox 2545 345 2671 402; x_wconf 57' lang='lat' dir='ltr'><strong>Haec</strong></span> <span class='ocrx_word' id='word_1_495' title='bbox 2701 347 2781 403; x_wconf 77' lang='lat' dir='ltr'><strong>lex</strong></span> <span class='ocrx_word' id='word_1_496' title='bbox 2803 358 3068 420; x_wconf 80' lang='lat' dir='ltr'><strong>repugnat</strong></span> <span class='ocrx_word' id='word_1_497' title='bbox 3093 351 3196 422; x_wconf 83' lang='lat' dir='ltr'><strong>legi</strong></span> <span class='ocrx_word' id='word_1_498' title='bbox 3240 352 3436 409; x_wconf 77' lang='lat' dir='ltr'><strong>mentis</strong></span> <span class='ocrx_word' id='word_1_499' title='bbox 3461 353 3658 410; x_wconf 81' lang='lat' dir='ltr'><strong>dicenti</strong></span> <span class='ocrx_word' id='word_1_500' title='bbox 3683 396 3698 422; x_wconf 89' lang='lat'><strong>,</strong></span> <span class='ocrx_word' id='word_1_501' title='bbox 3735 353 3858 414; x_wconf 83' lang='lat' dir='ltr'><strong>Non</strong></span> 
     </span>
    </p>
   </div>
   <div class='ocr_carea' id='block_1_65' title="bbox 2275 440 3855 508">
    <p class='ocr_par' dir='ltr' id='par_1_65' title="bbox 2275 440 3855 508">
     <span class='ocr_line' id='line_1_65' title="bbox 2275 440 3855 508; baseline 0.009 -17"><span class='ocrx_word' id='word_1_502' title='bbox 2275 440 2594 508; x_wconf 77' lang='lat' dir='ltr'><strong>concupisces</strong></span> <span class='ocrx_word' id='word_1_503' title='bbox 2624 455 2640 495; x_wconf 88' lang='lat'><strong><em>:</em></strong></span> <span class='ocrx_word' id='word_1_504' title='bbox 2668 441 2750 496; x_wconf 89' lang='lat' dir='ltr'><strong>cui</strong></span> <span class='ocrx_word' id='word_1_505' title='bbox 2785 444 3190 500; x_wconf 82' lang='lat' dir='ltr'><strong>comlelectatur</strong></span> <span class='ocrx_word' id='word_1_506' title='bbox 3211 445 3373 501; x_wconf 85' lang='lat' dir='ltr'><strong>homo</strong></span> <span class='ocrx_word' id='word_1_507' title='bbox 3395 447 3686 504; x_wconf 68' lang='lat' dir='ltr'><strong>socordem</strong></span> <span class='ocrx_word' id='word_1_508' title='bbox 3718 449 3855 506; x_wconf 80' lang='lat' dir='ltr'><strong>intc-</strong></span> 
     </span>
    </p>
   </div>
   <div class='ocr_carea' id='block_1_66' title="bbox 2275 533 3856 612">
    <p class='ocr_par' dir='ltr' id='par_1_66' title="bbox 2275 533 3856 612">
     <span class='ocr_line' id='line_1_66' title="bbox 2275 533 3856 612; baseline 0.007 -26"><span class='ocrx_word' id='word_1_509' title='bbox 2275 533 2470 586; x_wconf 86' lang='lat' dir='ltr'><strong>riorcm</strong></span> <span class='ocrx_word' id='word_1_510' title='bbox 2497 533 2762 587; x_wconf 73' lang='lat' dir='ltr'><strong>hominem</strong></span> <span class='ocrx_word' id='word_1_511' title='bbox 2792 551 2806 597; x_wconf 92' lang='lat'><strong>;</strong></span> <span class='ocrx_word' id='word_1_512' title='bbox 2837 546 2888 588; x_wconf 85' lang='lat' dir='ltr'><strong>et</strong></span> <span class='ocrx_word' id='word_1_513' title='bbox 2912 546 3192 606; x_wconf 86' lang='lat' dir='ltr'><strong>antequam</strong></span> <span class='ocrx_word' id='word_1_514' title='bbox 3215 539 3281 591; x_wconf 87' lang='lat' dir='ltr'><strong>sit</strong></span> <span class='ocrx_word' id='word_1_515' title='bbox 3304 540 3646 610; x_wconf 75' lang='lat' dir='ltr'><strong>quisquesub</strong></span> <span class='ocrx_word' id='word_1_516' title='bbox 3669 543 3856 612; x_wconf 76' lang='lat' dir='ltr'><strong>gratia,</strong></span> 
     </span>
    </p>
   </div>
   <div class='ocr_carea' id='block_1_67' title="bbox 2260 625 3856 703">
    <p class='ocr_par' dir='ltr' id='par_1_67' title="bbox 2260 625 3856 703">
     <span class='ocr_line' id='line_1_67' title="bbox 2260 625 3856 703; baseline 0.008 -25"><span class='ocrx_word' id='word_1_517' title='bbox 2260 625 2346 678; x_wconf 86' lang='lat' dir='ltr'><strong>ita</strong></span> <span class='ocrx_word' id='word_1_518' title='bbox 2377 636 2654 695; x_wconf 79' lang='lat' dir='ltr'><strong>repugnat,</strong></span> <span class='ocrx_word' id='word_1_519' title='bbox 2685 639 2741 680; x_wconf 92' lang='lat' dir='ltr'><strong>ut</strong></span> <span class='ocrx_word' id='word_1_520' title='bbox 2770 638 2825 681; x_wconf 88' lang='lat' dir='ltr'><strong>et</strong></span> <span class='ocrx_word' id='word_1_521' title='bbox 2850 630 3082 697; x_wconf 84' lang='lat' dir='ltr'><strong>captivet</strong></span> <span class='ocrx_word' id='word_1_522' title='bbox 3107 646 3228 684; x_wconf 89' lang='lat' dir='ltr'><strong>eum</strong></span> <span class='ocrx_word' id='word_1_523' title='bbox 3257 632 3356 687; x_wconf 78' lang='lat' dir='ltr'><strong>sub</strong></span> <span class='ocrx_word' id='word_1_524' title='bbox 3399 634 3512 702; x_wconf 81' lang='lat' dir='ltr'><strong>lege</strong></span> <span class='ocrx_word' id='word_1_525' title='bbox 3551 637 3774 703; x_wconf 81' lang='lat' dir='ltr'><strong>peccati,</strong></span> <span class='ocrx_word' id='word_1_526' title='bbox 3805 637 3856 691; x_wconf 79' lang='lat' dir='ltr'><strong>ill</strong></span> 
     </span>
    </p>
   </div>
   <div class='ocr_carea' id='block_1_68' title="bbox 2277 718 3858 794">
    <p class='ocr_par' dir='ltr' id='par_1_68' title="bbox 2277 718 3858 794">
     <span class='ocr_line' id='line_1_68' title="bbox 2277 718 3858 794; baseline 0.006 -23"><span class='ocrx_word' id='word_1_527' title='bbox 2277 727 2358 772; x_wconf 83' lang='lat' dir='ltr'><strong>est</strong></span> <span class='ocrx_word' id='word_1_528' title='bbox 2389 718 2487 770; x_wconf 81' lang='lat' dir='ltr'><strong>sub</strong></span> <span class='ocrx_word' id='word_1_529' title='bbox 2515 720 2821 787; x_wconf 77' lang='lat' dir='ltr'><strong>semetipsa.</strong></span> <span class='ocrx_word' id='word_1_530' title='bbox 2853 721 2985 775; x_wconf 86' lang='lat' dir='ltr'><strong>Cum</strong></span> <span class='ocrx_word' id='word_1_531' title='bbox 3017 724 3159 775; x_wconf 82' lang='lat' dir='ltr'><strong>enim</strong></span> <span class='ocrx_word' id='word_1_532' title='bbox 3196 722 3344 786; x_wconf 85' lang='lat' dir='ltr'><strong>dicit,</strong></span> <span class='ocrx_word' id='word_1_533' title='bbox 3377 742 3495 794; x_wconf 76' lang='lat' dir='ltr'><strong>qum</strong></span> <span class='ocrx_word' id='word_1_534' title='bbox 3520 719 3858 781; x_wconf 49' lang='lat' dir='ltr'><strong>exanimem-</strong></span> 
     </span>
    </p>
   </div>
   <div class='ocr_carea' id='block_1_69' title="bbox 2277 808 3860 889">
    <p class='ocr_par' dir='ltr' id='par_1_69' title="bbox 2277 808 3860 889">
     <span class='ocr_line' id='line_1_69' title="bbox 2277 808 3860 889; baseline 0.009 -29"><span class='ocrx_word' id='word_1_535' title='bbox 2277 808 2378 862; x_wconf 81' lang='lat' dir='ltr'><strong>bris</strong></span> <span class='ocrx_word' id='word_1_536' title='bbox 2401 810 2564 871; x_wconf 79' lang='lat' dir='ltr'><strong>meis;</strong></span> <span class='ocrx_word' id='word_1_537' title='bbox 2605 810 2740 863; x_wconf 80' lang='lat' dir='ltr'><strong>hanc</strong></span> <span class='ocrx_word' id='word_1_538' title='bbox 2768 813 3003 866; x_wconf 79' lang='lat' dir='ltr'><strong>ostendit</strong></span> <span class='ocrx_word' id='word_1_539' title='bbox 3041 813 3284 868; x_wconf 73' lang='lat' dir='ltr'><strong>eatiidcm</strong></span> <span class='ocrx_word' id='word_1_540' title='bbox 3319 830 3443 869; x_wconf 76' lang='lat' dir='ltr'><strong>esse</strong></span> <span class='ocrx_word' id='word_1_541' title='bbox 3466 816 3534 870; x_wconf 87' lang='lat' dir='ltr'><strong>de</strong></span> <span class='ocrx_word' id='word_1_542' title='bbox 3573 834 3675 887; x_wconf 88' lang='lat' dir='ltr'><strong>qua</strong></span> <span class='ocrx_word' id='word_1_543' title='bbox 3695 833 3860 889; x_wconf 64' lang='lat' dir='ltr'><strong>supe-</strong></span> 
     </span>
    </p>
   </div>
   <div class='ocr_carea' id='block_1_70' title="bbox 2279 900 3558 974">
    <p class='ocr_par' dir='ltr' id='par_1_70' title="bbox 2279 900 3558 974">
     <span class='ocr_line' id='line_1_70' title="bbox 2279 900 3558 974; baseline 0.005 -20"><span class='ocrx_word' id='word_1_544' title='bbox 2279 901 2391 954; x_wconf 87' lang='lat' dir='ltr'><strong>ritts</strong></span> <span class='ocrx_word' id='word_1_545' title='bbox 2408 901 2502 965; x_wconf 90' lang='lat' dir='ltr'><strong>ait,</strong></span> <span class='ocrx_word' id='word_1_546' title='bbox 2543 900 2870 955; x_wconf 72' lang='lat' dir='ltr'><strong>Video-aliam</strong></span> <span class='ocrx_word' id='word_1_547' title='bbox 2893 903 3054 974; x_wconf 80' lang='lat' dir='ltr'><strong>legem</strong></span> <span class='ocrx_word' id='word_1_548' title='bbox 3071 906 3125 958; x_wconf 72' lang='lat' dir='ltr'><strong>in</strong></span> <span class='ocrx_word' id='word_1_549' title='bbox 3153 907 3388 959; x_wconf 79' lang='lat' dir='ltr'><strong>utembris</strong></span> <span class='ocrx_word' id='word_1_550' title='bbox 3411 909 3558 961; x_wconf 78' lang='lat' dir='ltr'><strong>meis.</strong></span> 
     </span>
    </p>
   </div>
   <div class='ocr_carea' id='block_1_71' title="bbox 2350 992 3860 1064">
    <p class='ocr_par' dir='ltr' id='par_1_71' title="bbox 2350 992 3860 1064">
     <span class='ocr_line' id='line_1_71' title="bbox 2350 992 3860 1064; baseline 0.008 -19"><span class='ocrx_word' id='word_1_551' title='bbox 2350 993 2438 1045; x_wconf 78' lang='grc'><strong>14.</strong></span> <span class='ocrx_word' id='word_1_552' title='bbox 2475 992 2582 1046; x_wconf 80' lang='lat' dir='ltr'><strong>Hoc</strong></span> <span class='ocrx_word' id='word_1_553' title='bbox 2606 1003 2782 1047; x_wconf 86' lang='lat' dir='ltr'><strong>autem</strong></span> <span class='ocrx_word' id='word_1_554' title='bbox 2814 1002 2978 1048; x_wconf 78' lang='lat' dir='ltr'><strong>totum</strong></span> <span class='ocrx_word' id='word_1_555' title='bbox 3005 996 3124 1049; x_wconf 86' lang='lat' dir='ltr'><strong>ideo</strong></span> <span class='ocrx_word' id='word_1_556' title='bbox 3141 997 3356 1064; x_wconf 80' lang='lat' dir='ltr'><strong>dicitur,</strong></span> <span class='ocrx_word' id='word_1_557' title='bbox 3385 1008 3444 1052; x_wconf 82' lang='lat' dir='ltr'><strong>ut</strong></span> <span class='ocrx_word' id='word_1_558' title='bbox 3465 999 3860 1057; x_wconf 79' lang='lat' dir='ltr'><strong>demonstrcttn&#39;</strong></span> 
     </span>
    </p>
   </div>
   <div class='ocr_carea' id='block_1_72' title="bbox 2279 1085 3859 1158">
    <p class='ocr_par' dir='ltr' id='par_1_72' title="bbox 2279 1085 3859 1158">
     <span class='ocr_line' id='line_1_72' title="bbox 2279 1085 3859 1158; baseline 0.007 -19"><span class='ocrx_word' id='word_1_559' title='bbox 2279 1085 2482 1140; x_wconf 82' lang='lat' dir='ltr'><strong>homini</strong></span> <span class='ocrx_word' id='word_1_560' title='bbox 2511 1087 2720 1155; x_wconf 85' lang='lat' dir='ltr'><strong>captivo</strong></span> <span class='ocrx_word' id='word_1_561' title='bbox 2761 1103 2864 1141; x_wconf 82' lang='lat' dir='ltr'><strong>non</strong></span> <span class='ocrx_word' id='word_1_562' title='bbox 2915 1104 3034 1142; x_wconf 76' lang='lat' dir='ltr'><strong>esse</strong></span> <span class='ocrx_word' id='word_1_563' title='bbox 3065 1093 3508 1158; x_wconf 66' lang='lat' dir='ltr'><strong>.prmsumendum</strong></span> <span class='ocrx_word' id='word_1_564' title='bbox 3552 1095 3620 1148; x_wconf 85' lang='lat' dir='ltr'><strong>dc</strong></span> <span class='ocrx_word' id='word_1_565' title='bbox 3660 1097 3859 1150; x_wconf 73' lang='lat' dir='ltr'><strong>viribus</strong></span> 
     </span>
    </p>
   </div>
   <div class='ocr_carea' id='block_1_73' title="bbox 2261 1177 3857 1255">
    <p class='ocr_par' dir='ltr' id='par_1_73' title="bbox 2261 1177 3857 1255">
     <span class='ocr_line' id='line_1_73' title="bbox 2261 1177 3857 1255; baseline 0.008 -24"><span class='ocrx_word' id='word_1_566' title='bbox 2261 1178 2408 1231; x_wconf 74' lang='lat' dir='ltr'><strong>suis.</strong></span> <span class='ocrx_word' id='word_1_567' title='bbox 2439 1177 2588 1232; x_wconf 79' lang='lat' dir='ltr'><strong>Unde</strong></span> <span class='ocrx_word' id='word_1_568' title='bbox 2619 1178 2832 1232; x_wconf 66' lang='lat' dir='ltr'><strong>Judams</strong></span> <span class='ocrx_word' id='word_1_569' title='bbox 2859 1180 3112 1249; x_wconf 85' lang='lat' dir='ltr'><strong>arguebat</strong></span> <span class='ocrx_word' id='word_1_570' title='bbox 3137 1191 3383 1251; x_wconf 64' lang='lat' dir='ltr'><strong>tanquam</strong></span> <span class='ocrx_word' id='word_1_571' title='bbox 3411 1185 3478 1240; x_wconf 83' lang='lat' dir='ltr'><strong>de</strong></span> <span class='ocrx_word' id='word_1_572' title='bbox 3503 1189 3752 1255; x_wconf 83' lang='lat' dir='ltr'><strong>operibus</strong></span> <span class='ocrx_word' id='word_1_573' title='bbox 3779 1191 3857 1244; x_wconf 84' lang='lat' dir='ltr'><strong>le-</strong></span> 
     </span>
    </p>
   </div>
   <div class='ocr_carea' id='block_1_74' title="bbox 2273 1271 3861 1350">
    <p class='ocr_par' dir='ltr' id='par_1_74' title="bbox 2273 1271 3861 1350">
     <span class='ocr_line' id='line_1_74' title="bbox 2273 1271 3861 1350; baseline 0.009 -27"><span class='ocrx_word' id='word_1_574' title='bbox 2273 1271 2358 1340; x_wconf 82' lang='lat' dir='ltr'><strong>gis</strong></span> <span class='ocrx_word' id='word_1_575' title='bbox 2384 1272 2610 1341; x_wconf 84' lang='lat' dir='ltr'><strong>superbe</strong></span> <span class='ocrx_word' id='word_1_576' title='bbox 2639 1273 2949 1341; x_wconf 76' lang='lat' dir='ltr'><strong>gloriantes,</strong></span> <span class='ocrx_word' id='word_1_577' title='bbox 2972 1289 3094 1328; x_wconf 85' lang='lat' dir='ltr'><strong>cum</strong></span> <span class='ocrx_word' id='word_1_578' title='bbox 3121 1277 3460 1333; x_wconf 66' lang='lat' dir='ltr'><strong>uenerantur</strong></span> <span class='ocrx_word' id='word_1_579' title='bbox 3478 1283 3861 1350; x_wconf 85' lang='lat' dir='ltr'><strong>conenpiscen-</strong></span> 
     </span>
    </p>
   </div>
   <div class='ocr_carea' id='block_1_75' title="bbox 2279 1364 3861 1444">
    <p class='ocr_par' dir='ltr' id='par_1_75' title="bbox 2279 1364 3861 1444">
     <span class='ocr_line' id='line_1_75' title="bbox 2279 1364 3861 1444; baseline 0.006 -28"><span class='ocrx_word' id='word_1_580' title='bbox 2279 1366 2350 1417; x_wconf 87' lang='lat' dir='ltr'><strong>tia</strong></span> <span class='ocrx_word' id='word_1_581' title='bbox 2371 1364 2442 1418; x_wconf 79' lang='lat' dir='ltr'><strong>ad</strong></span> <span class='ocrx_word' id='word_1_582' title='bbox 2481 1364 2736 1434; x_wconf 81' lang='lat' dir='ltr'><strong>quidquid</strong></span> <span class='ocrx_word' id='word_1_583' title='bbox 2778 1366 3018 1420; x_wconf 84' lang='lat' dir='ltr'><strong>illicitum</strong></span> <span class='ocrx_word' id='word_1_584' title='bbox 3045 1379 3148 1432; x_wconf 83' lang='lat' dir='ltr'><strong>est,</strong></span> <span class='ocrx_word' id='word_1_585' title='bbox 3185 1384 3304 1423; x_wconf 81' lang='lat' dir='ltr'><strong>cum</strong></span> <span class='ocrx_word' id='word_1_586' title='bbox 3338 1371 3420 1424; x_wconf 81' lang='lat' dir='ltr'><strong>lox</strong></span> <span class='ocrx_word' id='word_1_587' title='bbox 3447 1373 3514 1427; x_wconf 89' lang='lat' dir='ltr'><strong>de</strong></span> <span class='ocrx_word' id='word_1_588' title='bbox 3541 1389 3642 1443; x_wconf 86' lang='lat' dir='ltr'><strong>qua</strong></span> <span class='ocrx_word' id='word_1_589' title='bbox 3671 1377 3861 1444; x_wconf 80' lang='lat' dir='ltr'><strong>gloria-</strong></span> 
     </span>
    </p>
   </div>
   <div class='ocr_carea' id='block_1_76' title="bbox 2278 1453 3860 1538">
    <p class='ocr_par' dir='ltr' id='par_1_76' title="bbox 2278 1453 3860 1538">
     <span class='ocr_line' id='line_1_76' title="bbox 2278 1453 3860 1538; baseline 0.011 -31"><span class='ocrx_word' id='word_1_590' title='bbox 2278 1453 2508 1519; x_wconf 86' lang='lat' dir='ltr'><strong>bantur,</strong></span> <span class='ocrx_word' id='word_1_591' title='bbox 2539 1456 2718 1522; x_wconf 85' lang='lat' dir='ltr'><strong>dicat,</strong></span> <span class='ocrx_word' id='word_1_592' title='bbox 2755 1456 3254 1528; x_wconf 71' lang='lat' dir='ltr'><strong>Non-concupisces.</strong></span> <span class='ocrx_word' id='word_1_593' title='bbox 3293 1462 3573 1519; x_wconf 72' lang='lat' dir='ltr'><strong>llmniliter</strong></span> <span class='ocrx_word' id='word_1_594' title='bbox 3612 1482 3741 1538; x_wconf 85' lang='lat' dir='ltr'><strong>ergo</strong></span> <span class='ocrx_word' id='word_1_595' title='bbox 3779 1469 3860 1524; x_wconf 86' lang='lat' dir='ltr'><strong>di-</strong></span> 
     </span>
    </p>
   </div>
   <div class='ocr_carea' id='block_1_77' title="bbox 2277 1547 3861 1626">
    <p class='ocr_par' dir='ltr' id='par_1_77' title="bbox 2277 1547 3861 1626">
     <span class='ocr_line' id='line_1_77' title="bbox 2277 1547 3861 1626; baseline 0.011 -25"><span class='ocrx_word' id='word_1_596' title='bbox 2277 1547 2505 1601; x_wconf 80' lang='lat' dir='ltr'><strong>cendum</strong></span> <span class='ocrx_word' id='word_1_597' title='bbox 2535 1559 2616 1601; x_wconf 78' lang='lat' dir='ltr'><strong>est</strong></span> <span class='ocrx_word' id='word_1_598' title='bbox 2647 1549 2844 1602; x_wconf 82' lang='lat' dir='ltr'><strong>homini</strong></span> <span class='ocrx_word' id='word_1_599' title='bbox 2864 1551 3014 1603; x_wconf 72' lang='lat' dir='ltr'><strong>victo</strong></span> <span class='ocrx_word' id='word_1_600' title='bbox 3039 1592 3052 1613; x_wconf 89' lang='lat'><strong>,</strong></span> <span class='ocrx_word' id='word_1_601' title='bbox 3083 1552 3335 1606; x_wconf 74' lang='lat' dir='ltr'><strong>damnato</strong></span> <span class='ocrx_word' id='word_1_602' title='bbox 3361 1597 3374 1618; x_wconf 89' lang='lat'><strong>,</strong></span> <span class='ocrx_word' id='word_1_603' title='bbox 3408 1558 3619 1626; x_wconf 82' lang='lat' dir='ltr'><strong>captivo</strong></span> <span class='ocrx_word' id='word_1_604' title='bbox 3640 1603 3652 1624; x_wconf 90' lang='lat'><strong>,</strong></span> <span class='ocrx_word' id='word_1_605' title='bbox 3685 1571 3861 1619; x_wconf 88' lang='lat' dir='ltr'><strong>etnec</strong></span> 
     </span>
    </p>
   </div>
   <div class='ocr_carea' id='block_1_78' title="bbox 2277 1639 3857 1721">
    <p class='ocr_par' dir='ltr' id='par_1_78' title="bbox 2277 1639 3857 1721">
     <span class='ocr_line' id='line_1_78' title="bbox 2277 1639 3857 1721; baseline 0.011 -29"><span class='ocrx_word' id='word_1_606' title='bbox 2277 1639 2463 1692; x_wconf 84' lang='lat' dir='ltr'><strong>saltem</strong></span> <span class='ocrx_word' id='word_1_607' title='bbox 2494 1650 2706 1708; x_wconf 81' lang='lat' dir='ltr'><strong>accepta</strong></span> <span class='ocrx_word' id='word_1_608' title='bbox 2737 1641 2853 1710; x_wconf 54' lang='lat' dir='ltr'><strong>lege</strong></span> <span class='ocrx_word' id='word_1_609' title='bbox 2881 1642 3085 1703; x_wconf 77' lang='lat' dir='ltr'><strong>victori,</strong></span> <span class='ocrx_word' id='word_1_610' title='bbox 3111 1643 3202 1696; x_wconf 81' lang='lat' dir='ltr'><strong>sed</strong></span> <span class='ocrx_word' id='word_1_611' title='bbox 3227 1647 3824 1716; x_wconf 75' lang='lat' dir='ltr'><strong>potiuspn&#39;evaricatori</strong></span> <span class='ocrx_word' id='word_1_612' title='bbox 3843 1697 3857 1721; x_wconf 97' lang='lat'><strong>,</strong></span> 
     </span>
    </p>
   </div>
   <div class='ocr_carea' id='block_1_79' title="bbox 2279 1728 3863 1812">
    <p class='ocr_par' dir='ltr' id='par_1_79' title="bbox 2279 1728 3863 1812">
     <span class='ocr_line' id='line_1_79' title="bbox 2279 1728 3863 1812; baseline 0.011 -30"><span class='ocrx_word' id='word_1_613' title='bbox 2279 1728 2548 1782; x_wconf 80' lang='lat' dir='ltr'><strong>humiliter</strong></span> <span class='ocrx_word' id='word_1_614' title='bbox 2567 1731 2970 1786; x_wconf 74' lang='lat' dir='ltr'><strong>exclamandum</strong></span> <span class='ocrx_word' id='word_1_615' title='bbox 2997 1737 3098 1795; x_wconf 67' lang='lat' dir='ltr'><strong>est,</strong></span> <span class='ocrx_word' id='word_1_616' title='bbox 3128 1733 3287 1788; x_wconf 74' lang='lat' dir='ltr'><strong>Miser</strong></span> <span class='ocrx_word' id='word_1_617' title='bbox 3319 1751 3410 1807; x_wconf 75' lang='lat' dir='ltr'><strong>ego</strong></span> <span class='ocrx_word' id='word_1_618' title='bbox 3437 1740 3607 1808; x_wconf 69' lang='lat' dir='ltr'><strong>nemo,</strong></span> <span class='ocrx_word' id='word_1_619' title='bbox 3641 1746 3753 1812; x_wconf 81' lang='lat' dir='ltr'><strong>quis</strong></span> <span class='ocrx_word' id='word_1_620' title='bbox 3783 1765 3863 1803; x_wconf 80' lang='lat' dir='ltr'><strong>me</strong></span> 
     </span>
    </p>
   </div>
   <div class='ocr_carea' id='block_1_80' title="bbox 2277 1821 3858 1902">
    <p class='ocr_par' dir='ltr' id='par_1_80' title="bbox 2277 1821 3858 1902">
     <span class='ocr_line' id='line_1_80' title="bbox 2277 1821 3858 1902; baseline 0.012 -28"><span class='ocrx_word' id='word_1_621' title='bbox 2277 1821 2501 1875; x_wconf 79' lang='lat' dir='ltr'><strong>liberabit</strong></span> <span class='ocrx_word' id='word_1_622' title='bbox 2520 1823 2583 1875; x_wconf 84' lang='lat' dir='ltr'><strong>de</strong></span> <span class='ocrx_word' id='word_1_623' title='bbox 2606 1839 2817 1893; x_wconf 81' lang='lat' dir='ltr'><strong>corpore</strong></span> <span class='ocrx_word' id='word_1_624' title='bbox 2831 1827 3007 1878; x_wconf 74' lang='lat' dir='ltr'><strong>mortis</strong></span> <span class='ocrx_word' id='word_1_625' title='bbox 3021 1826 3178 1895; x_wconf 67' lang='lat' dir='ltr'><strong>hujus</strong></span> <span class='ocrx_word' id='word_1_626' title='bbox 3199 1829 3224 1879; x_wconf 83' lang='lat'><strong><em>?</em></strong></span> <span class='ocrx_word' id='word_1_627' title='bbox 3253 1827 3429 1882; x_wconf 81' lang='lat' dir='ltr'><strong>Gratia</strong></span> <span class='ocrx_word' id='word_1_628' title='bbox 3454 1829 3553 1884; x_wconf 84' lang='lat' dir='ltr'><strong>Dei</strong></span> <span class='ocrx_word' id='word_1_629' title='bbox 3577 1849 3665 1902; x_wconf 74' lang='lat' dir='ltr'><strong>per</strong></span> <span class='ocrx_word' id='word_1_630' title='bbox 3683 1835 3717 1888; x_wconf 87' lang='lat' dir='ltr'><strong><em>J</em></strong></span> <span class='ocrx_word' id='word_1_631' title='bbox 3721 1854 3858 1893; x_wconf 79' lang='lat' dir='ltr'><strong>esum</strong></span> 
     </span>
    </p>
   </div>
   <div class='ocr_carea' id='block_1_81' title="bbox 2277 1913 3858 1985">
    <p class='ocr_par' dir='ltr' id='par_1_81' title="bbox 2277 1913 3858 1985">
     <span class='ocr_line' id='line_1_81' title="bbox 2277 1913 3858 1985; baseline 0.01 -16"><span class='ocrx_word' id='word_1_632' title='bbox 2277 1913 2529 1969; x_wconf 75' lang='lat' dir='ltr'><strong>Christum</strong></span> <span class='ocrx_word' id='word_1_633' title='bbox 2571 1914 2845 1969; x_wconf 67' lang='lat' dir='ltr'><strong>Dominum</strong></span> <span class='ocrx_word' id='word_1_634' title='bbox 2872 1927 3119 1970; x_wconf 84' lang='lat' dir='ltr'><strong>nostrum.</strong></span> <span class='ocrx_word' id='word_1_635' title='bbox 3153 1919 3283 1973; x_wconf 62' lang='lat' dir='ltr'><strong>&#39;llo&#39;c</strong></span> <span class='ocrx_word' id='word_1_636' title='bbox 3311 1922 3452 1974; x_wconf 85' lang='lat' dir='ltr'><strong>enim</strong></span> <span class='ocrx_word' id='word_1_637' title='bbox 3484 1935 3648 1979; x_wconf 79' lang='lat' dir='ltr'><strong>restat</strong></span> <span class='ocrx_word' id='word_1_638' title='bbox 3678 1928 3728 1982; x_wconf 91' lang='lat' dir='ltr'><strong>in</strong></span> <span class='ocrx_word' id='word_1_639' title='bbox 3757 1930 3858 1985; x_wconf 84' lang='lat' dir='ltr'><strong>ista</strong></span> 
     </span>
    </p>
   </div>
   <div class='ocr_carea' id='block_1_82' title="bbox 2278 2005 3861 2082">
    <p class='ocr_par' dir='ltr' id='par_1_82' title="bbox 2278 2005 3861 2082">
     <span class='ocr_line' id='line_1_82' title="bbox 2278 2005 3861 2082; baseline 0.011 -24"><span class='ocrx_word' id='word_1_640' title='bbox 2278 2005 2489 2058; x_wconf 88' lang='lat' dir='ltr'><strong>mortali</strong></span> <span class='ocrx_word' id='word_1_641' title='bbox 2534 2005 2639 2058; x_wconf 85' lang='lat' dir='ltr'><strong>vita</strong></span> <span class='ocrx_word' id='word_1_642' title='bbox 2691 2006 2859 2059; x_wconf 89' lang='lat' dir='ltr'><strong>libero</strong></span> <span class='ocrx_word' id='word_1_643' title='bbox 2902 2007 3160 2073; x_wconf 89' lang='lat' dir='ltr'><strong>arbitrio,</strong></span> <span class='ocrx_word' id='word_1_644' title='bbox 3202 2023 3308 2063; x_wconf 77' lang='lat' dir='ltr'><strong>neri</strong></span> <span class='ocrx_word' id='word_1_645' title='bbox 3356 2019 3414 2064; x_wconf 87' lang='lat' dir='ltr'><strong>ut</strong></span> <span class='ocrx_word' id='word_1_646' title='bbox 3444 2013 3662 2082; x_wconf 81' lang='lat' dir='ltr'><strong>impleat</strong></span> <span class='ocrx_word' id='word_1_647' title='bbox 3699 2018 3861 2076; x_wconf 81' lang='lat' dir='ltr'><strong>homo</strong></span> 
     </span>
    </p>
   </div>
   <div class='ocr_carea' id='block_1_83' title="bbox 2272 2095 3861 2174">
    <p class='ocr_par' dir='ltr' id='par_1_83' title="bbox 2272 2095 3861 2174">
     <span class='ocr_line' id='line_1_83' title="bbox 2272 2095 3861 2174; baseline 0.011 -25"><span class='ocrx_word' id='word_1_648' title='bbox 2272 2095 2554 2166; x_wconf 71' lang='lat' dir='ltr'><strong>justitiam,</strong></span> <span class='ocrx_word' id='word_1_649' title='bbox 2578 2098 2970 2162; x_wconf 62' lang='lat' dir='ltr'><strong>cum-vomer“,</strong></span> <span class='ocrx_word' id='word_1_650' title='bbox 2991 2098 3084 2153; x_wconf 77' lang='lat' dir='ltr'><strong>sed</strong></span> <span class='ocrx_word' id='word_1_651' title='bbox 3110 2109 3171 2153; x_wconf 80' lang='lat' dir='ltr'><strong>ut</strong></span> <span class='ocrx_word' id='word_1_652' title='bbox 3191 2104 3497 2172; x_wconf 76' lang='lat' dir='ltr'><strong>sesuppllei</strong></span> <span class='ocrx_word' id='word_1_653' title='bbox 3517 2108 3710 2174; x_wconf 83' lang='lat' dir='ltr'><strong>pietate</strong></span> <span class='ocrx_word' id='word_1_654' title='bbox 3735 2125 3861 2165; x_wconf 92' lang='lat' dir='ltr'><strong>con-</strong></span> 
     </span>
    </p>
   </div>
   <div class='ocr_carea' id='block_1_84' title="bbox 2276 2188 3659 2266">
    <p class='ocr_par' dir='ltr' id='par_1_84' title="bbox 2276 2188 3659 2266">
     <span class='ocr_line' id='line_1_84' title="bbox 2276 2188 3659 2266; baseline 0.009 -25"><span class='ocrx_word' id='word_1_655' title='bbox 2276 2197 2450 2243; x_wconf 85' lang='lat' dir='ltr'><strong>vertat</strong></span> <span class='ocrx_word' id='word_1_656' title='bbox 2478 2188 2543 2241; x_wconf 84' lang='lat' dir='ltr'><strong>ad</strong></span> <span class='ocrx_word' id='word_1_657' title='bbox 2577 2203 2697 2242; x_wconf 88' lang='lat' dir='ltr'><strong>eum</strong></span> <span class='ocrx_word' id='word_1_658' title='bbox 2723 2188 2875 2258; x_wconf 76' lang='lat' dir='ltr'><strong>ettjns</strong></span> <span class='ocrx_word' id='word_1_659' title='bbox 2905 2190 3046 2244; x_wconf 80' lang='lat' dir='ltr'><strong>dono</strong></span> <span class='ocrx_word' id='word_1_660' title='bbox 3070 2195 3388 2263; x_wconf 82' lang='lat' dir='ltr'><strong>eam-possit</strong></span> <span class='ocrx_word' id='word_1_661' title='bbox 3418 2196 3659 2266; x_wconf 77' lang='lat' dir='ltr'><strong>implere.</strong></span> 
     </span>
    </p>
   </div>
   <div class='ocr_carea' id='block_1_85' title="bbox 2350 2279 3856 2362">
    <p class='ocr_par' dir='ltr' id='par_1_85' title="bbox 2350 2279 3856 2362">
     <span class='ocr_line' id='line_1_85' title="bbox 2350 2279 3856 2362; baseline 0.011 -29"><span class='ocrx_word' id='word_1_662' title='bbox 2350 2280 2435 2334; x_wconf 84' lang='grc'><strong>15.</strong></span> <span class='ocrx_word' id='word_1_663' title='bbox 2469 2279 2522 2333; x_wconf 81' lang='lat' dir='ltr'><strong>in</strong></span> <span class='ocrx_word' id='word_1_664' title='bbox 2550 2279 2650 2335; x_wconf 86' lang='lat' dir='ltr'><strong>hac</strong></span> <span class='ocrx_word' id='word_1_665' title='bbox 2675 2296 2801 2351; x_wconf 85' lang='lat' dir='ltr'><strong>ergo</strong></span> <span class='ocrx_word' id='word_1_666' title='bbox 2831 2289 2960 2349; x_wconf 75' lang='lat' dir='ltr'><strong>tota,</strong></span> <span class='ocrx_word' id='word_1_667' title='bbox 2981 2297 3141 2352; x_wconf 74' lang='lat' dir='ltr'><strong>qutun</strong></span> <span class='ocrx_word' id='word_1_668' title='bbox 3170 2287 3533 2356; x_wconf 79' lang='lat' dir='ltr'><strong>tractavimus,</strong></span> <span class='ocrx_word' id='word_1_669' title='bbox 3579 2294 3856 2362; x_wconf 84' lang='lat' dir='ltr'><strong>apostolici</strong></span> 
     </span>
    </p>
   </div>
   <div class='ocr_carea' id='block_1_86' title="bbox 2277 2373 3858 2454">
    <p class='ocr_par' dir='ltr' id='par_1_86' title="bbox 2277 2373 3858 2454">
     <span class='ocr_line' id='line_1_86' title="bbox 2277 2373 3858 2454; baseline 0.009 -28"><span class='ocrx_word' id='word_1_670' title='bbox 2277 2373 2614 2428; x_wconf 78' lang='lat' dir='ltr'><strong>centext-ione</strong></span> <span class='ocrx_word' id='word_1_671' title='bbox 2644 2374 2928 2441; x_wconf 78' lang='lat' dir='ltr'><strong>sermonis,</strong></span> <span class='ocrx_word' id='word_1_672' title='bbox 2963 2375 3206 2445; x_wconf 80' lang='lat' dir='ltr'><strong>quisquis</strong></span> <span class='ocrx_word' id='word_1_673' title='bbox 3241 2385 3385 2446; x_wconf 81' lang='lat' dir='ltr'><strong>putat</strong></span> <span class='ocrx_word' id='word_1_674' title='bbox 3427 2383 3672 2437; x_wconf 75' lang='lat' dir='ltr'><strong>sensisse</strong></span> <span class='ocrx_word' id='word_1_675' title='bbox 3714 2387 3858 2454; x_wconf 71' lang='lat' dir='ltr'><strong>Apo-</strong></span> 
     </span>
    </p>
   </div>
   <div class='ocr_carea' id='block_1_87' title="bbox 2276 2465 3859 2538">
    <p class='ocr_par' dir='ltr' id='par_1_87' title="bbox 2276 2465 3859 2538">
     <span class='ocr_line' id='line_1_87' title="bbox 2276 2465 3859 2538; baseline 0.008 -20"><span class='ocrx_word' id='word_1_676' title='bbox 2276 2465 2470 2519; x_wconf 78' lang='lat' dir='ltr'><strong>stolum</strong></span> <span class='ocrx_word' id='word_1_677' title='bbox 2499 2466 2643 2535; x_wconf 84' lang='lat' dir='ltr'><strong>quod</strong></span> <span class='ocrx_word' id='word_1_678' title='bbox 2670 2467 2804 2521; x_wconf 69' lang='lat' dir='ltr'><strong>male</strong></span> <span class='ocrx_word' id='word_1_679' title='bbox 2837 2466 2910 2521; x_wconf 72' lang='lat' dir='ltr'><strong>sit</strong></span> <span class='ocrx_word' id='word_1_680' title='bbox 2940 2468 3045 2533; x_wconf 82' lang='lat' dir='ltr'><strong>lex,</strong></span> <span class='ocrx_word' id='word_1_681' title='bbox 3085 2469 3336 2537; x_wconf 67' lang='lat' dir='ltr'><strong>quoniam</strong></span> <span class='ocrx_word' id='word_1_682' title='bbox 3359 2471 3527 2538; x_wconf 84' lang='lat' dir='ltr'><strong>dicit,</strong></span> <span class='ocrx_word' id='word_1_683' title='bbox 3546 2473 3664 2528; x_wconf 68' lang='lat' dir='ltr'><strong>‘Lea:</strong></span> <span class='ocrx_word' id='word_1_684' title='bbox 3689 2477 3859 2532; x_wconf 77' lang='lat' dir='ltr'><strong>subin-</strong></span> 
     </span>
    </p>
   </div>
   <div class='ocr_carea' id='block_1_88' title="bbox 2275 2557 3859 2634">
    <p class='ocr_par' dir='ltr' id='par_1_88' title="bbox 2275 2557 3859 2634">
     <span class='ocr_line' id='line_1_88' title="bbox 2275 2557 3859 2634; baseline 0.008 -25"><span class='ocrx_word' id='word_1_685' title='bbox 2275 2559 2442 2621; x_wconf 82' lang='lat' dir='ltr'><strong>travit,</strong></span> <span class='ocrx_word' id='word_1_686' title='bbox 2492 2569 2545 2611; x_wconf 86' lang='lat' dir='ltr'><strong>ut</strong></span> <span class='ocrx_word' id='word_1_687' title='bbox 2571 2557 2852 2612; x_wconf 74' lang='lat' dir='ltr'><strong>abundaret</strong></span> <span class='ocrx_word' id='word_1_688' title='bbox 2878 2558 3111 2612; x_wconf 73' lang='lat' dir='ltr'><strong>delictum</strong></span> <span class='ocrx_word' id='word_1_689' title='bbox 3143 2560 3315 2630; x_wconf 70' lang='lat' dir='ltr'><strong>(Rom.</strong></span> <span class='ocrx_word' id='word_1_690' title='bbox 3343 2577 3399 2630; x_wconf 73' lang='grc' dir='ltr'><strong>ν,</strong></span> <span class='ocrx_word' id='word_1_691' title='bbox 3426 2563 3627 2634; x_wconf 44' lang='grc' dir='ltr'><strong>εον-ει</strong></span> <span class='ocrx_word' id='word_1_692' title='bbox 3645 2609 3658 2629; x_wconf 81' lang='lat'><strong>,</strong></span> <span class='ocrx_word' id='word_1_693' title='bbox 3703 2567 3859 2622; x_wconf 70' lang='lat' dir='ltr'><strong>Mini-</strong></span> 
     </span>
    </p>
   </div>
   <div class='ocr_carea' id='block_1_89' title="bbox 2273 2649 3854 2730">
    <p class='ocr_par' dir='ltr' id='par_1_89' title="bbox 2273 2649 3854 2730">
     <span class='ocr_line' id='line_1_89' title="bbox 2273 2649 3854 2730; baseline 0.008 -30"><span class='ocrx_word' id='word_1_694' title='bbox 2273 2649 2450 2700; x_wconf 86' lang='lat' dir='ltr'><strong>stratio</strong></span> <span class='ocrx_word' id='word_1_695' title='bbox 2475 2650 2649 2702; x_wconf 80' lang='lat' dir='ltr'><strong>mortis</strong></span> <span class='ocrx_word' id='word_1_696' title='bbox 2671 2650 2722 2702; x_wconf 84' lang='lat' dir='ltr'><strong>in</strong></span> <span class='ocrx_word' id='word_1_697' title='bbox 2752 2649 2928 2704; x_wconf 78' lang='lat' dir='ltr'><strong>litteris</strong></span> <span class='ocrx_word' id='word_1_698' title='bbox 2951 2651 3168 2720; x_wconf 76' lang='lat' dir='ltr'><strong>ﬁgurata</strong></span> <span class='ocrx_word' id='word_1_699' title='bbox 3196 2652 3409 2721; x_wconf 75' lang='lat' dir='ltr'><strong>lapideis</strong></span> <span class='ocrx_word' id='word_1_700' title='bbox 3435 2654 3503 2723; x_wconf 88' lang='lat' dir='ltr'><strong>(ll</strong></span> <span class='ocrx_word' id='word_1_701' title='bbox 3527 2655 3642 2710; x_wconf 76' lang='lat' dir='ltr'><strong>Cor.</strong></span> <span class='ocrx_word' id='word_1_702' title='bbox 3678 2672 3754 2723; x_wconf 88' lang='lat' dir='ltr'><strong>ttt,</strong></span> <span class='ocrx_word' id='word_1_703' title='bbox 3780 2658 3854 2730; x_wconf 83' lang='lat'><strong>7);</strong></span> 
     </span>
    </p>
   </div>
   <div class='ocr_carea' id='block_1_90' title="bbox 2274 2738 3860 2822">
    <p class='ocr_par' dir='ltr' id='par_1_90' title="bbox 2274 2738 3860 2822">
     <span class='ocr_line' id='line_1_90' title="bbox 2274 2738 3860 2822; baseline 0.008 -30"><span class='ocrx_word' id='word_1_704' title='bbox 2274 2747 2347 2807; x_wconf 86' lang='lat' dir='ltr'><strong>et,</strong></span> <span class='ocrx_word' id='word_1_705' title='bbox 2363 2738 2542 2796; x_wconf 74' lang='lat' dir='ltr'><strong>Virtus</strong></span> <span class='ocrx_word' id='word_1_706' title='bbox 2560 2743 2749 2810; x_wconf 84' lang='lat' dir='ltr'><strong>peccati</strong></span> <span class='ocrx_word' id='word_1_707' title='bbox 2768 2742 2847 2794; x_wconf 74' lang='lat' dir='ltr'><strong>lex</strong></span> <span class='ocrx_word' id='word_1_708' title='bbox 2872 2741 3040 2812; x_wconf 87' lang='lat' dir='ltr'><strong>(lCor.</strong></span> <span class='ocrx_word' id='word_1_709' title='bbox 3055 2759 3145 2808; x_wconf 70' lang='lat' dir='ltr'><strong>xv,</strong></span> <span class='ocrx_word' id='word_1_710' title='bbox 3171 2744 3288 2815; x_wconf 74' lang='lat'><strong>5&#39;6),</strong></span> <span class='ocrx_word' id='word_1_711' title='bbox 3309 2752 3383 2811; x_wconf 89' lang='lat' dir='ltr'><strong>et,</strong></span> <span class='ocrx_word' id='word_1_712' title='bbox 3416 2745 3606 2801; x_wconf 69' lang='lat' dir='ltr'><strong>Hormi</strong></span> <span class='ocrx_word' id='word_1_713' title='bbox 3628 2751 3740 2805; x_wconf 86' lang='lat' dir='ltr'><strong>estis</strong></span> <span class='ocrx_word' id='word_1_714' title='bbox 3763 2752 3860 2822; x_wconf 86' lang='lat' dir='ltr'><strong>legi</strong></span> 
     </span>
    </p>
   </div>
   <div class='ocr_carea' id='block_1_91' title="bbox 2274 2833 3853 2905">
    <p class='ocr_par' dir='ltr' id='par_1_91' title="bbox 2274 2833 3853 2905">
     <span class='ocr_line' id='line_1_91' title="bbox 2274 2833 3853 2905; baseline 0.008 -21"><span class='ocrx_word' id='word_1_715' title='bbox 2274 2849 2374 2902; x_wconf 73' lang='grc' dir='ltr'><strong>ρει-ι</strong></span> <span class='ocrx_word' id='word_1_716' title='bbox 2392 2848 2574 2902; x_wconf 85' lang='lat' dir='ltr'><strong>corpus</strong></span> <span class='ocrx_word' id='word_1_717' title='bbox 2600 2833 2784 2886; x_wconf 78' lang='lat' dir='ltr'><strong>Christi</strong></span> <span class='ocrx_word' id='word_1_718' title='bbox 2810 2847 2863 2887; x_wconf 86' lang='lat' dir='ltr'><strong>ut</strong></span> <span class='ocrx_word' id='word_1_719' title='bbox 2887 2835 2997 2887; x_wconf 80' lang='lat' dir='ltr'><strong>sitis</strong></span> <span class='ocrx_word' id='word_1_720' title='bbox 3017 2834 3231 2890; x_wconf 58' lang='lat' dir='ltr'><strong>alterius</strong></span> <span class='ocrx_word' id='word_1_721' title='bbox 3255 2839 3341 2905; x_wconf 78' lang='lat' dir='ltr'><strong>qui</strong></span> <span class='ocrx_word' id='word_1_722' title='bbox 3364 2842 3662 2894; x_wconf 72' lang='lat' dir='ltr'><strong>cx-rnartuis</strong></span> <span class='ocrx_word' id='word_1_723' title='bbox 3686 2858 3853 2898; x_wconf 83' lang='lat' dir='ltr'><strong>resur-</strong></span> 
     </span>
    </p>
   </div>
   <div class='ocr_carea' id='block_1_92' title="bbox 2271 2923 3853 3002">
    <p class='ocr_par' dir='ltr' id='par_1_92' title="bbox 2271 2923 3853 3002">
     <span class='ocr_line' id='line_1_92' title="bbox 2271 2923 3853 3002; baseline 0.008 -25"><span class='ocrx_word' id='word_1_724' title='bbox 2271 2926 2431 2989; x_wconf 70' lang='lat' dir='ltr'><strong>rexit,-</strong></span> <span class='ocrx_word' id='word_1_725' title='bbox 2455 2934 2528 2988; x_wconf 90' lang='lat' dir='ltr'><strong>et,</strong></span> <span class='ocrx_word' id='word_1_726' title='bbox 2561 2923 2831 2979; x_wconf 78' lang='lat' dir='ltr'><strong>Passiones</strong></span> <span class='ocrx_word' id='word_1_727' title='bbox 2866 2936 3200 2995; x_wconf 73' lang='lat' dir='ltr'><strong>peccatorum,</strong></span> <span class='ocrx_word' id='word_1_728' title='bbox 3245 2940 3360 2998; x_wconf 58' lang='lat' dir='ltr'><strong>quia:</strong></span> <span class='ocrx_word' id='word_1_729' title='bbox 3395 2945 3484 3000; x_wconf 81' lang='lat' dir='ltr'><strong>per</strong></span> <span class='ocrx_word' id='word_1_730' title='bbox 3531 2932 3690 3002; x_wconf 88' lang='lat' dir='ltr'><strong>legem</strong></span> <span class='ocrx_word' id='word_1_731' title='bbox 3717 2946 3853 3002; x_wconf 84' lang='lat' dir='ltr'><strong>sunt,</strong></span> 
     </span>
    </p>
   </div>
   <div class='ocr_carea' id='block_1_93' title="bbox 2271 3017 3856 3100">
    <p class='ocr_par' dir='ltr' id='par_1_93' title="bbox 2271 3017 3856 3100">
     <span class='ocr_line' id='line_1_93' title="bbox 2271 3017 3856 3100; baseline 0.008 -31"><span class='ocrx_word' id='word_1_732' title='bbox 2271 3017 2610 3086; x_wconf 76' lang='lat' dir='ltr'><strong>aperabantur</strong></span> <span class='ocrx_word' id='word_1_733' title='bbox 2658 3017 2712 3070; x_wconf 72' lang='lat' dir='ltr'><strong>in</strong></span> <span class='ocrx_word' id='word_1_734' title='bbox 2761 3017 2997 3072; x_wconf 77' lang='lat' dir='ltr'><strong>membris</strong></span> <span class='ocrx_word' id='word_1_735' title='bbox 3039 3022 3247 3087; x_wconf 80' lang='lat' dir='ltr'><strong>nostris,</strong></span> <span class='ocrx_word' id='word_1_736' title='bbox 3299 3031 3354 3075; x_wconf 78' lang='lat' dir='ltr'><strong>nt</strong></span> <span class='ocrx_word' id='word_1_737' title='bbox 3401 3027 3618 3092; x_wconf 70' lang='lat' dir='ltr'><strong>ﬂuctum</strong></span> <span class='ocrx_word' id='word_1_738' title='bbox 3669 3029 3856 3100; x_wconf 83' lang='lat' dir='ltr'><strong>ferrent</strong></span> 
     </span>
    </p>
   </div>
   <div class='ocr_carea' id='block_1_94' title="bbox 2271 3111 3856 3193">
    <p class='ocr_par' dir='ltr' id='par_1_94' title="bbox 2271 3111 3856 3193">
     <span class='ocr_line' id='line_1_94' title="bbox 2271 3111 3856 3193; baseline 0.008 -31"><span class='ocrx_word' id='word_1_739' title='bbox 2271 3111 2454 3174; x_wconf 85' lang='lat' dir='ltr'><strong>morti;</strong></span> <span class='ocrx_word' id='word_1_740' title='bbox 2479 3125 2740 3165; x_wconf 76' lang='lat' dir='ltr'><strong>nuncucro</strong></span> <span class='ocrx_word' id='word_1_741' title='bbox 2768 3114 2995 3166; x_wconf 65' lang='lat' dir='ltr'><strong>mouisti</strong></span> <span class='ocrx_word' id='word_1_742' title='bbox 3017 3127 3190 3168; x_wconf 85' lang='lat' dir='ltr'><strong>sumus</strong></span> <span class='ocrx_word' id='word_1_743' title='bbox 3213 3131 3249 3167; x_wconf 78' lang='grc' dir='ltr'><em>α</em></span> <span class='ocrx_word' id='word_1_744' title='bbox 3290 3115 3398 3186; x_wconf 84' lang='lat' dir='ltr'><strong>lege</strong></span> <span class='ocrx_word' id='word_1_745' title='bbox 3425 3119 3618 3186; x_wconf 80' lang='lat' dir='ltr'><strong>mortis,</strong></span> <span class='ocrx_word' id='word_1_746' title='bbox 3671 3119 3723 3174; x_wconf 83' lang='lat' dir='ltr'><strong>in</strong></span> <span class='ocrx_word' id='word_1_747' title='bbox 3757 3137 3856 3193; x_wconf 86' lang='lat' dir='ltr'><strong>qua</strong></span> 
     </span>
    </p>
   </div>
   <div class='ocr_carea' id='block_1_95' title="bbox 2271 3203 3855 3282">
    <p class='ocr_par' dir='ltr' id='par_1_95' title="bbox 2271 3203 3855 3282">
     <span class='ocr_line' id='line_1_95' title="bbox 2271 3203 3855 3282; baseline 0.008 -26"><span class='ocrx_word' id='word_1_748' title='bbox 2271 3203 2631 3268; x_wconf 70' lang='lat' dir='ltr'><strong>detinebantur,</strong></span> <span class='ocrx_word' id='word_1_749' title='bbox 2661 3206 2734 3257; x_wconf 86' lang='lat' dir='ltr'><strong>ita</strong></span> <span class='ocrx_word' id='word_1_750' title='bbox 2753 3215 2808 3258; x_wconf 85' lang='lat' dir='ltr'><strong>ut</strong></span> <span class='ocrx_word' id='word_1_751' title='bbox 2833 3206 3104 3261; x_wconf 79' lang='lat' dir='ltr'><strong>serviamus</strong></span> <span class='ocrx_word' id='word_1_752' title='bbox 3123 3209 3174 3261; x_wconf 84' lang='lat' dir='ltr'><strong>in</strong></span> <span class='ocrx_word' id='word_1_753' title='bbox 3195 3209 3412 3264; x_wconf 82' lang='lat' dir='ltr'><strong>novitate</strong></span> <span class='ocrx_word' id='word_1_754' title='bbox 3428 3211 3654 3282; x_wconf 82' lang='lat' dir='ltr'><strong>spiritus,</strong></span> <span class='ocrx_word' id='word_1_755' title='bbox 3689 3224 3736 3268; x_wconf 82' lang='lat' dir='ltr'><strong>et</strong></span> <span class='ocrx_word' id='word_1_756' title='bbox 3755 3231 3855 3270; x_wconf 85' lang='lat' dir='ltr'><strong>non</strong></span> 
     </span>
    </p>
   </div>
   <div class='ocr_carea' id='block_1_96' title="bbox 2269 3292 3855 3374">
    <p class='ocr_par' dir='ltr' id='par_1_96' title="bbox 2269 3292 3855 3374">
     <span class='ocr_line' id='line_1_96' title="bbox 2269 3292 3855 3374; baseline 0.008 -25"><span class='ocrx_word' id='word_1_757' title='bbox 2269 3295 2323 3349; x_wconf 82' lang='lat' dir='ltr'><strong>in</strong></span> <span class='ocrx_word' id='word_1_758' title='bbox 2351 3305 2588 3350; x_wconf 74' lang='lat' dir='ltr'><strong>vetustate</strong></span> <span class='ocrx_word' id='word_1_759' title='bbox 2612 3296 2794 3351; x_wconf 72' lang='lat' dir='ltr'><strong>littera:</strong></span> <span class='ocrx_word' id='word_1_760' title='bbox 2822 3292 3012 3370; x_wconf 55' lang='lat' dir='ltr'><strong>&#39;(Rom.</strong></span> <span class='ocrx_word' id='word_1_761' title='bbox 3044 3315 3140 3367; x_wconf 88' lang='lat' dir='ltr'><strong>vn,</strong></span> <span class='ocrx_word' id='word_1_762' title='bbox 3169 3302 3314 3374; x_wconf 35' lang='lat'><strong>4‘6);</strong></span> <span class='ocrx_word' id='word_1_763' title='bbox 3346 3311 3396 3356; x_wconf 91' lang='lat' dir='ltr'><strong>et</strong></span> <span class='ocrx_word' id='word_1_764' title='bbox 3423 3302 3523 3357; x_wconf 88' lang='lat' dir='ltr'><strong>alia</strong></span> <span class='ocrx_word' id='word_1_765' title='bbox 3553 3304 3598 3358; x_wconf 89' lang='lat' dir='ltr'><strong>si</strong></span> <span class='ocrx_word' id='word_1_766' title='bbox 3625 3321 3726 3374; x_wconf 88' lang='lat' dir='ltr'><strong>qua</strong></span> <span class='ocrx_word' id='word_1_767' title='bbox 3757 3306 3855 3361; x_wconf 86' lang='lat' dir='ltr'><strong>bu-</strong></span> 
     </span>
    </p>
   </div>
   <div class='ocr_carea' id='block_1_97' title="bbox 2265 3387 3852 3459">
    <p class='ocr_par' dir='ltr' id='par_1_97' title="bbox 2265 3387 3852 3459">
     <span class='ocr_line' id='line_1_97' title="bbox 2265 3387 3852 3459; baseline 0.008 -19"><span class='ocrx_word' id='word_1_768' title='bbox 2265 3387 2500 3457; x_wconf 76' lang='lat' dir='ltr'><strong>jusmodi</strong></span> <span class='ocrx_word' id='word_1_769' title='bbox 2531 3390 2846 3457; x_wconf 60' lang='lat' dir='ltr'><strong>Apostolum</strong></span> <span class='ocrx_word' id='word_1_770' title='bbox 2872 3391 3071 3446; x_wconf 79' lang='lat' dir='ltr'><strong>dixisse</strong></span> <span class='ocrx_word' id='word_1_771' title='bbox 3105 3391 3427 3459; x_wconf 86' lang='lat' dir='ltr'><strong>invenimus,</strong></span> <span class='ocrx_word' id='word_1_772' title='bbox 3454 3395 3692 3450; x_wconf 85' lang='lat' dir='ltr'><strong>attendat</strong></span> <span class='ocrx_word' id='word_1_773' title='bbox 3732 3398 3852 3454; x_wconf 88' lang='lat' dir='ltr'><strong>ideo</strong></span> 
     </span>
    </p>
   </div>
   <div class='ocr_carea' id='block_1_98' title="bbox 2268 3482 3850 3558">
    <p class='ocr_par' dir='ltr' id='par_1_98' title="bbox 2268 3482 3850 3558">
     <span class='ocr_line' id='line_1_98' title="bbox 2268 3482 3850 3558; baseline 0.008 -23"><span class='ocrx_word' id='word_1_774' title='bbox 2268 3493 2387 3535; x_wconf 84' lang='lat' dir='ltr'><strong>esse</strong></span> <span class='ocrx_word' id='word_1_775' title='bbox 2415 3482 2699 3543; x_wconf 70' lang='lat' dir='ltr'><strong>ismdicta,</strong></span> <span class='ocrx_word' id='word_1_776' title='bbox 2751 3484 2872 3552; x_wconf 85' lang='lat' dir='ltr'><strong>quia</strong></span> <span class='ocrx_word' id='word_1_777' title='bbox 2917 3484 2999 3538; x_wconf 76' lang='lat' dir='ltr'><strong>les</strong></span> <span class='ocrx_word' id='word_1_778' title='bbox 3038 3496 3200 3556; x_wconf 84' lang='lat' dir='ltr'><strong>auget</strong></span> <span class='ocrx_word' id='word_1_779' title='bbox 3243 3489 3735 3558; x_wconf 84' lang='lat' dir='ltr'><strong>concupiscentiam</strong></span> <span class='ocrx_word' id='word_1_780' title='bbox 3786 3506 3850 3547; x_wconf 82' lang='lat' dir='ltr'><strong>ex</strong></span> 
     </span>
    </p>
   </div>
   <div class='ocr_carea' id='block_1_99' title="bbox 2270 3573 3852 3655">
    <p class='ocr_par' dir='ltr' id='par_1_99' title="bbox 2270 3573 3852 3655">
     <span class='ocr_line' id='line_1_99' title="bbox 2270 3573 3852 3655; baseline 0.009 -29"><span class='ocrx_word' id='word_1_781' title='bbox 2270 3573 2641 3644; x_wconf 74' lang='lat' dir='ltr'><strong>prohibitione,</strong></span> <span class='ocrx_word' id='word_1_782' title='bbox 2667 3583 2722 3628; x_wconf 86' lang='lat' dir='ltr'><strong>et</strong></span> <span class='ocrx_word' id='word_1_783' title='bbox 2747 3589 2895 3630; x_wconf 88' lang='lat' dir='ltr'><strong>reum</strong></span> <span class='ocrx_word' id='word_1_784' title='bbox 2932 3577 3129 3647; x_wconf 78' lang='lat' dir='ltr'><strong>obligat</strong></span> <span class='ocrx_word' id='word_1_785' title='bbox 3173 3593 3236 3634; x_wconf 80' lang='lat' dir='ltr'><strong>ex</strong></span> <span class='ocrx_word' id='word_1_786' title='bbox 3268 3582 3725 3650; x_wconf 68' lang='lat' dir='ltr'><strong>prmvarlcation&#39;e,</strong></span> <span class='ocrx_word' id='word_1_787' title='bbox 3768 3585 3852 3655; x_wconf 80' lang='lat' dir='ltr'><strong>ju-</strong></span> 
     </span>
    </p>
   </div>
   <div class='ocr_carea' id='block_1_100' title="bbox 2266 3665 3852 3747">
    <p class='ocr_par' dir='ltr' id='par_1_100' title="bbox 2266 3665 3852 3747">
     <span class='ocr_line' id='line_1_100' title="bbox 2266 3665 3852 3747; baseline 0.007 -26"><span class='ocrx_word' id='word_1_788' title='bbox 2266 3665 2446 3721; x_wconf 77' lang='lat' dir='ltr'><strong>be&#39;mlo</strong></span> <span class='ocrx_word' id='word_1_789' title='bbox 2465 3666 2605 3736; x_wconf 79' lang='lat' dir='ltr'><strong>quod</strong></span> <span class='ocrx_word' id='word_1_790' title='bbox 2628 3668 2849 3735; x_wconf 87' lang='lat' dir='ltr'><strong>implere</strong></span> <span class='ocrx_word' id='word_1_791' title='bbox 2877 3669 3121 3723; x_wconf 87' lang='lat' dir='ltr'><strong>homines</strong></span> <span class='ocrx_word' id='word_1_792' title='bbox 3150 3685 3212 3724; x_wconf 78' lang='lat' dir='ltr'><strong>ex</strong></span> <span class='ocrx_word' id='word_1_793' title='bbox 3246 3671 3556 3729; x_wconf 87' lang='lat' dir='ltr'><strong>infirmitate</strong></span> <span class='ocrx_word' id='word_1_794' title='bbox 3597 3691 3702 3730; x_wconf 91' lang='lat' dir='ltr'><strong>non</strong></span> <span class='ocrx_word' id='word_1_795' title='bbox 3727 3692 3852 3747; x_wconf 82' lang='lat' dir='ltr'><strong>pos-</strong></span> 
     </span>
    </p>
   </div>
   <div class='ocr_carea' id='block_1_101' title="bbox 2265 3757 3851 3831">
    <p class='ocr_par' dir='ltr' id='par_1_101' title="bbox 2265 3757 3851 3831">
     <span class='ocr_line' id='line_1_101' title="bbox 2265 3757 3851 3831; baseline 0.008 -19"><span class='ocrx_word' id='word_1_796' title='bbox 2265 3758 2546 3823; x_wconf 83' lang='lat' dir='ltr'><strong>suat,-ni-si</strong></span> <span class='ocrx_word' id='word_1_797' title='bbox 2582 3769 2644 3812; x_wconf 78' lang='lat' dir='ltr'><strong>se</strong></span> <span class='ocrx_word' id='word_1_798' title='bbox 2689 3757 2879 3814; x_wconf 83' lang='lat' dir='ltr'><strong>ad-Dei</strong></span> <span class='ocrx_word' id='word_1_799' title='bbox 2921 3761 3146 3830; x_wconf 79' lang='lat' dir='ltr'><strong>gratiam</strong></span> <span class='ocrx_word' id='word_1_800' title='bbox 3171 3762 3369 3831; x_wconf 86' lang='lat' dir='ltr'><strong>pietate</strong></span> <span class='ocrx_word' id='word_1_801' title='bbox 3407 3778 3746 3822; x_wconf 80' lang='lat' dir='ltr'><strong>convertant.</strong></span> <span class='ocrx_word' id='word_1_802' title='bbox 3786 3768 3851 3824; x_wconf 87' lang='lat' dir='ltr'><strong>Et</strong></span> 
     </span>
    </p>
   </div>
   <div class='ocr_carea' id='block_1_102' title="bbox 2265 3848 3850 3923">
    <p class='ocr_par' dir='ltr' id='par_1_102' title="bbox 2265 3848 3850 3923">
     <span class='ocr_line' id='line_1_102' title="bbox 2265 3848 3850 3923; baseline 0.008 -21"><span class='ocrx_word' id='word_1_803' title='bbox 2265 3848 2385 3903; x_wconf 70' lang='lat' dir='ltr'><strong>ideo</strong></span> <span class='ocrx_word' id='word_1_804' title='bbox 2406 3849 2504 3903; x_wconf 81' lang='lat' dir='ltr'><strong>sub</strong></span> <span class='ocrx_word' id='word_1_805' title='bbox 2547 3850 2635 3903; x_wconf 88' lang='lat' dir='ltr'><strong>illa</strong></span> <span class='ocrx_word' id='word_1_806' title='bbox 2663 3862 2781 3905; x_wconf 81' lang='lat' dir='ltr'><strong>esse</strong></span> <span class='ocrx_word' id='word_1_807' title='bbox 2825 3850 3092 3915; x_wconf 83' lang='lat' dir='ltr'><strong>dicuntur.</strong></span> <span class='ocrx_word' id='word_1_808' title='bbox 3147 3853 3342 3923; x_wconf 89' lang='lat' dir='ltr'><strong>quibus</strong></span> <span class='ocrx_word' id='word_1_809' title='bbox 3399 3855 3721 3913; x_wconf 85' lang='lat' dir='ltr'><strong>dominator.</strong></span> <span class='ocrx_word' id='word_1_810' title='bbox 3758 3859 3850 3916; x_wconf 82' lang='lat' dir='ltr'><strong>Eis</strong></span> 
     </span>
    </p>
   </div>
   <div class='ocr_carea' id='block_1_103' title="bbox 2264 3941 3848 4020">
    <p class='ocr_par' dir='ltr' id='par_1_103' title="bbox 2264 3941 3848 4020">
     <span class='ocr_line' id='line_1_103' title="bbox 2264 3941 3848 4020; baseline 0.008 -28"><span class='ocrx_word' id='word_1_811' title='bbox 2264 3950 2442 3994; x_wconf 66' lang='lat' dir='ltr'><strong>unum</strong></span> <span class='ocrx_word' id='word_1_812' title='bbox 2469 3941 2790 4009; x_wconf 83' lang='lat' dir='ltr'><strong>dominatur,</strong></span> <span class='ocrx_word' id='word_1_813' title='bbox 2819 3957 2953 4011; x_wconf 82' lang='lat' dir='ltr'><strong>quos</strong></span> <span class='ocrx_word' id='word_1_814' title='bbox 2985 3943 3138 4012; x_wconf 87' lang='lat' dir='ltr'><strong>punit</strong></span> <span class='ocrx_word' id='word_1_815' title='bbox 3173 3963 3185 3997; x_wconf 91' lang='lat'><strong>:</strong></span> <span class='ocrx_word' id='word_1_816' title='bbox 3221 3946 3370 4013; x_wconf 87' lang='lat' dir='ltr'><strong>punit</strong></span> <span class='ocrx_word' id='word_1_817' title='bbox 3416 3957 3593 4002; x_wconf 87' lang='lat' dir='ltr'><strong>autem</strong></span> <span class='ocrx_word' id='word_1_818' title='bbox 3643 3963 3848 4020; x_wconf 63' lang='lat' dir='ltr'><strong>pracva-</strong></span> 
     </span>
    </p>
   </div>
   <div class='ocr_carea' id='block_1_104' title="bbox 2263 4029 3907 4112">
    <p class='ocr_par' dir='ltr' id='par_1_104' title="bbox 2263 4029 3907 4112">
     <span class='ocr_line' id='line_1_104' title="bbox 2263 4029 3907 4112; baseline 0.009 -28"><span class='ocrx_word' id='word_1_819' title='bbox 2263 4029 2518 4086; x_wconf 79' lang='lat' dir='ltr'><strong>ricatores</strong></span> <span class='ocrx_word' id='word_1_820' title='bbox 2546 4046 2753 4087; x_wconf 88' lang='lat' dir='ltr'><strong>omnes.</strong></span> <span class='ocrx_word' id='word_1_821' title='bbox 2786 4033 2956 4089; x_wconf 88' lang='lat' dir='ltr'><strong>Porro</strong></span> <span class='ocrx_word' id='word_1_822' title='bbox 2984 4035 3072 4105; x_wconf 86' lang='lat' dir='ltr'><strong>qui</strong></span> <span class='ocrx_word' id='word_1_823' title='bbox 3113 4048 3430 4107; x_wconf 83' lang='lat' dir='ltr'><strong>acceperunt</strong></span> <span class='ocrx_word' id='word_1_824' title='bbox 3452 4039 3641 4110; x_wconf 81' lang='lat' dir='ltr'><strong>legem,</strong></span> <span class='ocrx_word' id='word_1_825' title='bbox 3701 4058 3848 4112; x_wconf 75' lang='lat' dir='ltr'><strong>prae-</strong></span> <span class='ocrx_word' id='word_1_826' title='bbox 3901 4038 3907 4042; x_wconf 48' lang='lat'><strong><em>&#39;</em></strong></span> 
     </span>
    </p>
   </div>
   <div class='ocr_carea' id='block_1_105' title="bbox 2263 4124 3847 4203">
    <p class='ocr_par' dir='ltr' id='par_1_105' title="bbox 2263 4124 3847 4203">
     <span class='ocr_line' id='line_1_105' title="bbox 2263 4124 3847 4203; baseline 0.009 -28"><span class='ocrx_word' id='word_1_827' title='bbox 2263 4124 2503 4177; x_wconf 54' lang='lat' dir='ltr'><strong>verterant</strong></span> <span class='ocrx_word' id='word_1_828' title='bbox 2523 4136 2639 4177; x_wconf 85' lang='lat' dir='ltr'><strong>eam</strong></span> <span class='ocrx_word' id='word_1_829' title='bbox 2669 4125 2707 4190; x_wconf 74' lang='grc' dir='ltr'><strong>ί,</strong></span> <span class='ocrx_word' id='word_1_830' title='bbox 2738 4125 2838 4180; x_wconf 89' lang='lat' dir='ltr'><strong>nisi</strong></span> <span class='ocrx_word' id='word_1_831' title='bbox 2869 4137 2964 4195; x_wconf 87' lang='lat' dir='ltr'><strong>per</strong></span> <span class='ocrx_word' id='word_1_832' title='bbox 2996 4128 3218 4196; x_wconf 85' lang='lat' dir='ltr'><strong>gratiam</strong></span> <span class='ocrx_word' id='word_1_833' title='bbox 3258 4139 3650 4201; x_wconf 86' lang='lat' dir='ltr'><strong>consequantur</strong></span> <span class='ocrx_word' id='word_1_834' title='bbox 3692 4143 3847 4203; x_wconf 85' lang='lat' dir='ltr'><strong>posse</strong></span> 
     </span>
    </p>
   </div>
   <div class='ocr_carea' id='block_1_106' title="bbox 2264 4215 3846 4295">
    <p class='ocr_par' dir='ltr' id='par_1_106' title="bbox 2264 4215 3846 4295">
     <span class='ocr_line' id='line_1_106' title="bbox 2264 4215 3846 4295; baseline 0.009 -27"><span class='ocrx_word' id='word_1_835' title='bbox 2264 4215 2404 4284; x_wconf 77' lang='lat' dir='ltr'><strong>quod</strong></span> <span class='ocrx_word' id='word_1_836' title='bbox 2429 4215 2600 4284; x_wconf 81' lang='lat' dir='ltr'><strong>jubet.</strong></span> <span class='ocrx_word' id='word_1_837' title='bbox 2631 4217 2709 4270; x_wconf 86' lang='lat' dir='ltr'><strong>Ita</strong></span> <span class='ocrx_word' id='word_1_838' title='bbox 2739 4217 2796 4272; x_wconf 85' lang='lat' dir='ltr'><strong>lit</strong></span> <span class='ocrx_word' id='word_1_839' title='bbox 2825 4227 2881 4272; x_wconf 92' lang='lat' dir='ltr'><strong>ut</strong></span> <span class='ocrx_word' id='word_1_840' title='bbox 2904 4235 3013 4273; x_wconf 88' lang='lat' dir='ltr'><strong>non</strong></span> <span class='ocrx_word' id='word_1_841' title='bbox 3041 4219 3347 4277; x_wconf 82' lang='lat' dir='ltr'><strong>dominetur</strong></span> <span class='ocrx_word' id='word_1_842' title='bbox 3371 4225 3451 4279; x_wconf 87' lang='lat' dir='ltr'><strong>eis</strong></span> <span class='ocrx_word' id='word_1_843' title='bbox 3477 4225 3565 4294; x_wconf 89' lang='lat' dir='ltr'><strong>qui</strong></span> <span class='ocrx_word' id='word_1_844' title='bbox 3607 4225 3716 4295; x_wconf 87' lang='lat' dir='ltr'><strong>jam</strong></span> <span class='ocrx_word' id='word_1_845' title='bbox 3747 4229 3846 4283; x_wconf 90' lang='lat' dir='ltr'><strong>sub</strong></span> 
     </span>
    </p>
   </div>
   <div class='ocr_carea' id='block_1_107' title="bbox 2261 4308 3845 4390">
    <p class='ocr_par' dir='ltr' id='par_1_107' title="bbox 2261 4308 3845 4390">
     <span class='ocr_line' id='line_1_107' title="bbox 2261 4308 3845 4390; baseline 0.009 -30"><span class='ocrx_word' id='word_1_846' title='bbox 2261 4308 2427 4377; x_wconf 81' lang='lat' dir='ltr'><strong>gratia</strong></span> <span class='ocrx_word' id='word_1_847' title='bbox 2457 4317 2601 4374; x_wconf 80' lang='lat' dir='ltr'><strong>sum,</strong></span> <span class='ocrx_word' id='word_1_848' title='bbox 2655 4310 2998 4387; x_wconf 81' lang='lat' dir='ltr'><strong>implentibus</strong></span> <span class='ocrx_word' id='word_1_849' title='bbox 3047 4327 3164 4368; x_wconf 86' lang='lat' dir='ltr'><strong>eam</strong></span> <span class='ocrx_word' id='word_1_850' title='bbox 3195 4328 3292 4384; x_wconf 87' lang='lat' dir='ltr'><strong>per</strong></span> <span class='ocrx_word' id='word_1_851' title='bbox 3337 4316 3652 4373; x_wconf 86' lang='lat' dir='ltr'><strong>charitatem</strong></span> <span class='ocrx_word' id='word_1_852' title='bbox 3683 4321 3725 4386; x_wconf 84' lang='grc'><strong>²,</strong></span> <span class='ocrx_word' id='word_1_853' title='bbox 3756 4323 3845 4390; x_wconf 86' lang='lat' dir='ltr'><strong>qui</strong></span> 
     </span>
    </p>
   </div>
   <div class='ocr_carea' id='block_1_108' title="bbox 2261 4399 3182 4469">
    <p class='ocr_par' dir='ltr' id='par_1_108' title="bbox 2261 4399 3182 4469">
     <span class='ocr_line' id='line_1_108' title="bbox 2261 4399 3182 4469; baseline 0.004 -15"><span class='ocrx_word' id='word_1_854' title='bbox 2261 4407 2414 4454; x_wconf 88' lang='lat' dir='ltr'><strong>erant</strong></span> <span class='ocrx_word' id='word_1_855' title='bbox 2434 4399 2532 4453; x_wconf 83' lang='lat' dir='ltr'><strong>sub</strong></span> <span class='ocrx_word' id='word_1_856' title='bbox 2561 4399 2677 4469; x_wconf 89' lang='lat' dir='ltr'><strong>ejus</strong></span> <span class='ocrx_word' id='word_1_857' title='bbox 2707 4401 2898 4458; x_wconf 84' lang='lat' dir='ltr'><strong>timore</strong></span> <span class='ocrx_word' id='word_1_858' title='bbox 2927 4401 3182 4458; x_wconf 85' lang='lat' dir='ltr'><strong>damnati.</strong></span> 
     </span>
    </p>
   </div>
   <div class='ocr_carea' id='block_1_109' title="bbox 2335 4489 3835 4570">
    <p class='ocr_par' dir='ltr' id='par_1_109' title="bbox 2335 4489 3835 4570">
     <span class='ocr_line' id='line_1_109' title="bbox 2335 4489 3835 4570; baseline 0.01 -27"><span class='ocrx_word' id='word_1_859' title='bbox 2335 4489 2421 4543; x_wconf 79' lang='grc'><strong>16.</strong></span> <span class='ocrx_word' id='word_1_860' title='bbox 2453 4489 2584 4543; x_wconf 85' lang='lat' dir='ltr'><strong>Nam</strong></span> <span class='ocrx_word' id='word_1_861' title='bbox 2615 4490 2661 4543; x_wconf 87' lang='lat' dir='ltr'><strong>si</strong></span> <span class='ocrx_word' id='word_1_862' title='bbox 2689 4491 2776 4544; x_wconf 85' lang='lat' dir='ltr'><strong>illa</strong></span> <span class='ocrx_word' id='word_1_863' title='bbox 2804 4507 2920 4561; x_wconf 83' lang='lat' dir='ltr'><strong>quae</strong></span> <span class='ocrx_word' id='word_1_864' title='bbox 2946 4493 3087 4548; x_wconf 89' lang='lat' dir='ltr'><strong>dicta</strong></span> <span class='ocrx_word' id='word_1_865' title='bbox 3117 4503 3258 4560; x_wconf 90' lang='lat' dir='ltr'><strong>sunt,</strong></span> <span class='ocrx_word' id='word_1_866' title='bbox 3287 4508 3522 4564; x_wconf 83' lang='lat' dir='ltr'><strong>movent,</strong></span> <span class='ocrx_word' id='word_1_867' title='bbox 3547 4508 3602 4554; x_wconf 89' lang='lat' dir='ltr'><strong>ut</strong></span> <span class='ocrx_word' id='word_1_868' title='bbox 3623 4510 3835 4570; x_wconf 84' lang='lat' dir='ltr'><strong>putetur</strong></span> 
     </span>
    </p>
   </div>
   <div class='ocr_carea' id='block_1_110' title="bbox 2261 4584 3835 4662">
    <p class='ocr_par' dir='ltr' id='par_1_110' title="bbox 2261 4584 3835 4662">
     <span class='ocr_line' id='line_1_110' title="bbox 2261 4584 3835 4662; baseline 0.01 -25"><span class='ocrx_word' id='word_1_869' title='bbox 2261 4584 2547 4653; x_wconf 86' lang='lat' dir='ltr'><strong>Apostolus</strong></span> <span class='ocrx_word' id='word_1_870' title='bbox 2591 4584 2760 4654; x_wconf 83' lang='lat' dir='ltr'><strong>legem</strong></span> <span class='ocrx_word' id='word_1_871' title='bbox 2801 4585 3215 4654; x_wconf 83' lang='lat' dir='ltr'><strong>reprehendere;</strong></span> <span class='ocrx_word' id='word_1_872' title='bbox 3269 4590 3396 4659; x_wconf 90' lang='lat' dir='ltr'><strong>quid</strong></span> <span class='ocrx_word' id='word_1_873' title='bbox 3447 4592 3652 4662; x_wconf 88' lang='lat' dir='ltr'><strong>agimus</strong></span> <span class='ocrx_word' id='word_1_874' title='bbox 3676 4595 3742 4652; x_wconf 88' lang='lat' dir='ltr'><strong>de</strong></span> <span class='ocrx_word' id='word_1_875' title='bbox 3770 4613 3835 4652; x_wconf 89' lang='lat' dir='ltr'><strong>eo</strong></span> 
     </span>
    </p>
   </div>
   <div class='ocr_carea' id='block_1_111' title="bbox 2259 4676 3842 4752">
    <p class='ocr_par' dir='ltr' id='par_1_111' title="bbox 2259 4676 3842 4752">
     <span class='ocr_line' id='line_1_111' title="bbox 2259 4676 3842 4752; baseline 0.008 -20"><span class='ocrx_word' id='word_1_876' title='bbox 2259 4679 2399 4747; x_wconf 88' lang='lat' dir='ltr'><strong>quod</strong></span> <span class='ocrx_word' id='word_1_877' title='bbox 2426 4678 2571 4744; x_wconf 90' lang='lat' dir='ltr'><strong>dicit,</strong></span> <span class='ocrx_word' id='word_1_878' title='bbox 2602 4676 2929 4732; x_wconf 83' lang='lat' dir='ltr'><strong>Coudelector</strong></span> <span class='ocrx_word' id='word_1_879' title='bbox 2969 4679 3097 4733; x_wconf 83' lang='lat' dir='ltr'><strong>enim</strong></span> <span class='ocrx_word' id='word_1_880' title='bbox 3129 4681 3226 4752; x_wconf 87' lang='lat' dir='ltr'><strong>legi</strong></span> <span class='ocrx_word' id='word_1_881' title='bbox 3253 4681 3348 4738; x_wconf 87' lang='lat' dir='ltr'><strong>Dei</strong></span> <span class='ocrx_word' id='word_1_882' title='bbox 3393 4688 3670 4742; x_wconf 84' lang='lat' dir='ltr'><strong>secundum</strong></span> <span class='ocrx_word' id='word_1_883' title='bbox 3717 4691 3842 4744; x_wconf 55' lang='lat' dir='ltr'><strong>inte.</strong></span> 
     </span>
    </p>
   </div>
   <div class='ocr_carea' id='block_1_112' title="bbox 2258 4769 3841 4851">
    <p class='ocr_par' dir='ltr' id='par_1_112' title="bbox 2258 4769 3841 4851">
     <span class='ocr_line' id='line_1_112' title="bbox 2258 4769 3841 4851; baseline 0.009 -27"><span class='ocrx_word' id='word_1_884' title='bbox 2258 4773 2439 4826; x_wconf 81' lang='lat' dir='ltr'><strong>riorem</strong></span> <span class='ocrx_word' id='word_1_885' title='bbox 2461 4771 2747 4826; x_wconf 82' lang='lat' dir='ltr'><strong>hominem?</strong></span> <span class='ocrx_word' id='word_1_886' title='bbox 2776 4769 2887 4826; x_wconf 85' lang='lat' dir='ltr'><strong>Hoc</strong></span> <span class='ocrx_word' id='word_1_887' title='bbox 2912 4771 3052 4826; x_wconf 85' lang='lat' dir='ltr'><strong>enim</strong></span> <span class='ocrx_word' id='word_1_888' title='bbox 3083 4771 3288 4844; x_wconf 89' lang='lat' dir='ltr'><strong>dicens,</strong></span> <span class='ocrx_word' id='word_1_889' title='bbox 3320 4777 3490 4849; x_wconf 89' lang='lat' dir='ltr'><strong>legem</strong></span> <span class='ocrx_word' id='word_1_890' title='bbox 3511 4782 3691 4851; x_wconf 85' lang='lat' dir='ltr'><strong>utique</strong></span> <span class='ocrx_word' id='word_1_891' title='bbox 3726 4783 3841 4838; x_wconf 86' lang='lat' dir='ltr'><strong>lau-</strong></span> 
     </span>
    </p>
   </div>
   <div class='ocr_carea' id='block_1_113' title="bbox 2259 4862 3841 4940">
    <p class='ocr_par' dir='ltr' id='par_1_113' title="bbox 2259 4862 3841 4940">
     <span class='ocr_line' id='line_1_113' title="bbox 2259 4862 3841 4940; baseline 0.008 -21"><span class='ocrx_word' id='word_1_892' title='bbox 2259 4864 2368 4919; x_wconf 87' lang='lat' dir='ltr'><strong>dat.</strong></span> <span class='ocrx_word' id='word_1_893' title='bbox 2397 4863 2547 4932; x_wconf 82' lang='lat' dir='ltr'><strong>Quod</strong></span> <span class='ocrx_word' id='word_1_894' title='bbox 2603 4878 2723 4918; x_wconf 86' lang='lat' dir='ltr'><strong>cum</strong></span> <span class='ocrx_word' id='word_1_895' title='bbox 2754 4862 2829 4918; x_wconf 89' lang='lat' dir='ltr'><strong>illi</strong></span> <span class='ocrx_word' id='word_1_896' title='bbox 2882 4863 3121 4933; x_wconf 87' lang='lat' dir='ltr'><strong>audiunt,</strong></span> <span class='ocrx_word' id='word_1_897' title='bbox 3176 4873 3523 4940; x_wconf 87' lang='lat' dir='ltr'><strong>respondent,</strong></span> <span class='ocrx_word' id='word_1_898' title='bbox 3583 4874 3685 4930; x_wconf 90' lang='lat' dir='ltr'><strong>hoc</strong></span> <span class='ocrx_word' id='word_1_899' title='bbox 3724 4877 3841 4932; x_wconf 88' lang='lat' dir='ltr'><strong>loco</strong></span> 
     </span>
    </p>
   </div>
   <div class='ocr_carea' id='block_1_114' title="bbox 2258 4956 3840 5038">
    <p class='ocr_par' dir='ltr' id='par_1_114' title="bbox 2258 4956 3840 5038">
     <span class='ocr_line' id='line_1_114' title="bbox 2258 4956 3840 5038; baseline 0.008 -26"><span class='ocrx_word' id='word_1_900' title='bbox 2258 4957 2573 5027; x_wconf 83' lang='lat' dir='ltr'><strong>Apostolum</strong></span> <span class='ocrx_word' id='word_1_901' title='bbox 2599 4956 2666 5011; x_wconf 88' lang='lat' dir='ltr'><strong>de</strong></span> <span class='ocrx_word' id='word_1_902' title='bbox 2691 4958 2792 5013; x_wconf 88' lang='lat' dir='ltr'><strong>alla</strong></span> <span class='ocrx_word' id='word_1_903' title='bbox 2823 4959 2940 5029; x_wconf 87' lang='lat' dir='ltr'><strong>lege</strong></span> <span class='ocrx_word' id='word_1_904' title='bbox 2976 4959 3185 5028; x_wconf 90' lang='lat' dir='ltr'><strong>dicere;</strong></span> <span class='ocrx_word' id='word_1_905' title='bbox 3229 4963 3280 5019; x_wconf 91' lang='lat' dir='ltr'><strong>id</strong></span> <span class='ocrx_word' id='word_1_906' title='bbox 3309 4975 3410 5032; x_wconf 86' lang='lat' dir='ltr'><strong>est,</strong></span> <span class='ocrx_word' id='word_1_907' title='bbox 3457 4959 3665 5038; x_wconf 70' lang='lat' dir='ltr'><strong>de&#39;lege</strong></span> <span class='ocrx_word' id='word_1_908' title='bbox 3694 4968 3840 5024; x_wconf 77' lang='lat' dir='ltr'><strong>Cbri~</strong></span> 
     </span>
    </p>
   </div>
   <div class='ocr_carea' id='block_1_115' title="bbox 2257 5050 3838 5132">
    <p class='ocr_par' dir='ltr' id='par_1_115' title="bbox 2257 5050 3838 5132">
     <span class='ocr_line' id='line_1_115' title="bbox 2257 5050 3838 5132; baseline 0.008 -28"><span class='ocrx_word' id='word_1_909' title='bbox 2257 5051 2346 5116; x_wconf 87' lang='lat' dir='ltr'><strong>sti,</strong></span> <span class='ocrx_word' id='word_1_910' title='bbox 2372 5063 2480 5105; x_wconf 89' lang='lat' dir='ltr'><strong>non</strong></span> <span class='ocrx_word' id='word_1_911' title='bbox 2507 5050 2574 5107; x_wconf 90' lang='lat' dir='ltr'><strong>de</strong></span> <span class='ocrx_word' id='word_1_912' title='bbox 2606 5051 2693 5108; x_wconf 87' lang='lat' dir='ltr'><strong>illa</strong></span> <span class='ocrx_word' id='word_1_913' title='bbox 2725 5066 2842 5124; x_wconf 65' lang='lat' dir='ltr'><strong>qua:</strong></span> <span class='ocrx_word' id='word_1_914' title='bbox 2865 5052 2986 5108; x_wconf 86' lang='lat' dir='ltr'><strong>data</strong></span> <span class='ocrx_word' id='word_1_915' title='bbox 3013 5064 3095 5110; x_wconf 87' lang='lat' dir='ltr'><strong>est</strong></span> <span class='ocrx_word' id='word_1_916' title='bbox 3135 5055 3354 5113; x_wconf 72' lang='lat' dir='ltr'><strong>Judaris.</strong></span> <span class='ocrx_word' id='word_1_917' title='bbox 3396 5057 3690 5127; x_wconf 81' lang='lat' dir='ltr'><strong>Quaerimus</strong></span> <span class='ocrx_word' id='word_1_918' title='bbox 3712 5077 3838 5132; x_wconf 87' lang='lat' dir='ltr'><strong>ergo</strong></span> 
     </span>
    </p>
   </div>
   <div class='ocr_carea' id='block_1_116' title="bbox 2255 5141 3838 5216">
    <p class='ocr_par' dir='ltr' id='par_1_116' title="bbox 2255 5141 3838 5216">
     <span class='ocr_line' id='line_1_116' title="bbox 2255 5141 3838 5216; baseline 0.006 -21"><span class='ocrx_word' id='word_1_919' title='bbox 2255 5141 2322 5196; x_wconf 90' lang='lat' dir='ltr'><strong>ab</strong></span> <span class='ocrx_word' id='word_1_920' title='bbox 2345 5143 2424 5197; x_wconf 86' lang='lat' dir='ltr'><strong>eis</strong></span> <span class='ocrx_word' id='word_1_921' title='bbox 2454 5141 2520 5198; x_wconf 89' lang='lat' dir='ltr'><strong>de</strong></span> <span class='ocrx_word' id='word_1_922' title='bbox 2541 5159 2644 5214; x_wconf 89' lang='lat' dir='ltr'><strong>qua</strong></span> <span class='ocrx_word' id='word_1_923' title='bbox 2663 5145 2782 5216; x_wconf 86' lang='lat' dir='ltr'><strong>lege</strong></span> <span class='ocrx_word' id='word_1_924' title='bbox 2802 5145 2961 5211; x_wconf 86' lang='lat' dir='ltr'><strong>dicat,</strong></span> <span class='ocrx_word' id='word_1_925' title='bbox 2993 5145 3100 5201; x_wconf 77' lang='lat' dir='ltr'><strong>Lex</strong></span> <span class='ocrx_word' id='word_1_926' title='bbox 3118 5158 3284 5201; x_wconf 89' lang='lat' dir='ltr'><strong>autem</strong></span> <span class='ocrx_word' id='word_1_927' title='bbox 3324 5151 3620 5203; x_wconf 85' lang='lat' dir='ltr'><strong>subintravil</strong></span> <span class='ocrx_word' id='word_1_928' title='bbox 3663 5159 3714 5204; x_wconf 86' lang='lat' dir='ltr'><strong>ut</strong></span> <span class='ocrx_word' id='word_1_929' title='bbox 3743 5152 3838 5204; x_wconf 83' lang='lat' dir='ltr'><strong>ab-</strong></span> 
     </span>
    </p>
   </div>
   <div class='ocr_carea' id='block_1_117' title="bbox 2255 5233 3833 5312">
    <p class='ocr_par' dir='ltr' id='par_1_117' title="bbox 2255 5233 3833 5312">
     <span class='ocr_line' id='line_1_117' title="bbox 2255 5233 3833 5312; baseline 0.008 -26"><span class='ocrx_word' id='word_1_930' title='bbox 2255 5233 2469 5289; x_wconf 76' lang='lat' dir='ltr'><strong>undaret</strong></span> <span class='ocrx_word' id='word_1_931' title='bbox 2497 5235 2775 5292; x_wconf 78' lang='lat' dir='ltr'><strong>delictum?</strong></span> <span class='ocrx_word' id='word_1_932' title='bbox 2796 5236 3159 5308; x_wconf 76' lang='lat' dir='ltr'><strong>Respondent,</strong></span> <span class='ocrx_word' id='word_1_933' title='bbox 3207 5239 3275 5295; x_wconf 87' lang='lat' dir='ltr'><strong>de</strong></span> <span class='ocrx_word' id='word_1_934' title='bbox 3305 5238 3390 5294; x_wconf 85' lang='lat' dir='ltr'><strong>illa</strong></span> <span class='ocrx_word' id='word_1_935' title='bbox 3424 5243 3606 5312; x_wconf 91' lang='lat' dir='ltr'><strong>procul</strong></span> <span class='ocrx_word' id='word_1_936' title='bbox 3648 5242 3833 5311; x_wconf 85' lang='lat' dir='ltr'><strong>dubio,</strong></span> 
     </span>
    </p>
   </div>
   <div class='ocr_carea' id='block_1_118' title="bbox 2254 5327 3836 5404">
    <p class='ocr_par' dir='ltr' id='par_1_118' title="bbox 2254 5327 3836 5404">
     <span class='ocr_line' id='line_1_118' title="bbox 2254 5327 3836 5404; baseline 0.006 -25"><span class='ocrx_word' id='word_1_937' title='bbox 2254 5339 2412 5395; x_wconf 81' lang='lat' dir='ltr'><strong>quam</strong></span> <span class='ocrx_word' id='word_1_938' title='bbox 2438 5327 2607 5383; x_wconf 64' lang='lat' dir='ltr'><strong>Judaei</strong></span> <span class='ocrx_word' id='word_1_939' title='bbox 2636 5339 2971 5400; x_wconf 85' lang='lat' dir='ltr'><strong>acceperunt.</strong></span> <span class='ocrx_word' id='word_1_940' title='bbox 3003 5328 3134 5384; x_wconf 78' lang='lat' dir='ltr'><strong>Vide</strong></span> <span class='ocrx_word' id='word_1_941' title='bbox 3154 5343 3280 5402; x_wconf 82' lang='lat' dir='ltr'><strong>ergo</strong></span> <span class='ocrx_word' id='word_1_942' title='bbox 3309 5341 3486 5388; x_wconf 83' lang='lat' dir='ltr'><strong>utram</strong></span> <span class='ocrx_word' id='word_1_943' title='bbox 3517 5333 3628 5404; x_wconf 90' lang='lat' dir='ltr'><strong>ipsa</strong></span> <span class='ocrx_word' id='word_1_944' title='bbox 3655 5333 3741 5399; x_wconf 91' lang='lat' dir='ltr'><strong>sit,</strong></span> <span class='ocrx_word' id='word_1_945' title='bbox 3766 5333 3836 5390; x_wconf 88' lang='lat' dir='ltr'><strong>de</strong></span> 
     </span>
    </p>
   </div>
   <div class='ocr_carea' id='block_1_119' title="bbox 2253 5418 3832 5497">
    <p class='ocr_par' dir='ltr' id='par_1_119' title="bbox 2253 5418 3832 5497">
     <span class='ocr_line' id='line_1_119' title="bbox 2253 5418 3832 5497; baseline 0.006 -25"><span class='ocrx_word' id='word_1_946' title='bbox 2253 5434 2356 5490; x_wconf 88' lang='lat' dir='ltr'><strong>qua</strong></span> <span class='ocrx_word' id='word_1_947' title='bbox 2384 5418 2596 5489; x_wconf 88' lang='lat' dir='ltr'><strong>dicitur,</strong></span> <span class='ocrx_word' id='word_1_948' title='bbox 2625 5420 2900 5477; x_wconf 81' lang='lat' dir='ltr'><strong>Occasione</strong></span> <span class='ocrx_word' id='word_1_949' title='bbox 2927 5430 3152 5494; x_wconf 86' lang='lat' dir='ltr'><strong>accepta,</strong></span> <span class='ocrx_word' id='word_1_950' title='bbox 3199 5429 3458 5494; x_wconf 86' lang='lat' dir='ltr'><strong>peccatum</strong></span> <span class='ocrx_word' id='word_1_951' title='bbox 3488 5442 3577 5497; x_wconf 85' lang='lat' dir='ltr'><strong>per</strong></span> <span class='ocrx_word' id='word_1_952' title='bbox 3619 5425 3832 5481; x_wconf 59' lang='lat' dir='ltr'><strong>manda.</strong></span> 
     </span>
    </p>
   </div>
   <div class='ocr_carea' id='block_1_120' title="bbox 2315 5567 3586 5662">
    <p class='ocr_par' dir='ltr' id='par_1_120' title="bbox 2315 5567 3586 5662">
     <span class='ocr_line' id='line_1_120' title="bbox 2315 5567 3586 5662; baseline 0.006 -15"><span class='ocrx_word' id='word_1_953' title='bbox 2315 5567 2344 5662; x_wconf 9' lang='lat' dir='ltr'><strong>gi</strong></span> <span class='ocrx_word' id='word_1_954' title='bbox 2367 5598 2440 5648; x_wconf 87' lang='lat' dir='ltr'><strong>sic</strong></span> <span class='ocrx_word' id='word_1_955' title='bbox 2469 5603 2544 5662; x_wconf 67' lang='lat' dir='ltr'><strong>es.</strong></span> <span class='ocrx_word' id='word_1_956' title='bbox 2581 5603 2634 5649; x_wconf 84' lang='lat' dir='ltr'><strong>et</strong></span> <span class='ocrx_word' id='word_1_957' title='bbox 2665 5605 2771 5651; x_wconf 74' lang='lat' dir='ltr'><strong>uss.</strong></span> <span class='ocrx_word' id='word_1_958' title='bbox 2793 5604 2849 5650; x_wconf 77' lang='grc' dir='ltr'><strong>Αι</strong></span> <span class='ocrx_word' id='word_1_959' title='bbox 2879 5605 3012 5662; x_wconf 60' lang='grc' dir='ltr'><strong>ιρι,</strong></span> <span class='ocrx_word' id='word_1_960' title='bbox 3043 5575 3430 5662; x_wconf 61' lang='lat' dir='ltr'><strong>tum</strong></span> <span class='ocrx_word' id='word_1_961' title='bbox 3459 5605 3586 5654; x_wconf 65' lang='lat' dir='ltr'><strong>aut.</strong></span> 
     </span>
    </p>
   </div>
   <div class='ocr_carea' id='block_1_121' title="bbox 2314 5655 3402 5726">
    <p class='ocr_par' dir='ltr' id='par_1_121' title="bbox 2314 5655 3402 5726">
     <span class='ocr_line' id='line_1_121' title="bbox 2314 5655 3402 5726; baseline 0.003 -16"><span class='ocrx_word' id='word_1_962' title='bbox 2314 5655 2340 5692; x_wconf 80' lang='grc'><strong>¹</strong></span> <span class='ocrx_word' id='word_1_963' title='bbox 2368 5663 2436 5710; x_wconf 80' lang='lat' dir='ltr'><strong>tta</strong></span> <span class='ocrx_word' id='word_1_964' title='bbox 2466 5658 2516 5709; x_wconf 81' lang='lat' dir='ltr'><strong>tn</strong></span> <span class='ocrx_word' id='word_1_965' title='bbox 2545 5664 2656 5711; x_wconf 70' lang='lat' dir='ltr'><strong>llas.</strong></span> <span class='ocrx_word' id='word_1_966' title='bbox 2687 5666 2744 5711; x_wconf 78' lang='lat' dir='ltr'><strong>At</strong></span> <span class='ocrx_word' id='word_1_967' title='bbox 2775 5661 2824 5710; x_wconf 87' lang='lat' dir='ltr'><strong>in</strong></span> <span class='ocrx_word' id='word_1_968' title='bbox 2847 5655 3024 5721; x_wconf 67' lang='lat' dir='ltr'><strong>editis,</strong></span> <span class='ocrx_word' id='word_1_969' title='bbox 3043 5655 3143 5726; x_wconf 68' lang='grc' dir='ltr'><strong>’ρετ</strong></span> <span class='ocrx_word' id='word_1_970' title='bbox 3171 5657 3402 5725; x_wconf 67' lang='lat' dir='ltr'><strong>gratiam</strong></span> 
     </span>
    </p>
   </div>
  </div>
